  <div class='ocr_page' id='page_1' title='image "/cluster/home/n/w/nwhite01/storage/ocr_20150623/102/nnc1.0046979620/414.png"; bbox 0 0 4248 6444; ppageno 0'>
   <div class='ocr_carea' id='block_1_1' title="bbox 230 440 338 502">
    <p class='ocr_par' dir='ltr' id='par_1_1' title="bbox 230 440 338 502">
     <span class='ocr_line' id='line_1_1' title="bbox 230 440 338 502; baseline 0 -1"><span class='ocrx_word' id='word_1_1' title='bbox 230 440 338 502; x_wconf 81' lang='lat'><strong>809</strong></span> 
     </span>
    </p>
   </div>
   <div class='ocr_carea' id='block_1_2' title="bbox 1397 435 2275 499">
    <p class='ocr_par' dir='ltr' id='par_1_2' title="bbox 1397 435 2275 499">
     <span class='ocr_line' id='line_1_2' title="bbox 1397 435 2275 499; baseline 0 -2"><span class='ocrx_word' id='word_1_2' title='bbox 1397 436 1919 499; x_wconf 79' lang='lat' dir='ltr'><strong>EPISTOLARUM</strong></span> <span class='ocrx_word' id='word_1_3' title='bbox 1963 435 2185 498; x_wconf 80' lang='lat' dir='ltr'><strong>LIBER</strong></span> <span class='ocrx_word' id='word_1_4' title='bbox 2231 436 2275 497; x_wconf 87' lang='grc' dir='ltr'><strong>ῐ.</strong></span> 
     </span>
    </p>
   </div>
   <div class='ocr_carea' id='block_1_3' title="bbox 3317 431 3420 493">
    <p class='ocr_par' dir='ltr' id='par_1_3' title="bbox 3317 431 3420 493">
     <span class='ocr_line' id='line_1_3' title="bbox 3317 431 3420 493; baseline 0.01 -1"><span class='ocrx_word' id='word_1_5' title='bbox 3317 431 3420 493; x_wconf 80' lang='grc'><strong>810</strong></span> 
     </span>
    </p>
   </div>
   <div class='ocr_carea' id='block_1_4' title="bbox 233 548 1910 623">
    <p class='ocr_par' dir='ltr' id='par_1_4' title="bbox 233 551 1910 623">
     <span class='ocr_line' id='line_1_4' title="bbox 233 551 1910 623; baseline -0.001 -18"><span class='ocrx_word' id='word_1_6' title='bbox 233 570 436 617; x_wconf 89' lang='grc' dir='ltr'>νονται,</span> <span class='ocrx_word' id='word_1_7' title='bbox 466 552 560 606; x_wconf 83' lang='grc' dir='ltr'>τοῦ</span> <span class='ocrx_word' id='word_1_8' title='bbox 589 551 837 623; x_wconf 83' lang='grc' dir='ltr'>Σωτῆρος</span> <span class='ocrx_word' id='word_1_9' title='bbox 886 552 1153 621; x_wconf 86' lang='grc' dir='ltr'>λέγοντος.</span> <span class='ocrx_word' id='word_1_10' title='bbox 1200 554 1279 605; x_wconf 82' lang='grc' dir='ltr'>ὅτι</span> <span class='ocrx_word' id='word_1_11' title='bbox 1330 551 1403 607; x_wconf 87' lang='grc' dir='ltr'><strong>Τὸ</strong></span> <span class='ocrx_word' id='word_1_12' title='bbox 1435 552 1673 622; x_wconf 80' lang='grc' dir='ltr'><strong>Πνεῦμα</strong></span> <span class='ocrx_word' id='word_1_13' title='bbox 1713 553 1780 605; x_wconf 76' lang='grc' dir='ltr'><strong>ἐκ</strong></span> <span class='ocrx_word' id='word_1_14' title='bbox 1813 562 1847 613; x_wconf 80' lang='grc' dir='ltr'><strong>Α</strong></span> <span class='ocrx_word' id='word_1_15' title='bbox 1881 554 1910 603; x_wconf 86' lang='lat' dir='ltr'><strong>d</strong></span> 
     </span>
    </p>
   </div>
   <div class='ocr_carea' id='block_1_5' title="bbox 1748 548 3425 623">
    <p class='ocr_par' dir='ltr' id='par_1_5' title="bbox 1748 548 3425 618">
     <span class='ocr_line' id='line_1_5' title="bbox 1748 548 3425 618; baseline -0.001 -14"><span class='ocrx_word' id='word_1_16' title='bbox 1748 570 1780 604; x_wconf 80' lang='grc' dir='ltr'><strong>κ</strong></span> <span class='ocrx_word' id='word_1_17' title='bbox 1813 562 1847 613; x_wconf 79' lang='grc' dir='ltr'><strong>Α</strong></span> <span class='ocrx_word' id='word_1_18' title='bbox 1881 554 1946 605; x_wconf 75' lang='lat' dir='ltr'><strong>de</strong></span> <span class='ocrx_word' id='word_1_19' title='bbox 1991 568 2100 605; x_wconf 85' lang='lat' dir='ltr'><strong>meo</strong></span> <span class='ocrx_word' id='word_1_20' title='bbox 2148 552 2412 618; x_wconf 82' lang='lat' dir='ltr'><strong>accipere,</strong></span> <span class='ocrx_word' id='word_1_21' title='bbox 2451 549 2544 603; x_wconf 85' lang='lat' dir='ltr'><strong>sed</strong></span> <span class='ocrx_word' id='word_1_22' title='bbox 2577 548 2755 603; x_wconf 81' lang='lat' dir='ltr'><strong>vitiata</strong></span> <span class='ocrx_word' id='word_1_23' title='bbox 2803 548 3006 606; x_wconf 87' lang='lat' dir='ltr'><strong>littera.</strong></span> <span class='ocrx_word' id='word_1_24' title='bbox 3047 549 3165 616; x_wconf 90' lang='lat' dir='ltr'><strong>ejus</strong></span> <span class='ocrx_word' id='word_1_25' title='bbox 3206 549 3321 603; x_wconf 90' lang='lat' dir='ltr'><strong>loco</strong></span> <span class='ocrx_word' id='word_1_26' title='bbox 3364 567 3425 602; x_wconf 68' lang='lat' dir='ltr'><strong>ex</strong></span> 
     </span>
    </p>
   </div>
   <div class='ocr_carea' id='block_1_6' title="bbox 230 640 1777 712">
    <p class='ocr_par' dir='ltr' id='par_1_6' title="bbox 230 640 1777 712">
     <span class='ocr_line' id='line_1_6' title="bbox 230 640 1777 712; baseline -0.001 -17"><span class='ocrx_word' id='word_1_27' title='bbox 230 640 342 695; x_wconf 76' lang='grc' dir='ltr'>τοῦ</span> <span class='ocrx_word' id='word_1_28' title='bbox 373 641 517 711; x_wconf 74' lang='grc' dir='ltr'>ἐμοῦ</span> <span class='ocrx_word' id='word_1_29' title='bbox 552 643 829 710; x_wconf 62' lang='grc' dir='ltr'>λήψεται,</span> <span class='ocrx_word' id='word_1_30' title='bbox 854 643 951 696; x_wconf 76' lang='grc' dir='ltr'><strong>καί</strong></span> <span class='ocrx_word' id='word_1_31' title='bbox 976 641 1293 712; x_wconf 75' lang='grc' dir='ltr'>ἀναγγελεῖ</span> <span class='ocrx_word' id='word_1_32' title='bbox 1312 643 1482 711; x_wconf 75' lang='grc' dir='ltr'>ὑμῖν,</span> <span class='ocrx_word' id='word_1_33' title='bbox 1513 645 1665 695; x_wconf 73' lang='grc' dir='ltr'>αὑτοὶ</span> <span class='ocrx_word' id='word_1_34' title='bbox 1696 642 1777 703; x_wconf 86' lang='grc' dir='ltr'>τὸ,</span> 
     </span>
    </p>
   </div>
   <div class='ocr_carea' id='block_1_7' title="bbox 231 728 1780 804">
    <p class='ocr_par' dir='ltr' id='par_1_7' title="bbox 231 728 1780 804">
     <span class='ocr_line' id='line_1_7' title="bbox 231 728 1780 804; baseline 0.001 -20"><span class='ocrx_word' id='word_1_35' title='bbox 231 734 298 785; x_wconf 86' lang='grc' dir='ltr'><strong>ἐκ</strong></span> <span class='ocrx_word' id='word_1_36' title='bbox 329 732 424 786; x_wconf 79' lang='grc' dir='ltr'><strong>τοῦ</strong></span> <span class='ocrx_word' id='word_1_37' title='bbox 470 732 627 803; x_wconf 82' lang='grc' dir='ltr'>ἐμοῦ,</span> <span class='ocrx_word' id='word_1_38' title='bbox 674 734 772 804; x_wconf 80' lang='grc' dir='ltr'><strong>οὐχ</strong></span> <span class='ocrx_word' id='word_1_39' title='bbox 813 732 889 795; x_wconf 82' lang='grc' dir='ltr'><strong>ὡς</strong></span> <span class='ocrx_word' id='word_1_40' title='bbox 938 728 1137 788; x_wconf 81' lang='grc' dir='ltr'>εῖπενό</span> <span class='ocrx_word' id='word_1_41' title='bbox 1168 733 1355 803; x_wconf 80' lang='grc' dir='ltr'>Σωτὴρ</span> <span class='ocrx_word' id='word_1_42' title='bbox 1413 731 1780 797; x_wconf 78' lang='grc' dir='ltr'>ἐξακούοντες,</span> 
     </span>
    </p>
   </div>
   <div class='ocr_carea' id='block_1_8' title="bbox 229 821 1783 893">
    <p class='ocr_par' dir='ltr' id='par_1_8' title="bbox 229 821 1783 893">
     <span class='ocr_line' id='line_1_8' title="bbox 229 821 1783 893; baseline 0 -17"><span class='ocrx_word' id='word_1_43' title='bbox 229 823 369 877; x_wconf 79' lang='grc' dir='ltr'>ἀλλὰ</span> <span class='ocrx_word' id='word_1_44' title='bbox 417 822 572 877; x_wconf 83' lang='grc' dir='ltr'>τοῦτο</span> <span class='ocrx_word' id='word_1_45' title='bbox 614 822 1115 893; x_wconf 81' lang='grc' dir='ltr'>παραγραφόμενοι,</span> <span class='ocrx_word' id='word_1_46' title='bbox 1172 821 1287 876; x_wconf 79' lang='grc' dir='ltr'>ἀνθ’</span> <span class='ocrx_word' id='word_1_47' title='bbox 1344 824 1573 885; x_wconf 88' lang='grc' dir='ltr'>ἐκείνου,</span> <span class='ocrx_word' id='word_1_48' title='bbox 1631 823 1691 876; x_wconf 77' lang='grc' dir='ltr'>τὸ</span> <span class='ocrx_word' id='word_1_49' title='bbox 1724 822 1783 887; x_wconf 80' lang='grc' dir='ltr'>ἐξ</span> 
     </span>
    </p>
   </div>
   <div class='ocr_carea' id='block_1_9' title="bbox 231 913 1783 987">
    <p class='ocr_par' dir='ltr' id='par_1_9' title="bbox 231 913 1783 987">
     <span class='ocr_line' id='line_1_9' title="bbox 231 913 1783 987; baseline -0.004 -16"><span class='ocrx_word' id='word_1_50' title='bbox 231 914 371 987; x_wconf 82' lang='grc' dir='ltr'>ἐμοῦ</span> <span class='ocrx_word' id='word_1_51' title='bbox 405 916 813 986; x_wconf 78' lang='grc' dir='ltr'>ἀντιγράφουσι.</span> <span class='ocrx_word' id='word_1_52' title='bbox 864 917 1033 970; x_wconf 84' lang='grc' dir='ltr'>Τοῦτο</span> <span class='ocrx_word' id='word_1_53' title='bbox 1084 915 1193 986; x_wconf 79' lang='grc' dir='ltr'>γὰρ</span> <span class='ocrx_word' id='word_1_54' title='bbox 1242 916 1424 978; x_wconf 86' lang='grc' dir='ltr'>αὑτοῖς</span> <span class='ocrx_word' id='word_1_55' title='bbox 1455 913 1583 978; x_wconf 74' lang='grc' dir='ltr'>ἴσως</span> <span class='ocrx_word' id='word_1_56' title='bbox 1638 913 1783 978; x_wconf 75' lang='grc' dir='ltr'>ἔδοξε</span> 
     </span>
    </p>
   </div>
   <div class='ocr_carea' id='block_1_10' title="bbox 232 1006 1783 1080">
    <p class='ocr_par' dir='ltr' id='par_1_10' title="bbox 232 1006 1783 1080">
     <span class='ocr_line' id='line_1_10' title="bbox 232 1006 1783 1080; baseline -0.001 -20"><span class='ocrx_word' id='word_1_57' title='bbox 232 1008 664 1071; x_wconf 72' lang='grc' dir='ltr'><strong>κατασκευάζειν</strong></span> <span class='ocrx_word' id='word_1_58' title='bbox 720 1008 777 1060; x_wconf 85' lang='grc' dir='ltr'>τὸ</span> <span class='ocrx_word' id='word_1_59' title='bbox 818 1006 1080 1080; x_wconf 89' lang='grc' dir='ltr'>βούλημα.</span> <span class='ocrx_word' id='word_1_60' title='bbox 1136 1008 1326 1061; x_wconf 80' lang='grc' dir='ltr'>Καίτοι</span> <span class='ocrx_word' id='word_1_61' title='bbox 1388 1008 1435 1059; x_wconf 77' lang='grc' dir='ltr'>εἰ</span> <span class='ocrx_word' id='word_1_62' title='bbox 1489 1008 1581 1059; x_wconf 72' lang='grc' dir='ltr'>καὶ</span> <span class='ocrx_word' id='word_1_63' title='bbox 1612 1007 1783 1069; x_wconf 77' lang='grc' dir='ltr'>οὕτως</span> 
     </span>
    </p>
   </div>
   <div class='ocr_carea' id='block_1_11' title="bbox 232 1093 1783 1170">
    <p class='ocr_par' dir='ltr' id='par_1_11' title="bbox 232 1093 1783 1170">
     <span class='ocr_line' id='line_1_11' title="bbox 232 1093 1783 1170; baseline -0.001 -20"><span class='ocrx_word' id='word_1_64' title='bbox 232 1099 439 1168; x_wconf 88' lang='grc' dir='ltr'>εῖρητο,</span> <span class='ocrx_word' id='word_1_65' title='bbox 463 1096 651 1168; x_wconf 77' lang='grc' dir='ltr'>ὥσπερ</span> <span class='ocrx_word' id='word_1_66' title='bbox 686 1100 785 1152; x_wconf 80' lang='grc' dir='ltr'>οὐκ</span> <span class='ocrx_word' id='word_1_67' title='bbox 811 1099 1040 1170; x_wconf 77' lang='grc' dir='ltr'>εῖρηται,</span> <span class='ocrx_word' id='word_1_68' title='bbox 1075 1098 1180 1151; x_wconf 80' lang='grc' dir='ltr'>οὐδ’</span> <span class='ocrx_word' id='word_1_69' title='bbox 1207 1097 1377 1160; x_wconf 75' lang='grc' dir='ltr'>οὕτως</span> <span class='ocrx_word' id='word_1_70' title='bbox 1420 1097 1597 1160; x_wconf 85' lang='grc' dir='ltr'>αὐτοῖς</span> <span class='ocrx_word' id='word_1_71' title='bbox 1639 1093 1783 1166; x_wconf 81' lang='grc' dir='ltr'>εἶχεν</span> 
     </span>
    </p>
   </div>
   <div class='ocr_carea' id='block_1_12' title="bbox 233 1187 1783 1259">
    <p class='ocr_par' dir='ltr' id='par_1_12' title="bbox 233 1187 1783 1259">
     <span class='ocr_line' id='line_1_12' title="bbox 233 1187 1783 1259; baseline -0.001 -18"><span class='ocrx_word' id='word_1_72' title='bbox 233 1189 390 1257; x_wconf 71' lang='grc' dir='ltr'>ίσχῦν</span> <span class='ocrx_word' id='word_1_73' title='bbox 423 1189 729 1258; x_wconf 78' lang='grc' dir='ltr'>ἡέπήριια.</span> <span class='ocrx_word' id='word_1_74' title='bbox 758 1190 831 1241; x_wconf 87' lang='grc' dir='ltr'>Οὑ</span> <span class='ocrx_word' id='word_1_75' title='bbox 865 1190 972 1259; x_wconf 85' lang='grc' dir='ltr'>γὰρ</span> <span class='ocrx_word' id='word_1_76' title='bbox 1017 1189 1100 1241; x_wconf 76' lang='grc' dir='ltr'>ἀεὶ</span> <span class='ocrx_word' id='word_1_77' title='bbox 1148 1188 1208 1241; x_wconf 83' lang='grc' dir='ltr'>τὸ</span> <span class='ocrx_word' id='word_1_78' title='bbox 1249 1188 1541 1257; x_wconf 88' lang='grc' dir='ltr'>λαμϐάνειν</span> <span class='ocrx_word' id='word_1_79' title='bbox 1570 1190 1649 1250; x_wconf 84' lang='grc' dir='ltr'><strong>είς</strong></span> <span class='ocrx_word' id='word_1_80' title='bbox 1685 1187 1783 1257; x_wconf 80' lang='grc' dir='ltr'>τὴν</span> 
     </span>
    </p>
   </div>
   <div class='ocr_carea' id='block_1_13' title="bbox 228 1274 1785 1348">
    <p class='ocr_par' dir='ltr' id='par_1_13' title="bbox 228 1274 1785 1348">
     <span class='ocr_line' id='line_1_13' title="bbox 228 1274 1785 1348; baseline -0.002 -18"><span class='ocrx_word' id='word_1_81' title='bbox 228 1278 326 1331; x_wconf 81' lang='grc' dir='ltr'>τοῦ</span> <span class='ocrx_word' id='word_1_82' title='bbox 359 1278 750 1348; x_wconf 86' lang='grc' dir='ltr'>ἐκπορεύεσθαι</span> <span class='ocrx_word' id='word_1_83' title='bbox 778 1278 1013 1331; x_wconf 82' lang='grc' dir='ltr'>διάνοιαν</span> <span class='ocrx_word' id='word_1_84' title='bbox 1034 1276 1365 1347; x_wconf 78' lang='grc' dir='ltr'>λαμϐάνεται</span> <span class='ocrx_word' id='word_1_85' title='bbox 1383 1293 1395 1306; x_wconf 89' lang='grc'><strong>·</strong></span> <span class='ocrx_word' id='word_1_86' title='bbox 1421 1276 1534 1330; x_wconf 80' lang='grc' dir='ltr'>ἀλλ’</span> <span class='ocrx_word' id='word_1_87' title='bbox 1568 1276 1675 1328; x_wconf 73' lang='grc' dir='ltr'>ἐσθ’</span> <span class='ocrx_word' id='word_1_88' title='bbox 1696 1274 1785 1327; x_wconf 83' lang='grc' dir='ltr'>ὅτε</span> 
     </span>
    </p>
   </div>
   <div class='ocr_carea' id='block_1_14' title="bbox 230 1364 1785 1439">
    <p class='ocr_par' dir='ltr' id='par_1_14' title="bbox 230 1364 1785 1439">
     <span class='ocr_line' id='line_1_14' title="bbox 230 1364 1785 1439; baseline -0.001 -18"><span class='ocrx_word' id='word_1_89' title='bbox 230 1370 327 1422; x_wconf 75' lang='grc' dir='ltr'>καὶ</span> <span class='ocrx_word' id='word_1_90' title='bbox 359 1369 555 1439; x_wconf 79' lang='grc' dir='ltr'>πολλὴν</span> <span class='ocrx_word' id='word_1_91' title='bbox 580 1370 676 1439; x_wconf 80' lang='grc' dir='ltr'>τὴν</span> <span class='ocrx_word' id='word_1_92' title='bbox 707 1368 1059 1438; x_wconf 82' lang='grc' dir='ltr'>παραλλαγὴν</span> <span class='ocrx_word' id='word_1_93' title='bbox 1081 1368 1469 1421; x_wconf 86' lang='grc' dir='ltr'>ὑπαινίττεται.</span> <span class='ocrx_word' id='word_1_94' title='bbox 1496 1366 1657 1419; x_wconf 76' lang='grc' dir='ltr'>’Λλλο</span> <span class='ocrx_word' id='word_1_95' title='bbox 1678 1364 1785 1436; x_wconf 90' lang='grc' dir='ltr'><strong>γάρ</strong></span> 
     </span>
    </p>
   </div>
   <div class='ocr_carea' id='block_1_15' title="bbox 230 1457 1783 1529">
    <p class='ocr_par' dir='ltr' id='par_1_15' title="bbox 230 1457 1783 1529">
     <span class='ocr_line' id='line_1_15' title="bbox 230 1457 1783 1529; baseline -0.003 -16"><span class='ocrx_word' id='word_1_96' title='bbox 230 1463 349 1513; x_wconf 81' lang='grc' dir='ltr'>ἐστι</span> <span class='ocrx_word' id='word_1_97' title='bbox 384 1461 443 1514; x_wconf 85' lang='grc' dir='ltr'>τὸ</span> <span class='ocrx_word' id='word_1_98' title='bbox 471 1459 787 1529; x_wconf 88' lang='grc' dir='ltr'>λαμϐάνειν.</span> <span class='ocrx_word' id='word_1_99' title='bbox 818 1460 910 1512; x_wconf 75' lang='grc' dir='ltr'>καὶ</span> <span class='ocrx_word' id='word_1_100' title='bbox 932 1459 1274 1526; x_wconf 82' lang='grc' dir='ltr'>άπαρύεσθαι</span> <span class='ocrx_word' id='word_1_101' title='bbox 1303 1458 1394 1525; x_wconf 78' lang='grc' dir='ltr'><strong>ἀφ’</strong></span> <span class='ocrx_word' id='word_1_102' title='bbox 1422 1457 1612 1527; x_wconf 87' lang='grc' dir='ltr'>ἐτέρας</span> <span class='ocrx_word' id='word_1_103' title='bbox 1650 1457 1783 1509; x_wconf 83' lang='grc' dir='ltr'>ὑπο-</span> 
     </span>
    </p>
   </div>
   <div class='ocr_carea' id='block_1_16' title="bbox 231 1547 1786 1623">
    <p class='ocr_par' dir='ltr' id='par_1_16' title="bbox 231 1547 1786 1623">
     <span class='ocr_line' id='line_1_16' title="bbox 231 1547 1786 1623; baseline -0.002 -19"><span class='ocrx_word' id='word_1_104' title='bbox 231 1552 474 1615; x_wconf 75' lang='grc' dir='ltr'><strong>στάσεως</strong></span> <span class='ocrx_word' id='word_1_105' title='bbox 499 1551 688 1623; x_wconf 84' lang='grc' dir='ltr'>ἐτέραν</span> <span class='ocrx_word' id='word_1_106' title='bbox 717 1550 1010 1604; x_wconf 75' lang='grc' dir='ltr'><strong>ὑπόστασιν</strong></span> <span class='ocrx_word' id='word_1_107' title='bbox 1031 1565 1046 1582; x_wconf 81' lang='lat'><strong><em>°</em></strong></span> <span class='ocrx_word' id='word_1_108' title='bbox 1076 1550 1166 1604; x_wconf 73' lang='grc' dir='ltr'>καὶ</span> <span class='ocrx_word' id='word_1_109' title='bbox 1190 1548 1316 1604; x_wconf 71' lang='grc' dir='ltr'>ἄλλο</span> <span class='ocrx_word' id='word_1_110' title='bbox 1346 1548 1405 1601; x_wconf 85' lang='grc' dir='ltr'><strong>τδ</strong></span> <span class='ocrx_word' id='word_1_111' title='bbox 1430 1550 1565 1617; x_wconf 81' lang='grc' dir='ltr'>πρὸς</span> <span class='ocrx_word' id='word_1_112' title='bbox 1592 1547 1786 1601; x_wconf 86' lang='grc' dir='ltr'>οὑσίω-</span> 
     </span>
    </p>
   </div>
   <div class='ocr_carea' id='block_1_17' title="bbox 233 1635 1785 1709">
    <p class='ocr_par' dir='ltr' id='par_1_17' title="bbox 233 1635 1785 1709">
     <span class='ocr_line' id='line_1_17' title="bbox 233 1635 1785 1709; baseline -0.003 -16"><span class='ocrx_word' id='word_1_113' title='bbox 233 1642 319 1693; x_wconf 80' lang='grc' dir='ltr'><strong>σίν</strong></span> <span class='ocrx_word' id='word_1_114' title='bbox 343 1658 399 1693; x_wconf 88' lang='grc' dir='ltr'><strong>τε</strong></span> <span class='ocrx_word' id='word_1_115' title='bbox 424 1640 516 1693; x_wconf 81' lang='grc' dir='ltr'>καὶ</span> <span class='ocrx_word' id='word_1_116' title='bbox 537 1640 832 1693; x_wconf 81' lang='grc' dir='ltr'>ὑπόστασιν</span> <span class='ocrx_word' id='word_1_117' title='bbox 859 1638 1271 1709; x_wconf 81' lang='grc' dir='ltr'>ἐκπορεύεσθαι.</span> <span class='ocrx_word' id='word_1_118' title='bbox 1295 1635 1480 1699; x_wconf 75' lang='grc' dir='ltr'>Οὕτως</span> <span class='ocrx_word' id='word_1_119' title='bbox 1510 1635 1627 1689; x_wconf 77' lang='grc' dir='ltr'><strong>οὑδέ</strong></span> <span class='ocrx_word' id='word_1_120' title='bbox 1659 1636 1785 1707; x_wconf 77' lang='grc' dir='ltr'>περὶ</span> 
     </span>
    </p>
   </div>
   <div class='ocr_carea' id='block_1_18' title="bbox 231 1725 1787 1797">
    <p class='ocr_par' dir='ltr' id='par_1_18' title="bbox 231 1725 1787 1797">
     <span class='ocr_line' id='line_1_18' title="bbox 231 1725 1787 1797; baseline -0.003 -18"><span class='ocrx_word' id='word_1_121' title='bbox 231 1728 369 1780; x_wconf 74' lang='grc' dir='ltr'>αὐτὰ</span> <span class='ocrx_word' id='word_1_122' title='bbox 398 1728 463 1780; x_wconf 71' lang='grc' dir='ltr'>τὰ</span> <span class='ocrx_word' id='word_1_123' title='bbox 490 1727 855 1797; x_wconf 77' lang='grc' dir='ltr'>σημαινόμενα</span> <span class='ocrx_word' id='word_1_124' title='bbox 884 1726 993 1780; x_wconf 85' lang='grc' dir='ltr'><strong>τῶν</strong></span> <span class='ocrx_word' id='word_1_125' title='bbox 1023 1725 1303 1796; x_wconf 79' lang='grc' dir='ltr'>ὀνομάτων</span> <span class='ocrx_word' id='word_1_126' title='bbox 1349 1725 1787 1794; x_wconf 83' lang='grc' dir='ltr'>ἁπευθυνομένην</span> 
     </span>
    </p>
   </div>
   <div class='ocr_carea' id='block_1_19' title="bbox 228 1812 1785 1885">
    <p class='ocr_par' dir='ltr' id='par_1_19' title="bbox 228 1812 1785 1885">
     <span class='ocr_line' id='line_1_19' title="bbox 228 1812 1785 1885; baseline -0.001 -18"><span class='ocrx_word' id='word_1_127' title='bbox 228 1817 413 1884; x_wconf 72' lang='grc' dir='ltr'>έχουσι</span> <span class='ocrx_word' id='word_1_128' title='bbox 443 1816 540 1885; x_wconf 82' lang='grc' dir='ltr'>τὴν</span> <span class='ocrx_word' id='word_1_129' title='bbox 564 1815 819 1869; x_wconf 84' lang='grc' dir='ltr'>διάνοιαν.</span> <span class='ocrx_word' id='word_1_130' title='bbox 852 1814 962 1867; x_wconf 80' lang='grc' dir='ltr'><strong>Καὶ</strong></span> <span class='ocrx_word' id='word_1_131' title='bbox 996 1814 1047 1867; x_wconf 84' lang='grc' dir='ltr'><strong>εῖ</strong></span> <span class='ocrx_word' id='word_1_132' title='bbox 1067 1830 1119 1867; x_wconf 90' lang='grc' dir='ltr'><strong>τι</strong></span> <span class='ocrx_word' id='word_1_133' title='bbox 1145 1814 1270 1869; x_wconf 74' lang='grc' dir='ltr'>ἄλλο</span> <span class='ocrx_word' id='word_1_134' title='bbox 1295 1814 1424 1883; x_wconf 87' lang='grc' dir='ltr'>παρ’</span> <span class='ocrx_word' id='word_1_135' title='bbox 1457 1812 1633 1865; x_wconf 83' lang='grc' dir='ltr'>αὐτῶν</span> <span class='ocrx_word' id='word_1_136' title='bbox 1655 1829 1785 1884; x_wconf 85' lang='grc' dir='ltr'>προ-</span> 
     </span>
    </p>
   </div>
   <div class='ocr_carea' id='block_1_20' title="bbox 1882 639 3424 711">
    <p class='ocr_par' dir='ltr' id='par_1_20' title="bbox 1882 639 3424 711">
     <span class='ocr_line' id='line_1_20' title="bbox 1882 639 3424 711; baseline -0.001 -14"><span class='ocrx_word' id='word_1_137' title='bbox 1882 660 1965 698; x_wconf 79' lang='grc' dir='ltr'><strong>πισ</strong></span> <span class='ocrx_word' id='word_1_138' title='bbox 2029 643 2371 698; x_wconf 82' lang='lat' dir='ltr'><strong>rescribere?</strong></span> <span class='ocrx_word' id='word_1_139' title='bbox 2415 640 2617 711; x_wconf 85' lang='lat' dir='ltr'><strong>Nempe</strong></span> <span class='ocrx_word' id='word_1_140' title='bbox 2658 654 2807 695; x_wconf 91' lang='lat' dir='ltr'><strong>suam</strong></span> <span class='ocrx_word' id='word_1_141' title='bbox 2859 639 2983 693; x_wconf 85' lang='lat' dir='ltr'><strong>inde</strong></span> <span class='ocrx_word' id='word_1_142' title='bbox 3023 641 3302 708; x_wconf 88' lang='lat' dir='ltr'><strong>probatum</strong></span> <span class='ocrx_word' id='word_1_143' title='bbox 3360 642 3424 695; x_wconf 90' lang='lat' dir='ltr'><strong>iri</strong></span> 
     </span>
    </p>
   </div>
   <div class='ocr_carea' id='block_1_21' title="bbox 1882 729 3429 800">
    <p class='ocr_par' dir='ltr' id='par_1_21' title="bbox 1882 729 3429 800">
     <span class='ocr_line' id='line_1_21' title="bbox 1882 729 3429 800; baseline -0.001 -13"><span class='ocrx_word' id='word_1_144' title='bbox 1882 734 2201 788; x_wconf 84' lang='lat' dir='ltr'><strong>sententiam</strong></span> <span class='ocrx_word' id='word_1_145' title='bbox 2231 734 2366 787; x_wconf 79' lang='lat' dir='ltr'><strong>forte</strong></span> <span class='ocrx_word' id='word_1_146' title='bbox 2414 743 2689 800; x_wconf 88' lang='lat' dir='ltr'><strong>putavere.</strong></span> <span class='ocrx_word' id='word_1_147' title='bbox 2721 729 3030 798; x_wconf 76' lang='lat' dir='ltr'><strong>Quanquam</strong></span> <span class='ocrx_word' id='word_1_148' title='bbox 3082 730 3182 784; x_wconf 88' lang='lat' dir='ltr'><strong>etsi</strong></span> <span class='ocrx_word' id='word_1_149' title='bbox 3227 731 3296 785; x_wconf 80' lang='lat' dir='ltr'><strong>ita</strong></span> <span class='ocrx_word' id='word_1_150' title='bbox 3344 733 3429 785; x_wconf 88' lang='lat' dir='ltr'><strong>di-</strong></span> 
     </span>
    </p>
   </div>
   <div class='ocr_carea' id='block_1_22' title="bbox 1880 817 3425 887">
    <p class='ocr_par' dir='ltr' id='par_1_22' title="bbox 1880 817 3425 887">
     <span class='ocr_line' id='line_1_22' title="bbox 1880 817 3425 887; baseline -0.003 -9"><span class='ocrx_word' id='word_1_151' title='bbox 1880 832 2025 878; x_wconf 90' lang='lat' dir='ltr'><strong>ctum</strong></span> <span class='ocrx_word' id='word_1_152' title='bbox 2055 832 2219 887; x_wconf 85' lang='lat' dir='ltr'><strong>esset,</strong></span> <span class='ocrx_word' id='word_1_153' title='bbox 2248 823 2323 877; x_wconf 94' lang='lat' dir='ltr'><strong>uti</strong></span> <span class='ocrx_word' id='word_1_154' title='bbox 2353 830 2497 875; x_wconf 89' lang='lat' dir='ltr'><strong>certe</strong></span> <span class='ocrx_word' id='word_1_155' title='bbox 2528 835 2634 875; x_wconf 93' lang='lat' dir='ltr'><strong>non</strong></span> <span class='ocrx_word' id='word_1_156' title='bbox 2666 819 2866 873; x_wconf 85' lang='lat' dir='ltr'><strong>dictum</strong></span> <span class='ocrx_word' id='word_1_157' title='bbox 2896 828 2999 883; x_wconf 90' lang='lat' dir='ltr'><strong>est,</strong></span> <span class='ocrx_word' id='word_1_158' title='bbox 3024 833 3091 873; x_wconf 94' lang='lat' dir='ltr'><strong>ne</strong></span> <span class='ocrx_word' id='word_1_159' title='bbox 3111 817 3187 873; x_wconf 83' lang='lat' dir='ltr'><strong>sic.</strong></span> <span class='ocrx_word' id='word_1_160' title='bbox 3212 818 3425 887; x_wconf 87' lang='lat' dir='ltr'><strong>quidem</strong></span> 
     </span>
    </p>
   </div>
   <div class='ocr_carea' id='block_1_23' title="bbox 1882 908 3426 982">
    <p class='ocr_par' dir='ltr' id='par_1_23' title="bbox 1882 908 3426 982">
     <span class='ocr_line' id='line_1_23' title="bbox 1882 908 3426 982; baseline -0.004 -14"><span class='ocrx_word' id='word_1_161' title='bbox 1882 914 2041 968; x_wconf 90' lang='lat' dir='ltr'><strong>ullam</strong></span> <span class='ocrx_word' id='word_1_162' title='bbox 2072 913 2191 982; x_wconf 86' lang='lat' dir='ltr'><strong>ejus</strong></span> <span class='ocrx_word' id='word_1_163' title='bbox 2214 914 2319 967; x_wconf 90' lang='lat' dir='ltr'><strong>vim</strong></span> <span class='ocrx_word' id='word_1_164' title='bbox 2345 912 2613 982; x_wconf 85' lang='lat' dir='ltr'><strong>aggressio</strong></span> <span class='ocrx_word' id='word_1_165' title='bbox 2637 910 2875 965; x_wconf 78' lang='lat' dir='ltr'><strong>haberet.</strong></span> <span class='ocrx_word' id='word_1_166' title='bbox 2908 908 3021 964; x_wconf 82' lang='lat' dir='ltr'><strong>Non</strong></span> <span class='ocrx_word' id='word_1_167' title='bbox 3050 910 3193 963; x_wconf 87' lang='lat' dir='ltr'><strong>enitn</strong></span> <span class='ocrx_word' id='word_1_168' title='bbox 3218 922 3426 978; x_wconf 78' lang='lat' dir='ltr'><strong>semper</strong></span> 
     </span>
    </p>
   </div>
   <div class='ocr_carea' id='block_1_24' title="bbox 1879 1000 3424 1075">
    <p class='ocr_par' dir='ltr' id='par_1_24' title="bbox 1879 1000 3424 1075">
     <span class='ocr_line' id='line_1_24' title="bbox 1879 1000 3424 1075; baseline -0.005 -14"><span class='ocrx_word' id='word_1_169' title='bbox 1879 1007 2144 1075; x_wconf 86' lang='lat' dir='ltr'><strong>accipere,</strong></span> <span class='ocrx_word' id='word_1_170' title='bbox 2173 1004 2414 1059; x_wconf 86' lang='lat' dir='ltr'><strong>eamdem</strong></span> <span class='ocrx_word' id='word_1_171' title='bbox 2468 1002 2632 1071; x_wconf 83' lang='lat' dir='ltr'><strong>ipsam</strong></span> <span class='ocrx_word' id='word_1_172' title='bbox 2660 1003 2764 1055; x_wconf 86' lang='lat' dir='ltr'><strong>vim</strong></span> <span class='ocrx_word' id='word_1_173' title='bbox 2800 1000 2962 1053; x_wconf 86' lang='lat' dir='ltr'><strong>habet</strong></span> <span class='ocrx_word' id='word_1_174' title='bbox 3004 1014 3063 1053; x_wconf 87' lang='lat' dir='ltr'><strong>ac</strong></span> <span class='ocrx_word' id='word_1_175' title='bbox 3118 1000 3424 1068; x_wconf 79' lang='lat' dir='ltr'><strong>procedere.</strong></span> 
     </span>
    </p>
   </div>
   <div class='ocr_carea' id='block_1_25' title="bbox 1883 1095 3423 1169">
    <p class='ocr_par' dir='ltr' id='par_1_25' title="bbox 1883 1095 3423 1169">
     <span class='ocr_line' id='line_1_25' title="bbox 1883 1095 3423 1169; baseline -0.005 -13"><span class='ocrx_word' id='word_1_176' title='bbox 1883 1101 1975 1156; x_wconf 81' lang='lat' dir='ltr'><strong>sed</strong></span> <span class='ocrx_word' id='word_1_177' title='bbox 2012 1100 2333 1169; x_wconf 74' lang='lat' dir='ltr'><strong>quandoque</strong></span> <span class='ocrx_word' id='word_1_178' title='bbox 2360 1098 2516 1163; x_wconf 78' lang='lat' dir='ltr'><strong>longe</strong></span> <span class='ocrx_word' id='word_1_179' title='bbox 2563 1111 2807 1165; x_wconf 86' lang='lat' dir='ltr'><strong>magnam</strong></span> <span class='ocrx_word' id='word_1_180' title='bbox 2842 1095 3205 1149; x_wconf 77' lang='lat' dir='ltr'><strong>diversitatem</strong></span> <span class='ocrx_word' id='word_1_181' title='bbox 3234 1112 3295 1151; x_wconf 84' lang='lat' dir='ltr'><strong>ac</strong></span> <span class='ocrx_word' id='word_1_182' title='bbox 3317 1096 3423 1150; x_wconf 85' lang='lat' dir='ltr'><strong>dis-</strong></span> 
     </span>
    </p>
   </div>
   <div class='ocr_carea' id='block_1_26' title="bbox 1884 1185 3431 1247">
    <p class='ocr_par' dir='ltr' id='par_1_26' title="bbox 1884 1185 3431 1247">
     <span class='ocr_line' id='line_1_26' title="bbox 1884 1185 3431 1247; baseline -0.006 0"><span class='ocrx_word' id='word_1_183' title='bbox 1884 1192 2290 1247; x_wconf 83' lang='lat' dir='ltr'><strong>similitudinem</strong></span> <span class='ocrx_word' id='word_1_184' title='bbox 2311 1190 2537 1243; x_wconf 82' lang='lat' dir='ltr'><strong>obscure</strong></span> <span class='ocrx_word' id='word_1_185' title='bbox 2577 1187 2794 1241; x_wconf 86' lang='lat' dir='ltr'><strong>indicat.</strong></span> <span class='ocrx_word' id='word_1_186' title='bbox 2834 1186 2989 1239; x_wconf 82' lang='lat' dir='ltr'><strong>Aliud</strong></span> <span class='ocrx_word' id='word_1_187' title='bbox 3024 1193 3105 1239; x_wconf 89' lang='lat' dir='ltr'><strong>est</strong></span> <span class='ocrx_word' id='word_1_188' title='bbox 3129 1186 3269 1239; x_wconf 90' lang='lat' dir='ltr'><strong>enim</strong></span> <span class='ocrx_word' id='word_1_189' title='bbox 3292 1185 3431 1239; x_wconf 86' lang='lat' dir='ltr'><strong>acci-</strong></span> 
     </span>
    </p>
   </div>
   <div class='ocr_carea' id='block_1_27' title="bbox 1884 1276 3431 1352">
    <p class='ocr_par' dir='ltr' id='par_1_27' title="bbox 1884 1276 3431 1352">
     <span class='ocr_line' id='line_1_27' title="bbox 1884 1276 3431 1352; baseline -0.003 -16"><span class='ocrx_word' id='word_1_190' title='bbox 1884 1297 2011 1351; x_wconf 89' lang='lat' dir='ltr'><strong>pere</strong></span> <span class='ocrx_word' id='word_1_191' title='bbox 2047 1291 2204 1352; x_wconf 88' lang='lat' dir='ltr'><strong>atque</strong></span> <span class='ocrx_word' id='word_1_192' title='bbox 2231 1280 2445 1336; x_wconf 91' lang='lat' dir='ltr'><strong>haurire</strong></span> <span class='ocrx_word' id='word_1_193' title='bbox 2462 1294 2527 1333; x_wconf 80' lang='lat' dir='ltr'><strong>ex</strong></span> <span class='ocrx_word' id='word_1_194' title='bbox 2554 1293 2659 1332; x_wconf 92' lang='lat' dir='ltr'><strong>una</strong></span> <span class='ocrx_word' id='word_1_195' title='bbox 2684 1277 2978 1331; x_wconf 82' lang='lat' dir='ltr'><strong>substantia</strong></span> <span class='ocrx_word' id='word_1_196' title='bbox 2999 1276 3152 1331; x_wconf 87' lang='lat' dir='ltr'><strong>aliam</strong></span> <span class='ocrx_word' id='word_1_197' title='bbox 3184 1277 3431 1331; x_wconf 87' lang='lat' dir='ltr'><strong>substan-</strong></span> 
     </span>
    </p>
   </div>
   <div class='ocr_carea' id='block_1_28' title="bbox 1886 1364 3430 1440">
    <p class='ocr_par' dir='ltr' id='par_1_28' title="bbox 1886 1364 3430 1440">
     <span class='ocr_line' id='line_1_28' title="bbox 1886 1364 3430 1440; baseline -0.006 -15"><span class='ocrx_word' id='word_1_198' title='bbox 1886 1371 2035 1437; x_wconf 86' lang='lat' dir='ltr'><strong>tiam,</strong></span> <span class='ocrx_word' id='word_1_199' title='bbox 2070 1382 2231 1440; x_wconf 88' lang='lat' dir='ltr'><strong>atque</strong></span> <span class='ocrx_word' id='word_1_200' title='bbox 2278 1369 2420 1423; x_wconf 85' lang='lat' dir='ltr'><strong>aliud</strong></span> <span class='ocrx_word' id='word_1_201' title='bbox 2447 1377 2504 1422; x_wconf 91' lang='lat' dir='ltr'><strong>ut</strong></span> <span class='ocrx_word' id='word_1_202' title='bbox 2531 1365 2797 1422; x_wconf 75' lang='lat' dir='ltr'><strong>exsistens</strong></span> <span class='ocrx_word' id='word_1_203' title='bbox 2833 1378 2957 1419; x_wconf 88' lang='lat' dir='ltr'><strong>vere</strong></span> <span class='ocrx_word' id='word_1_204' title='bbox 3005 1364 3300 1437; x_wconf 81' lang='lat' dir='ltr'><strong>substantia</strong></span> <span class='ocrx_word' id='word_1_205' title='bbox 3348 1372 3430 1417; x_wconf 84' lang='lat' dir='ltr'><strong>at-</strong></span> 
     </span>
    </p>
   </div>
   <div class='ocr_carea' id='block_1_29' title="bbox 1885 1456 3430 1531">
    <p class='ocr_par' dir='ltr' id='par_1_29' title="bbox 1885 1456 3430 1531">
     <span class='ocr_line' id='line_1_29' title="bbox 1885 1456 3430 1531; baseline -0.005 -16"><span class='ocrx_word' id='word_1_206' title='bbox 1885 1476 1989 1531; x_wconf 91' lang='lat' dir='ltr'><strong>que</strong></span> <span class='ocrx_word' id='word_1_207' title='bbox 2021 1476 2244 1531; x_wconf 87' lang='lat' dir='ltr'><strong>persona</strong></span> <span class='ocrx_word' id='word_1_208' title='bbox 2301 1459 2610 1529; x_wconf 90' lang='lat' dir='ltr'><strong>procedere.</strong></span> <span class='ocrx_word' id='word_1_209' title='bbox 2644 1456 2731 1511; x_wconf 89' lang='lat' dir='ltr'><strong>Sic</strong></span> <span class='ocrx_word' id='word_1_210' title='bbox 2770 1470 2942 1526; x_wconf 92' lang='lat' dir='ltr'><strong>neque</strong></span> <span class='ocrx_word' id='word_1_211' title='bbox 2967 1456 3107 1510; x_wconf 88' lang='lat' dir='ltr'><strong>circa</strong></span> <span class='ocrx_word' id='word_1_212' title='bbox 3162 1456 3303 1524; x_wconf 85' lang='lat' dir='ltr'><strong>ipsas</strong></span> <span class='ocrx_word' id='word_1_213' title='bbox 3336 1470 3430 1508; x_wconf 85' lang='lat' dir='ltr'><strong>vo-</strong></span> 
     </span>
    </p>
   </div>
   <div class='ocr_carea' id='block_1_30' title="bbox 1884 1544 3431 1622">
    <p class='ocr_par' dir='ltr' id='par_1_30' title="bbox 1884 1544 3431 1622">
     <span class='ocr_line' id='line_1_30' title="bbox 1884 1544 3431 1622; baseline -0.007 -16"><span class='ocrx_word' id='word_1_214' title='bbox 1884 1567 2005 1607; x_wconf 89' lang='lat' dir='ltr'><strong>cum</strong></span> <span class='ocrx_word' id='word_1_215' title='bbox 2046 1552 2467 1622; x_wconf 74' lang='lat' dir='ltr'><strong>significationes</strong></span> <span class='ocrx_word' id='word_1_216' title='bbox 2524 1556 2719 1602; x_wconf 89' lang='lat' dir='ltr'><strong>rectam</strong></span> <span class='ocrx_word' id='word_1_217' title='bbox 2755 1547 2953 1601; x_wconf 82' lang='lat' dir='ltr'><strong>habent</strong></span> <span class='ocrx_word' id='word_1_218' title='bbox 2995 1554 3249 1599; x_wconf 85' lang='lat' dir='ltr'><strong>mentem.</strong></span> <span class='ocrx_word' id='word_1_219' title='bbox 3288 1544 3362 1597; x_wconf 82' lang='lat' dir='ltr'><strong>Ac</strong></span> <span class='ocrx_word' id='word_1_220' title='bbox 3388 1544 3431 1595; x_wconf 89' lang='lat' dir='ltr'><strong>si</strong></span> 
     </span>
    </p>
   </div>
   <div class='ocr_carea' id='block_1_31' title="bbox 1886 1635 3433 1711">
    <p class='ocr_par' dir='ltr' id='par_1_31' title="bbox 1886 1635 3433 1711">
     <span class='ocr_line' id='line_1_31' title="bbox 1886 1635 3433 1711; baseline -0.006 -16"><span class='ocrx_word' id='word_1_221' title='bbox 1886 1644 2012 1711; x_wconf 90' lang='lat' dir='ltr'><strong>quid</strong></span> <span class='ocrx_word' id='word_1_222' title='bbox 2065 1643 2206 1696; x_wconf 89' lang='lat' dir='ltr'><strong>aliud</strong></span> <span class='ocrx_word' id='word_1_223' title='bbox 2252 1642 2317 1695; x_wconf 89' lang='lat' dir='ltr'><strong>ab</strong></span> <span class='ocrx_word' id='word_1_224' title='bbox 2363 1641 2442 1695; x_wconf 89' lang='lat' dir='ltr'><strong>eis</strong></span> <span class='ocrx_word' id='word_1_225' title='bbox 2466 1640 2685 1693; x_wconf 85' lang='lat' dir='ltr'><strong>allatum</strong></span> <span class='ocrx_word' id='word_1_226' title='bbox 2729 1637 2886 1691; x_wconf 76' lang='lat' dir='ltr'><strong>luerit</strong></span> <span class='ocrx_word' id='word_1_227' title='bbox 2916 1635 3084 1689; x_wconf 90' lang='lat' dir='ltr'><strong>eidem</strong></span> <span class='ocrx_word' id='word_1_228' title='bbox 3125 1636 3288 1688; x_wconf 76' lang='lat' dir='ltr'><strong>haeret</strong></span> <span class='ocrx_word' id='word_1_229' title='bbox 3338 1635 3433 1687; x_wconf 92' lang='lat' dir='ltr'><strong>de-</strong></span> 
     </span>
    </p>
   </div>
   <div class='ocr_carea' id='block_1_32' title="bbox 1887 1722 3430 1800">
    <p class='ocr_par' dir='ltr' id='par_1_32' title="bbox 1887 1722 3430 1800">
     <span class='ocr_line' id='line_1_32' title="bbox 1887 1722 3430 1800; baseline -0.007 -14"><span class='ocrx_word' id='word_1_230' title='bbox 1887 1732 2101 1786; x_wconf 76' lang='lat' dir='ltr'><strong>mentiae</strong></span> <span class='ocrx_word' id='word_1_231' title='bbox 2133 1750 2144 1785; x_wconf 90' lang='lat'>:</span> <span class='ocrx_word' id='word_1_232' title='bbox 2181 1732 2424 1800; x_wconf 84' lang='lat' dir='ltr'><strong>ejusdem</strong></span> <span class='ocrx_word' id='word_1_233' title='bbox 2459 1743 2676 1799; x_wconf 80' lang='lat' dir='ltr'><strong>germen</strong></span> <span class='ocrx_word' id='word_1_234' title='bbox 2725 1725 2949 1779; x_wconf 72' lang='lat' dir='ltr'><strong>inscitia:</strong></span> <span class='ocrx_word' id='word_1_235' title='bbox 2976 1725 3232 1782; x_wconf 89' lang='lat' dir='ltr'><strong>cernitur.</strong></span> <span class='ocrx_word' id='word_1_236' title='bbox 3266 1732 3319 1776; x_wconf 89' lang='lat' dir='ltr'><strong>et</strong></span> <span class='ocrx_word' id='word_1_237' title='bbox 3367 1722 3430 1775; x_wconf 86' lang='lat' dir='ltr'><strong>ad</strong></span> 
     </span>
    </p>
   </div>
   <div class='ocr_carea' id='block_1_33' title="bbox 1888 1816 3433 1887">
    <p class='ocr_par' dir='ltr' id='par_1_33' title="bbox 1888 1816 3433 1887">
     <span class='ocr_line' id='line_1_33' title="bbox 1888 1816 3433 1887; baseline -0.005 -13"><span class='ocrx_word' id='word_1_238' title='bbox 1888 1822 2129 1875; x_wconf 82' lang='lat' dir='ltr'><strong>eamdem</strong></span> <span class='ocrx_word' id='word_1_239' title='bbox 2167 1820 2390 1875; x_wconf 86' lang='lat' dir='ltr'><strong>invertit</strong></span> <span class='ocrx_word' id='word_1_240' title='bbox 2432 1820 2569 1874; x_wconf 67' lang='lat' dir='ltr'><strong>laesa:</strong></span> <span class='ocrx_word' id='word_1_241' title='bbox 2602 1816 2812 1887; x_wconf 85' lang='lat' dir='ltr'><strong>pietatis</strong></span> <span class='ocrx_word' id='word_1_242' title='bbox 2844 1816 3134 1886; x_wconf 82' lang='lat' dir='ltr'><strong>perniciem</strong></span> <span class='ocrx_word' id='word_1_243' title='bbox 3190 1830 3253 1869; x_wconf 87' lang='lat' dir='ltr'><strong>ac</strong></span> <span class='ocrx_word' id='word_1_244' title='bbox 3296 1816 3433 1868; x_wconf 88' lang='lat' dir='ltr'><strong>inte-</strong></span> 
     </span>
    </p>
   </div>
   <div class='ocr_carea' id='block_1_34' title="bbox 229 1882 2137 1980">
    <p class='ocr_par' dir='ltr' id='par_1_34' title="bbox 229 1882 2137 1980">
     <span class='ocr_line' id='line_1_34' title="bbox 229 1882 2137 1980; baseline -0.002 -18"><span class='ocrx_word' id='word_1_245' title='bbox 229 1882 539 1980; x_wconf 79' lang='grc' dir='ltr'>κομισθείη,</span> <span class='ocrx_word' id='word_1_246' title='bbox 569 1909 668 1979; x_wconf 87' lang='grc' dir='ltr'>τῆς</span> <span class='ocrx_word' id='word_1_247' title='bbox 689 1908 857 1977; x_wconf 80' lang='grc' dir='ltr'>αὑτῆς</span> <span class='ocrx_word' id='word_1_248' title='bbox 890 1910 988 1978; x_wconf 72' lang='grc' dir='ltr'>μὲν</span> <span class='ocrx_word' id='word_1_249' title='bbox 1017 1906 1193 1977; x_wconf 74' lang='grc' dir='ltr'>ἐχεται</span> <span class='ocrx_word' id='word_1_250' title='bbox 1216 1906 1529 1980; x_wconf 80' lang='grc' dir='ltr'>παρανοίας·</span> <span class='ocrx_word' id='word_1_251' title='bbox 1560 1906 1657 1976; x_wconf 81' lang='grc' dir='ltr'>τῆς</span> <span class='ocrx_word' id='word_1_252' title='bbox 1683 1882 1783 1959; x_wconf 84' lang='grc' dir='ltr'>αὑ·</span> <span class='ocrx_word' id='word_1_253' title='bbox 1817 1882 1859 1942; x_wconf 72' lang='grc' dir='ltr'><strong><em>Β</em></strong></span> <span class='ocrx_word' id='word_1_254' title='bbox 1889 1914 2072 1969; x_wconf 60' lang='lat' dir='ltr'><strong>ritum,</strong></span> <span class='ocrx_word' id='word_1_255' title='bbox 2136 1956 2137 1959; x_wconf 45' lang='grc' dir='ltr'><strong>η</strong></span> 
     </span>
    </p>
   </div>
   <div class='ocr_carea' id='block_1_35' title="bbox 229 1996 1788 2070">
    <p class='ocr_par' dir='ltr' id='par_1_35' title="bbox 229 1996 1788 2070">
     <span class='ocr_line' id='line_1_35' title="bbox 229 1996 1788 2070; baseline -0.003 -17"><span class='ocrx_word' id='word_1_256' title='bbox 229 2000 329 2068; x_wconf 83' lang='grc' dir='ltr'>τῆς</span> <span class='ocrx_word' id='word_1_257' title='bbox 353 1999 400 2052; x_wconf 84' lang='grc' dir='ltr'>δ’</span> <span class='ocrx_word' id='word_1_258' title='bbox 438 1998 674 2070; x_wconf 76' lang='grc' dir='ltr'>ἀμαθίας</span> <span class='ocrx_word' id='word_1_259' title='bbox 698 1998 993 2068; x_wconf 73' lang='grc' dir='ltr'>καθορᾶται</span> <span class='ocrx_word' id='word_1_260' title='bbox 1017 1998 1300 2068; x_wconf 79' lang='grc' dir='ltr'>βλάστημα</span> <span class='ocrx_word' id='word_1_261' title='bbox 1326 2034 1342 2061; x_wconf 92' lang='grc'><strong>,</strong></span> <span class='ocrx_word' id='word_1_262' title='bbox 1380 1998 1474 2051; x_wconf 82' lang='grc' dir='ltr'>καὶ</span> <span class='ocrx_word' id='word_1_263' title='bbox 1516 1996 1651 2067; x_wconf 77' lang='grc' dir='ltr'>πρὸς</span> <span class='ocrx_word' id='word_1_264' title='bbox 1687 1998 1788 2067; x_wconf 78' lang='grc' dir='ltr'>τὴν</span> 
     </span>
    </p>
   </div>
   <div class='ocr_carea' id='block_1_36' title="bbox 226 2087 1524 2161">
    <p class='ocr_par' dir='ltr' id='par_1_36' title="bbox 226 2087 1524 2161">
     <span class='ocr_line' id='line_1_36' title="bbox 226 2087 1524 2161; baseline 0.002 -18"><span class='ocrx_word' id='word_1_265' title='bbox 226 2090 401 2161; x_wconf 77' lang='grc' dir='ltr'>αὐτὴν</span> <span class='ocrx_word' id='word_1_266' title='bbox 425 2090 783 2161; x_wconf 69' lang='grc' dir='ltr'>καταστρέφει</span> <span class='ocrx_word' id='word_1_267' title='bbox 819 2088 919 2159; x_wconf 82' lang='grc' dir='ltr'>τῆς</span> <span class='ocrx_word' id='word_1_268' title='bbox 948 2089 1202 2151; x_wconf 86' lang='grc' dir='ltr'>ἀσεϐείας</span> <span class='ocrx_word' id='word_1_269' title='bbox 1230 2087 1524 2145; x_wconf 88' lang='grc' dir='ltr'>ἀπώλειαν.</span> 
     </span>
    </p>
   </div>
   <div class='ocr_carea' id='block_1_37' title="bbox 306 2180 1788 2251">
    <p class='ocr_par' dir='ltr' id='par_1_37' title="bbox 306 2180 1788 2251">
     <span class='ocr_line' id='line_1_37' title="bbox 306 2180 1788 2251; baseline -0.001 -16"><span class='ocrx_word' id='word_1_270' title='bbox 306 2182 423 2247; x_wconf 71' lang='lat' dir='ltr'><strong>tq&#39;.</strong></span> <span class='ocrx_word' id='word_1_271' title='bbox 454 2180 582 2244; x_wconf 76' lang='grc' dir='ltr'>Ναὶ,</span> <span class='ocrx_word' id='word_1_272' title='bbox 616 2180 777 2250; x_wconf 86' lang='grc' dir='ltr'>φησίν</span> <span class='ocrx_word' id='word_1_273' title='bbox 799 2197 812 2212; x_wconf 88' lang='grc'><strong>·</strong></span> <span class='ocrx_word' id='word_1_274' title='bbox 837 2180 952 2233; x_wconf 84' lang='grc' dir='ltr'>ἀλλ’</span> <span class='ocrx_word' id='word_1_275' title='bbox 993 2180 1350 2251; x_wconf 86' lang='grc' dir='ltr'>Ἀμϐρόσιοςό</span> <span class='ocrx_word' id='word_1_276' title='bbox 1371 2182 1538 2251; x_wconf 88' lang='grc' dir='ltr'>μέγας</span> <span class='ocrx_word' id='word_1_277' title='bbox 1563 2182 1656 2235; x_wconf 76' lang='grc' dir='ltr'>καὶ</span> <span class='ocrx_word' id='word_1_278' title='bbox 1682 2181 1788 2234; x_wconf 80' lang='grc' dir='ltr'><strong>Αὑ-</strong></span> 
     </span>
    </p>
   </div>
   <div class='ocr_carea' id='block_1_38' title="bbox 230 2270 1785 2342">
    <p class='ocr_par' dir='ltr' id='par_1_38' title="bbox 230 2270 1785 2342">
     <span class='ocr_line' id='line_1_38' title="bbox 230 2270 1785 2342; baseline 0.001 -18"><span class='ocrx_word' id='word_1_279' title='bbox 230 2273 508 2339; x_wconf 90' lang='grc' dir='ltr'>γουστῖνος</span> <span class='ocrx_word' id='word_1_280' title='bbox 531 2272 624 2325; x_wconf 71' lang='grc' dir='ltr'>καὶ</span> <span class='ocrx_word' id='word_1_281' title='bbox 658 2270 997 2342; x_wconf 83' lang='grc' dir='ltr'>Ἱερώνυμος,</span> <span class='ocrx_word' id='word_1_282' title='bbox 1042 2271 1134 2325; x_wconf 91' lang='grc' dir='ltr'><strong>καί</strong></span> <span class='ocrx_word' id='word_1_283' title='bbox 1166 2288 1307 2335; x_wconf 89' lang='grc' dir='ltr'>τινες</span> <span class='ocrx_word' id='word_1_284' title='bbox 1346 2271 1556 2336; x_wconf 83' lang='grc' dir='ltr'>τούτοις</span> <span class='ocrx_word' id='word_1_285' title='bbox 1587 2274 1785 2342; x_wconf 89' lang='grc' dir='ltr'>όμοτα-</span> 
     </span>
    </p>
   </div>
   <div class='ocr_carea' id='block_1_39' title="bbox 231 2360 1787 2435">
    <p class='ocr_par' dir='ltr' id='par_1_39' title="bbox 231 2360 1787 2435">
     <span class='ocr_line' id='line_1_39' title="bbox 231 2360 1787 2435; baseline 0.003 -25"><span class='ocrx_word' id='word_1_286' title='bbox 231 2360 349 2426; x_wconf 86' lang='grc' dir='ltr'>γεῖς</span> <span class='ocrx_word' id='word_1_287' title='bbox 377 2374 435 2411; x_wconf 89' lang='grc' dir='ltr'><strong>τε</strong></span> <span class='ocrx_word' id='word_1_288' title='bbox 457 2362 550 2412; x_wconf 70' lang='grc' dir='ltr'>καὶ</span> <span class='ocrx_word' id='word_1_289' title='bbox 575 2361 885 2425; x_wconf 81' lang='grc' dir='ltr'>ἰσοστάσιοι,</span> <span class='ocrx_word' id='word_1_290' title='bbox 913 2360 1054 2431; x_wconf 88' lang='grc' dir='ltr'>μέγα</span> <span class='ocrx_word' id='word_1_291' title='bbox 1082 2360 1250 2430; x_wconf 74' lang='grc' dir='ltr'>ὄνομα</span> <span class='ocrx_word' id='word_1_292' title='bbox 1272 2361 1521 2429; x_wconf 82' lang='grc' dir='ltr'>λαχόντες</span> <span class='ocrx_word' id='word_1_293' title='bbox 1554 2363 1639 2415; x_wconf 82' lang='grc' dir='ltr'><strong>ἐπ’</strong></span> <span class='ocrx_word' id='word_1_294' title='bbox 1663 2363 1787 2435; x_wconf 85' lang='grc' dir='ltr'>ἀρε-</span> 
     </span>
    </p>
   </div>
   <div class='ocr_carea' id='block_1_40' title="bbox 230 2448 1786 2521">
    <p class='ocr_par' dir='ltr' id='par_1_40' title="bbox 230 2448 1786 2521">
     <span class='ocr_line' id='line_1_40' title="bbox 230 2448 1786 2521; baseline 0.004 -21"><span class='ocrx_word' id='word_1_295' title='bbox 230 2451 300 2520; x_wconf 79' lang='grc' dir='ltr'><strong>τῇ</strong></span> <span class='ocrx_word' id='word_1_296' title='bbox 339 2448 433 2501; x_wconf 83' lang='grc' dir='ltr'>καὶ</span> <span class='ocrx_word' id='word_1_297' title='bbox 460 2448 573 2519; x_wconf 86' lang='grc' dir='ltr'>βίου</span> <span class='ocrx_word' id='word_1_298' title='bbox 608 2448 968 2520; x_wconf 82' lang='grc' dir='ltr'>λαμπρότητι,</span> <span class='ocrx_word' id='word_1_299' title='bbox 1000 2450 1057 2503; x_wconf 84' lang='grc' dir='ltr'>τὸ</span> <span class='ocrx_word' id='word_1_300' title='bbox 1083 2448 1304 2521; x_wconf 77' lang='grc' dir='ltr'>Πνεῦμα</span> <span class='ocrx_word' id='word_1_301' title='bbox 1342 2452 1405 2504; x_wconf 80' lang='grc' dir='ltr'><strong>ἐκ</strong></span> <span class='ocrx_word' id='word_1_302' title='bbox 1434 2450 1526 2503; x_wconf 81' lang='grc' dir='ltr'>τοῦ</span> <span class='ocrx_word' id='word_1_303' title='bbox 1563 2450 1690 2504; x_wconf 82' lang='grc' dir='ltr'><strong>Υῑοῦ</strong></span> <span class='ocrx_word' id='word_1_304' title='bbox 1730 2454 1786 2506; x_wconf 90' lang='grc' dir='ltr'><strong>ἐν</strong></span> 
     </span>
    </p>
   </div>
   <div class='ocr_carea' id='block_1_41' title="bbox 235 2538 1787 2613">
    <p class='ocr_par' dir='ltr' id='par_1_41' title="bbox 235 2538 1787 2613">
     <span class='ocr_line' id='line_1_41' title="bbox 235 2538 1787 2613; baseline 0.001 -20"><span class='ocrx_word' id='word_1_305' title='bbox 235 2538 449 2603; x_wconf 80' lang='grc' dir='ltr'>πολλοῖς</span> <span class='ocrx_word' id='word_1_306' title='bbox 474 2539 650 2593; x_wconf 82' lang='grc' dir='ltr'>αὑτῶν</span> <span class='ocrx_word' id='word_1_307' title='bbox 670 2538 847 2608; x_wconf 86' lang='grc' dir='ltr'>λόγοις</span> <span class='ocrx_word' id='word_1_308' title='bbox 877 2540 1171 2606; x_wconf 70' lang='grc' dir='ltr'>συνέταξαν</span> <span class='ocrx_word' id='word_1_309' title='bbox 1204 2540 1617 2613; x_wconf 85' lang='grc' dir='ltr'>ἐκπορεύεσθαι.</span> <span class='ocrx_word' id='word_1_310' title='bbox 1679 2542 1787 2596; x_wconf 72' lang='grc' dir='ltr'><strong>Καὶ</strong></span> 
     </span>
    </p>
   </div>
   <div class='ocr_carea' id='block_1_42' title="bbox 230 2632 1783 2707">
    <p class='ocr_par' dir='ltr' id='par_1_42' title="bbox 230 2632 1783 2707">
     <span class='ocr_line' id='line_1_42' title="bbox 230 2632 1783 2707; baseline 0.001 -19"><span class='ocrx_word' id='word_1_311' title='bbox 230 2633 299 2706; x_wconf 82' lang='grc' dir='ltr'>δὴ</span> <span class='ocrx_word' id='word_1_312' title='bbox 327 2632 534 2697; x_wconf 86' lang='grc' dir='ltr'>τούτοις</span> <span class='ocrx_word' id='word_1_313' title='bbox 556 2632 873 2704; x_wconf 88' lang='grc' dir='ltr'>πειθόμεθα,</span> <span class='ocrx_word' id='word_1_314' title='bbox 900 2632 1043 2688; x_wconf 79' lang='grc' dir='ltr'>οὕτω</span> <span class='ocrx_word' id='word_1_315' title='bbox 1065 2634 1157 2689; x_wconf 73' lang='grc' dir='ltr'>καὶ</span> <span class='ocrx_word' id='word_1_316' title='bbox 1201 2634 1376 2704; x_wconf 90' lang='grc' dir='ltr'>λέγειν</span> <span class='ocrx_word' id='word_1_317' title='bbox 1408 2636 1501 2689; x_wconf 76' lang='grc' dir='ltr'>καὶ</span> <span class='ocrx_word' id='word_1_318' title='bbox 1544 2636 1783 2707; x_wconf 79' lang='grc' dir='ltr'>φρονεῖν·</span> 
     </span>
    </p>
   </div>
   <div class='ocr_carea' id='block_1_43' title="bbox 234 2726 1785 2800">
    <p class='ocr_par' dir='ltr' id='par_1_43' title="bbox 234 2726 1785 2800">
     <span class='ocr_line' id='line_1_43' title="bbox 234 2726 1785 2800; baseline 0.002 -22"><span class='ocrx_word' id='word_1_319' title='bbox 234 2726 330 2779; x_wconf 76' lang='grc' dir='ltr'>καὶ</span> <span class='ocrx_word' id='word_1_320' title='bbox 362 2726 434 2796; x_wconf 81' lang='grc' dir='ltr'>μὴ</span> <span class='ocrx_word' id='word_1_321' title='bbox 459 2726 741 2797; x_wconf 78' lang='grc' dir='ltr'>ἀτιμάζειν</span> <span class='ocrx_word' id='word_1_322' title='bbox 785 2727 1027 2797; x_wconf 87' lang='grc' dir='ltr'>πατέρας</span> <span class='ocrx_word' id='word_1_323' title='bbox 1077 2729 1155 2792; x_wconf 90' lang='grc' dir='ltr'><strong>είς</strong></span> <span class='ocrx_word' id='word_1_324' title='bbox 1185 2727 1466 2800; x_wconf 81' lang='grc' dir='ltr'>αίρετικὴν</span> <span class='ocrx_word' id='word_1_325' title='bbox 1491 2727 1646 2795; x_wconf 79' lang='grc' dir='ltr'>δόξαν</span> <span class='ocrx_word' id='word_1_326' title='bbox 1674 2727 1785 2781; x_wconf 81' lang='grc' dir='ltr'>ϐια-</span> 
     </span>
    </p>
   </div>
   <div class='ocr_carea' id='block_1_44' title="bbox 232 2816 1788 2889">
    <p class='ocr_par' dir='ltr' id='par_1_44' title="bbox 232 2816 1788 2889">
     <span class='ocr_line' id='line_1_44' title="bbox 232 2816 1788 2889; baseline 0.001 -20"><span class='ocrx_word' id='word_1_327' title='bbox 232 2816 540 2879; x_wconf 65' lang='grc' dir='ltr'>ϐάλλοντες.</span> <span class='ocrx_word' id='word_1_328' title='bbox 576 2816 730 2870; x_wconf 86' lang='grc' dir='ltr'>Ἔστι</span> <span class='ocrx_word' id='word_1_329' title='bbox 768 2816 825 2870; x_wconf 89' lang='grc' dir='ltr'><strong>δέ</strong></span> <span class='ocrx_word' id='word_1_330' title='bbox 879 2832 1091 2887; x_wconf 89' lang='grc' dir='ltr'>πρωτον</span> <span class='ocrx_word' id='word_1_331' title='bbox 1140 2818 1235 2889; x_wconf 84' lang='grc' dir='ltr'><strong>μέν</strong></span> <span class='ocrx_word' id='word_1_332' title='bbox 1257 2819 1317 2871; x_wconf 81' lang='grc' dir='ltr'>τὸ</span> <span class='ocrx_word' id='word_1_333' title='bbox 1361 2820 1493 2871; x_wconf 77' lang='grc' dir='ltr'>πᾶσι</span> <span class='ocrx_word' id='word_1_334' title='bbox 1527 2818 1788 2889; x_wconf 81' lang='grc' dir='ltr'>πρόδηλον</span> 
     </span>
    </p>
   </div>
   <div class='ocr_carea' id='block_1_45' title="bbox 234 2906 1790 2979">
    <p class='ocr_par' dir='ltr' id='par_1_45' title="bbox 234 2906 1790 2979">
     <span class='ocr_line' id='line_1_45' title="bbox 234 2906 1790 2979; baseline 0.001 -18"><span class='ocrx_word' id='word_1_335' title='bbox 234 2908 371 2978; x_wconf 80' lang='grc' dir='ltr'>πρὸς</span> <span class='ocrx_word' id='word_1_336' title='bbox 394 2908 587 2971; x_wconf 81' lang='grc' dir='ltr'>αὑτοὺς</span> <span class='ocrx_word' id='word_1_337' title='bbox 613 2908 808 2971; x_wconf 89' lang='grc' dir='ltr'>είπεῖν,</span> <span class='ocrx_word' id='word_1_338' title='bbox 838 2906 914 2971; x_wconf 83' lang='grc' dir='ltr'><strong>ὡς</strong></span> <span class='ocrx_word' id='word_1_339' title='bbox 948 2909 995 2961; x_wconf 86' lang='grc' dir='ltr'><strong>εί</strong></span> <span class='ocrx_word' id='word_1_340' title='bbox 1028 2908 1178 2975; x_wconf 83' lang='grc' dir='ltr'>δέκα,</span> <span class='ocrx_word' id='word_1_341' title='bbox 1226 2909 1258 2979; x_wconf 73' lang='grc' dir='ltr'><strong>ἢ</strong></span> <span class='ocrx_word' id='word_1_342' title='bbox 1308 2909 1400 2963; x_wconf 64' lang='grc' dir='ltr'><strong>καὶ⁵</strong></span> <span class='ocrx_word' id='word_1_343' title='bbox 1430 2909 1601 2962; x_wconf 74' lang='grc' dir='ltr'>εἴκοσι</span> <span class='ocrx_word' id='word_1_344' title='bbox 1647 2909 1790 2973; x_wconf 86' lang='grc' dir='ltr'>τινές</span> 
     </span>
    </p>
   </div>
   <div class='ocr_carea' id='block_1_46' title="bbox 234 2990 1789 3071">
    <p class='ocr_par' dir='ltr' id='par_1_46' title="bbox 234 2990 1789 3071">
     <span class='ocr_line' id='line_1_46' title="bbox 234 2990 1789 3071; baseline 0.001 -22"><span class='ocrx_word' id='word_1_345' title='bbox 234 2996 345 3049; x_wconf 84' lang='grc' dir='ltr'><strong>τῶν</strong></span> <span class='ocrx_word' id='word_1_346' title='bbox 372 2995 630 3065; x_wconf 85' lang='grc' dir='ltr'>Πατέρων</span> <span class='ocrx_word' id='word_1_347' title='bbox 644 2994 846 3065; x_wconf 81' lang='grc' dir='ltr'>ταύτην</span> <span class='ocrx_word' id='word_1_348' title='bbox 870 2990 1020 3050; x_wconf 80' lang='grc' dir='ltr'>εῐπον</span> <span class='ocrx_word' id='word_1_349' title='bbox 1046 2998 1145 3068; x_wconf 79' lang='grc' dir='ltr'>τὴν</span> <span class='ocrx_word' id='word_1_350' title='bbox 1172 2998 1374 3068; x_wconf 79' lang='grc' dir='ltr'>φωνὴν,</span> <span class='ocrx_word' id='word_1_351' title='bbox 1405 2998 1586 3071; x_wconf 91' lang='grc' dir='ltr'>μυρίοι</span> <span class='ocrx_word' id='word_1_352' title='bbox 1608 2998 1664 3052; x_wconf 88' lang='grc' dir='ltr'><strong>δέ</strong></span> <span class='ocrx_word' id='word_1_353' title='bbox 1692 2999 1789 3053; x_wconf 88' lang='grc' dir='ltr'><strong>οὑκ</strong></span> 
     </span>
    </p>
   </div>
   <div class='ocr_carea' id='block_1_47' title="bbox 232 3085 1789 3160">
    <p class='ocr_par' dir='ltr' id='par_1_47' title="bbox 232 3085 1789 3160">
     <span class='ocr_line' id='line_1_47' title="bbox 232 3085 1789 3160; baseline 0.003 -21"><span class='ocrx_word' id='word_1_354' title='bbox 232 3085 583 3153; x_wconf 80' lang='grc' dir='ltr'>ἐφθέγξαντο,</span> <span class='ocrx_word' id='word_1_355' title='bbox 626 3086 769 3151; x_wconf 90' lang='grc' dir='ltr'>τίνες</span> <span class='ocrx_word' id='word_1_356' title='bbox 814 3090 862 3144; x_wconf 89' lang='grc' dir='ltr'><strong>οί</strong></span> <span class='ocrx_word' id='word_1_357' title='bbox 913 3086 1160 3160; x_wconf 83' lang='grc' dir='ltr'>Πατέρας</span> <span class='ocrx_word' id='word_1_358' title='bbox 1215 3088 1619 3158; x_wconf 68' lang='grc' dir='ltr'>ἐξυϐρίζοντεςθ</span> <span class='ocrx_word' id='word_1_359' title='bbox 1649 3089 1697 3143; x_wconf 88' lang='grc' dir='ltr'><strong>οί</strong></span> <span class='ocrx_word' id='word_1_360' title='bbox 1731 3088 1789 3143; x_wconf 82' lang='grc' dir='ltr'>τὸ</span> 
     </span>
    </p>
   </div>
   <div class='ocr_carea' id='block_1_48' title="bbox 233 3178 1854 3281">
    <p class='ocr_par' dir='ltr' id='par_1_48' title="bbox 233 3178 1854 3281">
     <span class='ocr_line' id='line_1_48' title="bbox 233 3178 1854 3281; baseline 0.009 -50"><span class='ocrx_word' id='word_1_361' title='bbox 233 3180 342 3281; x_wconf 57' lang='grc' dir='ltr'><strong>πάν</strong></span> <span class='ocrx_word' id='word_1_362' title='bbox 368 3178 543 3281; x_wconf 66' lang='grc' dir='ltr'>αὑτῶν</span> <span class='ocrx_word' id='word_1_363' title='bbox 575 3179 673 3281; x_wconf 66' lang='grc' dir='ltr'><strong>τῇς</strong></span> <span class='ocrx_word' id='word_1_364' title='bbox 709 3180 999 3281; x_wconf 39' lang='grc' dir='ltr'><strong>είδιιεεϐείας⁹</strong></span> <span class='ocrx_word' id='word_1_365' title='bbox 1015 3182 1071 3234; x_wconf 88' lang='grc' dir='ltr'><strong>ἐν</strong></span> <span class='ocrx_word' id='word_1_366' title='bbox 1101 3180 1301 3249; x_wconf 90' lang='grc' dir='ltr'>όλίγοις</span> <span class='ocrx_word' id='word_1_367' title='bbox 1334 3182 1786 3253; x_wconf 76' lang='grc' dir='ltr'>περιγράφοντεςο</span> <span class='ocrx_word' id='word_1_368' title='bbox 1811 3218 1854 3281; x_wconf 80' lang='lat' dir='ltr'><strong>C</strong></span> 
     </span>
    </p>
   </div>
   <div class='ocr_carea' id='block_1_49' title="bbox 232 3266 1786 3341">
    <p class='ocr_par' dir='ltr' id='par_1_49' title="bbox 232 3266 1786 3341">
     <span class='ocr_line' id='line_1_49' title="bbox 232 3266 1786 3341; baseline 0.001 -21"><span class='ocrx_word' id='word_1_369' title='bbox 232 3268 326 3320; x_wconf 76' lang='grc' dir='ltr'>καὶ</span> <span class='ocrx_word' id='word_1_370' title='bbox 356 3266 576 3331; x_wconf 79' lang='grc' dir='ltr'>τούτους</span> <span class='ocrx_word' id='word_1_371' title='bbox 602 3267 1129 3338; x_wconf 71' lang='grc' dir='ltr'>ἀντιφθεγγομένους</span> <span class='ocrx_word' id='word_1_372' title='bbox 1166 3268 1261 3323; x_wconf 79' lang='grc' dir='ltr'>καὶ</span> <span class='ocrx_word' id='word_1_373' title='bbox 1303 3269 1786 3341; x_wconf 81' lang='grc' dir='ltr'>ἀντιτασσομένους</span> 
     </span>
    </p>
   </div>
   <div class='ocr_carea' id='block_1_50' title="bbox 227 3358 1784 3431">
    <p class='ocr_par' dir='ltr' id='par_1_50' title="bbox 227 3358 1784 3431">
     <span class='ocr_line' id='line_1_50' title="bbox 227 3358 1784 3431; baseline 0.003 -22"><span class='ocrx_word' id='word_1_374' title='bbox 227 3358 630 3428; x_wconf 79' lang='grc' dir='ltr'>οἰκουμενικαῖς</span> <span class='ocrx_word' id='word_1_375' title='bbox 660 3360 916 3423; x_wconf 76' lang='grc' dir='ltr'>συνόδοις,</span> <span class='ocrx_word' id='word_1_376' title='bbox 947 3358 1042 3412; x_wconf 77' lang='grc' dir='ltr'>καὶ</span> <span class='ocrx_word' id='word_1_377' title='bbox 1065 3358 1416 3431; x_wconf 85' lang='grc' dir='ltr'>ἀναριθμήτῳ</span> <span class='ocrx_word' id='word_1_378' title='bbox 1439 3358 1629 3429; x_wconf 84' lang='grc' dir='ltr'>πλήθει</span> <span class='ocrx_word' id='word_1_379' title='bbox 1665 3359 1784 3413; x_wconf 89' lang='grc' dir='ltr'>θεο-</span> 
     </span>
    </p>
   </div>
   <div class='ocr_carea' id='block_1_51' title="bbox 227 3447 1787 3521">
    <p class='ocr_par' dir='ltr' id='par_1_51' title="bbox 227 3447 1787 3521">
     <span class='ocr_line' id='line_1_51' title="bbox 227 3447 1787 3521; baseline 0.001 -20"><span class='ocrx_word' id='word_1_380' title='bbox 227 3447 415 3519; x_wconf 79' lang='grc' dir='ltr'>φόρων</span> <span class='ocrx_word' id='word_1_381' title='bbox 441 3447 647 3520; x_wconf 85' lang='grc' dir='ltr'>ἀνδρῶν</span> <span class='ocrx_word' id='word_1_382' title='bbox 678 3447 1128 3521; x_wconf 83' lang='grc' dir='ltr'>προϐαλλόμενοι,</span> <span class='ocrx_word' id='word_1_383' title='bbox 1155 3447 1188 3519; x_wconf 70' lang='grc' dir='ltr'>ἢ</span> <span class='ocrx_word' id='word_1_384' title='bbox 1236 3451 1284 3503; x_wconf 86' lang='grc' dir='ltr'><strong>οί</strong></span> <span class='ocrx_word' id='word_1_385' title='bbox 1317 3448 1442 3512; x_wconf 78' lang='grc' dir='ltr'>τοὺς</span> <span class='ocrx_word' id='word_1_386' title='bbox 1476 3448 1787 3504; x_wconf 85' lang='grc' dir='ltr'>πολλαπλα-</span> 
     </span>
    </p>
   </div>
   <div class='ocr_carea' id='block_1_52' title="bbox 231 3538 1787 3612">
    <p class='ocr_par' dir='ltr' id='par_1_52' title="bbox 231 3538 1787 3612">
     <span class='ocr_line' id='line_1_52' title="bbox 231 3538 1787 3612; baseline 0.001 -21"><span class='ocrx_word' id='word_1_387' title='bbox 231 3540 381 3602; x_wconf 85' lang='grc' dir='ltr'>σίους</span> <span class='ocrx_word' id='word_1_388' title='bbox 427 3539 753 3611; x_wconf 86' lang='grc' dir='ltr'>συνηγόρους</span> <span class='ocrx_word' id='word_1_389' title='bbox 802 3538 1340 3612; x_wconf 88' lang='grc' dir='ltr'>παραλαμϐάνοντες.</span> <span class='ocrx_word' id='word_1_390' title='bbox 1410 3538 1651 3611; x_wconf 75' lang='grc' dir='ltr'>’Υϐρίζει</span> <span class='ocrx_word' id='word_1_391' title='bbox 1701 3556 1787 3603; x_wconf 88' lang='grc' dir='ltr'><strong>τις</strong></span> 
     </span>
    </p>
   </div>
   <div class='ocr_carea' id='block_1_53' title="bbox 230 3629 1783 3702">
    <p class='ocr_par' dir='ltr' id='par_1_53' title="bbox 230 3629 1783 3702">
     <span class='ocr_line' id='line_1_53' title="bbox 230 3629 1783 3702; baseline 0 -19"><span class='ocrx_word' id='word_1_392' title='bbox 230 3629 501 3700; x_wconf 79' lang='grc' dir='ltr'>Πατέρας,</span> <span class='ocrx_word' id='word_1_393' title='bbox 527 3630 602 3693; x_wconf 81' lang='grc' dir='ltr'>ὡς</span> <span class='ocrx_word' id='word_1_394' title='bbox 636 3630 762 3701; x_wconf 77' lang='grc' dir='ltr'>φὴς,</span> <span class='ocrx_word' id='word_1_395' title='bbox 796 3632 869 3702; x_wconf 76' lang='grc' dir='ltr'>μὴ</span> <span class='ocrx_word' id='word_1_396' title='bbox 903 3633 1074 3699; x_wconf 85' lang='grc' dir='ltr'>λέγων</span> <span class='ocrx_word' id='word_1_397' title='bbox 1096 3632 1157 3685; x_wconf 85' lang='grc' dir='ltr'><strong>τδ</strong></span> <span class='ocrx_word' id='word_1_398' title='bbox 1185 3630 1406 3701; x_wconf 82' lang='grc' dir='ltr'>Πνεῦμα</span> <span class='ocrx_word' id='word_1_399' title='bbox 1439 3632 1501 3683; x_wconf 87' lang='grc' dir='ltr'><strong>ἐκ</strong></span> <span class='ocrx_word' id='word_1_400' title='bbox 1530 3630 1622 3685; x_wconf 83' lang='grc' dir='ltr'>τοῦ</span> <span class='ocrx_word' id='word_1_401' title='bbox 1655 3630 1783 3684; x_wconf 82' lang='grc' dir='ltr'>Υίοῦ</span> 
     </span>
    </p>
   </div>
   <div class='ocr_carea' id='block_1_54' title="bbox 228 3720 1779 3795">
    <p class='ocr_par' dir='ltr' id='par_1_54' title="bbox 228 3720 1779 3795">
     <span class='ocr_line' id='line_1_54' title="bbox 228 3720 1779 3795; baseline 0.001 -21"><span class='ocrx_word' id='word_1_402' title='bbox 228 3720 619 3793; x_wconf 86' lang='grc' dir='ltr'>ἐκπορεύεσθαι</span> <span class='ocrx_word' id='word_1_403' title='bbox 646 3737 660 3753; x_wconf 88' lang='grc'><strong>·</strong></span> <span class='ocrx_word' id='word_1_404' title='bbox 688 3722 780 3776; x_wconf 76' lang='grc' dir='ltr'>καὶ</span> <span class='ocrx_word' id='word_1_405' title='bbox 810 3724 917 3795; x_wconf 77' lang='grc' dir='ltr'>γὰρ</span> <span class='ocrx_word' id='word_1_406' title='bbox 950 3722 1123 3786; x_wconf 82' lang='grc' dir='ltr'>οὑτως</span> <span class='ocrx_word' id='word_1_407' title='bbox 1177 3724 1373 3776; x_wconf 86' lang='grc' dir='ltr'>ἐκεῖνοι</span> <span class='ocrx_word' id='word_1_408' title='bbox 1423 3721 1779 3792; x_wconf 79' lang='grc' dir='ltr'>ἐφθέγξαντο·</span> 
     </span>
    </p>
   </div>
   <div class='ocr_carea' id='block_1_55' title="bbox 230 3813 1777 3888">
    <p class='ocr_par' dir='ltr' id='par_1_55' title="bbox 230 3813 1777 3888">
     <span class='ocr_line' id='line_1_55' title="bbox 230 3813 1777 3888; baseline 0.001 -21"><span class='ocrx_word' id='word_1_409' title='bbox 230 3819 325 3868; x_wconf 78' lang='grc' dir='ltr'>καὶ</span> <span class='ocrx_word' id='word_1_410' title='bbox 358 3814 474 3878; x_wconf 84' lang='grc' dir='ltr'>πῶς</span> <span class='ocrx_word' id='word_1_411' title='bbox 494 3814 592 3885; x_wconf 88' lang='grc' dir='ltr'><strong>οὑχ</strong></span> <span class='ocrx_word' id='word_1_412' title='bbox 628 3813 835 3888; x_wconf 79' lang='grc' dir='ltr'>ὑϐρίζει</span> <span class='ocrx_word' id='word_1_413' title='bbox 870 3813 1297 3879; x_wconf 79' lang='grc' dir='ltr'>πολλαπλασίους</span> <span class='ocrx_word' id='word_1_414' title='bbox 1330 3815 1357 3868; x_wconf 89' lang='grc' dir='ltr'><strong>ό</strong></span> <span class='ocrx_word' id='word_1_415' title='bbox 1386 3814 1542 3868; x_wconf 79' lang='grc' dir='ltr'>τοῦτο</span> <span class='ocrx_word' id='word_1_416' title='bbox 1584 3813 1777 3883; x_wconf 89' lang='grc' dir='ltr'>λέγων;</span> 
     </span>
    </p>
   </div>
   <div class='ocr_carea' id='block_1_56' title="bbox 227 3904 1785 3977">
    <p class='ocr_par' dir='ltr' id='par_1_56' title="bbox 227 3904 1785 3977">
     <span class='ocr_line' id='line_1_56' title="bbox 227 3904 1785 3977; baseline 0 -18"><span class='ocrx_word' id='word_1_417' title='bbox 227 3907 304 3959; x_wconf 79' lang='grc' dir='ltr'><strong>υὺ</strong></span> <span class='ocrx_word' id='word_1_418' title='bbox 329 3906 436 3974; x_wconf 82' lang='grc' dir='ltr'><strong>γάρ</strong></span> <span class='ocrx_word' id='word_1_419' title='bbox 463 3905 726 3975; x_wconf 81' lang='grc' dir='ltr'>οὐμενοῦν</span> <span class='ocrx_word' id='word_1_420' title='bbox 745 3906 978 3977; x_wconf 81' lang='grc' dir='ltr'>οὐδαμοῦ</span> <span class='ocrx_word' id='word_1_421' title='bbox 1012 3905 1168 3961; x_wconf 85' lang='grc' dir='ltr'>τοῦτο</span> <span class='ocrx_word' id='word_1_422' title='bbox 1210 3904 1538 3977; x_wconf 80' lang='grc' dir='ltr'>φθέγξασθαι</span> <span class='ocrx_word' id='word_1_423' title='bbox 1571 3906 1785 3960; x_wconf 85' lang='grc' dir='ltr'>κατεδέ-</span> 
     </span>
    </p>
   </div>
   <div class='ocr_carea' id='block_1_57' title="bbox 227 3997 1782 4070">
    <p class='ocr_par' dir='ltr' id='par_1_57' title="bbox 227 3997 1782 4070">
     <span class='ocr_line' id='line_1_57' title="bbox 227 3997 1782 4070; baseline -0.002 -19"><span class='ocrx_word' id='word_1_424' title='bbox 227 3999 349 4065; x_wconf 70' lang='grc' dir='ltr'>ξανο</span> <span class='ocrx_word' id='word_1_425' title='bbox 392 4040 407 4056; x_wconf 91' lang='grc'><strong>.</strong></span> <span class='ocrx_word' id='word_1_426' title='bbox 466 3997 823 4069; x_wconf 74' lang='grc' dir='ltr'>Λλλ⁹ὑϐρίζει</span> <span class='ocrx_word' id='word_1_427' title='bbox 882 3998 1125 4068; x_wconf 88' lang='grc' dir='ltr'>Πατέρας</span> <span class='ocrx_word' id='word_1_428' title='bbox 1156 4001 1184 4053; x_wconf 91' lang='grc' dir='ltr'><strong>ό</strong></span> <span class='ocrx_word' id='word_1_429' title='bbox 1236 3999 1387 4070; x_wconf 90' lang='grc' dir='ltr'><strong>παρά</strong></span> <span class='ocrx_word' id='word_1_430' title='bbox 1417 3997 1513 4069; x_wconf 81' lang='grc' dir='ltr'>τὴν</span> <span class='ocrx_word' id='word_1_431' title='bbox 1565 3998 1782 4051; x_wconf 84' lang='grc' dir='ltr'>ἐκείνων</span> 
     </span>
    </p>
   </div>
   <div class='ocr_carea' id='block_1_58' title="bbox 230 4088 1781 4159">
    <p class='ocr_par' dir='ltr' id='par_1_58' title="bbox 230 4088 1781 4159">
     <span class='ocr_line' id='line_1_58' title="bbox 230 4088 1781 4159; baseline -0.002 -16"><span class='ocrx_word' id='word_1_432' title='bbox 230 4106 412 4159; x_wconf 81' lang='grc' dir='ltr'>φωνην</span> <span class='ocrx_word' id='word_1_433' title='bbox 437 4089 645 4157; x_wconf 79' lang='grc' dir='ltr'>λέγωνς</span> <span class='ocrx_word' id='word_1_434' title='bbox 681 4089 795 4153; x_wconf 85' lang='grc' dir='ltr'><strong>πῶς</strong></span> <span class='ocrx_word' id='word_1_435' title='bbox 831 4089 928 4159; x_wconf 86' lang='grc' dir='ltr'>οὑχ</span> <span class='ocrx_word' id='word_1_436' title='bbox 958 4088 1164 4158; x_wconf 80' lang='grc' dir='ltr'>ὑϐρίζει</span> <span class='ocrx_word' id='word_1_437' title='bbox 1191 4089 1279 4142; x_wconf 85' lang='grc' dir='ltr'>τὸν</span> <span class='ocrx_word' id='word_1_438' title='bbox 1309 4090 1482 4142; x_wconf 65' lang='grc' dir='ltr'>κοινὸν</span> <span class='ocrx_word' id='word_1_439' title='bbox 1509 4088 1781 4157; x_wconf 88' lang='grc' dir='ltr'>Δεσπότην</span> 
     </span>
    </p>
   </div>
   <div class='ocr_carea' id='block_1_59' title="bbox 225 4178 1780 4252">
    <p class='ocr_par' dir='ltr' id='par_1_59' title="bbox 225 4178 1780 4252">
     <span class='ocr_line' id='line_1_59' title="bbox 225 4178 1780 4252; baseline -0.001 -19"><span class='ocrx_word' id='word_1_440' title='bbox 225 4183 258 4233; x_wconf 85' lang='grc' dir='ltr'>ὁ</span> <span class='ocrx_word' id='word_1_441' title='bbox 287 4181 382 4252; x_wconf 76' lang='grc' dir='ltr'>τὴν</span> <span class='ocrx_word' id='word_1_442' title='bbox 414 4182 620 4234; x_wconf 89' lang='grc' dir='ltr'>ἐκείνου</span> <span class='ocrx_word' id='word_1_443' title='bbox 648 4179 1083 4251; x_wconf 84' lang='grc' dir='ltr'>παραχαράττων</span> <span class='ocrx_word' id='word_1_444' title='bbox 1111 4179 1312 4250; x_wconf 80' lang='grc' dir='ltr'>φωνὴν,</span> <span class='ocrx_word' id='word_1_445' title='bbox 1344 4180 1436 4232; x_wconf 73' lang='grc' dir='ltr'>καὶ</span> <span class='ocrx_word' id='word_1_446' title='bbox 1470 4178 1780 4232; x_wconf 86' lang='grc' dir='ltr'>διδάσκαλον</span> 
     </span>
    </p>
   </div>
   <div class='ocr_carea' id='block_1_60' title="bbox 224 4268 1776 4340">
    <p class='ocr_par' dir='ltr' id='par_1_60' title="bbox 224 4268 1776 4340">
     <span class='ocr_line' id='line_1_60' title="bbox 224 4268 1776 4340; baseline -0.004 -12"><span class='ocrx_word' id='word_1_447' title='bbox 224 4275 342 4328; x_wconf 78' lang='grc' dir='ltr'>ἀντ’</span> <span class='ocrx_word' id='word_1_448' title='bbox 394 4274 601 4328; x_wconf 81' lang='grc' dir='ltr'>ἐκείνου</span> <span class='ocrx_word' id='word_1_449' title='bbox 654 4273 812 4327; x_wconf 79' lang='grc' dir='ltr'>ἀλλον</span> <span class='ocrx_word' id='word_1_450' title='bbox 856 4270 955 4340; x_wconf 80' lang='grc' dir='ltr'>τῆς</span> <span class='ocrx_word' id='word_1_451' title='bbox 992 4270 1269 4339; x_wconf 82' lang='grc' dir='ltr'>θεολογίας</span> <span class='ocrx_word' id='word_1_452' title='bbox 1325 4268 1776 4339; x_wconf 81' lang='grc' dir='ltr'>προϐαλλόμενος.</span> 
     </span>
    </p>
   </div>
   <div class='ocr_carea' id='block_1_61' title="bbox 240 4363 1780 4436">
    <p class='ocr_par' dir='ltr' id='par_1_61' title="bbox 240 4363 1780 4436">
     <span class='ocr_line' id='line_1_61' title="bbox 240 4363 1780 4436; baseline -0.002 -16"><span class='ocrx_word' id='word_1_453' title='bbox 240 4368 398 4421; x_wconf 81' lang='grc' dir='ltr'>Ἀλλά</span> <span class='ocrx_word' id='word_1_454' title='bbox 421 4368 503 4430; x_wconf 83' lang='grc' dir='ltr'><strong>τίς</strong></span> <span class='ocrx_word' id='word_1_455' title='bbox 526 4366 672 4434; x_wconf 90' lang='grc' dir='ltr'>λέγει</span> <span class='ocrx_word' id='word_1_456' title='bbox 695 4366 872 4429; x_wconf 85' lang='grc' dir='ltr'>τοῦτο,</span> <span class='ocrx_word' id='word_1_457' title='bbox 899 4364 994 4427; x_wconf 89' lang='grc' dir='ltr'>Τίς</span> <span class='ocrx_word' id='word_1_458' title='bbox 1021 4363 1170 4417; x_wconf 74' lang='grc' dir='ltr'>ἐστιν</span> <span class='ocrx_word' id='word_1_459' title='bbox 1193 4365 1221 4417; x_wconf 94' lang='grc' dir='ltr'><strong>ό</strong></span> <span class='ocrx_word' id='word_1_460' title='bbox 1243 4364 1498 4436; x_wconf 80' lang='grc' dir='ltr'>ὑϐριστὴς</span> <span class='ocrx_word' id='word_1_461' title='bbox 1524 4364 1631 4418; x_wconf 83' lang='grc' dir='ltr'><strong>τῶν</strong></span> <span class='ocrx_word' id='word_1_462' title='bbox 1653 4364 1780 4435; x_wconf 73' lang='grc' dir='ltr'>περὶ</span> 
     </span>
    </p>
   </div>
   <div class='ocr_carea' id='block_1_62' title="bbox 226 4457 1777 4531">
    <p class='ocr_par' dir='ltr' id='par_1_62' title="bbox 226 4457 1777 4531">
     <span class='ocr_line' id='line_1_62' title="bbox 226 4457 1777 4531; baseline -0.003 -17"><span class='ocrx_word' id='word_1_463' title='bbox 226 4462 583 4528; x_wconf 82' lang='grc' dir='ltr'>Δὺγουστῖνον</span> <span class='ocrx_word' id='word_1_464' title='bbox 612 4462 706 4514; x_wconf 79' lang='grc' dir='ltr'><strong>τὸν</strong></span> <span class='ocrx_word' id='word_1_465' title='bbox 734 4461 878 4531; x_wconf 71' lang='grc' dir='ltr'>ἱερὸν</span> <span class='ocrx_word' id='word_1_466' title='bbox 909 4462 1001 4514; x_wconf 77' lang='grc' dir='ltr'>καὶ</span> <span class='ocrx_word' id='word_1_467' title='bbox 1045 4458 1362 4530; x_wconf 82' lang='grc' dir='ltr'>Ἱερώνυμον</span> <span class='ocrx_word' id='word_1_468' title='bbox 1396 4459 1487 4512; x_wconf 77' lang='grc' dir='ltr'>καὶ</span> <span class='ocrx_word' id='word_1_469' title='bbox 1531 4457 1777 4529; x_wconf 72' lang='grc' dir='ltr'>Ἀμϐρώ-</span> 
     </span>
    </p>
   </div>
   <div class='ocr_carea' id='block_1_63' title="bbox 1957 2181 3427 2255">
    <p class='ocr_par' dir='ltr' id='par_1_63' title="bbox 1957 2181 3427 2255">
     <span class='ocr_line' id='line_1_63' title="bbox 1957 2181 3427 2255; baseline -0.005 -13"><span class='ocrx_word' id='word_1_470' title='bbox 1957 2186 2095 2243; x_wconf 75' lang='lat' dir='ltr'><strong>XVI.</strong></span> <span class='ocrx_word' id='word_1_471' title='bbox 2132 2186 2279 2251; x_wconf 87' lang='lat' dir='ltr'><strong>Esto,</strong></span> <span class='ocrx_word' id='word_1_472' title='bbox 2317 2184 2595 2255; x_wconf 87' lang='lat' dir='ltr'><strong>inquiunt;</strong></span> <span class='ocrx_word' id='word_1_473' title='bbox 2646 2184 2791 2254; x_wconf 86' lang='lat' dir='ltr'><strong>atqui</strong></span> <span class='ocrx_word' id='word_1_474' title='bbox 2832 2197 3056 2254; x_wconf 87' lang='lat' dir='ltr'><strong>magnus</strong></span> <span class='ocrx_word' id='word_1_475' title='bbox 3107 2181 3427 2235; x_wconf 78' lang='lat' dir='ltr'><strong>Ambrosius</strong></span> 
     </span>
    </p>
   </div>
   <div class='ocr_carea' id='block_1_64' title="bbox 1886 2272 3432 2349">
    <p class='ocr_par' dir='ltr' id='par_1_64' title="bbox 1886 2272 3432 2349">
     <span class='ocr_line' id='line_1_64' title="bbox 1886 2272 3432 2349; baseline -0.007 -14"><span class='ocrx_word' id='word_1_476' title='bbox 1886 2288 1941 2335; x_wconf 86' lang='lat' dir='ltr'><strong>et</strong></span> <span class='ocrx_word' id='word_1_477' title='bbox 1968 2277 2302 2349; x_wconf 80' lang='lat' dir='ltr'><strong>Augustinus</strong></span> <span class='ocrx_word' id='word_1_478' title='bbox 2321 2287 2373 2331; x_wconf 93' lang='lat' dir='ltr'><strong>et</strong></span> <span class='ocrx_word' id='word_1_479' title='bbox 2405 2275 2781 2344; x_wconf 85' lang='lat' dir='ltr'><strong>Hieronymus,</strong></span> <span class='ocrx_word' id='word_1_480' title='bbox 2806 2274 3001 2342; x_wconf 86' lang='lat' dir='ltr'><strong>aliique</strong></span> <span class='ocrx_word' id='word_1_481' title='bbox 3020 2272 3262 2325; x_wconf 88' lang='lat' dir='ltr'><strong>nonnulli</strong></span> <span class='ocrx_word' id='word_1_482' title='bbox 3291 2272 3432 2340; x_wconf 86' lang='lat' dir='ltr'><strong>paris</strong></span> 
     </span>
    </p>
   </div>
   <div class='ocr_carea' id='block_1_65' title="bbox 1887 2364 3432 2440">
    <p class='ocr_par' dir='ltr' id='par_1_65' title="bbox 1887 2364 3432 2440">
     <span class='ocr_line' id='line_1_65' title="bbox 1887 2364 3432 2440; baseline -0.006 -14"><span class='ocrx_word' id='word_1_483' title='bbox 1887 2371 2065 2426; x_wconf 78' lang='lat' dir='ltr'><strong>meriti</strong></span> <span class='ocrx_word' id='word_1_484' title='bbox 2092 2380 2255 2440; x_wconf 90' lang='lat' dir='ltr'><strong>atque</strong></span> <span class='ocrx_word' id='word_1_485' title='bbox 2281 2368 2508 2431; x_wconf 85' lang='lat' dir='ltr'><strong>ordinis,</strong></span> <span class='ocrx_word' id='word_1_486' title='bbox 2543 2368 2759 2422; x_wconf 88' lang='lat' dir='ltr'><strong>virtutis</strong></span> <span class='ocrx_word' id='word_1_487' title='bbox 2784 2367 2903 2421; x_wconf 85' lang='lat' dir='ltr'><strong>luce</strong></span> <span class='ocrx_word' id='word_1_488' title='bbox 2947 2381 3009 2420; x_wconf 91' lang='lat' dir='ltr'><strong>ac</strong></span> <span class='ocrx_word' id='word_1_489' title='bbox 3042 2366 3161 2418; x_wconf 73' lang='lat' dir='ltr'><strong>vitae</strong></span> <span class='ocrx_word' id='word_1_490' title='bbox 3191 2364 3432 2418; x_wconf 90' lang='lat' dir='ltr'><strong>claritate</strong></span> 
     </span>
    </p>
   </div>
   <div class='ocr_carea' id='block_1_66' title="bbox 1886 2456 3429 2533">
    <p class='ocr_par' dir='ltr' id='par_1_66' title="bbox 1886 2456 3429 2533">
     <span class='ocr_line' id='line_1_66' title="bbox 1886 2456 3429 2533; baseline -0.006 -16"><span class='ocrx_word' id='word_1_491' title='bbox 1886 2463 2045 2533; x_wconf 90' lang='lat' dir='ltr'><strong>longe</strong></span> <span class='ocrx_word' id='word_1_492' title='bbox 2064 2461 2418 2531; x_wconf 87' lang='lat' dir='ltr'><strong>conspicuum</strong></span> <span class='ocrx_word' id='word_1_493' title='bbox 2448 2474 2647 2514; x_wconf 84' lang='lat' dir='ltr'><strong>nomen</strong></span> <span class='ocrx_word' id='word_1_494' title='bbox 2670 2460 2969 2519; x_wconf 89' lang='lat' dir='ltr'><strong>consecuti,</strong></span> <span class='ocrx_word' id='word_1_495' title='bbox 2999 2456 3181 2511; x_wconf 89' lang='lat' dir='ltr'><strong>multis</strong></span> <span class='ocrx_word' id='word_1_496' title='bbox 3213 2471 3429 2511; x_wconf 83' lang='lat' dir='ltr'><strong>suarum</strong></span> 
     </span>
    </p>
   </div>
   <div class='ocr_carea' id='block_1_67' title="bbox 1888 2546 3432 2619">
    <p class='ocr_par' dir='ltr' id='par_1_67' title="bbox 1888 2546 3432 2619">
     <span class='ocr_line' id='line_1_67' title="bbox 1888 2546 3432 2619; baseline -0.005 -12"><span class='ocrx_word' id='word_1_497' title='bbox 1888 2551 2317 2607; x_wconf 89' lang='lat' dir='ltr'><strong>lucubrationum</strong></span> <span class='ocrx_word' id='word_1_498' title='bbox 2354 2550 2503 2616; x_wconf 89' lang='lat' dir='ltr'><strong>locis,</strong></span> <span class='ocrx_word' id='word_1_499' title='bbox 2540 2548 2802 2619; x_wconf 90' lang='lat' dir='ltr'><strong>Spiritum</strong></span> <span class='ocrx_word' id='word_1_500' title='bbox 2846 2564 2909 2603; x_wconf 81' lang='lat' dir='ltr'><strong>ex</strong></span> <span class='ocrx_word' id='word_1_501' title='bbox 2955 2548 3089 2602; x_wconf 86' lang='lat' dir='ltr'><strong>Filio</strong></span> <span class='ocrx_word' id='word_1_502' title='bbox 3140 2546 3432 2616; x_wconf 89' lang='lat' dir='ltr'><strong>procedere</strong></span> 
     </span>
    </p>
   </div>
   <div class='ocr_carea' id='block_1_68' title="bbox 1888 2637 3429 2713">
    <p class='ocr_par' dir='ltr' id='par_1_68' title="bbox 1888 2637 3429 2713">
     <span class='ocr_line' id='line_1_68' title="bbox 1888 2637 3429 2713; baseline -0.003 -15"><span class='ocrx_word' id='word_1_503' title='bbox 1888 2643 2234 2713; x_wconf 88' lang='lat' dir='ltr'><strong>scripserunt.</strong></span> <span class='ocrx_word' id='word_1_504' title='bbox 2290 2643 2367 2697; x_wconf 83' lang='lat' dir='ltr'><strong>Ac</strong></span> <span class='ocrx_word' id='word_1_505' title='bbox 2407 2657 2537 2697; x_wconf 87' lang='lat' dir='ltr'><strong>sane</strong></span> <span class='ocrx_word' id='word_1_506' title='bbox 2572 2655 2777 2695; x_wconf 91' lang='lat' dir='ltr'><strong>morem</strong></span> <span class='ocrx_word' id='word_1_507' title='bbox 2825 2640 3082 2711; x_wconf 81' lang='lat' dir='ltr'><strong>gerimus,</strong></span> <span class='ocrx_word' id='word_1_508' title='bbox 3136 2646 3195 2693; x_wconf 93' lang='lat' dir='ltr'><strong>ut</strong></span> <span class='ocrx_word' id='word_1_509' title='bbox 3242 2639 3319 2693; x_wconf 90' lang='lat' dir='ltr'><strong>sic</strong></span> <span class='ocrx_word' id='word_1_510' title='bbox 3354 2637 3429 2693; x_wconf 86' lang='lat' dir='ltr'><strong>illi</strong></span> 
     </span>
    </p>
   </div>
   <div class='ocr_carea' id='block_1_69' title="bbox 1890 2729 3433 2796">
    <p class='ocr_par' dir='ltr' id='par_1_69' title="bbox 1890 2729 3433 2796">
     <span class='ocr_line' id='line_1_69' title="bbox 1890 2729 3433 2796; baseline -0.003 -8"><span class='ocrx_word' id='word_1_511' title='bbox 1890 2741 1943 2788; x_wconf 87' lang='lat' dir='ltr'><strong>et</strong></span> <span class='ocrx_word' id='word_1_512' title='bbox 1969 2733 2149 2788; x_wconf 89' lang='lat' dir='ltr'><strong>dicant</strong></span> <span class='ocrx_word' id='word_1_513' title='bbox 2184 2741 2237 2787; x_wconf 89' lang='lat' dir='ltr'><strong>et</strong></span> <span class='ocrx_word' id='word_1_514' title='bbox 2286 2732 2560 2796; x_wconf 86' lang='lat' dir='ltr'><strong>sentiant;</strong></span> <span class='ocrx_word' id='word_1_515' title='bbox 2615 2746 2715 2787; x_wconf 91' lang='lat' dir='ltr'><strong>nec</strong></span> <span class='ocrx_word' id='word_1_516' title='bbox 2760 2740 2937 2785; x_wconf 90' lang='lat' dir='ltr'><strong>tamen</strong></span> <span class='ocrx_word' id='word_1_517' title='bbox 2990 2730 3253 2785; x_wconf 64' lang='lat' dir='ltr'><strong>haeretica:</strong></span> <span class='ocrx_word' id='word_1_518' title='bbox 3298 2729 3433 2784; x_wconf 87' lang='lat' dir='ltr'><strong>labis</strong></span> 
     </span>
    </p>
   </div>
   <div class='ocr_carea' id='block_1_70' title="bbox 1889 2822 3429 2893">
    <p class='ocr_par' dir='ltr' id='par_1_70' title="bbox 1889 2822 3429 2893">
     <span class='ocr_line' id='line_1_70' title="bbox 1889 2822 3429 2893; baseline -0.003 -14"><span class='ocrx_word' id='word_1_519' title='bbox 1889 2824 2213 2880; x_wconf 85' lang='lat' dir='ltr'><strong>calumniam</strong></span> <span class='ocrx_word' id='word_1_520' title='bbox 2237 2838 2539 2893; x_wconf 80' lang='lat' dir='ltr'><strong>noxamque</strong></span> <span class='ocrx_word' id='word_1_521' title='bbox 2569 2822 2815 2877; x_wconf 89' lang='lat' dir='ltr'><strong>Patribus</strong></span> <span class='ocrx_word' id='word_1_522' title='bbox 2850 2823 3164 2877; x_wconf 79' lang='lat' dir='ltr'><strong>inferamus.</strong></span> <span class='ocrx_word' id='word_1_523' title='bbox 3193 2822 3268 2876; x_wconf 79' lang='lat' dir='ltr'><strong>Ac</strong></span> <span class='ocrx_word' id='word_1_524' title='bbox 3316 2822 3429 2891; x_wconf 91' lang='lat' dir='ltr'><strong>pri-</strong></span> 
     </span>
    </p>
   </div>
   <div class='ocr_carea' id='block_1_71' title="bbox 1892 2914 3432 2985">
    <p class='ocr_par' dir='ltr' id='par_1_71' title="bbox 1892 2914 3432 2985">
     <span class='ocr_line' id='line_1_71' title="bbox 1892 2914 3432 2985; baseline -0.002 -15"><span class='ocrx_word' id='word_1_525' title='bbox 1892 2930 2059 2981; x_wconf 89' lang='lat' dir='ltr'><strong>mum,</strong></span> <span class='ocrx_word' id='word_1_526' title='bbox 2093 2916 2234 2985; x_wconf 91' lang='lat' dir='ltr'><strong>quod</strong></span> <span class='ocrx_word' id='word_1_527' title='bbox 2284 2916 2494 2970; x_wconf 89' lang='lat' dir='ltr'><strong>cunctis</strong></span> <span class='ocrx_word' id='word_1_528' title='bbox 2553 2915 2897 2969; x_wconf 81' lang='lat' dir='ltr'><strong>manifestum</strong></span> <span class='ocrx_word' id='word_1_529' title='bbox 2959 2922 3060 2979; x_wconf 83' lang='lat' dir='ltr'><strong>est,</strong></span> <span class='ocrx_word' id='word_1_530' title='bbox 3109 2914 3432 2983; x_wconf 86' lang='lat' dir='ltr'><strong>respondere</strong></span> 
     </span>
    </p>
   </div>
   <div class='ocr_carea' id='block_1_72' title="bbox 1889 3002 3429 3076">
    <p class='ocr_par' dir='ltr' id='par_1_72' title="bbox 1889 3002 3429 3076">
     <span class='ocr_line' id='line_1_72' title="bbox 1889 3002 3429 3076; baseline -0.003 -15"><span class='ocrx_word' id='word_1_531' title='bbox 1889 3005 1956 3060; x_wconf 89' lang='lat' dir='ltr'><strong>ad</strong></span> <span class='ocrx_word' id='word_1_532' title='bbox 1988 3021 2083 3061; x_wconf 88' lang='lat' dir='ltr'><strong>eos</strong></span> <span class='ocrx_word' id='word_1_533' title='bbox 2115 3006 2240 3061; x_wconf 88' lang='lat' dir='ltr'><strong>licet</strong></span> <span class='ocrx_word' id='word_1_534' title='bbox 2277 3022 2291 3059; x_wconf 90' lang='lat'><strong>:</strong></span> <span class='ocrx_word' id='word_1_535' title='bbox 2323 3004 2379 3059; x_wconf 90' lang='lat' dir='ltr'><strong>Si</strong></span> <span class='ocrx_word' id='word_1_536' title='bbox 2422 3005 2629 3069; x_wconf 87' lang='lat' dir='ltr'><strong>decem,</strong></span> <span class='ocrx_word' id='word_1_537' title='bbox 2662 3020 2755 3060; x_wconf 90' lang='lat' dir='ltr'><strong>seu</strong></span> <span class='ocrx_word' id='word_1_538' title='bbox 2784 3005 2944 3060; x_wconf 87' lang='lat' dir='ltr'><strong>etiam</strong></span> <span class='ocrx_word' id='word_1_539' title='bbox 2983 3005 3163 3076; x_wconf 91' lang='lat' dir='ltr'><strong>viginti</strong></span> <span class='ocrx_word' id='word_1_540' title='bbox 3201 3019 3231 3059; x_wconf 90' lang='lat' dir='ltr'><strong>e</strong></span> <span class='ocrx_word' id='word_1_541' title='bbox 3264 3002 3429 3058; x_wconf 84' lang='lat' dir='ltr'><strong>Patri-</strong></span> 
     </span>
    </p>
   </div>
   <div class='ocr_carea' id='block_1_73' title="bbox 1890 3096 3431 3161">
    <p class='ocr_par' dir='ltr' id='par_1_73' title="bbox 1890 3096 3431 3161">
     <span class='ocr_line' id='line_1_73' title="bbox 1890 3096 3431 3161; baseline -0.002 -9"><span class='ocrx_word' id='word_1_542' title='bbox 1890 3097 1994 3152; x_wconf 89' lang='lat' dir='ltr'><strong>bus</strong></span> <span class='ocrx_word' id='word_1_543' title='bbox 2030 3097 2169 3153; x_wconf 89' lang='lat' dir='ltr'><strong>hanc</strong></span> <span class='ocrx_word' id='word_1_544' title='bbox 2210 3111 2396 3151; x_wconf 92' lang='lat' dir='ltr'><strong>vocem</strong></span> <span class='ocrx_word' id='word_1_545' title='bbox 2425 3096 2697 3161; x_wconf 79' lang='lat' dir='ltr'><strong>dixerunt,</strong></span> <span class='ocrx_word' id='word_1_546' title='bbox 2731 3097 2973 3151; x_wconf 77' lang='lat' dir='ltr'><strong>sexcenti</strong></span> <span class='ocrx_word' id='word_1_547' title='bbox 3007 3111 3133 3151; x_wconf 91' lang='lat' dir='ltr'><strong>vero</strong></span> <span class='ocrx_word' id='word_1_548' title='bbox 3162 3111 3226 3151; x_wconf 89' lang='lat' dir='ltr'><strong>ac</strong></span> <span class='ocrx_word' id='word_1_549' title='bbox 3269 3096 3431 3150; x_wconf 85' lang='lat' dir='ltr'><strong>innu-</strong></span> 
     </span>
    </p>
   </div>
   <div class='ocr_carea' id='block_1_74' title="bbox 1891 3184 3429 3258">
    <p class='ocr_par' dir='ltr' id='par_1_74' title="bbox 1891 3184 3429 3258">
     <span class='ocr_line' id='line_1_74' title="bbox 1891 3184 3429 3258; baseline -0.003 -13"><span class='ocrx_word' id='word_1_550' title='bbox 1891 3190 2023 3245; x_wconf 85' lang='lat' dir='ltr'><strong>meri</strong></span> <span class='ocrx_word' id='word_1_551' title='bbox 2046 3205 2154 3245; x_wconf 91' lang='lat' dir='ltr'><strong>non</strong></span> <span class='ocrx_word' id='word_1_552' title='bbox 2185 3190 2471 3254; x_wconf 80' lang='lat' dir='ltr'><strong>dixerunt;</strong></span> <span class='ocrx_word' id='word_1_553' title='bbox 2501 3189 2719 3258; x_wconf 86' lang='lat' dir='ltr'><strong>quinam</strong></span> <span class='ocrx_word' id='word_1_554' title='bbox 2749 3196 2876 3242; x_wconf 91' lang='lat' dir='ltr'><strong>sunt</strong></span> <span class='ocrx_word' id='word_1_555' title='bbox 2905 3186 2996 3257; x_wconf 89' lang='lat' dir='ltr'><strong>qui</strong></span> <span class='ocrx_word' id='word_1_556' title='bbox 3029 3184 3213 3241; x_wconf 87' lang='lat' dir='ltr'><strong>Patres</strong></span> <span class='ocrx_word' id='word_1_557' title='bbox 3236 3186 3429 3256; x_wconf 87' lang='lat' dir='ltr'><strong>injuria</strong></span> 
     </span>
    </p>
   </div>
   <div class='ocr_carea' id='block_1_75' title="bbox 1885 3275 3429 3347">
    <p class='ocr_par' dir='ltr' id='par_1_75' title="bbox 1885 3275 3429 3347">
     <span class='ocr_line' id='line_1_75' title="bbox 1885 3275 3429 3347; baseline -0.005 -13"><span class='ocrx_word' id='word_1_558' title='bbox 1885 3278 2143 3342; x_wconf 69' lang='lat' dir='ltr'><strong>alliciunt,</strong></span> <span class='ocrx_word' id='word_1_559' title='bbox 2186 3279 2294 3333; x_wconf 86' lang='lat' dir='ltr'><strong>iine</strong></span> <span class='ocrx_word' id='word_1_560' title='bbox 2331 3278 2421 3347; x_wconf 91' lang='lat' dir='ltr'><strong>qui</strong></span> <span class='ocrx_word' id='word_1_561' title='bbox 2452 3277 2597 3332; x_wconf 83' lang='lat' dir='ltr'><strong>brevi</strong></span> <span class='ocrx_word' id='word_1_562' title='bbox 2635 3291 2859 3331; x_wconf 88' lang='lat' dir='ltr'><strong>numero</strong></span> <span class='ocrx_word' id='word_1_563' title='bbox 2891 3283 3154 3345; x_wconf 88' lang='lat' dir='ltr'><strong>quotquot</strong></span> <span class='ocrx_word' id='word_1_564' title='bbox 3186 3275 3273 3345; x_wconf 86' lang='lat' dir='ltr'><strong>pie</strong></span> <span class='ocrx_word' id='word_1_565' title='bbox 3303 3289 3429 3328; x_wconf 88' lang='lat' dir='ltr'><strong>sen-</strong></span> 
     </span>
    </p>
   </div>
   <div class='ocr_carea' id='block_1_76' title="bbox 1885 3365 3427 3435">
    <p class='ocr_par' dir='ltr' id='par_1_76' title="bbox 1885 3365 3427 3435">
     <span class='ocr_line' id='line_1_76' title="bbox 1885 3365 3427 3435; baseline -0.004 -11"><span class='ocrx_word' id='word_1_566' title='bbox 1885 3378 2093 3434; x_wconf 90' lang='lat' dir='ltr'><strong>serunt,</strong></span> <span class='ocrx_word' id='word_1_567' title='bbox 2121 3368 2592 3431; x_wconf 87' lang='lat' dir='ltr'><strong>circumscribunt,</strong></span> <span class='ocrx_word' id='word_1_568' title='bbox 2627 3381 2827 3435; x_wconf 85' lang='lat' dir='ltr'><strong>eosque</strong></span> <span class='ocrx_word' id='word_1_569' title='bbox 2852 3373 3095 3420; x_wconf 88' lang='lat' dir='ltr'><strong>statuunt</strong></span> <span class='ocrx_word' id='word_1_570' title='bbox 3127 3365 3216 3435; x_wconf 91' lang='lat' dir='ltr'><strong>qui</strong></span> <span class='ocrx_word' id='word_1_571' title='bbox 3279 3379 3427 3420; x_wconf 78' lang='lat' dir='ltr'><strong>(ecu-</strong></span> 
     </span>
    </p>
   </div>
   <div class='ocr_carea' id='block_1_77' title="bbox 1886 3456 3427 3531">
    <p class='ocr_par' dir='ltr' id='par_1_77' title="bbox 1886 3456 3427 3531">
     <span class='ocr_line' id='line_1_77' title="bbox 1886 3456 3427 3531; baseline -0.003 -17"><span class='ocrx_word' id='word_1_572' title='bbox 1886 3460 2109 3515; x_wconf 86' lang='lat' dir='ltr'><strong>menicis</strong></span> <span class='ocrx_word' id='word_1_573' title='bbox 2160 3458 2375 3531; x_wconf 87' lang='lat' dir='ltr'><strong>synodis</strong></span> <span class='ocrx_word' id='word_1_574' title='bbox 2430 3457 2872 3513; x_wconf 77' lang='lat' dir='ltr'><strong>contradixerunt</strong></span> <span class='ocrx_word' id='word_1_575' title='bbox 2926 3456 3099 3526; x_wconf 83' lang='lat' dir='ltr'><strong>iisque</strong></span> <span class='ocrx_word' id='word_1_576' title='bbox 3165 3456 3427 3512; x_wconf 88' lang='lat' dir='ltr'><strong>adversati</strong></span> 
     </span>
    </p>
   </div>
   <div class='ocr_carea' id='block_1_78' title="bbox 1886 3548 3426 3619">
    <p class='ocr_par' dir='ltr' id='par_1_78' title="bbox 1886 3548 3426 3619">
     <span class='ocr_line' id='line_1_78' title="bbox 1886 3548 3426 3619; baseline -0.003 -14"><span class='ocrx_word' id='word_1_577' title='bbox 1886 3564 2030 3614; x_wconf 84' lang='lat' dir='ltr'><strong>sunt.</strong></span> <span class='ocrx_word' id='word_1_578' title='bbox 2062 3552 2472 3619; x_wconf 89' lang='lat' dir='ltr'><strong>divinorumque</strong></span> <span class='ocrx_word' id='word_1_579' title='bbox 2503 3550 2739 3611; x_wconf 88' lang='lat' dir='ltr'><strong>Patrum.</strong></span> <span class='ocrx_word' id='word_1_580' title='bbox 2772 3559 2968 3618; x_wconf 87' lang='lat' dir='ltr'><strong>quanta</strong></span> <span class='ocrx_word' id='word_1_581' title='bbox 3015 3564 3115 3603; x_wconf 93' lang='lat' dir='ltr'><strong>nec</strong></span> <span class='ocrx_word' id='word_1_582' title='bbox 3157 3548 3426 3602; x_wconf 88' lang='lat' dir='ltr'><strong>numerari</strong></span> 
     </span>
    </p>
   </div>
   <div class='ocr_carea' id='block_1_79' title="bbox 1885 3637 3422 3711">
    <p class='ocr_par' dir='ltr' id='par_1_79' title="bbox 1885 3637 3422 3711">
     <span class='ocr_line' id='line_1_79' title="bbox 1885 3637 3422 3711; baseline -0.003 -16"><span class='ocrx_word' id='word_1_583' title='bbox 1885 3650 2059 3711; x_wconf 86' lang='lat' dir='ltr'><strong>potest</strong></span> <span class='ocrx_word' id='word_1_584' title='bbox 2088 3640 2411 3695; x_wconf 89' lang='lat' dir='ltr'><strong>multitudini</strong></span> <span class='ocrx_word' id='word_1_585' title='bbox 2444 3647 2800 3709; x_wconf 87' lang='lat' dir='ltr'><strong>anteponunt,</strong></span> <span class='ocrx_word' id='word_1_586' title='bbox 2824 3654 2890 3692; x_wconf 93' lang='lat' dir='ltr'><strong>an</strong></span> <span class='ocrx_word' id='word_1_587' title='bbox 2947 3637 3035 3706; x_wconf 89' lang='lat' dir='ltr'><strong>qui</strong></span> <span class='ocrx_word' id='word_1_588' title='bbox 3083 3638 3265 3693; x_wconf 91' lang='lat' dir='ltr'><strong>multis</strong></span> <span class='ocrx_word' id='word_1_589' title='bbox 3306 3651 3422 3707; x_wconf 88' lang='lat' dir='ltr'><strong>par-</strong></span> 
     </span>
    </p>
   </div>
   <div class='ocr_carea' id='block_1_80' title="bbox 1886 3727 3427 3803">
    <p class='ocr_par' dir='ltr' id='par_1_80' title="bbox 1886 3727 3427 3803">
     <span class='ocr_line' id='line_1_80' title="bbox 1886 3727 3427 3803; baseline -0.004 -16"><span class='ocrx_word' id='word_1_590' title='bbox 1886 3733 2027 3788; x_wconf 85' lang='lat' dir='ltr'><strong>tibus</strong></span> <span class='ocrx_word' id='word_1_591' title='bbox 2055 3732 2234 3803; x_wconf 90' lang='lat' dir='ltr'><strong>plures</strong></span> <span class='ocrx_word' id='word_1_592' title='bbox 2272 3732 2369 3787; x_wconf 86' lang='lat' dir='ltr'><strong>sibi</strong></span> <span class='ocrx_word' id='word_1_593' title='bbox 2404 3740 2659 3802; x_wconf 86' lang='lat' dir='ltr'><strong>patronos</strong></span> <span class='ocrx_word' id='word_1_594' title='bbox 2703 3730 3011 3785; x_wconf 85' lang='lat' dir='ltr'><strong>asciscunt?</strong></span> <span class='ocrx_word' id='word_1_595' title='bbox 3064 3727 3261 3799; x_wconf 88' lang='lat' dir='ltr'><strong>lujuria</strong></span> <span class='ocrx_word' id='word_1_596' title='bbox 3309 3729 3427 3799; x_wconf 82' lang='lat' dir='ltr'><strong>quis</strong></span> 
     </span>
    </p>
   </div>
   <div class='ocr_carea' id='block_1_81' title="bbox 1881 3820 3425 3894">
    <p class='ocr_par' dir='ltr' id='par_1_81' title="bbox 1881 3820 3425 3894">
     <span class='ocr_line' id='line_1_81' title="bbox 1881 3820 3425 3894; baseline -0.001 -16"><span class='ocrx_word' id='word_1_597' title='bbox 1881 3822 2066 3879; x_wconf 82' lang='lat' dir='ltr'><strong>Patres</strong></span> <span class='ocrx_word' id='word_1_598' title='bbox 2104 3824 2287 3889; x_wconf 78' lang='lat' dir='ltr'><strong>alllcit,</strong></span> <span class='ocrx_word' id='word_1_599' title='bbox 2326 3823 2522 3894; x_wconf 92' lang='lat' dir='ltr'><strong>inquis,</strong></span> <span class='ocrx_word' id='word_1_600' title='bbox 2563 3824 2656 3892; x_wconf 91' lang='lat' dir='ltr'><strong>qui</strong></span> <span class='ocrx_word' id='word_1_601' title='bbox 2693 3820 2948 3891; x_wconf 88' lang='lat' dir='ltr'><strong>Spiritum</strong></span> <span class='ocrx_word' id='word_1_602' title='bbox 2974 3837 3040 3876; x_wconf 78' lang='lat' dir='ltr'><strong>ex</strong></span> <span class='ocrx_word' id='word_1_603' title='bbox 3074 3820 3209 3875; x_wconf 81' lang='lat' dir='ltr'><strong>Filio</strong></span> <span class='ocrx_word' id='word_1_604' title='bbox 3241 3836 3425 3892; x_wconf 88' lang='lat' dir='ltr'><strong>proce-</strong></span> 
     </span>
    </p>
   </div>
   <div class='ocr_carea' id='block_1_82' title="bbox 1882 3914 3428 3981">
    <p class='ocr_par' dir='ltr' id='par_1_82' title="bbox 1882 3914 3428 3981">
     <span class='ocr_line' id='line_1_82' title="bbox 1882 3914 3428 3981; baseline -0.006 -7"><span class='ocrx_word' id='word_1_605' title='bbox 1882 3919 2008 3974; x_wconf 92' lang='lat' dir='ltr'><strong>dere</strong></span> <span class='ocrx_word' id='word_1_606' title='bbox 2041 3933 2146 3973; x_wconf 92' lang='lat' dir='ltr'><strong>non</strong></span> <span class='ocrx_word' id='word_1_607' title='bbox 2178 3919 2340 3973; x_wconf 86' lang='lat' dir='ltr'><strong>dicit:</strong></span> <span class='ocrx_word' id='word_1_608' title='bbox 2376 3917 2572 3971; x_wconf 90' lang='lat' dir='ltr'><strong>etenim</strong></span> <span class='ocrx_word' id='word_1_609' title='bbox 2606 3916 2680 3970; x_wconf 90' lang='lat' dir='ltr'><strong>sic</strong></span> <span class='ocrx_word' id='word_1_610' title='bbox 2712 3915 2781 3967; x_wconf 91' lang='lat' dir='ltr'><strong>illi</strong></span> <span class='ocrx_word' id='word_1_611' title='bbox 2815 3914 2974 3967; x_wconf 87' lang='lat' dir='ltr'><strong>locuti</strong></span> <span class='ocrx_word' id='word_1_612' title='bbox 3000 3922 3155 3975; x_wconf 85' lang='lat' dir='ltr'><strong>sunt;</strong></span> <span class='ocrx_word' id='word_1_613' title='bbox 3191 3922 3244 3966; x_wconf 93' lang='lat' dir='ltr'><strong>et</strong></span> <span class='ocrx_word' id='word_1_614' title='bbox 3293 3926 3428 3981; x_wconf 86' lang='lat' dir='ltr'><strong>quo-</strong></span> 
     </span>
    </p>
   </div>
   <div class='ocr_carea' id='block_1_83' title="bbox 1884 4004 3423 4081">
    <p class='ocr_par' dir='ltr' id='par_1_83' title="bbox 1884 4004 3423 4081">
     <span class='ocr_line' id='line_1_83' title="bbox 1884 4004 3423 4081; baseline -0.005 -16"><span class='ocrx_word' id='word_1_615' title='bbox 1884 4011 2043 4065; x_wconf 92' lang='lat' dir='ltr'><strong>modo</strong></span> <span class='ocrx_word' id='word_1_616' title='bbox 2075 4024 2180 4064; x_wconf 92' lang='lat' dir='ltr'><strong>non</strong></span> <span class='ocrx_word' id='word_1_617' title='bbox 2211 4010 2365 4081; x_wconf 86' lang='lat' dir='ltr'><strong>longe</strong></span> <span class='ocrx_word' id='word_1_618' title='bbox 2398 4009 2577 4078; x_wconf 86' lang='lat' dir='ltr'><strong>plures</strong></span> <span class='ocrx_word' id='word_1_619' title='bbox 2605 4006 2800 4075; x_wconf 86' lang='lat' dir='ltr'><strong>injuria</strong></span> <span class='ocrx_word' id='word_1_620' title='bbox 2830 4006 3014 4068; x_wconf 87' lang='lat' dir='ltr'><strong>violat,</strong></span> <span class='ocrx_word' id='word_1_621' title='bbox 3055 4006 3143 4073; x_wconf 86' lang='lat' dir='ltr'><strong>qui</strong></span> <span class='ocrx_word' id='word_1_622' title='bbox 3196 4005 3297 4059; x_wconf 86' lang='lat' dir='ltr'><strong>hoc</strong></span> <span class='ocrx_word' id='word_1_623' title='bbox 3342 4004 3423 4059; x_wconf 92' lang='lat' dir='ltr'><strong>di-</strong></span> 
     </span>
    </p>
   </div>
   <div class='ocr_carea' id='block_1_84' title="bbox 1881 4097 3421 4171">
    <p class='ocr_par' dir='ltr' id='par_1_84' title="bbox 1881 4097 3421 4171">
     <span class='ocr_line' id='line_1_84' title="bbox 1881 4097 3421 4171; baseline -0.006 -14"><span class='ocrx_word' id='word_1_624' title='bbox 1881 4104 1989 4157; x_wconf 86' lang='lat' dir='ltr'><strong>cit?</strong></span> <span class='ocrx_word' id='word_1_625' title='bbox 2016 4103 2297 4171; x_wconf 89' lang='lat' dir='ltr'><strong>Nunquam</strong></span> <span class='ocrx_word' id='word_1_626' title='bbox 2348 4100 2487 4154; x_wconf 90' lang='lat' dir='ltr'><strong>enim</strong></span> <span class='ocrx_word' id='word_1_627' title='bbox 2538 4101 2911 4153; x_wconf 83' lang='lat' dir='ltr'><strong>sustinuerunt</strong></span> <span class='ocrx_word' id='word_1_628' title='bbox 2938 4108 2993 4151; x_wconf 92' lang='lat' dir='ltr'><strong>nt</strong></span> <span class='ocrx_word' id='word_1_629' title='bbox 3026 4099 3128 4151; x_wconf 90' lang='lat' dir='ltr'><strong>hoc</strong></span> <span class='ocrx_word' id='word_1_630' title='bbox 3161 4097 3421 4150; x_wconf 88' lang='lat' dir='ltr'><strong>dicerent.</strong></span> 
     </span>
    </p>
   </div>
   <div class='ocr_carea' id='block_1_85' title="bbox 1882 4188 3423 4258">
    <p class='ocr_par' dir='ltr' id='par_1_85' title="bbox 1882 4188 3423 4258">
     <span class='ocr_line' id='line_1_85' title="bbox 1882 4188 3423 4258; baseline -0.003 -13"><span class='ocrx_word' id='word_1_631' title='bbox 1882 4192 2167 4246; x_wconf 78' lang='lat' dir='ltr'><strong>Enimvero</strong></span> <span class='ocrx_word' id='word_1_632' title='bbox 2218 4192 2405 4246; x_wconf 82' lang='lat' dir='ltr'><strong>Patres</strong></span> <span class='ocrx_word' id='word_1_633' title='bbox 2458 4190 2652 4258; x_wconf 88' lang='lat' dir='ltr'><strong>injuria</strong></span> <span class='ocrx_word' id='word_1_634' title='bbox 2708 4188 2891 4253; x_wconf 84' lang='lat' dir='ltr'><strong>allicit,</strong></span> <span class='ocrx_word' id='word_1_635' title='bbox 2926 4190 3015 4256; x_wconf 89' lang='lat' dir='ltr'><strong>qui</strong></span> <span class='ocrx_word' id='word_1_636' title='bbox 3070 4196 3423 4257; x_wconf 61' lang='lat' dir='ltr'><strong>praterquam</strong></span> 
     </span>
    </p>
   </div>
   <div class='ocr_carea' id='block_1_86' title="bbox 1879 4276 3424 4351">
    <p class='ocr_par' dir='ltr' id='par_1_86' title="bbox 1879 4276 3424 4351">
     <span class='ocr_line' id='line_1_86' title="bbox 1879 4276 3424 4351; baseline -0.002 -19"><span class='ocrx_word' id='word_1_637' title='bbox 1879 4280 2021 4351; x_wconf 91' lang='lat' dir='ltr'><strong>quod</strong></span> <span class='ocrx_word' id='word_1_638' title='bbox 2058 4281 2131 4334; x_wconf 89' lang='lat' dir='ltr'><strong>illi</strong></span> <span class='ocrx_word' id='word_1_639' title='bbox 2168 4280 2330 4334; x_wconf 91' lang='lat' dir='ltr'><strong>locuti</strong></span> <span class='ocrx_word' id='word_1_640' title='bbox 2375 4289 2520 4339; x_wconf 90' lang='lat' dir='ltr'><strong>sunt,</strong></span> <span class='ocrx_word' id='word_1_641' title='bbox 2555 4278 2722 4332; x_wconf 87' lang='lat' dir='ltr'><strong>dicit?</strong></span> <span class='ocrx_word' id='word_1_642' title='bbox 2762 4280 2829 4330; x_wconf 82' lang='lat' dir='ltr'><strong>At</strong></span> <span class='ocrx_word' id='word_1_643' title='bbox 2859 4276 3126 4344; x_wconf 83' lang='lat' dir='ltr'><strong>quomodo</strong></span> <span class='ocrx_word' id='word_1_644' title='bbox 3162 4291 3265 4328; x_wconf 92' lang='lat' dir='ltr'><strong>non</strong></span> <span class='ocrx_word' id='word_1_645' title='bbox 3310 4292 3424 4329; x_wconf 85' lang='lat' dir='ltr'><strong>ma-</strong></span> 
     </span>
    </p>
   </div>
   <div class='ocr_carea' id='block_1_87' title="bbox 1879 4367 3425 4443">
    <p class='ocr_par' dir='ltr' id='par_1_87' title="bbox 1879 4367 3425 4443">
     <span class='ocr_line' id='line_1_87' title="bbox 1879 4367 3425 4443; baseline -0.001 -19"><span class='ocrx_word' id='word_1_646' title='bbox 1879 4374 1957 4443; x_wconf 87' lang='lat' dir='ltr'><strong>gis</strong></span> <span class='ocrx_word' id='word_1_647' title='bbox 1991 4388 2049 4425; x_wconf 84' lang='lat' dir='ltr'><strong>ea</strong></span> <span class='ocrx_word' id='word_1_648' title='bbox 2094 4386 2432 4426; x_wconf 85' lang='lat' dir='ltr'><strong>communem</strong></span> <span class='ocrx_word' id='word_1_649' title='bbox 2470 4370 2749 4423; x_wconf 90' lang='lat' dir='ltr'><strong>Dominum</strong></span> <span class='ocrx_word' id='word_1_650' title='bbox 2781 4367 2963 4432; x_wconf 82' lang='lat' dir='ltr'><strong>allicit,</strong></span> <span class='ocrx_word' id='word_1_651' title='bbox 3013 4368 3101 4436; x_wconf 91' lang='lat' dir='ltr'><strong>qui</strong></span> <span class='ocrx_word' id='word_1_652' title='bbox 3140 4367 3279 4422; x_wconf 82' lang='lat' dir='ltr'><strong>illius</strong></span> <span class='ocrx_word' id='word_1_653' title='bbox 3331 4368 3425 4422; x_wconf 84' lang='lat' dir='ltr'><strong>de-</strong></span> 
     </span>
    </p>
   </div>
   <div class='ocr_carea' id='block_1_88' title="bbox 1881 4459 3421 4533">
    <p class='ocr_par' dir='ltr' id='par_1_88' title="bbox 1881 4459 3421 4533">
     <span class='ocr_line' id='line_1_88' title="bbox 1881 4459 3421 4533; baseline -0.003 -18"><span class='ocrx_word' id='word_1_654' title='bbox 1881 4472 2066 4533; x_wconf 87' lang='lat' dir='ltr'><strong>pravat</strong></span> <span class='ocrx_word' id='word_1_655' title='bbox 2110 4478 2172 4516; x_wconf 87' lang='lat' dir='ltr'><strong>ac</strong></span> <span class='ocrx_word' id='word_1_656' title='bbox 2222 4462 2519 4529; x_wconf 90' lang='lat' dir='ltr'><strong>corrumpit</strong></span> <span class='ocrx_word' id='word_1_657' title='bbox 2554 4475 2759 4523; x_wconf 86' lang='lat' dir='ltr'><strong>vocem,</strong></span> <span class='ocrx_word' id='word_1_658' title='bbox 2813 4461 3035 4529; x_wconf 80' lang='lat' dir='ltr'><strong>ejusque</strong></span> <span class='ocrx_word' id='word_1_659' title='bbox 3094 4460 3209 4514; x_wconf 92' lang='lat' dir='ltr'><strong>loco</strong></span> <span class='ocrx_word' id='word_1_660' title='bbox 3260 4459 3421 4512; x_wconf 89' lang='lat' dir='ltr'><strong>alium</strong></span> 
     </span>
    </p>
   </div>
   <div class='ocr_carea' id='block_1_89' title="bbox 227 4546 1904 4621">
    <p class='ocr_par' dir='ltr' id='par_1_89' title="bbox 227 4548 1904 4621">
     <span class='ocr_line' id='line_1_89' title="bbox 227 4548 1904 4621; baseline -0.001 -14"><span class='ocrx_word' id='word_1_661' title='bbox 227 4571 361 4608; x_wconf 88' lang='grc' dir='ltr'>σιον.</span> <span class='ocrx_word' id='word_1_662' title='bbox 403 4553 459 4608; x_wconf 85' lang='grc' dir='ltr'>Ὀ</span> <span class='ocrx_word' id='word_1_663' title='bbox 499 4554 718 4618; x_wconf 77' lang='grc' dir='ltr'>τούτους</span> <span class='ocrx_word' id='word_1_664' title='bbox 756 4553 1045 4615; x_wconf 78' lang='grc' dir='ltr'>ἀντιτιθεὶς</span> <span class='ocrx_word' id='word_1_665' title='bbox 1092 4550 1172 4620; x_wconf 75' lang='grc' dir='ltr'>τῷ</span> <span class='ocrx_word' id='word_1_666' title='bbox 1198 4548 1359 4619; x_wconf 80' lang='grc' dir='ltr'>κοινῷ</span> <span class='ocrx_word' id='word_1_667' title='bbox 1399 4550 1637 4621; x_wconf 82' lang='grc' dir='ltr'>Δεσπότῃ</span> <span class='ocrx_word' id='word_1_668' title='bbox 1680 4551 1770 4603; x_wconf 79' lang='grc' dir='ltr'>καὶ</span> <span class='ocrx_word' id='word_1_669' title='bbox 1798 4553 1848 4610; x_wconf 89' lang='lat' dir='ltr'><strong>D</strong></span> <span class='ocrx_word' id='word_1_670' title='bbox 1880 4568 1904 4605; x_wconf 91' lang='lat' dir='ltr'><strong>s</strong></span> 
     </span>
    </p>
   </div>
   <div class='ocr_carea' id='block_1_90' title="bbox 1745 4546 3422 4621">
    <p class='ocr_par' dir='ltr' id='par_1_90' title="bbox 1745 4546 3422 4619">
     <span class='ocr_line' id='line_1_90' title="bbox 1745 4546 3422 4619; baseline -0.001 -18"><span class='ocrx_word' id='word_1_671' title='bbox 1745 4551 1770 4601; x_wconf 80' lang='grc' dir='ltr'>,ι</span> <span class='ocrx_word' id='word_1_672' title='bbox 1798 4553 1848 4610; x_wconf 89' lang='lat' dir='ltr'><strong>D</strong></span> <span class='ocrx_word' id='word_1_673' title='bbox 1880 4552 1978 4606; x_wconf 90' lang='lat' dir='ltr'><strong>sibi</strong></span> <span class='ocrx_word' id='word_1_674' title='bbox 2006 4551 2279 4607; x_wconf 89' lang='lat' dir='ltr'><strong>doctorem</strong></span> <span class='ocrx_word' id='word_1_675' title='bbox 2307 4564 2368 4603; x_wconf 91' lang='lat' dir='ltr'><strong>ac</strong></span> <span class='ocrx_word' id='word_1_676' title='bbox 2403 4547 2682 4616; x_wconf 70' lang='lat' dir='ltr'><strong>tbeologiae</strong></span> <span class='ocrx_word' id='word_1_677' title='bbox 2714 4548 3033 4617; x_wconf 80' lang='lat' dir='ltr'><strong>magistrum</strong></span> <span class='ocrx_word' id='word_1_678' title='bbox 3064 4546 3321 4619; x_wconf 65' lang='lat' dir='ltr'><strong>praeﬁcit!</strong></span> <span class='ocrx_word' id='word_1_679' title='bbox 3356 4549 3422 4600; x_wconf 83' lang='lat' dir='ltr'><strong>At</strong></span> 
     </span>
    </p>
   </div>
   <div class='ocr_carea' id='block_1_91' title="bbox 222 4640 1776 4716">
    <p class='ocr_par' dir='ltr' id='par_1_91' title="bbox 222 4640 1776 4716">
     <span class='ocr_line' id='line_1_91' title="bbox 222 4640 1776 4716; baseline -0.003 -17"><span class='ocrx_word' id='word_1_680' title='bbox 222 4645 524 4716; x_wconf 80' lang='grc' dir='ltr'>διδασκάλῳ</span> <span class='ocrx_word' id='word_1_681' title='bbox 551 4644 1071 4715; x_wconf 84' lang='grc' dir='ltr'>ἀντιφθεγγομένους</span> <span class='ocrx_word' id='word_1_682' title='bbox 1093 4656 1106 4673; x_wconf 80' lang='grc'><strong><em>⁸</em></strong></span> <span class='ocrx_word' id='word_1_683' title='bbox 1138 4640 1171 4712; x_wconf 73' lang='grc' dir='ltr'>ἢ</span> <span class='ocrx_word' id='word_1_684' title='bbox 1197 4641 1225 4693; x_wconf 87' lang='grc' dir='ltr'><strong>ό</strong></span> <span class='ocrx_word' id='word_1_685' title='bbox 1273 4640 1436 4711; x_wconf 73' lang='grc' dir='ltr'>μηδέν</span> <span class='ocrx_word' id='word_1_686' title='bbox 1478 4640 1574 4709; x_wconf 86' lang='grc' dir='ltr'><strong>μέν</strong></span> <span class='ocrx_word' id='word_1_687' title='bbox 1600 4640 1776 4695; x_wconf 81' lang='grc' dir='ltr'>τοιοῦ-</span> 
     </span>
    </p>
   </div>
   <div class='ocr_carea' id='block_1_92' title="bbox 223 4730 1774 4800">
    <p class='ocr_par' dir='ltr' id='par_1_92' title="bbox 223 4730 1774 4800">
     <span class='ocr_line' id='line_1_92' title="bbox 223 4730 1774 4800; baseline -0.001 -12"><span class='ocrx_word' id='word_1_688' title='bbox 223 4752 316 4789; x_wconf 89' lang='grc' dir='ltr'><strong>τον</strong></span> <span class='ocrx_word' id='word_1_689' title='bbox 341 4736 527 4800; x_wconf 86' lang='grc' dir='ltr'>ποιῶν,</span> <span class='ocrx_word' id='word_1_690' title='bbox 551 4735 728 4790; x_wconf 86' lang='grc' dir='ltr'>κοινοῦ</span> <span class='ocrx_word' id='word_1_691' title='bbox 758 4736 813 4791; x_wconf 83' lang='grc' dir='ltr'><strong>δέ</strong></span> <span class='ocrx_word' id='word_1_692' title='bbox 840 4735 1108 4790; x_wconf 85' lang='grc' dir='ltr'>Δεσπότου</span> <span class='ocrx_word' id='word_1_693' title='bbox 1152 4731 1568 4789; x_wconf 79' lang='grc' dir='ltr'>κατακολουθεῖν</span> <span class='ocrx_word' id='word_1_694' title='bbox 1610 4730 1774 4798; x_wconf 80' lang='grc' dir='ltr'>ἀξιῶν</span> 
     </span>
    </p>
   </div>
   <div class='ocr_carea' id='block_1_93' title="bbox 224 4824 916 4898">
    <p class='ocr_par' dir='ltr' id='par_1_93' title="bbox 224 4824 916 4898">
     <span class='ocr_line' id='line_1_93' title="bbox 224 4824 916 4898; baseline 0.006 -20"><span class='ocrx_word' id='word_1_695' title='bbox 224 4824 433 4890; x_wconf 88' lang='grc' dir='ltr'>πάντας</span> <span class='ocrx_word' id='word_1_696' title='bbox 464 4824 540 4897; x_wconf 81' lang='grc' dir='ltr'>τῷ</span> <span class='ocrx_word' id='word_1_697' title='bbox 569 4826 916 4898; x_wconf 86' lang='grc' dir='ltr'>θεσπίσματι.</span> 
     </span>
    </p>
   </div>
   <div class='ocr_carea' id='block_1_94' title="bbox 296 5162 1778 5234">
    <p class='ocr_par' dir='ltr' id='par_1_94' title="bbox 296 5162 1778 5234">
     <span class='ocr_line' id='line_1_94' title="bbox 296 5162 1778 5234; baseline -0.008 -8"><span class='ocrx_word' id='word_1_698' title='bbox 296 5172 391 5226; x_wconf 88' lang='lat' dir='ltr'><strong>lZ&#39;.</strong></span> <span class='ocrx_word' id='word_1_699' title='bbox 442 5167 580 5222; x_wconf 77' lang='grc' dir='ltr'>Ἀλλ’</span> <span class='ocrx_word' id='word_1_700' title='bbox 607 5169 655 5221; x_wconf 88' lang='grc' dir='ltr'><strong>εί</strong></span> <span class='ocrx_word' id='word_1_701' title='bbox 676 5164 875 5230; x_wconf 84' lang='grc' dir='ltr'>καλῶς,</span> <span class='ocrx_word' id='word_1_702' title='bbox 901 5163 1083 5234; x_wconf 73' lang='grc' dir='ltr'>φησὶν,</span> <span class='ocrx_word' id='word_1_703' title='bbox 1113 5162 1494 5234; x_wconf 76' lang='grc' dir='ltr'>ἐδογμάτισαν,</span> <span class='ocrx_word' id='word_1_704' title='bbox 1533 5162 1625 5216; x_wconf 72' lang='grc' dir='ltr'>καὶ</span> <span class='ocrx_word' id='word_1_705' title='bbox 1674 5162 1778 5234; x_wconf 82' lang='grc' dir='ltr'><strong>χρὴ</strong></span> 
     </span>
    </p>
   </div>
   <div class='ocr_carea' id='block_1_95' title="bbox 223 5252 1780 5326">
    <p class='ocr_par' dir='ltr' id='par_1_95' title="bbox 223 5252 1780 5326">
     <span class='ocr_line' id='line_1_95' title="bbox 223 5252 1780 5326; baseline -0.007 -10"><span class='ocrx_word' id='word_1_706' title='bbox 223 5263 284 5317; x_wconf 75' lang='grc' dir='ltr'><strong>τδ</strong></span> <span class='ocrx_word' id='word_1_707' title='bbox 317 5260 537 5315; x_wconf 85' lang='grc' dir='ltr'>ἐκείνων</span> <span class='ocrx_word' id='word_1_708' title='bbox 565 5258 789 5312; x_wconf 84' lang='grc' dir='ltr'>θάλπειν</span> <span class='ocrx_word' id='word_1_709' title='bbox 818 5258 1087 5326; x_wconf 86' lang='grc' dir='ltr'>φρόνημα,</span> <span class='ocrx_word' id='word_1_710' title='bbox 1118 5258 1263 5319; x_wconf 81' lang='grc' dir='ltr'>τοὺς,</span> <span class='ocrx_word' id='word_1_711' title='bbox 1288 5255 1400 5306; x_wconf 81' lang='grc' dir='ltr'>ὅσοι</span> <span class='ocrx_word' id='word_1_712' title='bbox 1422 5252 1640 5313; x_wconf 87' lang='grc' dir='ltr'>τούτους</span> <span class='ocrx_word' id='word_1_713' title='bbox 1673 5254 1780 5306; x_wconf 79' lang='lat' dir='ltr'><strong>lla-</strong></span> 
     </span>
    </p>
   </div>
   <div class='ocr_carea' id='block_1_96' title="bbox 222 5346 1776 5427">
    <p class='ocr_par' dir='ltr' id='par_1_96' title="bbox 222 5346 1776 5427">
     <span class='ocr_line' id='line_1_96' title="bbox 222 5346 1776 5427; baseline -0.007 -18"><span class='ocrx_word' id='word_1_714' title='bbox 222 5356 383 5427; x_wconf 77' lang='grc' dir='ltr'>τέρας</span> <span class='ocrx_word' id='word_1_715' title='bbox 413 5352 834 5424; x_wconf 73' lang='grc' dir='ltr'>ἐπιγράφουσινο</span> <span class='ocrx_word' id='word_1_716' title='bbox 860 5350 892 5421; x_wconf 73' lang='grc' dir='ltr'>ἢ</span> <span class='ocrx_word' id='word_1_717' title='bbox 935 5348 1205 5413; x_wconf 85' lang='grc' dir='ltr'>δυσσεϐῶς</span> <span class='ocrx_word' id='word_1_718' title='bbox 1248 5346 1429 5416; x_wconf 80' lang='grc' dir='ltr'>εἷπον,</span> <span class='ocrx_word' id='word_1_719' title='bbox 1468 5348 1560 5401; x_wconf 72' lang='grc' dir='ltr'>καὶ</span> <span class='ocrx_word' id='word_1_720' title='bbox 1595 5346 1673 5400; x_wconf 84' lang='grc' dir='ltr'><strong>δεῖ</strong></span> <span class='ocrx_word' id='word_1_721' title='bbox 1701 5346 1776 5415; x_wconf 79' lang='grc' dir='ltr'>τῷ</span> 
     </span>
    </p>
   </div>
   <div class='ocr_carea' id='block_1_97' title="bbox 224 5439 1771 5518">
    <p class='ocr_par' dir='ltr' id='par_1_97' title="bbox 224 5439 1771 5518">
     <span class='ocr_line' id='line_1_97' title="bbox 224 5439 1771 5518; baseline -0.005 -17"><span class='ocrx_word' id='word_1_722' title='bbox 224 5445 483 5518; x_wconf 78' lang='grc' dir='ltr'>αἱρετικῷ</span> <span class='ocrx_word' id='word_1_723' title='bbox 556 5444 861 5515; x_wconf 80' lang='grc' dir='ltr'>φρονήματι</span> <span class='ocrx_word' id='word_1_724' title='bbox 925 5442 1206 5507; x_wconf 85' lang='grc' dir='ltr'>κάκείνους</span> <span class='ocrx_word' id='word_1_725' title='bbox 1262 5439 1771 5497; x_wconf 84' lang='grc' dir='ltr'>συναποϐάλλεσθαι.</span> 
     </span>
    </p>
   </div>
   <div class='ocr_carea' id='block_1_98' title="bbox 223 5532 1770 5608">
    <p class='ocr_par' dir='ltr' id='par_1_98' title="bbox 223 5532 1770 5608">
     <span class='ocr_line' id='line_1_98' title="bbox 223 5532 1770 5608; baseline -0.005 -16"><span class='ocrx_word' id='word_1_726' title='bbox 223 5538 406 5593; x_wconf 84' lang='grc' dir='ltr'>Ταῦτα</span> <span class='ocrx_word' id='word_1_727' title='bbox 437 5538 485 5590; x_wconf 84' lang='lat' dir='ltr'><strong>el</strong></span> <span class='ocrx_word' id='word_1_728' title='bbox 509 5538 605 5608; x_wconf 80' lang='grc' dir='ltr'>τὴν</span> <span class='ocrx_word' id='word_1_729' title='bbox 644 5535 894 5590; x_wconf 80' lang='grc' dir='ltr'>ἀσέϐειαν</span> <span class='ocrx_word' id='word_1_730' title='bbox 922 5534 1255 5605; x_wconf 83' lang='grc' dir='ltr'>ἀδικώτεροι.</span> <span class='ocrx_word' id='word_1_731' title='bbox 1304 5535 1376 5587; x_wconf 87' lang='grc' dir='ltr'><strong>υὺ</strong></span> <span class='ocrx_word' id='word_1_732' title='bbox 1408 5532 1513 5603; x_wconf 90' lang='grc' dir='ltr'><strong>γὰρ</strong></span> <span class='ocrx_word' id='word_1_733' title='bbox 1572 5533 1770 5594; x_wconf 84' lang='grc' dir='ltr'>αὑτοῖς,</span> 
     </span>
    </p>
   </div>
   <div class='ocr_carea' id='block_1_99' title="bbox 223 5621 1769 5698">
    <p class='ocr_par' dir='ltr' id='par_1_99' title="bbox 223 5621 1769 5698">
     <span class='ocr_line' id='line_1_99' title="bbox 223 5621 1769 5698; baseline -0.007 -16"><span class='ocrx_word' id='word_1_734' title='bbox 223 5631 300 5694; x_wconf 84' lang='grc' dir='ltr'>ὡς</span> <span class='ocrx_word' id='word_1_735' title='bbox 327 5632 489 5691; x_wconf 69' lang='grc' dir='ltr'>ἔοικε,</span> <span class='ocrx_word' id='word_1_736' title='bbox 541 5628 677 5698; x_wconf 89' lang='grc' dir='ltr'>μέγα</span> <span class='ocrx_word' id='word_1_737' title='bbox 712 5628 844 5698; x_wconf 80' lang='grc' dir='ltr'>πρὸς</span> <span class='ocrx_word' id='word_1_738' title='bbox 892 5626 1142 5681; x_wconf 86' lang='grc' dir='ltr'>ἀσέϐειαν</span> <span class='ocrx_word' id='word_1_739' title='bbox 1196 5624 1340 5678; x_wconf 84' lang='grc' dir='ltr'>δοκεῖ</span> <span class='ocrx_word' id='word_1_740' title='bbox 1403 5621 1769 5695; x_wconf 84' lang='grc' dir='ltr'>κρατυνομὲνη</span> 
     </span>
    </p>
   </div>
   <div class='ocr_carea' id='block_1_100' title="bbox 222 5711 1771 5790">
    <p class='ocr_par' dir='ltr' id='par_1_100' title="bbox 222 5711 1771 5790">
     <span class='ocr_line' id='line_1_100' title="bbox 222 5711 1771 5790; baseline -0.006 -18"><span class='ocrx_word' id='word_1_741' title='bbox 222 5720 352 5790; x_wconf 85' lang='grc' dir='ltr'>παρ’</span> <span class='ocrx_word' id='word_1_742' title='bbox 379 5719 555 5772; x_wconf 83' lang='grc' dir='ltr'>αὐτῶν</span> <span class='ocrx_word' id='word_1_743' title='bbox 586 5719 681 5784; x_wconf 84' lang='grc' dir='ltr'>τῆς</span> <span class='ocrx_word' id='word_1_744' title='bbox 714 5718 987 5785; x_wconf 86' lang='grc' dir='ltr'>θεολογίας</span> <span class='ocrx_word' id='word_1_745' title='bbox 1018 5718 1043 5787; x_wconf 72' lang='grc' dir='ltr'>ἡ</span> <span class='ocrx_word' id='word_1_746' title='bbox 1081 5715 1370 5785; x_wconf 82' lang='grc' dir='ltr'>διαστροφή</span> <span class='ocrx_word' id='word_1_747' title='bbox 1397 5729 1409 5744; x_wconf 90' lang='grc'><strong>·</strong></span> <span class='ocrx_word' id='word_1_748' title='bbox 1445 5714 1555 5765; x_wconf 84' lang='grc' dir='ltr'>ἀλλ’</span> <span class='ocrx_word' id='word_1_749' title='bbox 1589 5711 1771 5774; x_wconf 84' lang='grc' dir='ltr'>ἁτελές</span> 
     </span>
    </p>
   </div>
   <div class='ocr_carea' id='block_1_101' title="bbox 227 5804 1766 5881">
    <p class='ocr_par' dir='ltr' id='par_1_101' title="bbox 227 5804 1766 5881">
     <span class='ocr_line' id='line_1_101' title="bbox 227 5804 1766 5881; baseline -0.006 -17"><span class='ocrx_word' id='word_1_750' title='bbox 227 5811 482 5881; x_wconf 64' lang='grc' dir='ltr'>ἡγοῦνται</span> <span class='ocrx_word' id='word_1_751' title='bbox 535 5810 593 5861; x_wconf 83' lang='grc' dir='ltr'>τὸ</span> <span class='ocrx_word' id='word_1_752' title='bbox 628 5809 967 5878; x_wconf 82' lang='grc' dir='ltr'>σπούδασμα.</span> <span class='ocrx_word' id='word_1_753' title='bbox 1005 5812 1052 5860; x_wconf 83' lang='grc' dir='ltr'><strong>εί</strong></span> <span class='ocrx_word' id='word_1_754' title='bbox 1102 5809 1174 5879; x_wconf 83' lang='grc' dir='ltr'>μὴ</span> <span class='ocrx_word' id='word_1_755' title='bbox 1204 5808 1296 5861; x_wconf 77' lang='grc' dir='ltr'>καὶ</span> <span class='ocrx_word' id='word_1_756' title='bbox 1347 5806 1648 5876; x_wconf 77' lang='grc' dir='ltr'>ζητήσωσιν</span> <span class='ocrx_word' id='word_1_757' title='bbox 1680 5804 1766 5856; x_wconf 67' lang='lat' dir='ltr'><strong>r3-</strong></span> 
     </span>
    </p>
   </div>
   <div class='ocr_carea' id='block_1_102' title="bbox 535 5900 1131 5965">
    <p class='ocr_par' dir='ltr' id='par_1_102' title="bbox 535 5900 1131 5965">
     <span class='ocr_line' id='line_1_102' title="bbox 535 5900 1131 5965; baseline -0.008 0"><span class='ocrx_word' id='word_1_758' title='bbox 535 5904 802 5965; x_wconf 69' lang='grc' dir='ltr'>Ρλτιιοι..</span> <span class='ocrx_word' id='word_1_759' title='bbox 847 5903 958 5961; x_wconf 81' lang='lat' dir='ltr'><strong>Gn.</strong></span> <span class='ocrx_word' id='word_1_760' title='bbox 1008 5900 1131 5960; x_wconf 77' lang='lat' dir='ltr'><strong>Cll.</strong></span> 
     </span>
    </p>
   </div>
   <div class='ocr_carea' id='block_1_103' title="bbox 1876 4639 3423 4711">
    <p class='ocr_par' dir='ltr' id='par_1_103' title="bbox 1876 4639 3423 4711">
     <span class='ocr_line' id='line_1_103' title="bbox 1876 4639 3423 4711; baseline -0.001 -15"><span class='ocrx_word' id='word_1_761' title='bbox 1876 4642 1995 4711; x_wconf 90' lang='lat' dir='ltr'><strong>quis</strong></span> <span class='ocrx_word' id='word_1_762' title='bbox 2026 4641 2125 4694; x_wconf 84' lang='lat' dir='ltr'><strong>hoc</strong></span> <span class='ocrx_word' id='word_1_763' title='bbox 2147 4640 2312 4695; x_wconf 80' lang='lat' dir='ltr'><strong>dicit?</strong></span> <span class='ocrx_word' id='word_1_764' title='bbox 2341 4639 2598 4704; x_wconf 88' lang='lat' dir='ltr'><strong>Quisnam</strong></span> <span class='ocrx_word' id='word_1_765' title='bbox 2624 4639 2852 4708; x_wconf 86' lang='lat' dir='ltr'><strong>injurius</strong></span> <span class='ocrx_word' id='word_1_766' title='bbox 2876 4653 2957 4697; x_wconf 91' lang='lat' dir='ltr'><strong>est</strong></span> <span class='ocrx_word' id='word_1_767' title='bbox 2978 4652 3161 4697; x_wconf 87' lang='lat' dir='ltr'><strong>contra</strong></span> <span class='ocrx_word' id='word_1_768' title='bbox 3179 4652 3423 4696; x_wconf 87' lang='lat' dir='ltr'><strong>sanctum</strong></span> 
     </span>
    </p>
   </div>
   <div class='ocr_carea' id='block_1_104' title="bbox 1875 4730 3422 4802">
    <p class='ocr_par' dir='ltr' id='par_1_104' title="bbox 1875 4730 3422 4802">
     <span class='ocr_line' id='line_1_104' title="bbox 1875 4730 3422 4802; baseline 0.001 -17"><span class='ocrx_word' id='word_1_769' title='bbox 1875 4732 2227 4802; x_wconf 82' lang='lat' dir='ltr'><strong>Augustinum</strong></span> <span class='ocrx_word' id='word_1_770' title='bbox 2255 4740 2309 4784; x_wconf 87' lang='lat' dir='ltr'><strong>et</strong></span> <span class='ocrx_word' id='word_1_771' title='bbox 2357 4730 2743 4799; x_wconf 87' lang='lat' dir='ltr'><strong>Hieronymum</strong></span> <span class='ocrx_word' id='word_1_772' title='bbox 2772 4743 2825 4788; x_wconf 88' lang='lat' dir='ltr'><strong>et</strong></span> <span class='ocrx_word' id='word_1_773' title='bbox 2875 4732 3259 4787; x_wconf 82' lang='lat' dir='ltr'><strong>Ambrosium?</strong></span> <span class='ocrx_word' id='word_1_774' title='bbox 3306 4732 3422 4785; x_wconf 88' lang='lat' dir='ltr'><strong>isne</strong></span> 
     </span>
    </p>
   </div>
   <div class='ocr_carea' id='block_1_105' title="bbox 1876 4819 3424 4892">
    <p class='ocr_par' dir='ltr' id='par_1_105' title="bbox 1876 4819 3424 4892">
     <span class='ocr_line' id='line_1_105' title="bbox 1876 4819 3424 4892; baseline -0.002 -17"><span class='ocrx_word' id='word_1_775' title='bbox 1876 4822 1964 4891; x_wconf 86' lang='lat' dir='ltr'><strong>qui</strong></span> <span class='ocrx_word' id='word_1_776' title='bbox 1991 4820 2263 4875; x_wconf 89' lang='lat' dir='ltr'><strong>communi</strong></span> <span class='ocrx_word' id='word_1_777' title='bbox 2295 4819 2523 4873; x_wconf 88' lang='lat' dir='ltr'><strong>Domino</strong></span> <span class='ocrx_word' id='word_1_778' title='bbox 2553 4828 2713 4892; x_wconf 64' lang='lat' dir='ltr'><strong>atque</strong></span> <span class='ocrx_word' id='word_1_779' title='bbox 2736 4822 2989 4892; x_wconf 78' lang='lat' dir='ltr'><strong>magistro</strong></span> <span class='ocrx_word' id='word_1_780' title='bbox 3022 4831 3271 4890; x_wconf 84' lang='lat' dir='ltr'><strong>tauquam</strong></span> <span class='ocrx_word' id='word_1_781' title='bbox 3302 4833 3424 4874; x_wconf 60' lang='lat' dir='ltr'><strong>con.</strong></span> 
     </span>
    </p>
   </div>
   <div class='ocr_carea' id='block_1_106' title="bbox 1876 4910 3420 4981">
    <p class='ocr_par' dir='ltr' id='par_1_106' title="bbox 1876 4910 3420 4981">
     <span class='ocr_line' id='line_1_106' title="bbox 1876 4910 3420 4981; baseline -0.003 -15"><span class='ocrx_word' id='word_1_782' title='bbox 1876 4912 2036 4966; x_wconf 86' lang='lat' dir='ltr'><strong>traria</strong></span> <span class='ocrx_word' id='word_1_783' title='bbox 2064 4911 2269 4964; x_wconf 90' lang='lat' dir='ltr'><strong>locutos</strong></span> <span class='ocrx_word' id='word_1_784' title='bbox 2308 4911 2555 4979; x_wconf 82' lang='lat' dir='ltr'><strong>Opponit,</strong></span> <span class='ocrx_word' id='word_1_785' title='bbox 2593 4928 2658 4967; x_wconf 83' lang='lat' dir='ltr'><strong>an</strong></span> <span class='ocrx_word' id='word_1_786' title='bbox 2692 4912 2783 4981; x_wconf 85' lang='lat' dir='ltr'><strong>qui</strong></span> <span class='ocrx_word' id='word_1_787' title='bbox 2831 4910 3241 4979; x_wconf 82' lang='lat' dir='ltr'><strong>nibilejusmodi</strong></span> <span class='ocrx_word' id='word_1_788' title='bbox 3276 4910 3420 4971; x_wconf 76' lang='lat' dir='ltr'><strong>facit,</strong></span> 
     </span>
    </p>
   </div>
   <div class='ocr_carea' id='block_1_107' title="bbox 1875 5002 3421 5127">
    <p class='ocr_par' dir='ltr' id='par_1_107' title="bbox 1875 5002 3421 5127">
     <span class='ocr_line' id='line_1_107' title="bbox 1875 5002 3421 5127; baseline 0.001 -75"><span class='ocrx_word' id='word_1_789' title='bbox 1875 5006 1963 5057; x_wconf 80' lang='lat' dir='ltr'><strong>sed</strong></span> <span class='ocrx_word' id='word_1_790' title='bbox 1983 5012 2237 5127; x_wconf 45' lang='lat' dir='ltr'><strong>iiit10mnes</strong></span> <span class='ocrx_word' id='word_1_791' title='bbox 2259 5007 2562 5060; x_wconf 78' lang='lat' dir='ltr'><strong>communis</strong></span> <span class='ocrx_word' id='word_1_792' title='bbox 2584 5004 2790 5059; x_wconf 91' lang='lat' dir='ltr'><strong>Domini</strong></span> <span class='ocrx_word' id='word_1_793' title='bbox 2815 5002 3089 5057; x_wconf 85' lang='lat' dir='ltr'><strong>decretum</strong></span> <span class='ocrx_word' id='word_1_794' title='bbox 3111 5010 3421 5071; x_wconf 83' lang='lat' dir='ltr'><strong>sequantur,</strong></span> 
     </span>
     <span class='ocr_line' id='line_1_108' title="bbox 1878 5084 2025 5127; baseline 0 0"><span class='ocrx_word' id='word_1_795' title='bbox 1878 5089 1981 5127; x_wconf 82' lang='lat' dir='ltr'><strong>cun</strong></span> <span class='ocrx_word' id='word_1_796' title='bbox 2008 5084 2025 5127; x_wconf 90' lang='lat' dir='ltr'><strong>t</strong></span> 
     </span>
    </p>
   </div>
   <div class='ocr_carea' id='block_1_108' title="bbox 1878 5084 2025 5143">
    <p class='ocr_par' dir='ltr' id='par_1_108' title="bbox 1878 5084 2025 5143">
     <span class='ocr_line' id='line_1_109' title="bbox 1878 5084 2025 5143; baseline 0 -14"><span class='ocrx_word' id='word_1_797' title='bbox 1878 5084 2025 5143; x_wconf 84' lang='lat' dir='ltr'><strong>cupit</strong></span> 
     </span>
    </p>
   </div>
   <div class='ocr_carea' id='block_1_109' title="bbox 1950 5164 3426 5236">
    <p class='ocr_par' dir='ltr' id='par_1_109' title="bbox 1950 5164 3426 5236">
     <span class='ocr_line' id='line_1_110' title="bbox 1950 5164 3426 5236; baseline 0.003 -17"><span class='ocrx_word' id='word_1_798' title='bbox 1950 5164 2108 5220; x_wconf 75' lang='lat' dir='ltr'><strong>XVII.</strong></span> <span class='ocrx_word' id='word_1_799' title='bbox 2170 5166 2239 5219; x_wconf 82' lang='lat' dir='ltr'><strong>At</strong></span> <span class='ocrx_word' id='word_1_800' title='bbox 2301 5164 2583 5235; x_wconf 89' lang='lat' dir='ltr'><strong>siquidem.</strong></span> <span class='ocrx_word' id='word_1_801' title='bbox 2641 5165 2836 5236; x_wconf 89' lang='lat' dir='ltr'><strong>inquit,</strong></span> <span class='ocrx_word' id='word_1_802' title='bbox 2901 5167 3065 5235; x_wconf 86' lang='lat' dir='ltr'><strong>probe</strong></span> <span class='ocrx_word' id='word_1_803' title='bbox 3126 5168 3426 5224; x_wconf 88' lang='lat' dir='ltr'><strong>docuerunt</strong></span> 
     </span>
    </p>
   </div>
   <div class='ocr_carea' id='block_1_110' title="bbox 1879 5256 3422 5326">
    <p class='ocr_par' dir='ltr' id='par_1_110' title="bbox 1879 5256 3422 5326">
     <span class='ocr_line' id='line_1_111' title="bbox 1879 5256 3422 5326; baseline 0.001 -15"><span class='ocrx_word' id='word_1_804' title='bbox 1879 5266 2035 5326; x_wconf 86' lang='lat' dir='ltr'><strong>atque</strong></span> <span class='ocrx_word' id='word_1_805' title='bbox 2054 5265 2356 5316; x_wconf 88' lang='lat' dir='ltr'><strong>senserunt,</strong></span> <span class='ocrx_word' id='word_1_806' title='bbox 2380 5270 2564 5308; x_wconf 86' lang='lat' dir='ltr'><strong>eorum</strong></span> <span class='ocrx_word' id='word_1_807' title='bbox 2580 5270 2791 5325; x_wconf 85' lang='lat' dir='ltr'><strong>quoque</strong></span> <span class='ocrx_word' id='word_1_808' title='bbox 2813 5256 2916 5309; x_wconf 89' lang='lat' dir='ltr'><strong>illis</strong></span> <span class='ocrx_word' id='word_1_809' title='bbox 2931 5257 3180 5311; x_wconf 78' lang='lat' dir='ltr'><strong>omnibus</strong></span> <span class='ocrx_word' id='word_1_810' title='bbox 3196 5258 3422 5315; x_wconf 77' lang='lat' dir='ltr'><strong>fovenda</strong></span> 
     </span>
    </p>
   </div>
   <div class='ocr_carea' id='block_1_111' title="bbox 1878 5345 3411 5417">
    <p class='ocr_par' dir='ltr' id='par_1_111' title="bbox 1878 5345 3411 5417">
     <span class='ocr_line' id='line_1_112' title="bbox 1878 5345 3411 5417; baseline 0 -14"><span class='ocrx_word' id='word_1_811' title='bbox 1878 5347 2141 5404; x_wconf 89' lang='lat' dir='ltr'><strong>sententia</strong></span> <span class='ocrx_word' id='word_1_812' title='bbox 2172 5354 2273 5411; x_wconf 86' lang='lat' dir='ltr'><strong>est,</strong></span> <span class='ocrx_word' id='word_1_813' title='bbox 2299 5347 2387 5415; x_wconf 91' lang='lat' dir='ltr'><strong>qui</strong></span> <span class='ocrx_word' id='word_1_814' title='bbox 2418 5361 2512 5401; x_wconf 89' lang='lat' dir='ltr'><strong>eos</strong></span> <span class='ocrx_word' id='word_1_815' title='bbox 2542 5345 2727 5401; x_wconf 84' lang='lat' dir='ltr'><strong>Patres</strong></span> <span class='ocrx_word' id='word_1_816' title='bbox 2756 5358 3055 5417; x_wconf 87' lang='lat' dir='ltr'><strong>agnoscunt</strong></span> <span class='ocrx_word' id='word_1_817' title='bbox 3080 5367 3091 5402; x_wconf 91' lang='lat'><strong>:</strong></span> <span class='ocrx_word' id='word_1_818' title='bbox 3124 5353 3205 5403; x_wconf 87' lang='lat' dir='ltr'><strong>sin</strong></span> <span class='ocrx_word' id='word_1_819' title='bbox 3232 5359 3411 5405; x_wconf 90' lang='lat' dir='ltr'><strong>autem</strong></span> 
     </span>
    </p>
   </div>
   <div class='ocr_carea' id='block_1_112' title="bbox 1879 5439 3417 5509">
    <p class='ocr_par' dir='ltr' id='par_1_112' title="bbox 1879 5439 3417 5509">
     <span class='ocr_line' id='line_1_113' title="bbox 1879 5439 3417 5509; baseline 0.001 -15"><span class='ocrx_word' id='word_1_820' title='bbox 1879 5440 2037 5509; x_wconf 92' lang='lat' dir='ltr'><strong>impie</strong></span> <span class='ocrx_word' id='word_1_821' title='bbox 2064 5439 2221 5495; x_wconf 91' lang='lat' dir='ltr'><strong>locuti</strong></span> <span class='ocrx_word' id='word_1_822' title='bbox 2260 5448 2404 5502; x_wconf 90' lang='lat' dir='ltr'><strong>sunt,</strong></span> <span class='ocrx_word' id='word_1_823' title='bbox 2438 5454 2540 5493; x_wconf 88' lang='lat' dir='ltr'><strong>una</strong></span> <span class='ocrx_word' id='word_1_824' title='bbox 2584 5454 2705 5493; x_wconf 91' lang='lat' dir='ltr'><strong>eum</strong></span> <span class='ocrx_word' id='word_1_825' title='bbox 2754 5439 3004 5494; x_wconf 67' lang='lat' dir='ltr'><strong>haeretica</strong></span> <span class='ocrx_word' id='word_1_826' title='bbox 3031 5456 3193 5494; x_wconf 89' lang='lat' dir='ltr'><strong>sensu</strong></span> <span class='ocrx_word' id='word_1_827' title='bbox 3248 5453 3305 5496; x_wconf 93' lang='lat' dir='ltr'><strong>et</strong></span> <span class='ocrx_word' id='word_1_828' title='bbox 3345 5444 3417 5496; x_wconf 87' lang='lat' dir='ltr'><strong>illi</strong></span> 
     </span>
    </p>
   </div>
   <div class='ocr_carea' id='block_1_113' title="bbox 1875 5529 3422 5601">
    <p class='ocr_par' dir='ltr' id='par_1_113' title="bbox 1875 5529 3422 5601">
     <span class='ocr_line' id='line_1_114' title="bbox 1875 5529 3422 5601; baseline 0.003 -16"><span class='ocrx_word' id='word_1_829' title='bbox 1875 5530 2189 5601; x_wconf 77' lang='lat' dir='ltr'><strong>explodendi</strong></span> <span class='ocrx_word' id='word_1_830' title='bbox 2225 5538 2369 5583; x_wconf 91' lang='lat' dir='ltr'><strong>sunt.</strong></span> <span class='ocrx_word' id='word_1_831' title='bbox 2404 5529 2527 5584; x_wconf 62' lang='lat' dir='ltr'><strong>Haac</strong></span> <span class='ocrx_word' id='word_1_832' title='bbox 2554 5532 2626 5583; x_wconf 87' lang='lat' dir='ltr'><strong>ita</strong></span> <span class='ocrx_word' id='word_1_833' title='bbox 2652 5531 2742 5599; x_wconf 91' lang='lat' dir='ltr'><strong>qui</strong></span> <span class='ocrx_word' id='word_1_834' title='bbox 2788 5531 2972 5600; x_wconf 90' lang='lat' dir='ltr'><strong>majori</strong></span> <span class='ocrx_word' id='word_1_835' title='bbox 3022 5533 3224 5587; x_wconf 77' lang='lat' dir='ltr'><strong>scelere</strong></span> <span class='ocrx_word' id='word_1_836' title='bbox 3268 5534 3422 5589; x_wconf 76' lang='lat' dir='ltr'><strong>litant</strong></span> 
     </span>
    </p>
   </div>
   <div class='ocr_carea' id='block_1_114' title="bbox 1876 5621 3417 5693">
    <p class='ocr_par' dir='ltr' id='par_1_114' title="bbox 1876 5621 3417 5693">
     <span class='ocr_line' id='line_1_115' title="bbox 1876 5621 3417 5693; baseline 0.001 -16"><span class='ocrx_word' id='word_1_837' title='bbox 1876 5622 2166 5693; x_wconf 80' lang='lat' dir='ltr'><strong>impietati:</strong></span> <span class='ocrx_word' id='word_1_838' title='bbox 2202 5621 2321 5675; x_wconf 81' lang='lat' dir='ltr'><strong>Non</strong></span> <span class='ocrx_word' id='word_1_839' title='bbox 2352 5622 2493 5675; x_wconf 89' lang='lat' dir='ltr'><strong>enim</strong></span> <span class='ocrx_word' id='word_1_840' title='bbox 2517 5622 2645 5691; x_wconf 89' lang='lat' dir='ltr'><strong>ipsis</strong></span> <span class='ocrx_word' id='word_1_841' title='bbox 2675 5622 2754 5691; x_wconf 83' lang='lat' dir='ltr'><strong>(ut</strong></span> <span class='ocrx_word' id='word_1_842' title='bbox 2801 5621 2925 5676; x_wconf 90' lang='lat' dir='ltr'><strong>licet</strong></span> <span class='ocrx_word' id='word_1_843' title='bbox 2963 5622 3252 5691; x_wconf 88' lang='lat' dir='ltr'><strong>conjicere)</strong></span> <span class='ocrx_word' id='word_1_844' title='bbox 3302 5639 3417 5678; x_wconf 90' lang='lat' dir='ltr'><strong>ma-</strong></span> 
     </span>
    </p>
   </div>
   <div class='ocr_carea' id='block_1_115' title="bbox 1873 5712 3420 5784">
    <p class='ocr_par' dir='ltr' id='par_1_115' title="bbox 1873 5712 3420 5784">
     <span class='ocr_line' id='line_1_116' title="bbox 1873 5712 3420 5784; baseline 0 -17"><span class='ocrx_word' id='word_1_845' title='bbox 1873 5728 2034 5784; x_wconf 81' lang='lat' dir='ltr'><strong>gnum</strong></span> <span class='ocrx_word' id='word_1_846' title='bbox 2076 5714 2285 5767; x_wconf 91' lang='lat' dir='ltr'><strong>videtur</strong></span> <span class='ocrx_word' id='word_1_847' title='bbox 2319 5712 2383 5767; x_wconf 88' lang='lat' dir='ltr'><strong>ad</strong></span> <span class='ocrx_word' id='word_1_848' title='bbox 2430 5712 2778 5781; x_wconf 89' lang='lat' dir='ltr'><strong>impietatem,</strong></span> <span class='ocrx_word' id='word_1_849' title='bbox 2826 5722 2883 5767; x_wconf 93' lang='lat' dir='ltr'><strong>ut</strong></span> <span class='ocrx_word' id='word_1_850' title='bbox 2934 5728 3093 5783; x_wconf 78' lang='lat' dir='ltr'><strong>quam</strong></span> <span class='ocrx_word' id='word_1_851' title='bbox 3157 5712 3420 5769; x_wconf 78' lang='lat' dir='ltr'><strong>inducont</strong></span> 
     </span>
    </p>
   </div>
   <div class='ocr_carea' id='block_1_116' title="bbox 1876 5804 3415 5874">
    <p class='ocr_par' dir='ltr' id='par_1_116' title="bbox 1876 5804 3415 5874">
     <span class='ocr_line' id='line_1_117' title="bbox 1876 5804 3415 5874; baseline -0.001 -15"><span class='ocrx_word' id='word_1_852' title='bbox 1876 5805 2152 5874; x_wconf 71' lang='lat' dir='ltr'><strong>theologia:</strong></span> <span class='ocrx_word' id='word_1_853' title='bbox 2232 5805 2632 5873; x_wconf 75' lang='lat' dir='ltr'><strong>perversionem</strong></span> <span class='ocrx_word' id='word_1_854' title='bbox 2681 5814 2954 5869; x_wconf 86' lang='lat' dir='ltr'><strong>statuant,</strong></span> <span class='ocrx_word' id='word_1_855' title='bbox 3005 5805 3096 5858; x_wconf 86' lang='lat' dir='ltr'><strong>sed</strong></span> <span class='ocrx_word' id='word_1_856' title='bbox 3155 5804 3295 5872; x_wconf 91' lang='lat' dir='ltr'><strong>quod</strong></span> <span class='ocrx_word' id='word_1_857' title='bbox 3346 5804 3415 5857; x_wconf 74' lang='lat' dir='ltr'><strong>ita</strong></span> 
     </span>
    </p>
   </div>
   <div class='ocr_carea' id='block_1_117' title="bbox 3071 5894 3149 5953">
    <p class='ocr_par' dir='ltr' id='par_1_117' title="bbox 3071 5894 3149 5953">
     <span class='ocr_line' id='line_1_118' title="bbox 3071 5894 3149 5953; baseline 0.013 -1"><span class='ocrx_word' id='word_1_858' title='bbox 3071 5894 3149 5953; x_wconf 79' lang='lat'><strong>26</strong></span> 
     </span>
    </p>
   </div>
  </div>
