4248 6444
818 380 917 446 811

1928 385 2181 448 ΡΗΟΤΙΙ
2220 380 2712 446 PATRIARCH/E
2746 381 2853 443 (ΣΡ.

3918 384 4037 449 812

825 501 1114 555 moliuntur
1148 500 1515 570 imperfectum
1543 503 1866 568 existimant,
1898 502 1999 557 nisi
2024 501 2184 556 etiam
2216 514 2362 569 quai-
2394 502 2433 556 A
2467 511 2502 565 ρι

2394 502 2433 556 Α
2467 496 2595 565 ρεῖν.
2631 492 2724 556 οὓς
2755 492 2997 562 Πατέρας
3027 490 3281 555 καλοῦσι,
3317 494 3403 548 διὰ
3442 494 3538 564 τῆς
3567 494 3815 564 τοιαύτης
3846 497 4039 562 ἀγνὼ-

824 602 939 647 rant
970 592 1231 657 invenire,
1271 608 1405 662 quos
1446 593 1635 652 Patres
1680 603 1895 659 vocant,
1940 592 2207 664 quomodo
2259 591 2360 644 im-

823 686 988 754 proba
1016 700 1079 740 ea
1114 684 1361 755 indagine
1380 702 1442 741 ac
1463 689 1819 743 verendorum
1839 685 2141 742 detectione
2168 682 2363 752 injuria

830 774 1063 829 alliciant
1118 791 1129 827 :
1174 773 1274 829 hac
1309 791 1520 845 quoque
1544 786 1692 845 parte
1720 790 1873 830 veros
1900 774 2064 830 Cbam
2104 773 2242 826 illius
2282 771 2363 825 di-

825 863 1053 933 scipulos
1082 877 1198 917 sese
1232 864 1563 920 exhibentes.
1588 866 1677 934 qui
1702 865 1897 920 nedum
1927 864 2091 932 patris
2129 860 2363 917 verenda

826 971 930 1009 non
953 955 1182 1019 obtexit;
1220 970 1400 1009 verum
1424 957 1582 1010 etiam
1618 956 1915 1023 impudenti
1962 969 2057 1009 ore
2103 952 2363 1021 vultuque

825 1046 1191 1100 subsannavit.
1227 1043 1391 1099 Secus
1413 1061 1539 1100 vero
1563 1046 1815 1101 Ecclesia:
1846 1045 2067 1108 alumni,
2088 1058 2189 1098 nec
2209 1043 2364 1113 quid-

822 1154 981 1208 quam
1015 1153 1163 1192 sacra
1193 1138 1514 1192 documenta
1544 1138 1712 1204 obliti,
1744 1138 1868 1194 Sem
1906 1147 1961 1192 et
2003 1135 2200 1207 Japhet
2251 1136 2365 1190 hae-

827 1240 1005 1282 rentes
1036 1228 1293 1297 vestigiis,
1328 1243 1449 1282 cum
1480 1238 1757 1298 paternam
1814 1227 2206 1298 turpitudinem
2263 1243 2363 1281 no-

826 1332 1017 1376 verunt
1042 1324 1332 1387 occultare,
1371 1333 1481 1377 tum
1526 1321 1691 1378 Citam
1742 1322 1881 1378 illius
1914 1322 2134 1378 aemulos
2180 1337 2363 1392 repro-

825 1414 949 1467 bare
987 1428 1049 1467 ac
1077 1415 1326 1467 aversari.

899 1503 1084 1558 XVIII.
1122 1504 1381 1558 Praeterea
1417 1521 1563 1569 vero,
1606 1506 1650 1560 si
1698 1522 1833 1576 quos
1875 1507 2125 1576 superius
2180 1508 2365 1561 Patres

826 1594 1257 1657 memoravimus,
1295 1596 1429 1648 nihil
1458 1596 1733 1649 communi
1763 1594 1992 1649 Domino
2032 1596 2363 1649 contrarium

827 1683 1137 1748 loqttuntur,
1170 1697 1236 1734 ue
1267 1697 1365 1735 nos
1392 1682 1607 1750 quidem
1638 1682 1742 1736 illis
1768 1683 2051 1752 loquemur
2072 1683 2361 1737 contraria.

827 1770 919 1823 Sin
949 1779 1126 1824 autem
1159 1785 1253 1823 vos
1279 1770 1454 1824 dicitis
1488 1770 1777 1826 Dominicre
1809 1786 1902 1825 eos
1927 1772 2041 1825 voci
2073 1772 2361 1837 adversari,

829 1870 1061 1915 vestrum
1092 1870 1174 1915 est
1219 1870 1356 1916 utet
1405 1861 1683 1916 Dominum
1716 1862 1817 1916 illis
1877 1865 2227 1932 postponatis,
2281 1864 2361 1931 ip-
2394 1838 2434 1891 Β

826 1967 1017 2021 sosque
1044 1952 1205 2021 spreti
1238 1951 1496 2007 Dominici
1538 1953 1788 2022 pra-cepti
1826 1968 1965 2017 reos,
2014 1954 2067 2007 in
2135 1954 2365 2008 inevita-

829 2044 947 2096 bilis
967 2042 1146 2111 judicii
1167 2058 1359 2096 noxam
1384 2059 1443 2097 ac
1466 2044 1857 2097 damnationem
1884 2042 2127 2097 trudatis.
2156 2044 2363 2109 Quanta

827 2148 951 2186 vero
986 2134 1105 2203 quis
1138 2149 1233 2202 pro
1257 2134 1422 2187 beatis
1442 2134 1545 2187 illis
1564 2136 1689 2185 viris
1708 2134 1872 2202 possit
1899 2134 2115 2187 dicere?
2142 2134 2363 2199 Quantas

828 2227 971 2283 enim
1031 2241 1207 2279 rerum
1263 2227 1702 2296 negotiorumque
1746 2226 2125 2295 perplexitates
2168 2227 2363 2283 multos

828 2327 1117 2388 coegerunt
1173 2330 1230 2371 ut
1276 2320 1465 2388 partim
1521 2319 1655 2371 male
1714 2320 2206 2388 interpretarentur,
2241 2334 2362 2388 par-

830 2408 919 2461 tim
970 2406 1370 2475 dispensatione
1418 2408 1644 2475 quadam
1725 2406 2090 2477 loquerentur,
2142 2423 2261 2461 cum
2310 2414 2364 2461 et

828 2498 1082 2551 increduli
1108 2498 1534 2561 adversarentur,
1559 2499 1681 2551 etin
1709 2513 1865 2566 quam
1887 2499 2116 2567 prolapsi
2158 2508 2359 2563 essent,

828 2590 1143 2660 ignorantia,
1176 2598 1237 2643 ut
1260 2603 1316 2642 se
1344 2589 1542 2643 habent
1571 2603 1655 2642 res
1688 2589 1956 2643 humanm.
1998 2589 2147 2644 Alitis
2211 2605 2362 2643 nam-

825 2696 927 2749 que
956 2682 1234 2735 decertans
1272 2681 1529 2733 adversus
1566 2679 1883 2744 haereticos;
1920 2680 2061 2734 alius
2093 2696 2191 2749 pro
2261 2696 2359 2734 au-

828 2774 1059 2827 ditorum
1110 2770 1471 2825 imbecillitate
1529 2772 1823 2840 composita
1879 2772 2144 2837 doctrina,
2202 2782 2362 2840 atque

827 2859 962 2913 alius
992 2858 1136 2913 aliud
1166 2858 1293 2928 quid
1327 2858 1572 2923 moliens,
1606 2869 1658 2913 et
1686 2875 1805 2913 cum
1830 2861 2014 2930 majori
2046 2862 2224 2930 aliquo
2259 2862 2363 2917 line

826 2950 894 3004 ab
923 2958 1167 3004 accurata
1195 2947 1471 3017 disciplina
1500 2963 1607 3002 non
1642 2950 1825 3018 paucis
1858 2950 1909 3003 in
1942 2950 2102 3005 rebus
2154 2962 2360 3022 tempe-

831 3055 947 3094 rare
996 3039 1416 3107 submissiusque
1460 3053 1616 3109 agere
1673 3049 1881 3109 tempus
1943 3042 2209 3105 suaderet,
2250 3054 2362 3097 tum

830 3131 989 3185 locuti
1019 3138 1162 3194 sunt,
1200 3138 1381 3182 tumve
1426 3138 1667 3198 egerunt,
1713 3146 1830 3199 qua;
1878 3132 2031 3187 nobis
2070 3147 2172 3186 nec
2219 3132 2360 3202 loqui
2390 3166 2431 3222 ε

829 3238 927 3279 nec
963 3238 1119 3291 agere
1149 3222 1287 3278 licet.

897 3316 1036 3371 XIX.
1082 3315 1146 3371 Et
1178 3327 1237 3371 ut
1277 3317 1507 3387 reliquos
1536 3318 1798 3381 omittam,
1830 3316 2122 3385 perpende,
2160 3332 2360 3387 quaeso,

829 3405 1203 3460 admirandum
1235 3406 1457 3462 Paulum
1490 3422 1551 3461 ac
1570 3407 1715 3461 orbis
1737 3406 2049 3475 magistrum
2084 3416 2144 3460 ut
2164 3406 2362 3460 sancti-

831 3500 1033 3563 :icatus,
1074 3506 1134 3552 ut
1176 3514 1355 3563 rasus;
1387 3514 1480 3554 eos
1536 3498 1624 3567 qui
1681 3512 1867 3551 recens
1924 3496 1989 3550 ad
2029 3496 2362 3566 disciplinam

828 3586 1065 3640 animum
1094 3587 1439 3656 adjecissent,
1474 3603 1578 3641 non
1612 3587 1780 3642 solido
1808 3586 1946 3650 cibo,
1971 3586 2062 3640 sed
2093 3585 2228 3641 lacte
2256 3586 2363 3641 ale-

831 3682 929 3727 ret.
963 3672 1038 3727 Ac
1072 3674 1117 3727 si
1157 3674 1276 3743 quis
1327 3675 1580 3744 deinceps
1634 3689 1906 3729 sacrorum
1962 3674 2196 3728 virorum
2234 3674 2362 3729 cho-

828 3778 945 3818 rum
975 3774 1273 3833 percurrat,
1310 3766 1433 3821 vitae
1464 3780 1623 3820 omne
1657 3774 1869 3835 tempus
1898 3775 2031 3819 teret
2076 3765 2198 3819 talia
2239 3782 2362 3835 pcr-

827 3854 1117 3917 ecnsendo,
1157 3863 1211 3909 et
1240 3864 1297 3909 ut
1328 3871 1388 3910 ea
1418 3858 1738 3912 conscribat.
1779 3856 1832 3912 Si
1875 3855 1994 3925 quis
2040 3854 2182 3909 enim
2232 3871 2357 3910 vero

2465 599 2621 652 μονος
2646 582 2887 653 ἐρεύνης,
2908 584 3110 653 καὶτῆς
3131 583 3239 637 τῶν
3263 585 3582 654 ἀσχημόνων
3610 584 4035 655 ἀνακαλύψεως,

2462 676 2605 737 ὅπως
2637 674 2927 746 ύδρίσωσι·
2977 674 3286 741 δεικνύντες
3338 676 3530 741 αὐτοὺς
3570 674 3843 732 κάνταῦθα
3893 694 4039 746 γνη-

2464 766 2611 827 σίους
2637 766 2732 818 τοῦ
2758 766 2887 835 Χὰμ
2912 765 3175 836 μαθητάς,
3204 767 3261 829 ὃς
3292 768 3389 837 τὴν
3415 767 3507 819 τοῦ
3536 768 3737 839 πατρὸς
3765 768 4034 837 ἀσχημο-

2464 856 2627 924 σύνην
2654 856 2714 908 ού
2736 855 3118 924 συνεκάλυψεν,
3144 856 3349 910 ἀναιδεῖ
3366 857 3423 910 δι
3443 856 3714 928 προσώπῳ
3737 856 4034 927 διεχλεύα-

2464 963 2572 1000 σεν.
2619 946 2755 999 Ἀλλ’
2785 948 2833 1000 οι
2862 946 2959 1015 τῆς
3003 946 3325 1016 Ἐκκλησίας
3353 949 3640 1019 τρόφιμοι,
3675 950 3768 1002 καὶ
3807 948 3920 1001 τῶν
3953 949 4035 1001 ιε-

2466 1036 2573 1109 ρῶν
2599 1037 2931 1107 μαθημάτων
2956 1037 3054 1091 οὐκ
3083 1038 3458 1109 ἐπιλήσμονες,
3498 1041 3634 1093 κατά
3665 1038 3752 1093 τὸν
3777 1040 3901 1109 Σὴμ
3928 1040 4033 1092 καὶ

2475 1130 2671 1200 Ἰάφεθ,
2700 1131 2792 1185 καὶ
2813 1131 2910 1202 τὴν
2934 1131 3201 1203 πατρικὴν
3222 1131 3603 1202 ἀσχημοσύνην
3628 1131 4030 1185 ἑπικαλύπτειν

2463 1219 2793 1285 ἐπίστανται,
2848 1222 2942 1274 καὶ
2976 1222 3096 1286 τοὺς
3134 1223 3373 1292 μιμητάς
3422 1220 3513 1275 τοῦ
3547 1222 3674 1291 Χάμ
3698 1222 4017 1290 καταγινὼ-

2464 1327 2679 1376 σκοντες
2706 1311 3158 1383 ἀποστρέφονται.

2532 1496 2633 1551 IH'.
2673 1496 2878 1557 Ἀλλως
2898 1512 2954 1547 τε
2978 1495 3054 1562 δὲ,
3089 1497 3136 1549 εί
3169 1495 3266 1565 μὲν
3290 1498 3471 1568 μηδὲν,
3507 1497 3598 1561 οὓς
3623 1498 3650 1550 ό
3683 1498 3837 1566 λόγος
3863 1499 4028 1552 ἀνω-

2464 1588 2553 1640 θεν
2585 1587 2685 1659 ἔφη
2706 1588 2969 1658 Πατέρας,
2988 1587 3063 1658 τῷ
3086 1589 3250 1658 κοινῷ
3269 1592 3511 1662 Δεσπότῃ
3540 1591 4023 1659 ἀντιφθεγγονται,

2462 1678 2569 1731 οὐδ’
2598 1680 2759 1747 ἡμεῖς
2780 1679 2985 1740 τούτοις
3014 1679 3510 1748 ἀντιφθεγξόμεθα·
3543 1684 3590 1735 εἰ
3618 1682 3661 1735 δ’
3688 1683 3845 1751 ὑμεῖς
3879 1700 4023 1750 φατε

2463 1766 2536 1830 ὡς
2563 1770 2629 1837 τῇ
2654 1770 2949 1838 Δεσποτικῇ
2978 1772 3125 1839 φωνῇ
3156 1770 3620 1839 ἀντιφθέγγονται,
3646 1774 3797 1843 ὑμῶν
3820 1777 3939 1828 εστι
3960 1779 4024 1828 τὸ

2464 1857 2555 1908 καὶ
2585 1854 2673 1907 τὸν
2702 1856 2973 1925 Δεσπότην
2998 1858 3247 1928 δεύτερον
3275 1860 3495 1913 ἐκείνων
3516 1864 3708 1923 ποιεῖν,
3730 1864 4022 1924 κάκείνους

2464 1944 2547 1997 διά
2577 1945 2633 1997 τὸ
2659 1944 2754 2015 τὴν
2782 1947 3111 2017 Δεσποτικὴν
3135 1952 3376 2020 παριδεῖν
3407 1953 3618 2022 εντολὴν
3645 1993 3659 2015 ,
3688 1955 4021 2009 ἀπελαύνειν

2465 2036 2543 2097 είς
2566 2036 2623 2088 τὸ
2656 2036 2748 2089 τοῦ
2795 2038 3055 2106 κρίματος
3103 2040 3497 2111 ἀπαραίτητον.
3550 2044 3693 2096 Πόσα
3746 2045 3789 2096 δ’
3842 2047 3909 2097 ἄν
3935 2064 4020 2108 τις

2466 2125 2599 2194 ὑπὲρ
2612 2126 2717 2178 τῶν
2735 2128 3016 2197 μακαρίων
3036 2130 3241 2199 ἀνδρων
3268 2134 3487 2185 ἐκείνων
3514 2133 3656 2187 εῐποι
3681 2151 3695 2197 ;
3718 2136 3884 2189 Πόσαι
3906 2137 4019 2205 γάρ

2464 2216 2808 2283 περιστάσεις
2867 2219 3203 2287 πραγμάτων
3261 2221 3485 2285 πολλοὺς
3542 2224 3917 2289 εξεόιάζοντο.
3950 2228 4019 2278 τά

2466 2304 2561 2371 μὲν
2594 2306 3097 2377 παραφθέγξασθαι,
3124 2310 3190 2363 τά
3223 2310 3276 2364 δὲ
3310 2313 3443 2381 πρὸς
3474 2315 3783 2383 οἰκονομίαν
3816 2318 4015 2378 εἰπεῖν,

2462 2397 2531 2448 τά
2554 2394 2629 2460 δὲ,
2665 2397 2757 2450 καὶ
2788 2398 2895 2451 τῶν
2926 2401 3288 2456 ἀπειθούντων
3337 2407 3780 2471 ἀπαναστάντων,
3813 2407 3882 2460 τά
3934 2409 4013 2472 δὲ,

2463 2490 2555 2543 καὶ
2592 2490 2784 2561 ἀγνοίᾳ
2812 2484 2901 2546 οἷα
2923 2492 2985 2561 δὴ
3039 2494 3420 2565 περιολισθεῖσι
3452 2496 3785 2568 ἀνθρώπινα.
3822 2500 4018 2564 Ἀλλος

2462 2583 2565 2652 γὰρ
2590 2582 2724 2653 πρὸς
2756 2584 2880 2646 τοὺς
2909 2586 3272 2655 αἱρετίζοντας
3302 2588 3722 2661 διαμαχόμενος⁹
3754 2592 3912 2655 ἀλλος
3945 2599 4012 2663 τῇ

2463 2674 2710 2749 ἀσθενείᾳ
2745 2676 3051 2745 συγκατιὼν
3103 2679 3211 2733 τῶν
3262 2683 3568 2752 ἀκροατῶνο
3614 2684 3769 2747 ἀλλος
3799 2685 3929 2739 ἀλλο
3961 2704 4012 2739 τι

2463 2765 2963 2837 διαπραττόμενος,
3003 2770 3094 2823 καὶ
3144 2770 3235 2824 τὸν
3286 2773 3473 2843 καιρὸν
3522 2774 3657 2845 ἔχων
3714 2777 3883 2830 πολλά
3915 2778 4013 2846 τῆς

2466 2855 2745 2925 ἀκριϐείας
2778 2858 3099 2929 καθυφεῖναι
3128 2863 3542 2933 παρακαλοῦντα
3582 2867 3672 2919 επὶ
3710 2869 3852 2922 τέλει
3895 2871 4015 2937 μεί-

2465 2946 2576 3009 ζονι
2616 2948 2711 3001 καὶ
2742 2946 2883 3013 εἷπε,
2940 2952 3031 3003 καὶ
3086 2951 3339 3024 ἔπραξεν,
3389 2953 3423 3007 ἃ
3459 2956 3591 3024 μήτε
3646 2956 3824 3013 λαλεῖν
3851 2961 4006 3029 ἡμῖν,

2468 3036 2602 3106 μήτε
2633 3039 2887 3107 πράττειν
2914 3040 3107 3105 ἔξεστι.

2535 3311 2631 3365 ΙΘ’.
2665 3314 2771 3367 Καὶ
2795 3315 2880 3367 ῖνα
2909 3316 3099 3379 ἄλλους
3127 3316 3293 3383 ἐάσω,
3332 3323 3498 3376 ἐννόει
3529 3341 3618 3393 μοι
3664 3324 3755 3378 τοῦ
3799 3325 4010 3398 θαυμαο

2467 3402 2580 3455 σίου
2600 3403 2806 3457 Παύλου
2829 3407 2921 3459 καὶ
2946 3406 3261 3464 διδασκάλου
3286 3412 3381 3481 τῆς
3407 3415 3725 3486 οἰκουμένης
3742 3416 3831 3471 τὸν
3857 3418 4011 3488 ἁγια-

2466 3494 2619 3564 σμὸν,
2670 3496 2728 3549 τὸ
2771 3496 3026 3568 ξύρεσθαι
3074 3501 3208 3570 (14)·
3245 3502 3307 3555 τὸ
3343 3504 3571 3571 γάλακτι
3608 3507 3827 3577 τρέφειν
3883 3514 4011 3576 τοὺς

2462 3585 2583 3654 ἄρτι
2608 3586 3032 3657 καθισταμένους
3067 3592 3203 3662 πρὸς
3241 3594 3495 3665 μάθησιν,
3533 3596 3625 3648 καὶ
3650 3597 3708 3650 οὐ
3738 3597 4006 3671 βρώματι.

2462 3674 2727 3729 Κάκεῖθεν
2756 3677 2950 3749 ἑφεξῆς
2983 3682 3033 3734 εῐ
3050 3699 3133 3747 τις
3153 3684 3260 3739 τῶν
3289 3685 3446 3755 ἱερῶν
3487 3686 3693 3757 ἀνδρῶν
3732 3691 3822 3743 τὸν
3850 3695 4008 3762 χορὸν

2461 3764 2675 3831 διέλθοι,
2713 3768 2831 3821 ὅλον
2862 3769 3143 3840 ἀνθρώπου
3180 3776 3497 3847 κατατρίψοι
3523 3776 3653 3845 βίον.
3685 3781 3752 3833 τά
3783 3783 4006 3839 τοιαῦτα

2465 3854 2791 3927 ἐξαριθμῶν,
2828 3862 2920 3914 καὶ
2974 3866 3333 3935 γραφόμενος.
3399 3867 3554 3922 Ἀλλά
3582 3870 3688 3940 γάρ
3712 3873 3766 3923 εί
3786 3889 3871 3938 τις
3901 3878 4006 3929 τῶν

2300 4021 2523 4078 NOTAE.

896 4178 1003 4243 (H)
1052 4177 1158 4229 Τὸν
1194 4176 1508 4246 ἁγιασμόν,
1538 4175 1935 4246 τὸλεύρεσθαι.
1967 4175 2103 4228 Sunt
2138 4176 2252 4246 haec
2286 4175 2362 4246 le~

821 4249 976 4315 galia,
1009 4260 1125 4311 qum
1166 4244 1762 4313 Paulus'Hierosolymis
1798 4245 2119 4309 observavit,
2147 4244 2362 4315 iJacobo

822 4314 937 4382 ejus
984 4315 1131 4368 urbis
1168 4316 1419 4385 episc0po
1460 4315 1532 4367 illi
1565 4325 1801 4385 auctore,
1847 4328 2073 4385 quorum
2110 4314 2359 4385 observa-

824 4398 967 4438 tione
1020 4382 1306 4452 placandos
1354 4382 1610 4453 'putavere
1671 4383 2211 4453 Paulorint'ensiores
2266 4382 2359 4435 Ju-

822 4451 1066 4544 diuorumI
1094 4455 1335 4544 animosa
1362 4451 1725 4544 ;etsimcou|atu
1781 4452 1947 4504 irrito.
1986 4451 2114 4544 Qitae
2143 4452 2359 4544 diispeln-
2392 4488 2434 4544 ο

826 4524 962 4576 satio
995 4523 1127 4574 nihil
1155 4525 1277 4574 dum
1309 4525 1427 4577 lidci
1459 4522 1739 4581 alliciebat,
1766 4536 1883 4573 cum
1914 4522 2137 4573 necdum
2172 4520 2354 4588 legatio

824 4603 1004 4646 essent
1034 4594 1325 4653 mortifera,
1359 4596 1399 4645 si
1441 4594 1559 4658 quis
1594 4592 1641 4643 in
1672 4592 1749 4644 eis
1779 4605 1926 4657 spem
1960 4599 2355 4657 nom‘poneret;

826 4662 919 4715 sed
968 4677 1059 4729 per
1090 4663 1245 4714 tidem
1278 4662 1474 4715 Christi
1517 4661 1737 4715 salutem
1769 4661 1865 4712 sibi
1910 4669 2197 4729 arrogaret.
2231 4660 2358 4722 Qua:

825 4726 1151 4798 dispensatio
1183 4731 1311 4783 nihil
1356 4731 1541 4782 attinet
1574 4730 1633 4781 ad
1674 4729 1883 4798 relatos
1914 4726 2116 4788 Patres,
2153 4726 2358 4795 hocque

824 4796 1080 4853 doctrinae
1112 4801 1422 4868 capitulum,
1459 4800 1524 4851 ad
1550 4796 1689 4866 quod
1736 4798 1865 4850 nihil
1890 4798 2137 4868 cogebat,
2171 4812 2355 4849 eorum

822 4884 938 4931 qua:
988 4867 1207 4923 Photius
1266 4878 1411 4922 tanto
1464 4870 1745 4921 verborum
1801 4867 1999 4919 ambitu
2055 4877 2353 4934 exaggerat.

820 4938 947 4991 Erat
979 4938 1185 4991 illorttut
1217 4936 1632 4991 eruditissimum
1680 4936 1953 4996 smculum,
2002 4950 2204 4987 summa
2260 4936 2356 4985 lli--

820 5007 994 5058 clesiae
1038 5022 1132 5075 pax
1186 5007 1355 5059 :nulli
1407 5006 1635 5073 tyranni,
1687 5006 1914 5058 haereses
1976 5018 2161 5075 magna
2205 5015 2356 5072 parte

820 5074 1157 5144 compressae,
1196 5076 1359 5129 libera
1408 5075 1715 5144 praedicatio
1738 5092 1755 5144 7:
1792 5089 1909 5143 qua:
1954 5074 2130 5144 omnia
2176 5074 2255 5127 vel
2312 5076 2353 5127 si

819 5142 1149 5209 defuissent,
1209 5146 1351 5197 nulla
1402 5142 1664 5212 ejusmodi
1716 5142 1927 5197 licentia
1986 5143 2228 5212 Patribus
2265 5144 2354 5208 (in

822 5215 1084 5283 theologia
1128 5218 1353 5267 maxime
1379 5211 1444 5267 ac
1484 5214 1694 5267 deitatis
1729 5213 2006 5278 doctrina)
2051 5211 2141 5264 τοῦ
2176 5229 2352 5281 παρα-

824 5282 1148 5350 φθέγγεσθαι
1200 5286 1298 5352 (ut
1344 5283 1516 5336 Photii
1567 5284 1683 5352 ipsa
1730 5298 1858 5335 voce
1893 5286 2042 5346 utar)
2076 5291 2131 5334 ut
2166 5292 2352 5335 contra

822 5350 1443 5420 mentem'loqnerentur,
1479 5362 1530 5404 ct
1558 5350 1683 5404 falsa
1717 5367 1812 5419 pro
1844 5353 1979 5405 veris
2009 5352 2308 5419 ingererent
2340 5368 2349 5401 :

818 5436 970 5474 secus
999 5431 1049 5473 ut
1074 5421 1632 5488 subticerentaliquid,
1668 5432 1759 5473 aut
1788 5420 2057 5473 Dominica
2090 5426 2197 5487 ipsa
2226 5436 2353 5473 voce

818 5492 1050 5543 contenti
1076 5502 1277 5553 essent,
1312 5492 1533 5559 ejusque
1563 5491 1923 5559 simplicitate,
1951 5488 2097 5557 παρὰ
2127 5490 2350 5557 Πατρὸς,

817 5563 854 5611 .t
890 5559 1044 5615 Patre
1077 5576 1092 5611 :
1128 5562 1265 5629 quod
1314 5561 1501 5614 Filium
1552 5576 1654 5612 non
1711 5560 1989 5613 excludere
2038 5559 2135 5627 ipsi
2175 5560 2354 5612 lelltn

818 5632 1002 5683 eodem
1042 5628 1236 5697 Spiritu
1292 5642 1414 5685 sunt
1468 5631 1830 5697 interpretati,
1866 5645 1971 5697 quo
2001 5630 2213 5696 quidam
2267 5629 2350 5680 alii

816 5701 1211 5767 οἰκονομοῦντες
1241 5708 1469 5754 tacuere.
1498 5700 1723 5765 Hmcque
1747 5714 1867 5751 vera
1895 5698 2195 5767 concordia,
2224 5713 2352 5748 neu-

816 5767 915 5821 tris
946 5771 1221 5839 injuriosa,
1273 5786 1376 5823 nou
1402 5784 1559 5838 quam
1594 5768 1886 5837 Pythonico
1915 5768 2105 5837 spiritu
2135 5766 2352 5821 l’hotius

2463 4175 2773 4256 fabricatur,
2801 4177 2914 4247 ipse
2935 4179 3022 4234 illa
3048 4195 3173 4256 v_ere
3194 4180 3475 4256 Cbamita,
3494 4198 3758 4256 non_quos
3788 4186 3906 4256 ejus
3929 4190 4003 4244 rei

2463 4245 2730 4317 virulento
2777 4245 2870 4302 ore
2921 4264 2981 4303 ac
3012 4249 3217 4305 calamo
3264 4252 3555 4307 insimulat.
3594 4245 3703 4309 Nec
3734 4245 3889 4312 aliter
3922 4260 4003 4313 vel

2461 4316 2682 4393 dcannis
2727 4332 2877 4437 papae
2926 4320 3120 4388 legati,
3156 4320 3238 4375 vel
3267 4321 3353 4375 alii
3389 4322 3598 4386 Latini,
3636 4340 3759 4395 erga
3792 4326 4005 4383 Graecos

2463 4398 2742 4437 tDsumaue
2835 4387 3039 4437 hotium
3096 4390 3383 4437 videantur
3429 4391 3695 4437 habuisse,
3734 4412 3893 4437 mmm
3951 4410 4002 4437 ιιι

2463 4387 3039 4464 ipsumquelfhotium
3096 4390 3383 4464 videantur
3428 4387 3894 4464 babuissefquam
3951 4410 4003 4453 ut

2466 4454 2624 4506 taceri
2677 4454 3013 4530 indulgerent
3058 4473 3242 4513 vocem
3264 4459 3515 4530 Filioque,
3545 4464 3671 4516 dum
3701 4454 3894 4522 sensus
3924 4477 4001 4522 te-

2461 4534 2697 4585 neretur,
2754 4540 2854 4578 nec
2890 4526 3013 4580 inde
3046 4530 3267 4589 erroris,
3311 4526 3420 4583 seu'
3454 4532 3611 4585 etiam
3644 4533 3865 4590 haeresis
3908 4552 3999 4591 eos

2460 4600 2732 4675 notarent,
2777 4595 3458 4675 qui.eam_admitterent.
3514 4600 3627 4667 Qua
3673 4603 4000 4675 indulgentia

2459 4676 2558 4741 nec
2607 4663 2765 4741 modo
2802 4664 2999 4741 (etiam.
3044 4664 3260 4741 Rome)
3291 4663 3742 4741 Graecgsjcogunt
3790 4663 3997 4741 Latini,

2460 4739 2518 4808 ut
2548 4730 2599 4782 in
2631 4732 2731 4808 lide
2755 4732 3069 4808 explicatius
3098 4730 3328 4808 Spiritus
3354 4752 3416 4791 ex
3440 4737 3572 4792 Filio
3604 4730 3999 4808 processionem

2458 4800 2636 4853 edant.
2672 4800 2873 4879 hie-tius.
2891 4805 3039 4857 valde
3059 4800 3412 4879 hallucinatus
3435 4816 3533 4871 est,
3554 4800 3676 4862 dum
3700 4810 3768 4863 ita
3808 4800 3997 4879 reddit,

2457 4870 2776 4947 quiescrigit
2820 4872 2901 4947 _de
2944 4876 3207 4947 castitate,
3262 4876 3324 4929 de
3379 4870 3611 4931 radenda
3659 4880 3840 4945 barba,
3895 4870 3997 4939 etc.

2460 4937 2655 5014 Scribit
2704 4938 2897 4994 Paulus
2926 4941 2991 4994 de
3023 4945 3297 5014 castitate,
3346 4947 3440 5001 sed
3479 4948 3594 5014 ejus
3624 4937 3869 5004 doctrina
3896 4937 3999 5009 non

2459 5008 2795 5090 parvulorum
2821 5020 2929 5090 es_t,_
2956 5012 3466 5090 set_l_perlectorutii;
3505 5008 3555 5068 in
3587 5032 3690 5090 qua
3725 5034 3833 5073 non
3865 5008 3999 5075 02on

2458 5078 2615 5155 νομία
2647 5088 2749 5155 est,
2777 5078 2882 5155 sed
2909 5078 3162 5155 ἀκρίϐεια
3191 5098 3203 5134 :
3233 5082 3297 5137 de
3323 5084 3485 5139 barba
3510 5078 3638 5155 quid
3674 5098 3726 5141 et
3754 5090 3844 5143 ubi
3872 5094 4000 5147 scri-

2494 5097 2615 5156 ομια
2647 5097 2749 5139 esr,
2789 5097 2882 5132 seu
2909 5097 3162 5202 ακρνοεια
3191 5098 3203 5134 :
3233 5097 3297 5137 ae
3323 5097 3485 5139 barba
3510 5097 3638 5155 quid
3674 5098 3726 5141 et
3754 5097 3844 5143 ubi
3872 5097 3998 5147 scri-

2494 5156 2624 5227 serit
2666 5147 2880 5227 Paulps,
2918 5164 2982 5203 ve
3006 5152 3128 5227 le_m_
3149 5162 3458 5227 annotasset
3485 5172 3497 5208 :
3530 5157 3630 5227 etsi
3662 5157 3795 5211 nihil
3828 5160 3914 5215 hic
3935 5163 3998 5218 de

2489 5216 2601 5294 {auli
2633 5218 2943 5299 scriptione,
2976 5221 3068 5299 sed
3100 5221 3164 5275 de
3195 5220 3277 5275 his
3299 5237 3417 5299 qua:
3449 5239 3545 5299 pro
3569 5225 3669 5279 loci
3699 5240 3762 5281 ac
3786 5216 3995 5299 tempoQ

2459 5288 2529 5337 ris
2559 5288 2877 5365 necessitate
2902 5297 2992 5341 aut
3020 5288 3420 5365 circumstantia
3450 5288 3590 5361 'egit,
3621 5310 3737 5364 qua:
3764 5288 3997 5355 alias-fo—

2459 5355 2814 5434 rentillicita,
2844 5366 3041 5434 etquae
3072 5358 3131 5434 in
3154 5362 3456 5434 exemplum
3488 5355 3701 5418 trahere
3732 5381 3839 5420 non
3871 5384 3995 5423 con-

2457 5424 2619 5503 venit.
2674 5423 2847 5503 Malim
2901 5423 3190 5503 ἁγιασμόν,
3244 5423 3697 5500 puriﬁcationem,
3734 5449 3838 5503 qua
3873 5454 3995 5493 voce

2456 5493 2624 5567 Lucas
2650 5497 2824 5567 semel
2860 5504 2913 5567 et
2943 5493 3133 5551 iterum
3176 5493 3514 5565 uti'tur,'Act.
3552 5519 3660 5567 XXI,
3688 5493 3783 5557 ’241
3829 5506 3997 5567 Ἀγνί-

2458 5525 2624 5547 ι.ιιι.αθ
2650 5525 2814 5548 acuum
2860 5525 2913 5549 ct
2943 5525 3133 5551 ιιιτιυιιι
3176 5525 3363 5565 Utitur,
3398 5525 3514 5556 nu.
3552 5525 3660 5567 XXI,
3694 5525 3783 5557 ις.
3847 5525 3885 5559 A
3928 5525 3997 5561 vt-

2458 5562 2610 5644 7951t
2643 5564 2736 5615 σὺν
2770 5564 2968 5644 αὐτοῖς,
3004 5566 3085 5618 ἴνα
3132 5567 3570 5644 ξυρίσωνταιτὴν
3602 5575 3862 5644 κεφαλήν.
3892 5525 3997 5631 ἓν·

2456 5631 2659 5708 νξῇεηνε
2716 5649 2830 5708 cunt
2865 5635 2987 5708 illis
3018 5652 3033 5687 :
3064 5646 3114 5687 ut
3146 5631 3314 5701 caput
3367 5631 3576 5707 radan't,
3630 5631 3995 5702 Nolana-orum

2458 5704 2593 5763 ritu;
2626 5718 2731 5755 non
2763 5704 2836 5757 sic
2864 5704 3101 5759 barbam.
