4248 6444
224 439 340 502 813

1403 423 1924 487 EPISTOLARUM
1965 423 2032 480 LI
2046 423 2187 480 BER
2233 422 2275 478 l.

3326 413 3429 476 814

215 553 484 607 τοιούτων
538 551 712 617 λόγων
769 548 862 601 καὶ
894 547 1163 616 πράξεων,
1213 545 1311 612 τὴν
1360 543 1641 596 ἀσθένειαν
1677 541 1783 591 τῶν
1815 548 1892 597 Α.

1758 557 1783 588 ν
1815 548 1855 597 Α
1887 549 2130 607 exempla
2180 555 2242 590 ex
2289 533 2548 603 ejusmodi
2612 533 2951 586 sermonibus
2999 541 3157 599 atque
3223 531 3429 585 aclibus

217 643 529 714 ἀκροατῶν,
555 643 646 693 καὶ
671 642 768 708 τὴν
786 639 1095 706 οἰκονομίαν
1121 637 1213 688 τοῦ
1241 636 1418 700 λόγον·
1438 636 1535 702 τήν
1559 651 1614 684 τε
1648 635 1778 698 προς

215 739 350 792 τοὺς
403 731 890 798 ἀντιτεταγμένους
939 728 1115 795 μάχην
1147 724 1433 793 περιελὼν,
1462 724 1640 790 γυμνά
1676 722 1780 771 τὼν

217 825 548 894 εἰρημένων,
586 822 681 872 καί
712 821 785 881 ὡς
804 820 978 884 δόγμα
1006 815 1296 887 προϐάλλοι
1321 819 1409 867 καὶ
1441 814 1775 882 περιθαλποι,

217 916 426 975 αὐτοὺς
461 913 699 973 ἐκείνους
744 911 865 971 τοὺς
895 911 963 960 τά
1014 908 1237 960 τοιαῦτα
1273 908 1363 957 καὶ
1415 906 1660 964 εἰπόντας
1690 904 1780 954 καὶ

218 1003 558 1073 πράξαντας,
584 1003 798 1072 εὑρήσει
822 999 937 1052 κατ’
959 998 1121 1050 αὑτοῦ
1141 997 1235 1066 τὴν
1258 998 1574 1058 δικάζουσαν
1601 996 1782 1062 ἀφιέν-

219 1114 326 1157 τας
356 1095 552 1162 ψῆφον.

301 1189 382 1238 κ’.
419 1186 533 1236 Ἔτι
565 1183 641 1243 δὲ,
677 1185 722 1234 εί
761 1183 856 1251 μὲν
889 1181 1321 1248 ὑπομνησθέντες
1349 1179 1474 1246 περὶ
1517 1177 1606 1230 τοῦ
1648 1194 1780 1245 προ-

221 1278 483 1344 κειμένου
516 1274 832 1341 κεφαλαίου,
849 1275 956 1325 τῶν
976 1275 1273 1341 εἰρημένων
1293 1271 1542 1337 Πατέρων
1565 1271 1780 1319 ἀντεῖπε

219 1368 288 1418 τὸ
319 1367 623 1433 σύνταγμα,
663 1366 756 1414 καὶ
789 1363 920 1433 πρὸς
952 1364 1196 1414 ἕνστασίν
1237 1379 1354 1412 τινα
1383 1361 1477 1410 καὶ
1509 1359 1781 1410 ἀπείθειαν

221 1457 636 1522 ἀπεθρασυνετο
657 1473 668 1485 ο
695 1455 954 1506 διέτεινάν
979 1471 1034 1504 τε
1064 1457 1129 1522 τῇ
1156 1453 1288 1521 αὐτῇ
1327 1454 1646 1520 παρατροπῇ
1686 1450 1781 1516 τῆς

219 1545 408 1612 δόξης,
466 1543 559 1595 καὶ
616 1545 698 1594 ἐπ’
739 1544 872 1611 αὑτῇ
907 1543 997 1593 τὸν
1042 1541 1151 1609 βίον
1202 1542 1336 1610 μετά
1363 1541 1487 1600 τοὺς
1532 1539 1782 1606 ἐλέγχους

225 1630 622 1700 κατέστρεψαν,
659 1632 869 1696 ἀνάγκη
908 1630 1128 1693 τούτους
1157 1629 1654 1683 συναποϐάλλεσθαι
1706 1627 1782 1695 τῷ

223 1723 559 1791 φρονήματι.
588 1722 648 1772 Ei
668 1721 718 1772 δὲ
744 1721 1182 1788 παρεφθέγξαντο
1214 1722 1331 1787 μὲν,
1376 1720 1407 1788 ἢ
1443 1719 1528 1771 διά
1553 1735 1671 1771 τινα
1698 1722 1780 1770 αἰ-

223 1815 351 1866 τίαν
383 1813 475 1865 νῦν
504 1813 867 1879 ἀγνοουμένην
890 1813 1017 1878 ἡμῖν
1046 1813 1144 1879 τῆς
1171 1811 1460 1879 εὐθύτητος
1490 1812 1782 1879 ἐξετράπη-

1887 632 2189 682 auditorum
2212 629 2594 687 imbecillitate,
2618 624 2982 692 doctrinznque
3005 622 3428 690 dispensatione.

1888 737 1983 773 nec
2017 738 2121 772 non
2150 719 2575 770 adversariorum
2635 730 2830 784 pugna,
2859 715 2943 767 his
2969 713 3118 767 nuda
3149 729 3267 781 quae
3289 714 3428 765 (ῆι-εκ

1885 823 2026 873 sunt,
2051 822 2103 863 et
2124 821 2179 861 ut
2203 810 2387 877 dogma
2417 814 2678 874 proponat
2709 805 3008 872 foveatque,
3040 804 3156 857 illos
3186 802 3274 871 qui
3306 804 3428 855 talia

1887 903 1965 954 vel
2012 901 2170 954 locuti
2228 911 2350 952 sunt
2387 898 2465 949 vel
2510 908 2752 966 egerunt,
2802 897 2905 950 lata
2969 895 3164 949 ineunt
3205 905 3430 949 senten-

1887 995 1977 1055 tia,
2009 995 2178 1061 ipsum
2211 993 2462 1044 daumare
2491 990 2741 1042 inveniet.

1956 1174 2071 1226 ΧΧ.
2101 1172 2383 1233 Praeterea,
2415 1173 2455 1224 si
2492 1187 2612 1224 eum
2647 1171 3016 1225 meminissent
3061 1171 3314 1238 propositi
3344 1186 3430 1223 cas

1887 1267 2060 1332 pituli,
2108 1267 2370 1318 dit-torum
2410 1265 2621 1316 l’atrum
2672 1272 2845 1316 castus
2889 1263 3316 1322 contradixisset,
3383 1273 3435 1313 et

1886 1365 1942 1408 ut
2001 1357 2391 1408 contentiosius
2477 1356 2808 1407 obsisterent
2855 1368 2955 1405 nec
2999 1353 3435 1421 obtemperarent

1886 1448 2092 1499 animos
2132 1449 2523 1511 ohlirmassent,
2551 1456 2711 1513 atque
2773 1446 2827 1497 in
2869 1460 2929 1496 ea
2965 1459 3124 1510 prava
3183 1444 3434 1510 opinione

1888 1548 2348 1605 perseverassent,
2387 1540 2612 1605 ejusque
2663 1535 2990 1603 reprehensi,
3028 1535 3308 1587 sententia:
3355 1543 3432 1585 te-

1889 1646 2049 1683 uaces
2103 1631 2262 1682 vitam
2307 1645 2427 1682 cum
2486 1638 2657 1681 morte
2699 1636 3154 1690 commutassent;
3213 1641 3435 1677 necesse

1887 1730 2029 1773 esset
2083 1730 2137 1772 ut
2168 1736 2287 1772 cum
2321 1733 2501 1771 errore
2535 1733 2805 1783 sensuque
2845 1732 2940 1768 suo
2995 1715 3430 1781 exploderentur.

1890 1813 1981 1864 Sin
2009 1823 2187 1865 autem
2214 1812 2348 1862 male
2372 1810 2582 1878 quidem
2603 1810 2761 1861 locuti
2794 1817 2938 1870 sunt,
2972 1807 3252 1874 autaliqua
3276 1822 3433 1857 causa

225 1920 331 1956 σαν
356 1919 369 1934 ο
397 1903 620 1970 οὐδεμία
650 1904 704 1954 δὲ
748 1902 968 1970 ζήτησις
997 1904 1174 1964 αὐτοῖς
1204 1905 1644 1971 προσενήνεκται,
1670 1903 1777 1954 οὐδ’
1813 1895 1850 1946 Β
1884 1919 1902 1954 r

1753 1904 1777 1953 i‘
1813 1895 1850 1946 Β
1884 1919 2026 1956 nunc
2055 1902 2211 1955 nobis
2253 1902 2427 1970 ignota
2455 1917 2485 1952 a
2527 1909 2672 1952 recto
2714 1899 2922 1951 tramite
2951 1898 3266 1961 deviarunt;
3291 1898 3430 1949 trulla

222 1996 310 2054 είς
332 1993 562 2060 μάθησιν
590 1994 686 2060 τῆς
712 1992 967 2059 ἀληθείας
997 1994 1168 2054 οὐδεὶς
1199 1995 1390 2056 αὐτοὺς
1424 1994 1780 2061 παρεκάλεσε,

229 2083 477 2150 Πατέρας
510 2084 604 2150 μέν
632 2082 781 2134 οὐδὲν
823 2080 1038 2133 ἔλαττον
1073 2084 1286 2144 αὐτοὺς,
1320 2085 1365 2134 εί
1395 2084 1488 2134 καὶ
1528 2083 1603 2151 μὴ
1630 2083 1785 2134 τοῦτο

223 2169 402 2239 εἷπον,
438 2175 871 2243 ἐπιγραῲόμεθα,
907 2175 994 2226 διά
1054 2192 1110 2226 τε
1145 2176 1202 2226 τὸ
1228 2175 1320 2226 τοῦ
1373 2174 1487 2242 βίου
1515 2175 1781 2243 λαμπρὸν,

229 2268 324 2319 καῖ
384 2267 482 2335 τῆς
512 2269 711 2336 ἀρετῆς
769 2269 827 2322 τὸ
860 2270 1157 2337 αἰδέσιμον,
1189 2271 1283 2321 καὶ
1309 2270 1406 2336 τῆς
1436 2269 1599 2339 ἄλλης
1632 2270 1784 2320 εὐσε-

225 2357 384 2419 ϐείας
427 2359 485 2410 τὸ
537 2359 949 2426 ἀκατάγνωστον
972 2377 983 2389 ·
1021 2363 1128 2419 τοῖς
1157 2361 1212 2411 δὲ
1243 2361 1420 2425 λόγοις
1457 2360 1677 2419 τούτων,
1729 2362 1785 2410 ἐν

227 2443 313 2509 οἷς
364 2450 801 2519 παρηνέχθησαν,
859 2451 955 2518 οὐχ
987 2451 1243 2520 ἑψόμεθα.
1299 2451 1453 2502 Ὅσοι
1482 2452 1534 2502 δὲ
1564 2451 1781 2513 τούτων,

229 2539 511 2608 βιάζονται
537 2543 612 2604 είς
634 2542 908 2594 ἀντίθετον
934 2541 1235 2612 μαρτυρίαν
1265 2541 1434 2595 ἐλθεῖν
1465 2543 1558 2611 τῆς
1588 2545 1782 2594 Δεσπο-

228 2630 387 2699 τικῆς
418 2634 619 2699 φωνῆς,
644 2625 787 2684 οὗτοι
817 2633 958 2697 λέξει
988 2634 1083 2700 μὲν
1113 2637 1290 2703 γυμνῇ
1317 2634 1408 2686 τὸν
1434 2635 1644 2703 Πατέρα
1668 2635 1787 2688 τού-

227 2735 344 2782 τοις
373 2723 715 2789 χαρίζονται·
757 2723 900 2793 ἔργῳ
941 2724 998 2776 δέ
1033 2725 1125 2776 καὶ
1153 2725 1301 2793 πάσῃ
1342 2726 1541 2794 σπουδῇ
1582 2728 1659 2787 είς
1688 2726 1786 2793 τὴν

228 2811 340 2862 τῶν
374 2812 710 2882 πατραλοιῶν
732 2816 824 2868 καὶ
851 2815 1116 2883 πολεμίων
1133 2815 1314 2885 χώραν
1345 2816 1535 2877 αὐτοὺς
1553 2816 1789 2868 ἀπελαύ-

234 2919 437 2955 νουσιν.
481 2903 663 2972 Ἡμεῖς
688 2904 764 2964 δὲ,
796 2906 916 2957 ἐπεὶ
947 2907 1036 2956 καὶ
1075 2907 1264 2968 ἄλλους
1295 2908 1442 2970 τινὰς
1475 2907 1580 2960 τῶν
1611 2927 1785 2976 μακα-

233 2991 367 3059 ρίων
391 2993 546 3061 ήμῶν
571 2994 826 3062 Πατέρων
874 2995 966 3048 καὶ
990 2995 1320 3048 διδασκάλων
1341 3036 1353 3057 ,
1395 3000 1449 3048 ἐν
1501 2999 1710 3061 πολλοῖς
1731 3017 1788 3052 τε

232 3081 413 3144 ἄλλοις
448 3086 546 3152 τῆς
574 3084 856 3154 ἀκριϐείας
883 3085 989 3138 τῶν
1027 3086 1199 3156 ὀρθῶν
1245 3088 1526 3156 δογμάτων
1589 3108 1789 3158 παρεν-

229 3170 485 3239 εχθέντας
541 3173 1060 3242 καταλαμϐάνοντες,
1110 3176 1169 3228 τὸ
1221 3177 1317 3246 μὲν
1352 3178 1694 3246 παρενεχθὲν,
1726 3181 1784 3231 οὐ

236 3265 551 3334 προσθήκην
595 3265 878 3333 δεχόμεθα,
911 3266 1034 3328 τοὺς
1085 3268 1281 3337 ἄνδρας
1307 3269 1360 3319 δὲ
1397 3271 1778 3337 ἀσπαζόμεθα·

232 3353 377 3407 οὕτω
403 3355 493 3408 καὶ
519 3357 663 3418 τοὺς,
688 3358 737 3407 εἴ
759 3372 898 3416 τινες
922 3357 1300 3426 ὑπηνέχθησαν
1330 3362 1500 3410 εἰπεῖν
1535 3363 1592 3411 τὸ
1619 3361 1783 3412 Πνεῦ-

235 3462 317 3514 μα
343 3447 404 3498 ἐκ
435 3445 526 3498 τοῦ
552 3446 678 3499 Υίοῦ
715 3448 1104 3516 ἐκπορεύεσθαι
1125 3465 1137 3477 ο
1170 3449 1229 3500 τὸ
1262 3449 1359 3517 μὲν
1389 3450 1533 3518 παρὰ
1566 3452 1661 3519 τὴν
1689 3454 1783 3502 Δε-

235 3539 496 3606 σποτικὴν
527 3537 726 3608 φωνὴν,
761 3539 818 3589 οὺ
843 3539 1137 3608 δεχόμεθα·
1186 3540 1425 3603 ἐκείνους
1465 3541 1519 3593 δὲ
1552 3543 1647 3611 τῆς
1679 3542 1784 3595 τῶν

239 3628 494 3696 ῐὶατέρων
520 3630 716 3697 ἀγέλης
751 3632 847 3681 οὐκ
875 3633 1260 3700 ἀποκρίνομεν.

311 3720 438 3770 ΚΑν.
468 3721 575 3772 Καὶ
608 3721 714 3788 γὰρ
742 3723 828 3771 καὶ
857 3722 1125 3773 Διονύσιον
1154 3722 1242 3772 τὸν
1260 3723 1654 3792 Ἀλεξανδρείας
1676 3725 1783 3792 (15)

235 3806 314 3876 τῷ
347 3808 490 3876 χορῷ
519 3809 623 3860 τῶν
649 3810 817 3876 ἁγίων
849 3811 1104 3879 Πατέρων
1131 3814 1524 3875 συντάττοντες,
1560 3815 1655 3874 τάς
1696 3815 1784 3866 ὑπ’

237 3899 403 3952 αὑτοῦ
428 3899 706 3968 λεχθείσας
725 3902 860 3968 πρὸς
890 3902 980 3953 τὸν
1011 3902 1177 3953 Λίϐυν
1222 3901 1493 3953 Σαϐἑλλιοι
1530 3904 1789 3972 Ἀρειανι-

241 3993 340 4053 κάς
368 3993 547 4058 φωνὰς
601 3993 861 4059 οὐμενοῦν
886 3995 945 4043 οὺ
981 3993 1470 4063 συναποδεχόμεθα,
1509 3996 1642 4046 ἀλλά
1696 3999 1789 4047 καὶ

241 4080 513 4140 παντελῶς
541 4080 934 4149 ἐκτρεπόμεθα.
987 4083 1092 4133 Καὶ
1128 4083 1217 4132 τὸν
1251 4085 1306 4132 ἐν
1339 4083 1570 4149 μάρτυσι
1620 4086 1789 4151 μέγαν

240 4171 530 4233 Μεθὸδιον,
566 4171 621 4234 ὃς
649 4173 771 4233 τοὺς
800 4174 1209 4243 ἀρχιερατικοὺς
1246 4174 1335 4224 τοῦ
1373 4175 1635 4242 Πατάρων
1667 4175 1790 4242 θρό-

241 4281 332 4316 νου
393 4264 836 4333 ἐπιδαλιούχησεν
889 4267 1077 4327 οἴακας
1100 4283 1112 4296 ·
1147 4266 1223 4318 ἔτι
1250 4267 1347 4335 μὲν
1387 4268 1477 4319 καὶ
1505 4269 1790 4336 Εἰρηναῖον

1888 2006 2062 2049 tamen
2108 1995 2213 2047 illis
2263 1993 2487 2062 quzestio
2527 1993 2698 2044 ohlata
2730 2001 2831 2054 est,
2883 2005 2982 2045 nec
3037 1989 3317 2058 quisquam
3365 1991 3428 2040 ad

1886 2085 2304 2139 condiscendam
2345 2084 2625 2135 veritatem
2676 2082 2793 2133 illos
2849 2081 3176 2148 provocavit,
3212 2079 3432 2147 perinde

1888 2180 2004 2232 illos
2030 2180 2080 2231 in
2111 2178 2324 2230 Patrum
2358 2178 2478 2229 albo
2511 2177 2861 2235 admittimus,
2890 2190 2951 2227 ac
2980 2175 3023 2226 si
3056 2175 3193 2226 istud
3217 2173 3432 2226 minim»:

1886 2271 2166 2329 dixissent,
2201 2278 2418 2338 propter
2461 2269 2580 2320 vita:
2627 2267 2920 2319 claritatem
2980 2280 3042 2319 ac
3090 2264 3432 2333 spectabilem

1887 2363 2158 2421 virtutem.
2199 2377 2294 2413 nec
2341 2378 2446 2413 non
2488 2362 2743 2428 reliquam
2793 2359 3117 2426 iuculpatam
3170 2359 3326 2410 ﬁdem
3375 2373 3436 2409 ac

1888 2457 2138 2522 pietatem
2171 2472 2181 2504 :
2208 2455 2508 2507 doctrinam
2541 2469 2686 2517 vero,
2721 2453 2774 2504 in
2801 2467 2904 2519 qua
2925 2466 2952 2503 a
2978 2449 3216 2503 veritatis
3244 2449 3432 2503 semita

1888 2545 2224 2607 aberrarunt,
2258 2561 2362 2597 non
2394 2544 2687 2611 sequimur.
2718 2543 2991 2610 Quotquot
3038 2555 3165 2594 vero
3213 2550 3433 2610 cogunt.

1888 2645 1942 2689 ut
1985 2636 2258 2689 contraria
2290 2638 2608 2688 auctoritate
2663 2633 2955 2686 Dominica:
2994 2631 3110 2685 voci
3146 2631 3435 2686 adversen-

1895 2737 2000 2792 tur,
2041 2728 2090 2780 hi
2127 2729 2266 2779 nuda
2291 2728 2504 2795 quidem
2539 2741 2669 2779 voce
2701 2726 2874 2778 Patris
2916 2724 2994 2778 eis
3032 2724 3244 2778 titulum
3285 2722 3435 2777 dele-

1889 2829 2032 2881 runt,
2073 2820 2211 2872 facto
2261 2835 2388 2871 vero
2442 2819 2693 2886 omnique
2734 2832 2895 2885 opera
2947 2817 3000 2868 in
3043 2817 3430 2885 parricidarum

1889 2914 2045 2971 atque
2080 2906 2312 2957 hostium
2353 2921 2444 2956 eos
2470 2905 2696 2957 classem
2723 2905 3038 2957 detrudunt.
3085 2903 3193 2958 Nos
3234 2914 3433 2962 autem.

1891 2997 1980 3063 qui
2013 2996 2145 3047 alios
2178 3011 2389 3062 quoque
2431 2995 2720 3049 nonnullos
2770 3004 3078 3047 sanctorum
3129 3005 3436 3048 nostrorum

1890 3087 2103 3138 Patrum
2136 3101 2198 3139 ac
2226 3086 2600 3154 magistrorum
2633 3101 2658 3137 ο
2693 3094 2957 3138 rectorum
2981 3087 3286 3154 dogmaturr
3334 3086 3437 3139 ﬁde

1891 3177 2223 3230 exorbitasse
2253 3178 2637 3246 intelligamus,
2657 3177 2799 3244 quod
2817 3177 3032 3244 quidem
3051 3177 3435 3240 exorbitarunt,

1887 3269 1939 3320 in
1966 3269 2204 3321 doctrina
2248 3279 2450 3337 partem
2509 3283 2614 3320 non
2662 3268 3008 3330 assumimus,
3057 3267 3201 3320 viros
3261 3275 3437 3320 tamen

1884 3359 2294 3425 amplectimur:
2336 3358 2406 3408 ita
2436 3357 2598 3408 etiam
2636 3357 2680 3408 si
2708 3357 2902 3423 quibus
2948 3356 3185 3422 obrepsit
3220 3365 3278 3408 ut
3322 3356 3440 3424 Spi-

1886 3451 2044 3502 ritum
2094 3465 2121 3502 a
2179 3450 2314 3501 Filio
2369 3448 2660 3516 procedere
2705 3448 2979 3510 dicerent;
3018 3447 3159 3515 quod
3224 3449 3437 3515 quidem

1887 3541 2176 3594 Dominicre
2220 3541 2334 3593 voci
2381 3541 2699 3593 adversetur
2744 3555 2850 3592 non
2908 3539 3263 3604 admittimus,
3322 3540 3439 3593 illos

1888 3642 2064 3686 tamen
2097 3651 2124 3685 a
2157 3635 2368 3686 Patrum
2392 3643 2528 3685 cmtu
2555 3649 2660 3685 non
2683 3633 2974 3700 rejicimus.

1958 3719 2094 3771 ΧΧΙ.
2153 3719 2362 3771 Etenim
2425 3719 2732 3786 Dionysium
2773 3736 2986 3788 quoque
3016 3719 3436 3772 Alexandrinum

1887 3821 2192 3862 sanctorum
2229 3810 2443 3862 Patrum
2477 3811 2642 3863 choro
2677 3821 3045 3872 accenseutes,
3085 3811 3225 3862 haud
3255 3819 3434 3863 tamen

1888 3901 2056 3953 dictas
2097 3901 2163 3952 ab
2202 3917 2264 3953 eo
2311 3902 2587 3952 Arianicas
2632 3917 2790 3954 voces
2842 3903 3100 3957 adversus
3150 3905 3438 3958 Sabellium

1890 4000 2140 4067 Libycum
2168 3999 2387 4066 perimle
2415 3999 2720 4065 recipimus.
2755 4002 2884 4066 quin
2916 4001 3075 4052 etiam
3109 4017 3329 4070 prorsus
3356 4020 3440 4056 re-

1892 4091 2194 4158 pudiamus.
2241 4090 2482 4158 Magnum
2533 4089 2715 4140 itidem
2749 4090 3077 4143 Methodium
3120 4103 3437 4163 martyrem,

1892 4183 1982 4250 qui
2019 4182 2325 4233 Patarensis
2351 4179 2598 4233 Ecclesia:
2626 4180 2831 4233 clavum
2865 4182 3060 4248 praesul
3081 4184 3398 4251 gubernavit
3426 4204 3437 4237 :

1891 4284 2150 4343 prmterea
2181 4275 2338 4326 etiam
2375 4272 2629 4325 Irenaaum
2667 4271 3079 4341 Lugdunensem
3103 4279 3436 4345 episcopum,

1740 4450 1969 4505 ΝΟΤίΕ.

314 4576 424 4644 (ib)
464 4580 780 4656 Διονύσιοτς
804 4582 1573 4656 τὸνἊλεξίινδρείᾳςῴοηεο
1603 4587 1783 4656 dispar
1815 4599 1857 4651 Ι)
1886 4591 1991 4643 sedi

1761 4606 1783 4641 r
1815 4599 1857 4651 Ι)
1886 4591 2027 4643 sedis
2064 4597 2118 4641 et
2155 4587 2472 4655 Apostolicae
2511 4587 2810 4654 summique
2841 4586 3030 4656 capitis
3068 4589 3284 4641 nomine
3343 4589 3435 4642 tibi

240 4647 383 4699 illius
429 4662 609 4721 causa.
653 4660 706 4702 et
751 4651 988 4714 Patrum,
1027 4647 1252 4721 quorum
1292 4647 1780 4710 Pliotius'auctori-

240 4726 400 4792 tatem
425 4719 638 4784 exeipit.
665 4721 880 4773 Errasse
907 4724 958 4774 in
1004 4719 1267 4791 theologia
1296 4724 1579 4792 Dionysius
1605 4729 1783 4780 statim

239 4785 451 4863 agnitus
496 4796 601 4863 est_._
644 4800 734 4841 aut
785 4800 930 4863 certe
975 4785 1307 4844 occasionem
1344 4785 1554 4846 dedisse
1595 4796 1671 4847 sic
1722 4798 1788 4850 de

244 4855 331 4905 illo
354 4855 626 4930 oti-inaudi,
659 4875 815 4925 quam
843 4862 1002 4912 etiam
1039 4863 1341 4928 Opinionem
1372 4863 1573 4915 studuit
1607 4865 1788 4918 eluere

239 4933 293 5002 et
336 4926 643 5002 satisfacere
673 4945 683 4976 :
719 4944 817 5002 qua
848 4931 958 5002 ipsa
985 4926 1261 5002 modestia,
1303 4942 1353 4983 et
1388 4934 1528 4982 cultu
1562 4933 1788 5002 Dionysii

241 4993 368 5070 item
419 4993 645 5070 Romani
681 4993 957 5070 antistitis,
991 5000 1247 5052 Catholici
1289 5017 1477 5052 nomen
1517 5004 1613 5053 sibi
1655 4995 1784 5056 reti-

242 5063 355 5112 nuit
413 5071 464 5114 et
511 5063 699 5126 Patris,
755 5069 959 5119 tametsi
1004 5070 1179 5119 aerius
1222 5071 1273 5120 in
1327 5071 1473 5122 illum
1518 5072 1783 5125 invehitur

241 5131 484 5207 Basilius,
529 5136 831 5207 vindicante
885 5139 1197 5190 Athanasio.
1245 5141 1372 5202 Quis
1419 5158 1544 5193 vero
1585 5146 1781 5195 erroris

241 5202 588 5276 in_tltcr3logia
637 5206 856 5276 notavit,
909 5207 1045 5272 quod
1091 5210 1138 5259 in
1177 5212 1514 5275 proeessione
1554 5211 1781 5276 Spiritus

242 5269 406 5346 l-‘ilius
434 5269 570 5321 Patri
605 5269 1000 5342 adiungeretur.
1026 5287 1077 5329 et
1110 5269 1424 5344 ex'utroque
1454 5269 1741 5346 procedere
1765 5321 1776 5336 .

240 5344 434 5389 nedum
473 5350 586 5414 tres_
625 5346 807 5402 relati;
849 5361 1030 5396 verum
1071 5350 1228 5400 etiam
1262 5344 1584 5414 pluresialns
1611 5352 1778 5402 ϐτίεοὶ

238 5419 435 5473 pariter
470 5424 535 5487 ac
570 5411 738 5463 Latini
776 5414 1191 5487 proﬁterentur?
1230 5411 1479 5482 Oportuit
1531 5419 1778 5471 l’hotium

238 5491 435 5555 novum
457 5480 614 5555 sidus
633 5497 868 5551 surgere,
895 5487 955 5535 ad
982 5485 1176 5537 l‘wdum
1206 5480 1463 5548 errorem,
1491 5489 1778 5540 llomiuiete

236 5551 353 5598 voci
386 5551 745 5614 contrarium,
785 5563 835 5605 et
872 5555 953 5604 cui
989 5556 1305 5606 slabdiendo
1349 5556 1445 5606 iiee
1476 5559 1618 5609 orbis
1652 5575 1781 5610 con—

237 5630 431 5666 sensus
480 5620 732 5690 sullieiat.
786 5638 886 5672 una
934 5624 1070 5675 illius
1127 5626 1245 5676 luce
1302 5626 1652 5690 detegendum
1720 5643 1780 5680 ac

237 5688 661 5764 Coarguendum.
689 5689 813 5764 llaec
837 5701 920 5764 tua
949 5694 1073 5752 fata.
1107 5695 1342 5746 (inuria!
1380 5688 1435 5744 nt
1470 5697 1566 5746 hoe
1610 5698 1781 5764 capite

240 5765 434 5829 renuas
476 5757 661 5824 subjici
706 5761 815 5810 sedi
855 5762 1011 5820 Petri,
1054 5775 1309 5829 puti-sque
1352 5775 1399 5815 te
1442 5776 1648 5817 uaetam
1677 5757 1780 5817 Ive-

241 5829 472 5886 litati-iu,
508 5845 533 5876 a
580 5845 678 5894 qua
718 5830 799 5880 illa
835 5834 1106 5894 cxriderit,
1140 5850 1305 5899 eoque
1344 5837 1558 5886 nomine
1601 5836 1781 5900 primm

1887 4658 2197 4712 blandiaris.
2236 4656 2585 4724 Reliquorum
2631 4673 2864 4716 errores,
2915 4660 3103 4724 partim
3149 4659 3214 4710 ab
3272 4659 3440 4709 lia-re-

1891 4730 2011 4781 tieis
2045 4726 2267 4795 aspersi,
2312 4728 2502 4792 partim
2537 4727 2631 4778 arvi
2669 4726 3008 4794 simplicitate
3049 4729 3178 4788 nati,
3219 4729 3441 4778 minoris

1888 4799 1998 4852 fere
2056 4798 2348 4857 momenti,
2396 4813 2553 4863 quam
2604 4805 2661 4846 ut
2717 4795 3031 4859 theologiam
3095 4798 3438 4864 attingerent.

1889 4871 1939 4920 in
1983 4885 2106 4935 qua,
2157 4876 2210 4917 et
2250 4866 2442 4916 (Lhristi
2493 4865 2746 4935 mysterio
2797 4865 3116 4925 astruendis,
3166 4877 3440 4918 strenuam

1888 4940 1921 4990 ii
1965 4932 2151 4989 Patres
2206 4935 2454 4986 (maxime
2494 4932 2755 5000 Iron-(eus)
2789 4935 3151 4986 adhibuerunt
3197 4950 3438 5002 operam,

1888 5024 1988 5073 qua
2019 5007 2179 5058 etiam
2217 5005 2519 5070 sanctisque
2556 5020 2738 5054 eorum
2777 5005 3017 5055 moribus
3049 5006 3106 5053 τὸ
3143 5004 3440 5071 θαυμάσιον

1890 5075 2246 5142 ἐξήπτραψαν,
2304 5075 2488 5124 mirum
2539 5075 2832 5124 claritatem
2887 5075 3060 5137 adepti
3100 5085 3246 5134 sunt,
3295 5083 3438 5125 etut

1892 5145 2061 5198 sancti
2097 5144 2278 5195 l’alres
2307 5151 2360 5193 et
2390 5143 2639 5195 Ecclesiae
2669 5143 2904 5211 magistri
2939 5144 3265 5195 haherentnr
3291 5162 3303 5194 :
3332 5158 3436 5194 non

1889 5216 2026 5280 quod
2063 5214 2196 5264 male
2214 5211 2611 5280 reddit-Metius,
2652 5211 3088 5263 Vitrvinnocentia
3105 5223 3150 5263 ct
3177 5211 3439 5264 miraculis

1888 5279 2206 5335 claruerunt.
2258 5279 2385 5332 Nam
2438 5299 2561 5348 rogo
2612 5285 2751 5333 unde
2807 5283 3027 5334 l’hotius
3077 5298 3138 5334 ea
3185 5282 3439 5333 miracula

1892 5357 2094 5409 lialmit.
2148 5351 2226 5402 vel
2269 5351 2461 5417 Papiae,
2501 5353 2582 5403 vel
2623 5351 2887 5403 aliorum?
2923 5352 3009 5404 Sic
3047 5353 3258 5418 quidem
3297 5367 3441 5402 nune

1889 5423 2224 5474 vindicandis
2262 5422 2461 5473 sanctis
2501 5438 2597 5473 usu
2650 5419 2893 5473 Romano
2928 5431 3241 5487 qumruntur
3280 5422 3440 5472 mira—

1886 5494 2023 5548 cula.
2061 5508 2125 5542 ne
2156 5489 2280 5558 quid
2310 5491 2528 5542 humani
2558 5491 2829 5558 subrepat.
2860 5500 2912 5543 et
2937 5493 3078 5557 quod
3113 5501 3217 5542 tam
3245 5490 3441 5542 multos

1887 5565 2157 5614 vindicare
2209 5577 2311 5610 non
2373 5561 2583 5613 intersit
2633 5561 2706 5611 rei
2756 5561 3108 5622 Christiana;
3159 5562 3250 5613 sed
3307 5576 3441 5626 quos

1889 5632 2025 5682 l‘n'us
2059 5630 2349 5696 majoribus
2380 5631 2546 5699 signis
2573 5645 2693 5682 cum
2729 5632 2848 5681 vita:
2878 5630 3103 5698 ﬁdeique
3135 5631 3439 5698 praestantia

1887 5701 2149 5753 i-lariones
2187 5699 2402 5758 ellieiat,
2448 5701 2682 5766 velitque
2728 5702 2838 5752 suis
2869 5700 3114 5754 lidelibus
3149 5717 3272 5754 eum
3307 5711 3441 5768 prae.-

1887 5772 2020 5822 sidio
2049 5787 2162 5820 esse
2188 5811 2199 5831 ,
2232 5780 2342 5820 tum
2376 5770 2637 5839 exemplo.
