  <div class='ocr_page' id='page_1' title='image "/cluster/home/n/w/nwhite01/storage/ocr_20150623/102/nnc1.0046979620/418.png"; bbox 0 0 4248 6444; ppageno 0'>
   <div class='ocr_carea' id='block_1_1' title="bbox 261 424 363 486">
    <p class='ocr_par' dir='ltr' id='par_1_1' title="bbox 261 424 363 486">
     <span class='ocr_line' id='line_1_1' title="bbox 261 424 363 486; baseline 0.01 -1"><span class='ocrx_word' id='word_1_1' title='bbox 261 424 363 486; x_wconf 82' lang='lat'><strong>817</strong></span> 
     </span>
    </p>
   </div>
   <div class='ocr_carea' id='block_1_2' title="bbox 1421 433 2310 497">
    <p class='ocr_par' dir='ltr' id='par_1_2' title="bbox 1421 433 2310 497">
     <span class='ocr_line' id='line_1_2' title="bbox 1421 433 2310 497; baseline -0.012 -1"><span class='ocrx_word' id='word_1_2' title='bbox 1421 435 1946 497; x_wconf 78' lang='lat' dir='ltr'><strong>EPISTOLARUM</strong></span> <span class='ocrx_word' id='word_1_3' title='bbox 1989 433 2213 493; x_wconf 80' lang='lat' dir='ltr'><strong>LIBER</strong></span> <span class='ocrx_word' id='word_1_4' title='bbox 2264 435 2310 491; x_wconf 86' lang='grc' dir='ltr'>ι.</span> 
     </span>
    </p>
   </div>
   <div class='ocr_carea' id='block_1_3' title="bbox 3380 427 3488 491">
    <p class='ocr_par' dir='ltr' id='par_1_3' title="bbox 3380 427 3488 491">
     <span class='ocr_line' id='line_1_3' title="bbox 3380 427 3488 491; baseline 0.009 -2"><span class='ocrx_word' id='word_1_5' title='bbox 3380 427 3488 491; x_wconf 71' lang='grc'><strong>818</strong></span> 
     </span>
    </p>
   </div>
   <div class='ocr_carea' id='block_1_4' title="bbox 256 539 1933 618">
    <p class='ocr_par' dir='ltr' id='par_1_4' title="bbox 256 539 1933 618">
     <span class='ocr_line' id='line_1_4' title="bbox 256 539 1933 618; baseline 0.004 -27"><span class='ocrx_word' id='word_1_6' title='bbox 256 539 579 607; x_wconf 78' lang='grc' dir='ltr'>διδάγματα,</span> <span class='ocrx_word' id='word_1_7' title='bbox 614 546 677 610; x_wconf 73' lang='grc' dir='ltr'><strong>τῇ</strong></span> <span class='ocrx_word' id='word_1_8' title='bbox 734 544 1205 616; x_wconf 74' lang='grc' dir='ltr'>ἀντιφθεγγομένῃ</span> <span class='ocrx_word' id='word_1_9' title='bbox 1266 547 1439 599; x_wconf 81' lang='grc' dir='ltr'>κτίσει</span> <span class='ocrx_word' id='word_1_10' title='bbox 1479 548 1559 618; x_wconf 80' lang='grc' dir='ltr'><strong>τῷ</strong></span> <span class='ocrx_word' id='word_1_11' title='bbox 1614 549 1818 615; x_wconf 75' lang='grc' dir='ltr'>Κτίστῃ</span> <span class='ocrx_word' id='word_1_12' title='bbox 1849 551 1933 605; x_wconf 79' lang='lat' dir='ltr'><strong>At</strong></span> 
     </span>
    </p>
   </div>
   <div class='ocr_carea' id='block_1_5' title="bbox 1807 539 3484 618">
    <p class='ocr_par' dir='ltr' id='par_1_5' title="bbox 1807 540 3484 614">
     <span class='ocr_line' id='line_1_5' title="bbox 1807 540 3484 614; baseline -0.002 -16"><span class='ocrx_word' id='word_1_13' title='bbox 1807 564 1818 614; x_wconf 65' lang='grc' dir='ltr'><strong>ι</strong></span> <span class='ocrx_word' id='word_1_14' title='bbox 1849 551 1895 605; x_wconf 79' lang='grc' dir='ltr'><strong>Α</strong></span> <span class='ocrx_word' id='word_1_15' title='bbox 1924 545 2218 599; x_wconf 89' lang='lat' dir='ltr'><strong>sacratiore</strong></span> <span class='ocrx_word' id='word_1_16' title='bbox 2249 545 2493 599; x_wconf 84' lang='lat' dir='ltr'><strong>doctrina</strong></span> <span class='ocrx_word' id='word_1_17' title='bbox 2523 557 2585 596; x_wconf 87' lang='lat' dir='ltr'><strong>ac</strong></span> <span class='ocrx_word' id='word_1_18' title='bbox 2618 541 2939 606; x_wconf 90' lang='lat' dir='ltr'><strong>initiatione,</strong></span> <span class='ocrx_word' id='word_1_19' title='bbox 2973 549 3236 596; x_wconf 72' lang='lat' dir='ltr'><strong>creatum</strong></span> <span class='ocrx_word' id='word_1_20' title='bbox 3260 540 3484 598; x_wconf 75' lang='lat' dir='ltr'><strong>adventa</strong></span> 
     </span>
    </p>
   </div>
   <div class='ocr_carea' id='block_1_6' title="bbox 254 632 1816 707">
    <p class='ocr_par' dir='ltr' id='par_1_6' title="bbox 254 632 1816 707">
     <span class='ocr_line' id='line_1_6' title="bbox 254 632 1816 707; baseline 0.008 -25"><span class='ocrx_word' id='word_1_21' title='bbox 254 632 585 700; x_wconf 80' lang='grc' dir='ltr'><strong>προσέθετο·</strong></span> <span class='ocrx_word' id='word_1_22' title='bbox 624 635 731 687; x_wconf 79' lang='grc' dir='ltr'>οὐδ’</span> <span class='ocrx_word' id='word_1_23' title='bbox 755 636 995 705; x_wconf 68' lang='grc' dir='ltr'><strong>ὑπέκυψε</strong></span> <span class='ocrx_word' id='word_1_24' title='bbox 1029 638 1214 706; x_wconf 85' lang='grc' dir='ltr'>νόμοις</span> <span class='ocrx_word' id='word_1_25' title='bbox 1249 637 1347 706; x_wconf 85' lang='grc' dir='ltr'>τῆς</span> <span class='ocrx_word' id='word_1_26' title='bbox 1395 640 1655 707; x_wconf 78' lang='grc' dir='ltr'><strong>κτίσεως,</strong></span> <span class='ocrx_word' id='word_1_27' title='bbox 1690 643 1816 702; x_wconf 69' lang='grc' dir='ltr'>τοὺς</span> 
     </span>
    </p>
   </div>
   <div class='ocr_carea' id='block_1_7' title="bbox 254 722 1820 802">
    <p class='ocr_par' dir='ltr' id='par_1_7' title="bbox 254 722 1820 802">
     <span class='ocr_line' id='line_1_7' title="bbox 254 722 1820 802; baseline 0.013 -29"><span class='ocrx_word' id='word_1_28' title='bbox 254 722 350 774; x_wconf 77' lang='grc' dir='ltr'>τοῦ</span> <span class='ocrx_word' id='word_1_29' title='bbox 391 726 624 779; x_wconf 76' lang='grc' dir='ltr'>κτίστου</span> <span class='ocrx_word' id='word_1_30' title='bbox 646 728 740 781; x_wconf 70' lang='grc' dir='ltr'>καὶ</span> <span class='ocrx_word' id='word_1_31' title='bbox 765 730 1108 800; x_wconf 81' lang='grc' dir='ltr'>Δημιουργοῦ</span> <span class='ocrx_word' id='word_1_32' title='bbox 1154 729 1353 800; x_wconf 85' lang='grc' dir='ltr'>νόμους</span> <span class='ocrx_word' id='word_1_33' title='bbox 1396 732 1820 802; x_wconf 62' lang='grc' dir='ltr'>περιγραφόμε-</span> 
     </span>
    </p>
   </div>
   <div class='ocr_carea' id='block_1_8' title="bbox 253 832 365 878">
    <p class='ocr_par' dir='ltr' id='par_1_8' title="bbox 253 832 365 878">
     <span class='ocr_line' id='line_1_8' title="bbox 253 832 365 878; baseline 0.009 -11"><span class='ocrx_word' id='word_1_34' title='bbox 253 832 365 878; x_wconf 88' lang='grc' dir='ltr'>νος.</span> 
     </span>
    </p>
   </div>
   <div class='ocr_carea' id='block_1_9' title="bbox 329 909 1812 988">
    <p class='ocr_par' dir='ltr' id='par_1_9' title="bbox 329 909 1812 988">
     <span class='ocr_line' id='line_1_9' title="bbox 329 909 1812 988; baseline 0.007 -28"><span class='ocrx_word' id='word_1_35' title='bbox 329 909 451 962; x_wconf 81' lang='lat' dir='ltr'><strong>KA&#39;.</strong></span> <span class='ocrx_word' id='word_1_36' title='bbox 483 909 730 979; x_wconf 80' lang='grc' dir='ltr'>Πατέρας</span> <span class='ocrx_word' id='word_1_37' title='bbox 754 911 937 982; x_wconf 79' lang='grc' dir='ltr'><strong>ζητεῖς</strong></span> <span class='ocrx_word' id='word_1_38' title='bbox 969 914 1302 986; x_wconf 82' lang='grc' dir='ltr'><strong>συνηγόρους</strong></span> <span class='ocrx_word' id='word_1_39' title='bbox 1341 916 1417 988; x_wconf 80' lang='grc' dir='ltr'><strong>τῷ</strong></span> <span class='ocrx_word' id='word_1_40' title='bbox 1470 918 1812 987; x_wconf 84' lang='grc' dir='ltr'>φρονήματι;</span> 
     </span>
    </p>
   </div>
   <div class='ocr_carea' id='block_1_10' title="bbox 253 997 1818 1077">
    <p class='ocr_par' dir='ltr' id='par_1_10' title="bbox 253 997 1818 1077">
     <span class='ocr_line' id='line_1_10' title="bbox 253 997 1818 1077; baseline 0.008 -28"><span class='ocrx_word' id='word_1_41' title='bbox 253 997 347 1049; x_wconf 72' lang='grc' dir='ltr'><strong>τὸν</strong></span> <span class='ocrx_word' id='word_1_42' title='bbox 374 1000 650 1070; x_wconf 84' lang='grc' dir='ltr'>Δεσπότην</span> <span class='ocrx_word' id='word_1_43' title='bbox 707 1002 869 1055; x_wconf 77' lang='grc' dir='ltr'>αὐτὸν</span> <span class='ocrx_word' id='word_1_44' title='bbox 919 1002 1061 1073; x_wconf 71' lang='grc' dir='ltr'>ἔχεις</span> <span class='ocrx_word' id='word_1_45' title='bbox 1082 1019 1095 1033; x_wconf 87' lang='grc'>⁶</span> <span class='ocrx_word' id='word_1_46' title='bbox 1130 1005 1237 1060; x_wconf 85' lang='grc' dir='ltr'><strong>τῶν</strong></span> <span class='ocrx_word' id='word_1_47' title='bbox 1274 1009 1663 1077; x_wconf 71' lang='grc' dir='ltr'>οἰκουμενικῶν</span> <span class='ocrx_word' id='word_1_48' title='bbox 1695 1026 1818 1061; x_wconf 84' lang='grc' dir='ltr'>συν-</span> 
     </span>
    </p>
   </div>
   <div class='ocr_carea' id='block_1_11' title="bbox 254 1089 1819 1171">
    <p class='ocr_par' dir='ltr' id='par_1_11' title="bbox 254 1089 1819 1171">
     <span class='ocr_line' id='line_1_11' title="bbox 254 1089 1819 1171; baseline 0.008 -31"><span class='ocrx_word' id='word_1_49' title='bbox 254 1089 390 1141; x_wconf 80' lang='grc' dir='ltr'>όδων</span> <span class='ocrx_word' id='word_1_50' title='bbox 416 1090 514 1153; x_wconf 81' lang='grc' dir='ltr'>τὰς</span> <span class='ocrx_word' id='word_1_51' title='bbox 535 1091 774 1162; x_wconf 72' lang='grc' dir='ltr'><strong>ψήφους⁸</strong></span> <span class='ocrx_word' id='word_1_52' title='bbox 811 1095 968 1164; x_wconf 80' lang='grc' dir='ltr'>χορὸν</span> <span class='ocrx_word' id='word_1_53' title='bbox 997 1096 1268 1167; x_wconf 79' lang='grc' dir='ltr'>οεοφόρων</span> <span class='ocrx_word' id='word_1_54' title='bbox 1298 1099 1553 1169; x_wconf 85' lang='grc' dir='ltr'>Πατέρων</span> <span class='ocrx_word' id='word_1_55' title='bbox 1587 1100 1819 1171; x_wconf 83' lang='grc' dir='ltr'>ἀριθμοῦ</span> 
     </span>
    </p>
   </div>
   <div class='ocr_carea' id='block_1_12' title="bbox 255 1178 1818 1262">
    <p class='ocr_par' dir='ltr' id='par_1_12' title="bbox 255 1178 1818 1262">
     <span class='ocr_line' id='line_1_12' title="bbox 255 1178 1818 1262; baseline 0.007 -30"><span class='ocrx_word' id='word_1_56' title='bbox 255 1178 542 1250; x_wconf 73' lang='grc' dir='ltr'>κρείττονα</span> <span class='ocrx_word' id='word_1_57' title='bbox 568 1200 580 1214; x_wconf 88' lang='grc'><strong>·</strong></span> <span class='ocrx_word' id='word_1_58' title='bbox 614 1184 670 1251; x_wconf 64' lang='grc' dir='ltr'><strong>ἐξ</strong></span> <span class='ocrx_word' id='word_1_59' title='bbox 701 1178 772 1238; x_wconf 79' lang='grc' dir='ltr'>ὧν</span> <span class='ocrx_word' id='word_1_60' title='bbox 800 1186 910 1255; x_wconf 78' lang='grc'><strong>(17)</strong></span> <span class='ocrx_word' id='word_1_61' title='bbox 945 1191 1034 1240; x_wconf 71' lang='grc' dir='ltr'>καὶ</span> <span class='ocrx_word' id='word_1_62' title='bbox 1062 1188 1110 1240; x_wconf 79' lang='lat' dir='ltr'><strong>oi</strong></span> <span class='ocrx_word' id='word_1_63' title='bbox 1144 1189 1454 1261; x_wconf 79' lang='grc' dir='ltr'><strong>λελεγμένοι</strong></span> <span class='ocrx_word' id='word_1_64' title='bbox 1485 1192 1691 1244; x_wconf 81' lang='grc' dir='ltr'>ἄνωθεν</span> <span class='ocrx_word' id='word_1_65' title='bbox 1723 1193 1818 1262; x_wconf 81' lang='grc' dir='ltr'><strong>τῆς</strong></span> 
     </span>
    </p>
   </div>
   <div class='ocr_carea' id='block_1_13' title="bbox 270 1271 1823 1350">
    <p class='ocr_par' dir='ltr' id='par_1_13' title="bbox 270 1271 1823 1350">
     <span class='ocr_line' id='line_1_13' title="bbox 270 1271 1823 1350; baseline 0.008 -25"><span class='ocrx_word' id='word_1_66' title='bbox 270 1271 488 1343; x_wconf 80' lang='grc' dir='ltr'><strong>Ῥώμης</strong></span> <span class='ocrx_word' id='word_1_67' title='bbox 519 1275 793 1348; x_wconf 79' lang='grc' dir='ltr'><strong>ἀρχιερεῖς</strong></span> <span class='ocrx_word' id='word_1_68' title='bbox 825 1279 1227 1350; x_wconf 76' lang='grc' dir='ltr'>ὲκδιδαχθέντες</span> <span class='ocrx_word' id='word_1_69' title='bbox 1248 1322 1261 1345; x_wconf 86' lang='grc'><em>,</em></span> <span class='ocrx_word' id='word_1_70' title='bbox 1298 1284 1387 1336; x_wconf 72' lang='grc' dir='ltr'><strong>καὶ</strong></span> <span class='ocrx_word' id='word_1_71' title='bbox 1432 1284 1518 1337; x_wconf 81' lang='grc' dir='ltr'>διὰ</span> <span class='ocrx_word' id='word_1_72' title='bbox 1547 1282 1641 1337; x_wconf 81' lang='grc' dir='ltr'><strong>τοῦ</strong></span> <span class='ocrx_word' id='word_1_73' title='bbox 1671 1287 1823 1337; x_wconf 79' lang='grc' dir='ltr'>ἐκτε-</span> 
     </span>
    </p>
   </div>
   <div class='ocr_carea' id='block_1_14' title="bbox 257 1364 1821 1445">
    <p class='ocr_par' dir='ltr' id='par_1_14' title="bbox 257 1364 1821 1445">
     <span class='ocr_line' id='line_1_14' title="bbox 257 1364 1821 1445; baseline 0.006 -27"><span class='ocrx_word' id='word_1_74' title='bbox 257 1364 509 1435; x_wconf 74' lang='grc' dir='ltr'>Θειμὲνου</span> <span class='ocrx_word' id='word_1_75' title='bbox 543 1366 641 1436; x_wconf 83' lang='grc' dir='ltr'>τῆς</span> <span class='ocrx_word' id='word_1_76' title='bbox 667 1371 901 1431; x_wconf 82' lang='grc' dir='ltr'>πίστεως</span> <span class='ocrx_word' id='word_1_77' title='bbox 940 1371 1093 1437; x_wconf 76' lang='grc' dir='ltr'>ἁγίου</span> <span class='ocrx_word' id='word_1_78' title='bbox 1147 1370 1463 1443; x_wconf 83' lang='grc' dir='ltr'>μαθήματος</span> <span class='ocrx_word' id='word_1_79' title='bbox 1493 1375 1559 1445; x_wconf 80' lang='grc' dir='ltr'><strong>τῇ</strong></span> <span class='ocrx_word' id='word_1_80' title='bbox 1597 1374 1821 1445; x_wconf 84' lang='grc' dir='ltr'>Τριαδι-</span> 
     </span>
    </p>
   </div>
   <div class='ocr_carea' id='block_1_15' title="bbox 257 1457 1821 1535">
    <p class='ocr_par' dir='ltr' id='par_1_15' title="bbox 257 1457 1821 1535">
     <span class='ocr_line' id='line_1_15' title="bbox 257 1457 1821 1535; baseline 0.007 -27"><span class='ocrx_word' id='word_1_81' title='bbox 257 1457 362 1525; x_wconf 82' lang='grc' dir='ltr'><strong>κῆς</strong></span> <span class='ocrx_word' id='word_1_82' title='bbox 392 1458 806 1528; x_wconf 81' lang='grc' dir='ltr'>ὀμοουσιότητος</span> <span class='ocrx_word' id='word_1_83' title='bbox 841 1462 1302 1533; x_wconf 78' lang='grc' dir='ltr'>ἀπαραχάρακτον</span> <span class='ocrx_word' id='word_1_84' title='bbox 1333 1464 1390 1517; x_wconf 85' lang='grc' dir='ltr'><strong>τὸ</strong></span> <span class='ocrx_word' id='word_1_85' title='bbox 1427 1464 1600 1535; x_wconf 85' lang='grc' dir='ltr'><strong>δόγμα</strong></span> <span class='ocrx_word' id='word_1_86' title='bbox 1631 1481 1821 1535; x_wconf 88' lang='grc' dir='ltr'>παρει-</span> 
     </span>
    </p>
   </div>
   <div class='ocr_carea' id='block_1_16' title="bbox 256 1546 1822 1627">
    <p class='ocr_par' dir='ltr' id='par_1_16' title="bbox 256 1546 1822 1627">
     <span class='ocr_line' id='line_1_16' title="bbox 256 1546 1822 1627; baseline 0.006 -28"><span class='ocrx_word' id='word_1_87' title='bbox 256 1546 509 1615; x_wconf 73' lang='grc' dir='ltr'><strong>ληφότες,</strong></span> <span class='ocrx_word' id='word_1_88' title='bbox 546 1551 658 1611; x_wconf 79' lang='grc' dir='ltr'>τοῖς</span> <span class='ocrx_word' id='word_1_89' title='bbox 691 1552 827 1604; x_wconf 72' lang='grc' dir='ltr'>κατὰ</span> <span class='ocrx_word' id='word_1_90' title='bbox 855 1552 951 1622; x_wconf 81' lang='grc' dir='ltr'><strong>τὴν</strong></span> <span class='ocrx_word' id='word_1_91' title='bbox 984 1553 1133 1608; x_wconf 72' lang='grc' dir='ltr'>δύσιν</span> <span class='ocrx_word' id='word_1_92' title='bbox 1178 1556 1359 1609; x_wconf 80' lang='grc' dir='ltr'>πᾶσαν</span> <span class='ocrx_word' id='word_1_93' title='bbox 1410 1556 1822 1627; x_wconf 78' lang='grc' dir='ltr'><strong>παραδεδώκασι</strong></span> 
     </span>
    </p>
   </div>
   <div class='ocr_carea' id='block_1_17' title="bbox 262 1640 1823 1717">
    <p class='ocr_par' dir='ltr' id='par_1_17' title="bbox 262 1640 1823 1717">
     <span class='ocr_line' id='line_1_17' title="bbox 262 1640 1823 1717; baseline 0.006 -26"><span class='ocrx_word' id='word_1_94' title='bbox 262 1640 454 1709; x_wconf 75' lang='grc' dir='ltr'>μέρεσι</span> <span class='ocrx_word' id='word_1_95' title='bbox 479 1656 493 1671; x_wconf 78' lang='grc' dir='ltr'><strong>ο</strong></span> <span class='ocrx_word' id='word_1_96' title='bbox 520 1641 611 1693; x_wconf 70' lang='grc' dir='ltr'>καὶ</span> <span class='ocrx_word' id='word_1_97' title='bbox 642 1641 701 1693; x_wconf 80' lang='grc' dir='ltr'><strong>οὐ</strong></span> <span class='ocrx_word' id='word_1_98' title='bbox 730 1642 888 1710; x_wconf 87' lang='grc' dir='ltr'>μόνον</span> <span class='ocrx_word' id='word_1_99' title='bbox 904 1645 930 1696; x_wconf 84' lang='grc' dir='ltr'>ὁ</span> <span class='ocrx_word' id='word_1_100' title='bbox 955 1644 1096 1697; x_wconf 82' lang='grc' dir='ltr'><strong>κατὰ</strong></span> <span class='ocrx_word' id='word_1_101' title='bbox 1119 1645 1217 1713; x_wconf 80' lang='grc' dir='ltr'>τὴν</span> <span class='ocrx_word' id='word_1_102' title='bbox 1238 1647 1504 1717; x_wconf 81' lang='grc' dir='ltr'><strong>τετάρτην</strong></span> <span class='ocrx_word' id='word_1_103' title='bbox 1529 1648 1623 1700; x_wconf 72' lang='grc' dir='ltr'>καὶ</span> <span class='ocrx_word' id='word_1_104' title='bbox 1647 1649 1823 1700; x_wconf 72' lang='grc' dir='ltr'>οἰκου-</span> 
     </span>
    </p>
   </div>
   <div class='ocr_carea' id='block_1_18' title="bbox 261 1729 1823 1807">
    <p class='ocr_par' dir='ltr' id='par_1_18' title="bbox 261 1729 1823 1807">
     <span class='ocr_line' id='line_1_18' title="bbox 261 1729 1823 1807; baseline 0.006 -26"><span class='ocrx_word' id='word_1_105' title='bbox 261 1729 491 1799; x_wconf 77' lang='grc' dir='ltr'>μενικὴν</span> <span class='ocrx_word' id='word_1_106' title='bbox 526 1730 685 1798; x_wconf 78' lang='grc' dir='ltr'>ἁγίαν</span> <span class='ocrx_word' id='word_1_107' title='bbox 715 1731 930 1785; x_wconf 81' lang='grc' dir='ltr'>σύνοδον</span> <span class='ocrx_word' id='word_1_108' title='bbox 961 1734 1244 1804; x_wconf 77' lang='grc' dir='ltr'><strong>ἐκλάμψας</strong></span> <span class='ocrx_word' id='word_1_109' title='bbox 1272 1737 1412 1807; x_wconf 77' lang='grc' dir='ltr'>ἱερὸς</span> <span class='ocrx_word' id='word_1_110' title='bbox 1457 1736 1627 1802; x_wconf 69' lang='grc' dir='ltr'><strong>Λέων,</strong></span> <span class='ocrx_word' id='word_1_111' title='bbox 1660 1738 1765 1791; x_wconf 77' lang='grc' dir='ltr'>οὐδ’</span> <span class='ocrx_word' id='word_1_112' title='bbox 1797 1740 1823 1791; x_wconf 83' lang='grc' dir='ltr'>ὁ</span> 
     </span>
    </p>
   </div>
   <div class='ocr_carea' id='block_1_19' title="bbox 256 1822 1822 1902">
    <p class='ocr_par' dir='ltr' id='par_1_19' title="bbox 256 1822 1822 1902">
     <span class='ocr_line' id='line_1_19' title="bbox 256 1822 1822 1902; baseline 0.005 -28"><span class='ocrx_word' id='word_1_113' title='bbox 256 1822 359 1891; x_wconf 78' lang='grc' dir='ltr'><strong>τὴν</strong></span> <span class='ocrx_word' id='word_1_114' title='bbox 383 1822 663 1875; x_wconf 74' lang='grc' dir='ltr'>εὐσέϐειαν</span> <span class='ocrx_word' id='word_1_115' title='bbox 698 1823 911 1894; x_wconf 63' lang='grc' dir='ltr'><strong>ἐκείνῳ,</strong></span> <span class='ocrx_word' id='word_1_116' title='bbox 939 1824 1126 1897; x_wconf 82' lang='grc' dir='ltr'>ὥσπερ</span> <span class='ocrx_word' id='word_1_117' title='bbox 1162 1829 1253 1881; x_wconf 76' lang='grc' dir='ltr'>καὶ</span> <span class='ocrx_word' id='word_1_118' title='bbox 1285 1829 1343 1882; x_wconf 82' lang='grc' dir='ltr'>τὸ</span> <span class='ocrx_word' id='word_1_119' title='bbox 1378 1829 1546 1899; x_wconf 76' lang='grc' dir='ltr'>ὄνομα</span> <span class='ocrx_word' id='word_1_120' title='bbox 1578 1831 1822 1902; x_wconf 81' lang='grc' dir='ltr'>ἀπαράλ-</span> 
     </span>
    </p>
   </div>
   <div class='ocr_carea' id='block_1_20' title="bbox 1920 632 3462 704">
    <p class='ocr_par' dir='ltr' id='par_1_20' title="bbox 1920 632 3462 704">
     <span class='ocr_line' id='line_1_20' title="bbox 1920 632 3462 704; baseline -0.001 -14"><span class='ocrx_word' id='word_1_121' title='bbox 1920 635 2159 691; x_wconf 75' lang='lat' dir='ltr'><strong>Creatori</strong></span> <span class='ocrx_word' id='word_1_122' title='bbox 2219 636 2454 704; x_wconf 88' lang='lat' dir='ltr'><strong>loquenti</strong></span> <span class='ocrx_word' id='word_1_123' title='bbox 2481 675 2493 697; x_wconf 92' lang='lat'><strong>,</strong></span> <span class='ocrx_word' id='word_1_124' title='bbox 2537 632 2776 687; x_wconf 91' lang='lat' dir='ltr'><strong>animum</strong></span> <span class='ocrx_word' id='word_1_125' title='bbox 2817 632 3150 695; x_wconf 85' lang='lat' dir='ltr'><strong>attenderet,</strong></span> <span class='ocrx_word' id='word_1_126' title='bbox 3192 643 3283 688; x_wconf 88' lang='lat' dir='ltr'><strong>aut</strong></span> <span class='ocrx_word' id='word_1_127' title='bbox 3327 634 3462 689; x_wconf 85' lang='lat' dir='ltr'><strong>Crea</strong></span> 
     </span>
    </p>
   </div>
   <div class='ocr_carea' id='block_1_21' title="bbox 1923 725 3484 798">
    <p class='ocr_par' dir='ltr' id='par_1_21' title="bbox 1923 725 3484 798">
     <span class='ocr_line' id='line_1_21' title="bbox 1923 725 3484 798; baseline 0 -17"><span class='ocrx_word' id='word_1_128' title='bbox 1923 730 2053 784; x_wconf 93' lang='lat' dir='ltr'><strong>toris</strong></span> <span class='ocrx_word' id='word_1_129' title='bbox 2095 744 2158 783; x_wconf 92' lang='lat' dir='ltr'><strong>ac</strong></span> <span class='ocrx_word' id='word_1_130' title='bbox 2202 725 2422 797; x_wconf 91' lang='lat' dir='ltr'><strong>Opilicis</strong></span> <span class='ocrx_word' id='word_1_131' title='bbox 2460 726 2667 780; x_wconf 88' lang='lat' dir='ltr'><strong>violatis</strong></span> <span class='ocrx_word' id='word_1_132' title='bbox 2716 725 2944 796; x_wconf 81' lang='lat' dir='ltr'><strong>legibus,</strong></span> <span class='ocrx_word' id='word_1_133' title='bbox 2983 734 3245 781; x_wconf 67' lang='lat' dir='ltr'><strong>creatura</strong></span> <span class='ocrx_word' id='word_1_134' title='bbox 3277 727 3484 798; x_wconf 79' lang='lat' dir='ltr'><strong>legibus</strong></span> 
     </span>
    </p>
   </div>
   <div class='ocr_carea' id='block_1_22' title="bbox 1920 820 2372 875">
    <p class='ocr_par' dir='ltr' id='par_1_22' title="bbox 1920 820 2372 875">
     <span class='ocr_line' id='line_1_22' title="bbox 1920 820 2372 875; baseline -0.004 -2"><span class='ocrx_word' id='word_1_135' title='bbox 1920 832 1978 873; x_wconf 89' lang='lat' dir='ltr'><strong>se</strong></span> <span class='ocrx_word' id='word_1_136' title='bbox 2012 820 2372 875; x_wconf 83' lang='lat' dir='ltr'><strong>submitteret.</strong></span> 
     </span>
    </p>
   </div>
   <div class='ocr_carea' id='block_1_23' title="bbox 1992 905 3486 981">
    <p class='ocr_par' dir='ltr' id='par_1_23' title="bbox 1992 905 3486 981">
     <span class='ocr_line' id='line_1_23' title="bbox 1992 905 3486 981; baseline -0.003 -15"><span class='ocrx_word' id='word_1_137' title='bbox 1992 909 2178 966; x_wconf 81' lang='lat' dir='ltr'><strong>XXIV.</strong></span> <span class='ocrx_word' id='word_1_138' title='bbox 2220 911 2406 966; x_wconf 85' lang='lat' dir='ltr'><strong>Patres</strong></span> <span class='ocrx_word' id='word_1_139' title='bbox 2431 912 2627 981; x_wconf 60' lang='lat' dir='ltr'><strong>quieris</strong></span> <span class='ocrx_word' id='word_1_140' title='bbox 2659 920 2763 966; x_wconf 74' lang='lat' dir='ltr'><strong>tuae</strong></span> <span class='ocrx_word' id='word_1_141' title='bbox 2800 908 3084 965; x_wconf 75' lang='lat' dir='ltr'><strong>sententia:</strong></span> <span class='ocrx_word' id='word_1_142' title='bbox 3113 908 3381 964; x_wconf 80' lang='lat' dir='ltr'><strong>fautores?</strong></span> <span class='ocrx_word' id='word_1_143' title='bbox 3405 905 3486 979; x_wconf 79' lang='lat' dir='ltr'><strong>ip-</strong></span> 
     </span>
    </p>
   </div>
   <div class='ocr_carea' id='block_1_24' title="bbox 1922 1001 3488 1069">
    <p class='ocr_par' dir='ltr' id='par_1_24' title="bbox 1922 1001 3488 1069">
     <span class='ocr_line' id='line_1_24' title="bbox 1922 1001 3488 1069; baseline -0.001 -12"><span class='ocrx_word' id='word_1_144' title='bbox 1922 1019 2039 1058; x_wconf 86' lang='lat' dir='ltr'><strong>sum</strong></span> <span class='ocrx_word' id='word_1_145' title='bbox 2058 1002 2336 1056; x_wconf 83' lang='lat' dir='ltr'><strong>Dominum</strong></span> <span class='ocrx_word' id='word_1_146' title='bbox 2358 1003 2544 1066; x_wconf 84' lang='lat' dir='ltr'><strong>babes.</strong></span> <span class='ocrx_word' id='word_1_147' title='bbox 2562 1002 2945 1057; x_wconf 87' lang='lat' dir='ltr'><strong>universalium</strong></span> <span class='ocrx_word' id='word_1_148' title='bbox 2960 1002 3279 1069; x_wconf 80' lang='lat' dir='ltr'><strong>synodorum</strong></span> <span class='ocrx_word' id='word_1_149' title='bbox 3296 1017 3357 1056; x_wconf 88' lang='lat' dir='ltr'><strong>su</strong></span> <span class='ocrx_word' id='word_1_150' title='bbox 3367 1001 3488 1056; x_wconf 86' lang='lat' dir='ltr'><strong>t&#39;fra-</strong></span> 
     </span>
    </p>
   </div>
   <div class='ocr_carea' id='block_1_25' title="bbox 1922 1094 3487 1168">
    <p class='ocr_par' dir='ltr' id='par_1_25' title="bbox 1922 1094 3487 1168">
     <span class='ocr_line' id='line_1_25' title="bbox 1922 1094 3487 1168; baseline 0.001 -19"><span class='ocrx_word' id='word_1_151' title='bbox 1922 1098 2035 1168; x_wconf 86' lang='lat' dir='ltr'><strong>gia;</strong></span> <span class='ocrx_word' id='word_1_152' title='bbox 2066 1096 2372 1151; x_wconf 85' lang='lat' dir='ltr'><strong>divinorum</strong></span> <span class='ocrx_word' id='word_1_153' title='bbox 2416 1097 2634 1152; x_wconf 79' lang='lat' dir='ltr'><strong>Patrum</strong></span> <span class='ocrx_word' id='word_1_154' title='bbox 2668 1098 2890 1151; x_wconf 88' lang='lat' dir='ltr'><strong>chorum</strong></span> <span class='ocrx_word' id='word_1_155' title='bbox 2915 1136 2929 1159; x_wconf 95' lang='lat'><strong>,</strong></span> <span class='ocrx_word' id='word_1_156' title='bbox 2980 1094 3067 1165; x_wconf 89' lang='lat' dir='ltr'><strong>qui</strong></span> <span class='ocrx_word' id='word_1_157' title='bbox 3106 1105 3159 1149; x_wconf 92' lang='lat' dir='ltr'><strong>et</strong></span> <span class='ocrx_word' id='word_1_158' title='bbox 3205 1110 3487 1151; x_wconf 84' lang='lat' dir='ltr'><strong>numerum</strong></span> 
     </span>
    </p>
   </div>
   <div class='ocr_carea' id='block_1_26' title="bbox 1922 1188 3488 1259">
    <p class='ocr_par' dir='ltr' id='par_1_26' title="bbox 1922 1188 3488 1259">
     <span class='ocr_line' id='line_1_26' title="bbox 1922 1188 3488 1259; baseline -0.001 -16"><span class='ocrx_word' id='word_1_159' title='bbox 1922 1189 2144 1243; x_wconf 78' lang='lat' dir='ltr'><strong>excedat</strong></span> <span class='ocrx_word' id='word_1_160' title='bbox 2179 1208 2191 1243; x_wconf 89' lang='lat'><strong>:</strong></span> <span class='ocrx_word' id='word_1_161' title='bbox 2224 1205 2452 1259; x_wconf 90' lang='lat' dir='ltr'><strong>quorum</strong></span> <span class='ocrx_word' id='word_1_162' title='bbox 2491 1189 2735 1245; x_wconf 91' lang='lat' dir='ltr'><strong>doctrina</strong></span> <span class='ocrx_word' id='word_1_163' title='bbox 2782 1188 3017 1253; x_wconf 89' lang='lat' dir='ltr'><strong>imbuti,</strong></span> <span class='ocrx_word' id='word_1_164' title='bbox 3063 1203 3198 1258; x_wconf 91' lang='lat' dir='ltr'><strong>quos</strong></span> <span class='ocrx_word' id='word_1_165' title='bbox 3239 1188 3488 1258; x_wconf 89' lang='lat' dir='ltr'><strong>superius</strong></span> 
     </span>
    </p>
   </div>
   <div class='ocr_carea' id='block_1_27' title="bbox 1923 1277 3490 1349">
    <p class='ocr_par' dir='ltr' id='par_1_27' title="bbox 1923 1277 3490 1349">
     <span class='ocr_line' id='line_1_27' title="bbox 1923 1277 3490 1349; baseline -0.003 -12"><span class='ocrx_word' id='word_1_166' title='bbox 1923 1284 2212 1337; x_wconf 82' lang='lat' dir='ltr'><strong>memoravi</strong></span> <span class='ocrx_word' id='word_1_167' title='bbox 2283 1282 2509 1337; x_wconf 83' lang='lat' dir='ltr'><strong>Romani</strong></span> <span class='ocrx_word' id='word_1_168' title='bbox 2550 1281 2841 1344; x_wconf 80' lang='lat' dir='ltr'><strong>antistites,</strong></span> <span class='ocrx_word' id='word_1_169' title='bbox 2882 1295 2943 1336; x_wconf 90' lang='lat' dir='ltr'><strong>ac</strong></span> <span class='ocrx_word' id='word_1_170' title='bbox 2984 1295 3077 1349; x_wconf 90' lang='lat' dir='ltr'><strong>per</strong></span> <span class='ocrx_word' id='word_1_171' title='bbox 3127 1278 3324 1333; x_wconf 85' lang='lat' dir='ltr'><strong>editam</strong></span> <span class='ocrx_word' id='word_1_172' title='bbox 3370 1277 3490 1334; x_wconf 86' lang='lat' dir='ltr'><strong>fidei</strong></span> 
     </span>
    </p>
   </div>
   <div class='ocr_carea' id='block_1_28' title="bbox 1923 1370 3486 1445">
    <p class='ocr_par' dir='ltr' id='par_1_28' title="bbox 1923 1370 3486 1445">
     <span class='ocr_line' id='line_1_28' title="bbox 1923 1370 3486 1445; baseline -0.006 -15"><span class='ocrx_word' id='word_1_173' title='bbox 1923 1383 2161 1430; x_wconf 90' lang='lat' dir='ltr'><strong>sanctam</strong></span> <span class='ocrx_word' id='word_1_174' title='bbox 2200 1375 2459 1445; x_wconf 88' lang='lat' dir='ltr'><strong>regulam,</strong></span> <span class='ocrx_word' id='word_1_175' title='bbox 2499 1374 2653 1428; x_wconf 68' lang='lat' dir='ltr'><strong>trina!</strong></span> <span class='ocrx_word' id='word_1_176' title='bbox 2693 1372 3264 1427; x_wconf 88' lang='lat' dir='ltr'><strong>consubstantialitatis</strong></span> <span class='ocrx_word' id='word_1_177' title='bbox 3306 1370 3486 1424; x_wconf 81' lang='lat' dir='ltr'><strong>incor-</strong></span> 
     </span>
    </p>
   </div>
   <div class='ocr_carea' id='block_1_29' title="bbox 1930 1461 3488 1535">
    <p class='ocr_par' dir='ltr' id='par_1_29' title="bbox 1930 1461 3488 1535">
     <span class='ocr_line' id='line_1_29' title="bbox 1930 1461 3488 1535; baseline -0.003 -16"><span class='ocrx_word' id='word_1_178' title='bbox 1930 1473 2086 1535; x_wconf 88' lang='lat' dir='ltr'><strong>rupta</strong></span> <span class='ocrx_word' id='word_1_179' title='bbox 2128 1475 2346 1535; x_wconf 88' lang='lat' dir='ltr'><strong>accepta</strong></span> <span class='ocrx_word' id='word_1_180' title='bbox 2370 1466 2633 1527; x_wconf 85' lang='lat' dir='ltr'><strong>doctrina,</strong></span> <span class='ocrx_word' id='word_1_181' title='bbox 2653 1466 2831 1520; x_wconf 85' lang='lat' dir='ltr'><strong>cuncti</strong></span> <span class='ocrx_word' id='word_1_182' title='bbox 2863 1478 2959 1533; x_wconf 89' lang='lat' dir='ltr'><strong>per</strong></span> <span class='ocrx_word' id='word_1_183' title='bbox 2979 1477 3166 1517; x_wconf 90' lang='lat' dir='ltr'><strong>omnes</strong></span> <span class='ocrx_word' id='word_1_184' title='bbox 3182 1461 3488 1517; x_wconf 83' lang='lat' dir='ltr'><strong>Occidentis</strong></span> 
     </span>
    </p>
   </div>
   <div class='ocr_carea' id='block_1_30' title="bbox 1926 1553 3480 1627">
    <p class='ocr_par' dir='ltr' id='par_1_30' title="bbox 1926 1553 3480 1627">
     <span class='ocr_line' id='line_1_30' title="bbox 1926 1553 3480 1627; baseline -0.003 -18"><span class='ocrx_word' id='word_1_185' title='bbox 1926 1558 2109 1627; x_wconf 77' lang='lat' dir='ltr'><strong>plagas</strong></span> <span class='ocrx_word' id='word_1_186' title='bbox 2142 1572 2258 1610; x_wconf 93' lang='lat' dir='ltr'><strong>eam</strong></span> <span class='ocrx_word' id='word_1_187' title='bbox 2292 1557 2629 1612; x_wconf 90' lang='lat' dir='ltr'><strong>tradiderunt</strong></span> <span class='ocrx_word' id='word_1_188' title='bbox 2659 1574 2671 1610; x_wconf 93' lang='lat'>:</span> <span class='ocrx_word' id='word_1_189' title='bbox 2706 1570 2804 1609; x_wconf 90' lang='lat' dir='ltr'><strong>nec</strong></span> <span class='ocrx_word' id='word_1_190' title='bbox 2839 1555 3011 1609; x_wconf 90' lang='lat' dir='ltr'><strong>solum</strong></span> <span class='ocrx_word' id='word_1_191' title='bbox 3048 1553 3157 1608; x_wconf 88' lang='lat' dir='ltr'><strong>Leo</strong></span> <span class='ocrx_word' id='word_1_192' title='bbox 3190 1568 3362 1613; x_wconf 85' lang='lat' dir='ltr'><strong>sacer,</strong></span> <span class='ocrx_word' id='word_1_193' title='bbox 3393 1555 3480 1622; x_wconf 89' lang='lat' dir='ltr'><strong>qui</strong></span> 
     </span>
    </p>
   </div>
   <div class='ocr_carea' id='block_1_31' title="bbox 1924 1642 3490 1717">
    <p class='ocr_par' dir='ltr' id='par_1_31' title="bbox 1924 1642 3490 1717">
     <span class='ocr_line' id='line_1_31' title="bbox 1924 1642 3490 1717; baseline -0.004 -16"><span class='ocrx_word' id='word_1_194' title='bbox 1924 1647 1981 1701; x_wconf 91' lang='lat' dir='ltr'><strong>in</strong></span> <span class='ocrx_word' id='word_1_195' title='bbox 2031 1656 2219 1717; x_wconf 86' lang='lat' dir='ltr'><strong>quarta</strong></span> <span class='ocrx_word' id='word_1_196' title='bbox 2259 1657 2313 1703; x_wconf 90' lang='lat' dir='ltr'><strong>et</strong></span> <span class='ocrx_word' id='word_1_197' title='bbox 2364 1646 2698 1703; x_wconf 69' lang='lat' dir='ltr'><strong>aecumenica</strong></span> <span class='ocrx_word' id='word_1_198' title='bbox 2753 1661 2936 1700; x_wconf 83' lang='lat' dir='ltr'><strong>saneta</strong></span> <span class='ocrx_word' id='word_1_199' title='bbox 2991 1643 3192 1714; x_wconf 73' lang='lat' dir='ltr'><strong>synodo</strong></span> <span class='ocrx_word' id='word_1_200' title='bbox 3259 1642 3490 1697; x_wconf 84' lang='lat' dir='ltr'><strong>celebris</strong></span> 
     </span>
    </p>
   </div>
   <div class='ocr_carea' id='block_1_32' title="bbox 1927 1735 3493 1809">
    <p class='ocr_par' dir='ltr' id='par_1_32' title="bbox 1927 1735 3493 1809">
     <span class='ocr_line' id='line_1_32' title="bbox 1927 1735 3493 1809; baseline -0.004 -15"><span class='ocrx_word' id='word_1_201' title='bbox 1927 1738 2046 1801; x_wconf 87' lang='lat' dir='ltr'><strong>fuit,</strong></span> <span class='ocrx_word' id='word_1_202' title='bbox 2076 1739 2157 1793; x_wconf 88' lang='lat' dir='ltr'><strong>vel</strong></span> <span class='ocrx_word' id='word_1_203' title='bbox 2195 1740 2238 1793; x_wconf 90' lang='lat' dir='ltr'><strong>is</strong></span> <span class='ocrx_word' id='word_1_204' title='bbox 2267 1740 2431 1793; x_wconf 90' lang='lat' dir='ltr'><strong>etiam</strong></span> <span class='ocrx_word' id='word_1_205' title='bbox 2461 1739 2553 1808; x_wconf 93' lang='lat' dir='ltr'><strong>qui</strong></span> <span class='ocrx_word' id='word_1_206' title='bbox 2593 1741 2709 1809; x_wconf 88' lang='lat' dir='ltr'><strong>pari</strong></span> <span class='ocrx_word' id='word_1_207' title='bbox 2737 1738 2810 1793; x_wconf 85' lang='lat' dir='ltr'><strong>illi</strong></span> <span class='ocrx_word' id='word_1_208' title='bbox 2837 1738 3035 1807; x_wconf 77' lang='lat' dir='ltr'><strong>pietate</strong></span> <span class='ocrx_word' id='word_1_209' title='bbox 3068 1780 3080 1801; x_wconf 94' lang='lat'><strong>,</strong></span> <span class='ocrx_word' id='word_1_210' title='bbox 3112 1736 3299 1791; x_wconf 90' lang='lat' dir='ltr'><strong>eodem</strong></span> <span class='ocrx_word' id='word_1_211' title='bbox 3335 1735 3493 1789; x_wconf 85' lang='lat' dir='ltr'><strong>etiam</strong></span> 
     </span>
    </p>
   </div>
   <div class='ocr_carea' id='block_1_33' title="bbox 1929 1825 3493 1895">
    <p class='ocr_par' dir='ltr' id='par_1_33' title="bbox 1929 1825 3493 1895">
     <span class='ocr_line' id='line_1_33' title="bbox 1929 1825 3493 1895; baseline -0.006 -11"><span class='ocrx_word' id='word_1_212' title='bbox 1929 1830 2147 1884; x_wconf 81' lang='lat' dir='ltr'><strong>nomine</strong></span> <span class='ocrx_word' id='word_1_213' title='bbox 2192 1829 2370 1893; x_wconf 81' lang='lat' dir='ltr'><strong>fulsit;</strong></span> <span class='ocrx_word' id='word_1_214' title='bbox 2402 1828 2753 1883; x_wconf 86' lang='lat' dir='ltr'><strong>verumetiatn</strong></span> <span class='ocrx_word' id='word_1_215' title='bbox 2793 1827 3059 1881; x_wconf 82' lang='lat' dir='ltr'><strong>Adrianus</strong></span> <span class='ocrx_word' id='word_1_216' title='bbox 3091 1825 3204 1894; x_wconf 73' lang='lat' dir='ltr'><strong>ille,</strong></span> <span class='ocrx_word' id='word_1_217' title='bbox 3231 1825 3320 1895; x_wconf 91' lang='lat' dir='ltr'><strong>qui</strong></span> <span class='ocrx_word' id='word_1_218' title='bbox 3346 1837 3493 1878; x_wconf 82' lang='lat' dir='ltr'><strong>eain-</strong></span> 
     </span>
    </p>
   </div>
   <div class='ocr_carea' id='block_1_34' title="bbox 259 1893 1936 1989">
    <p class='ocr_par' dir='ltr' id='par_1_34' title="bbox 259 1893 1936 1988">
     <span class='ocr_line' id='line_1_34' title="bbox 259 1893 1936 1988; baseline 0.006 -24"><span class='ocrx_word' id='word_1_219' title='bbox 259 1913 458 1976; x_wconf 82' lang='grc' dir='ltr'>λακτος</span> <span class='ocrx_word' id='word_1_220' title='bbox 480 1929 492 1942; x_wconf 77' lang='grc'><strong><em>⁸</em></strong></span> <span class='ocrx_word' id='word_1_221' title='bbox 527 1914 663 1968; x_wconf 78' lang='grc' dir='ltr'><strong>ἀλλὰ</strong></span> <span class='ocrx_word' id='word_1_222' title='bbox 688 1917 778 1969; x_wconf 76' lang='grc' dir='ltr'><strong>καὶ</strong></span> <span class='ocrx_word' id='word_1_223' title='bbox 814 1893 1317 1988; x_wconf 23' lang='grc' dir='ltr'>Ἀδριανὸςγὲκιῖνος</span> <span class='ocrx_word' id='word_1_224' title='bbox 1361 1921 1451 1972; x_wconf 87' lang='grc' dir='ltr'>τὸν</span> <span class='ocrx_word' id='word_1_225' title='bbox 1472 1893 1653 1973; x_wconf 28' lang='grc' dir='ltr'>ῠαὺτδν</span> <span class='ocrx_word' id='word_1_226' title='bbox 1696 1893 1822 1973; x_wconf 61' lang='grc' dir='ltr'>αποο</span> <span class='ocrx_word' id='word_1_227' title='bbox 1857 1893 1898 1948; x_wconf 73' lang='grc' dir='ltr'><strong>Β</strong></span> <span class='ocrx_word' id='word_1_228' title='bbox 1927 1938 1936 1974; x_wconf 80' lang='lat' dir='ltr'><strong>t</strong></span> 
     </span>
    </p>
   </div>
   <div class='ocr_carea' id='block_1_35' title="bbox 1815 1893 3492 1989">
    <p class='ocr_par' dir='ltr' id='par_1_35' title="bbox 1815 1893 3492 1989">
     <span class='ocr_line' id='line_1_35' title="bbox 1815 1893 3492 1989; baseline -0.008 -14"><span class='ocrx_word' id='word_1_229' title='bbox 1815 1950 1822 1961; x_wconf 73' lang='grc' dir='ltr'><strong>ι</strong></span> <span class='ocrx_word' id='word_1_230' title='bbox 1857 1893 1898 1948; x_wconf 72' lang='grc' dir='ltr'><strong>Β</strong></span> <span class='ocrx_word' id='word_1_231' title='bbox 1927 1920 2047 1975; x_wconf 82' lang='lat' dir='ltr'><strong>dein</strong></span> <span class='ocrx_word' id='word_1_232' title='bbox 2096 1918 2446 1989; x_wconf 89' lang='lat' dir='ltr'><strong>apostolicam</strong></span> <span class='ocrx_word' id='word_1_233' title='bbox 2486 1917 2668 1972; x_wconf 86' lang='lat' dir='ltr'><strong>sedem</strong></span> <span class='ocrx_word' id='word_1_234' title='bbox 2698 1917 2866 1979; x_wconf 76' lang='lat' dir='ltr'><strong>rexit,</strong></span> <span class='ocrx_word' id='word_1_235' title='bbox 2916 1915 2970 1969; x_wconf 86' lang='lat' dir='ltr'><strong>in</strong></span> <span class='ocrx_word' id='word_1_236' title='bbox 3001 1914 3083 1968; x_wconf 88' lang='lat' dir='ltr'><strong>bis</strong></span> <span class='ocrx_word' id='word_1_237' title='bbox 3131 1927 3249 1981; x_wconf 75' lang='lat' dir='ltr'><strong>qua:</strong></span> <span class='ocrx_word' id='word_1_238' title='bbox 3278 1910 3343 1964; x_wconf 89' lang='lat' dir='ltr'><strong>ad</strong></span> <span class='ocrx_word' id='word_1_239' title='bbox 3368 1924 3492 1963; x_wconf 87' lang='lat' dir='ltr'><strong>san-</strong></span> 
     </span>
    </p>
   </div>
   <div class='ocr_carea' id='block_1_36' title="bbox 263 2003 1822 2079">
    <p class='ocr_par' dir='ltr' id='par_1_36' title="bbox 263 2003 1822 2079">
     <span class='ocr_line' id='line_1_36' title="bbox 263 2003 1822 2079; baseline 0.004 -24"><span class='ocrx_word' id='word_1_240' title='bbox 263 2004 512 2057; x_wconf 77' lang='grc' dir='ltr'>στο).ικὺν</span> <span class='ocrx_word' id='word_1_241' title='bbox 542 2005 781 2069; x_wconf 78' lang='grc' dir='ltr'>διιθύνας</span> <span class='ocrx_word' id='word_1_242' title='bbox 809 2005 1018 2079; x_wconf 66' lang='grc' dir='ltr'>Θροὲνον,</span> <span class='ocrx_word' id='word_1_243' title='bbox 1054 2010 1110 2060; x_wconf 81' lang='grc' dir='ltr'>ὲν</span> <span class='ocrx_word' id='word_1_244' title='bbox 1131 2003 1211 2071; x_wconf 75' lang='grc' dir='ltr'>οἷς</span> <span class='ocrx_word' id='word_1_245' title='bbox 1249 2008 1382 2079; x_wconf 80' lang='grc' dir='ltr'>πρὸς</span> <span class='ocrx_word' id='word_1_246' title='bbox 1407 2009 1495 2063; x_wconf 86' lang='grc' dir='ltr'>τὸν</span> <span class='ocrx_word' id='word_1_247' title='bbox 1527 2010 1822 2079; x_wconf 84' lang='grc' dir='ltr'>ἁγιώτατον</span> 
     </span>
    </p>
   </div>
   <div class='ocr_carea' id='block_1_37' title="bbox 263 2096 1820 2173">
    <p class='ocr_par' dir='ltr' id='par_1_37' title="bbox 263 2096 1820 2173">
     <span class='ocr_line' id='line_1_37' title="bbox 263 2096 1820 2173; baseline 0.004 -24"><span class='ocrx_word' id='word_1_248' title='bbox 263 2097 359 2150; x_wconf 79' lang='grc' dir='ltr'>καὶ</span> <span class='ocrx_word' id='word_1_249' title='bbox 417 2096 833 2169; x_wconf 77' lang='grc' dir='ltr'><strong>μακαριώτατον</strong></span> <span class='ocrx_word' id='word_1_250' title='bbox 891 2100 1161 2171; x_wconf 80' lang='grc' dir='ltr'>Ταράσιον</span> <span class='ocrx_word' id='word_1_251' title='bbox 1188 2100 1275 2155; x_wconf 80' lang='grc' dir='ltr'><strong>τὸν</strong></span> <span class='ocrx_word' id='word_1_252' title='bbox 1324 2101 1591 2173; x_wconf 75' lang='grc' dir='ltr'>ἡμέτερον</span> <span class='ocrx_word' id='word_1_253' title='bbox 1619 2103 1820 2173; x_wconf 77' lang='grc' dir='ltr'>πατρό-</span> 
     </span>
    </p>
   </div>
   <div class='ocr_carea' id='block_1_38' title="bbox 1927 2009 3493 2079">
    <p class='ocr_par' dir='ltr' id='par_1_38' title="bbox 1927 2009 3493 2079">
     <span class='ocr_line' id='line_1_38' title="bbox 1927 2009 3493 2079; baseline -0.007 -12"><span class='ocrx_word' id='word_1_254' title='bbox 1927 2012 2226 2067; x_wconf 83' lang='lat' dir='ltr'><strong>ctissimum</strong></span> <span class='ocrx_word' id='word_1_255' title='bbox 2244 2026 2307 2065; x_wconf 86' lang='lat' dir='ltr'><strong>ac</strong></span> <span class='ocrx_word' id='word_1_256' title='bbox 2319 2010 2690 2065; x_wconf 88' lang='lat' dir='ltr'><strong>beatissimum</strong></span> <span class='ocrx_word' id='word_1_257' title='bbox 2709 2009 2963 2079; x_wconf 88' lang='lat' dir='ltr'><strong>majorem</strong></span> <span class='ocrx_word' id='word_1_258' title='bbox 2982 2016 3233 2077; x_wconf 88' lang='lat' dir='ltr'><strong>patruum</strong></span> <span class='ocrx_word' id='word_1_259' title='bbox 3251 2011 3493 2059; x_wconf 88' lang='lat' dir='ltr'><strong>nostrum</strong></span> 
     </span>
    </p>
   </div>
   <div class='ocr_carea' id='block_1_39' title="bbox 1930 2098 3489 2174">
    <p class='ocr_par' dir='ltr' id='par_1_39' title="bbox 1930 2098 3489 2174">
     <span class='ocr_line' id='line_1_39' title="bbox 1930 2098 3489 2174; baseline -0.006 -15"><span class='ocrx_word' id='word_1_260' title='bbox 1930 2102 2209 2161; x_wconf 88' lang='lat' dir='ltr'><strong>Tarasium</strong></span> <span class='ocrx_word' id='word_1_261' title='bbox 2254 2104 2561 2174; x_wconf 84' lang='lat' dir='ltr'><strong>rescripsit,</strong></span> <span class='ocrx_word' id='word_1_262' title='bbox 2605 2112 2791 2174; x_wconf 89' lang='lat' dir='ltr'><strong>aperte</strong></span> <span class='ocrx_word' id='word_1_263' title='bbox 2832 2116 2895 2156; x_wconf 84' lang='lat' dir='ltr'><strong>ac</strong></span> <span class='ocrx_word' id='word_1_264' title='bbox 2950 2098 3237 2155; x_wconf 80' lang='lat' dir='ltr'><strong>manifeste</strong></span> <span class='ocrx_word' id='word_1_265' title='bbox 3285 2098 3489 2153; x_wconf 87' lang='lat' dir='ltr'><strong>sentire</strong></span> 
     </span>
    </p>
   </div>
   <div class='ocr_carea' id='block_1_40' title="bbox 1755 2324 1981 2381">
    <p class='ocr_par' dir='ltr' id='par_1_40' title="bbox 1755 2324 1981 2381">
     <span class='ocr_line' id='line_1_40' title="bbox 1755 2324 1981 2381; baseline 0 -3"><span class='ocrx_word' id='word_1_266' title='bbox 1755 2324 1981 2381; x_wconf 74' lang='grc' dir='ltr'><strong>ΝΟΤΑΞ.</strong></span> 
     </span>
    </p>
   </div>
   <div class='ocr_carea' id='block_1_41' title="bbox 340 2496 1820 2574">
    <p class='ocr_par' dir='ltr' id='par_1_41' title="bbox 340 2496 1820 2574">
     <span class='ocr_line' id='line_1_41' title="bbox 340 2496 1820 2574; baseline 0.001 -15"><span class='ocrx_word' id='word_1_267' title='bbox 340 2504 449 2574; x_wconf 82' lang='lat' dir='ltr'><strong>(l7)</strong></span> <span class='ocrx_word' id='word_1_268' title='bbox 496 2501 589 2569; x_wconf 82' lang='grc' dir='ltr'><strong>Ἐξ</strong></span> <span class='ocrx_word' id='word_1_269' title='bbox 612 2496 717 2558; x_wconf 78' lang='grc' dir='ltr'><strong>ὧν.</strong></span> <span class='ocrx_word' id='word_1_270' title='bbox 746 2500 879 2558; x_wconf 74' lang='lat' dir='ltr'><strong>Male</strong></span> <span class='ocrx_word' id='word_1_271' title='bbox 920 2502 1130 2574; x_wconf 79' lang='lat' dir='ltr'><strong>Metius,</strong></span> <span class='ocrx_word' id='word_1_272' title='bbox 1172 2503 1407 2569; x_wconf 82' lang='lat' dir='ltr'><strong>Quatuor</strong></span> <span class='ocrx_word' id='word_1_273' title='bbox 1432 2505 1648 2562; x_wconf 82' lang='lat' dir='ltr'><strong>Romani</strong></span> <span class='ocrx_word' id='word_1_274' title='bbox 1686 2509 1820 2564; x_wconf 81' lang='lat' dir='ltr'><strong>Pau-</strong></span> 
     </span>
    </p>
   </div>
   <div class='ocr_carea' id='block_1_42' title="bbox 267 2573 1816 2644">
    <p class='ocr_par' dir='ltr' id='par_1_42' title="bbox 267 2573 1816 2644">
     <span class='ocr_line' id='line_1_42' title="bbox 267 2573 1816 2644; baseline 0.002 -15"><span class='ocrx_word' id='word_1_275' title='bbox 267 2576 428 2644; x_wconf 72' lang='lat' dir='ltr'><strong>tiﬁces</strong></span> <span class='ocrx_word' id='word_1_276' title='bbox 475 2574 591 2628; x_wconf 80' lang='lat' dir='ltr'><strong>inde</strong></span> <span class='ocrx_word' id='word_1_277' title='bbox 641 2574 829 2644; x_wconf 68' lang='lat' dir='ltr'><strong>edocti,</strong></span> <span class='ocrx_word' id='word_1_278' title='bbox 871 2588 991 2627; x_wconf 87' lang='lat' dir='ltr'><strong>cum</strong></span> <span class='ocrx_word' id='word_1_279' title='bbox 1036 2573 1220 2630; x_wconf 69' lang='lat' dir='ltr'><strong>Graeca</strong></span> <span class='ocrx_word' id='word_1_280' title='bbox 1273 2576 1478 2630; x_wconf 90' lang='lat' dir='ltr'><strong>nullum</strong></span> <span class='ocrx_word' id='word_1_281' title='bbox 1532 2594 1816 2633; x_wconf 89' lang='lat' dir='ltr'><strong>numerum</strong></span> 
     </span>
    </p>
   </div>
   <div class='ocr_carea' id='block_1_43' title="bbox 268 2642 1818 2719">
    <p class='ocr_par' dir='ltr' id='par_1_43' title="bbox 268 2642 1818 2719">
     <span class='ocr_line' id='line_1_43' title="bbox 268 2642 1818 2719; baseline 0 -19"><span class='ocrx_word' id='word_1_282' title='bbox 268 2642 658 2719; x_wconf 79' lang='lat' dir='ltr'><strong>habeant._sed</strong></span> <span class='ocrx_word' id='word_1_283' title='bbox 680 2642 867 2719; x_wconf 75' lang='lat' dir='ltr'><strong>solum</strong></span> <span class='ocrx_word' id='word_1_284' title='bbox 898 2644 1211 2719; x_wconf 76' lang='lat' dir='ltr'><strong>indefinite,</strong></span> <span class='ocrx_word' id='word_1_285' title='bbox 1249 2647 1296 2699; x_wconf 81' lang='lat' dir='ltr'><strong>ot</strong></span> <span class='ocrx_word' id='word_1_286' title='bbox 1320 2646 1525 2719; x_wconf 67' lang='grc' dir='ltr'>ανωθεν</span> <span class='ocrx_word' id='word_1_287' title='bbox 1560 2648 1818 2719; x_wconf 81' lang='grc' dir='ltr'><strong>λελεγμέ-</strong></span> 
     </span>
    </p>
   </div>
   <div class='ocr_carea' id='block_1_44' title="bbox 267 2713 1818 2786">
    <p class='ocr_par' dir='ltr' id='par_1_44' title="bbox 267 2713 1818 2786">
     <span class='ocr_line' id='line_1_44' title="bbox 267 2713 1818 2786; baseline 0.004 -20"><span class='ocrx_word' id='word_1_288' title='bbox 267 2734 371 2782; x_wconf 80' lang='grc' dir='ltr'>νοι,</span> <span class='ocrx_word' id='word_1_289' title='bbox 402 2730 501 2770; x_wconf 91' lang='lat' dir='ltr'><strong>nec</strong></span> <span class='ocrx_word' id='word_1_290' title='bbox 534 2713 763 2786; x_wconf 82' lang='lat' dir='ltr'><strong>Photius</strong></span> <span class='ocrx_word' id='word_1_291' title='bbox 788 2715 1023 2786; x_wconf 86' lang='lat' dir='ltr'><strong>plurium</strong></span> <span class='ocrx_word' id='word_1_292' title='bbox 1054 2716 1358 2771; x_wconf 77' lang='lat' dir='ltr'><strong>meminerit</strong></span> <span class='ocrx_word' id='word_1_293' title='bbox 1380 2733 1540 2785; x_wconf 88' lang='lat' dir='ltr'><strong>quam</strong></span> <span class='ocrx_word' id='word_1_294' title='bbox 1568 2713 1818 2779; x_wconf 79' lang='lat' dir='ltr'><strong>duorum,</strong></span> 
     </span>
    </p>
   </div>
   <div class='ocr_carea' id='block_1_45' title="bbox 274 2784 1822 2859">
    <p class='ocr_par' dir='ltr' id='par_1_45' title="bbox 274 2784 1822 2859">
     <span class='ocr_line' id='line_1_45' title="bbox 274 2784 1822 2859; baseline 0.003 -20"><span class='ocrx_word' id='word_1_295' title='bbox 274 2786 467 2859; x_wconf 79' lang='lat' dir='ltr'><strong>Leonis</strong></span> <span class='ocrx_word' id='word_1_296' title='bbox 516 2784 673 2859; x_wconf 81' lang='lat' dir='ltr'><strong>primi</strong></span> <span class='ocrx_word' id='word_1_297' title='bbox 715 2794 769 2839; x_wconf 89' lang='lat' dir='ltr'><strong>et</strong></span> <span class='ocrx_word' id='word_1_298' title='bbox 790 2784 988 2859; x_wconf 63' lang='lat' dir='ltr'><strong>&#39;tertii,</strong></span> <span class='ocrx_word' id='word_1_299' title='bbox 1032 2800 1262 2859; x_wconf 81' lang='lat' dir='ltr'><strong>quorum</strong></span> <span class='ocrx_word' id='word_1_300' title='bbox 1307 2784 1499 2841; x_wconf 83' lang='lat' dir='ltr'><strong>iterum</strong></span> <span class='ocrx_word' id='word_1_301' title='bbox 1548 2800 1699 2859; x_wconf 80' lang='lat' dir='ltr'><strong>urget</strong></span> <span class='ocrx_word' id='word_1_302' title='bbox 1728 2804 1822 2843; x_wconf 90' lang='lat' dir='ltr'><strong>au-</strong></span> 
     </span>
    </p>
   </div>
   <div class='ocr_carea' id='block_1_46' title="bbox 272 2854 1823 2936">
    <p class='ocr_par' dir='ltr' id='par_1_46' title="bbox 272 2854 1823 2936">
     <span class='ocr_line' id='line_1_46' title="bbox 272 2854 1823 2936; baseline 0.001 -26"><span class='ocrx_word' id='word_1_303' title='bbox 272 2854 575 2936; x_wconf 73' lang='lat' dir='ltr'><strong>ctoritatem</strong></span> <span class='ocrx_word' id='word_1_304' title='bbox 611 2872 625 2909; x_wconf 91' lang='lat'><strong>:</strong></span> <span class='ocrx_word' id='word_1_305' title='bbox 657 2854 759 2936; x_wconf 73' lang='lat' dir='ltr'><strong>boc</strong></span> <span class='ocrx_word' id='word_1_306' title='bbox 799 2854 973 2936; x_wconf 69' lang='lat' dir='ltr'><strong>solum</strong></span> <span class='ocrx_word' id='word_1_307' title='bbox 1020 2855 1158 2935; x_wconf 79' lang='lat' dir='ltr'><strong>male</strong></span> <span class='ocrx_word' id='word_1_308' title='bbox 1203 2854 1639 2936; x_wconf 65' lang='lat' dir='ltr'><strong>argumentatus,</strong></span> <span class='ocrx_word' id='word_1_309' title='bbox 1682 2859 1823 2936; x_wconf 74' lang='lat' dir='ltr'><strong>quod</strong></span> 
     </span>
    </p>
   </div>
   <div class='ocr_carea' id='block_1_47' title="bbox 272 2924 1826 2995">
    <p class='ocr_par' dir='ltr' id='par_1_47' title="bbox 272 2924 1826 2995">
     <span class='ocr_line' id='line_1_47' title="bbox 272 2924 1826 2995; baseline 0.001 -15"><span class='ocrx_word' id='word_1_310' title='bbox 272 2941 464 2981; x_wconf 87' lang='lat' dir='ltr'><strong>eorum</strong></span> <span class='ocrx_word' id='word_1_311' title='bbox 504 2926 778 2979; x_wconf 83' lang='lat' dir='ltr'><strong>silentium</strong></span> <span class='ocrx_word' id='word_1_312' title='bbox 831 2924 972 2979; x_wconf 87' lang='lat' dir='ltr'><strong>illius</strong></span> <span class='ocrx_word' id='word_1_313' title='bbox 1016 2925 1183 2987; x_wconf 88' lang='lat' dir='ltr'><strong>vocis,</strong></span> <span class='ocrx_word' id='word_1_314' title='bbox 1228 2924 1482 2995; x_wconf 81' lang='lat' dir='ltr'><strong>Filioque,</strong></span> <span class='ocrx_word' id='word_1_315' title='bbox 1522 2924 1826 2995; x_wconf 87' lang='lat' dir='ltr'><strong>negationis</strong></span> 
     </span>
    </p>
   </div>
   <div class='ocr_carea' id='block_1_48' title="bbox 275 2994 1825 3064">
    <p class='ocr_par' dir='ltr' id='par_1_48' title="bbox 275 2994 1825 3064">
     <span class='ocr_line' id='line_1_48' title="bbox 275 2994 1825 3064; baseline 0.003 -16"><span class='ocrx_word' id='word_1_316' title='bbox 275 2997 538 3050; x_wconf 90' lang='lat' dir='ltr'><strong>rationem</strong></span> <span class='ocrx_word' id='word_1_317' title='bbox 575 2995 773 3064; x_wconf 79' lang='lat' dir='ltr'><strong>habere</strong></span> <span class='ocrx_word' id='word_1_318' title='bbox 805 2994 1117 3049; x_wconf 89' lang='lat' dir='ltr'><strong>contendit:</strong></span> <span class='ocrx_word' id='word_1_319' title='bbox 1145 3010 1252 3064; x_wconf 92' lang='lat' dir='ltr'><strong>quo</strong></span> <span class='ocrx_word' id='word_1_320' title='bbox 1288 2994 1475 3051; x_wconf 92' lang='lat' dir='ltr'><strong>eodem</strong></span> <span class='ocrx_word' id='word_1_321' title='bbox 1517 2998 1647 3052; x_wconf 91' lang='lat' dir='ltr'><strong>vitio</strong></span> <span class='ocrx_word' id='word_1_322' title='bbox 1687 2999 1825 3052; x_wconf 84' lang='lat' dir='ltr'><strong>male</strong></span> 
     </span>
    </p>
   </div>
   <div class='ocr_carea' id='block_1_49' title="bbox 276 3061 1829 3188">
    <p class='ocr_par' dir='ltr' id='par_1_49' title="bbox 276 3061 1829 3188">
     <span class='ocr_line' id='line_1_49' title="bbox 276 3061 1829 3188; baseline 0.001 -68"><span class='ocrx_word' id='word_1_323' title='bbox 276 3072 492 3188; x_wconf 48' lang='lat' dir='ltr'><strong>torquet</strong></span> <span class='ocrx_word' id='word_1_324' title='bbox 537 3064 697 3119; x_wconf 84' lang='lat' dir='ltr'><strong>verba</strong></span> <span class='ocrx_word' id='word_1_325' title='bbox 738 3061 1051 3125; x_wconf 89' lang='lat' dir='ltr'><strong>Dominica,</strong></span> <span class='ocrx_word' id='word_1_326' title='bbox 1087 3061 1237 3133; x_wconf 77' lang='grc' dir='ltr'>παρὰ</span> <span class='ocrx_word' id='word_1_327' title='bbox 1266 3066 1359 3118; x_wconf 81' lang='grc' dir='ltr'><strong>τοῦ</strong></span> <span class='ocrx_word' id='word_1_328' title='bbox 1407 3067 1614 3138; x_wconf 83' lang='grc' dir='ltr'>Πατρδς</span> <span class='ocrx_word' id='word_1_329' title='bbox 1662 3070 1829 3122; x_wconf 72' lang='grc' dir='ltr'>ἐκπο-</span> 
     </span>
     <span class='ocr_line' id='line_1_50' title="bbox 281 3132 1827 3188; baseline 0 0"><span class='ocrx_word' id='word_1_330' title='bbox 281 3153 372 3188; x_wconf 80' lang='grc' dir='ltr'><strong>οευ</strong></span> <span class='ocrx_word' id='word_1_331' title='bbox 410 3151 585 3188; x_wconf 74' lang='grc' dir='ltr'>μενον.</span> <span class='ocrx_word' id='word_1_332' title='bbox 622 3132 723 3188; x_wconf 82' lang='lat' dir='ltr'><strong>Oui</strong></span> <span class='ocrx_word' id='word_1_333' title='bbox 747 3150 777 3186; x_wconf 91' lang='lat' dir='ltr'><strong>a</strong></span> <span class='ocrx_word' id='word_1_334' title='bbox 805 3132 963 3187; x_wconf 85' lang='lat' dir='ltr'><strong>Patre</strong></span> <span class='ocrx_word' id='word_1_335' title='bbox 983 3136 1247 3188; x_wconf 75' lang='lat' dir='ltr'><strong>procedit:</strong></span> <span class='ocrx_word' id='word_1_336' title='bbox 1279 3136 1451 3188; x_wconf 88' lang='lat' dir='ltr'><strong>malus</strong></span> <span class='ocrx_word' id='word_1_337' title='bbox 1480 3146 1625 3188; x_wconf 88' lang='lat' dir='ltr'><strong>certe</strong></span> <span class='ocrx_word' id='word_1_338' title='bbox 1673 3140 1827 3188; x_wconf 80' lang='lat' dir='ltr'><strong>theo-</strong></span> 
     </span>
    </p>
   </div>
   <div class='ocr_carea' id='block_1_50' title="bbox 410 3132 1827 3205">
    <p class='ocr_par' dir='ltr' id='par_1_50' title="bbox 410 3132 1827 3205">
     <span class='ocr_line' id='line_1_51' title="bbox 410 3132 1827 3205; baseline 0.002 -19"><span class='ocrx_word' id='word_1_339' title='bbox 410 3151 585 3205; x_wconf 80' lang='grc' dir='ltr'>μενον,</span> <span class='ocrx_word' id='word_1_340' title='bbox 622 3132 723 3205; x_wconf 79' lang='lat' dir='ltr'><strong>Qui</strong></span> <span class='ocrx_word' id='word_1_341' title='bbox 747 3132 963 3205; x_wconf 13' lang='grc' dir='ltr'>πέραινε</span> <span class='ocrx_word' id='word_1_342' title='bbox 983 3132 1247 3205; x_wconf 76' lang='lat' dir='ltr'><strong>procedit;</strong></span> <span class='ocrx_word' id='word_1_343' title='bbox 1279 3136 1451 3190; x_wconf 88' lang='lat' dir='ltr'><strong>malus</strong></span> <span class='ocrx_word' id='word_1_344' title='bbox 1480 3132 1625 3192; x_wconf 82' lang='lat' dir='ltr'><strong>certe</strong></span> <span class='ocrx_word' id='word_1_345' title='bbox 1673 3140 1827 3192; x_wconf 79' lang='lat' dir='ltr'><strong>theo-</strong></span> 
     </span>
    </p>
   </div>
   <div class='ocr_carea' id='block_1_51' title="bbox 1929 2502 3495 2573">
    <p class='ocr_par' dir='ltr' id='par_1_51' title="bbox 1929 2502 3495 2573">
     <span class='ocr_line' id='line_1_52' title="bbox 1929 2502 3495 2573; baseline -0.005 -10"><span class='ocrx_word' id='word_1_346' title='bbox 1929 2525 1993 2564; x_wconf 89' lang='lat' dir='ltr'><strong>ac</strong></span> <span class='ocrx_word' id='word_1_347' title='bbox 2048 2511 2189 2563; x_wconf 83' lang='lat' dir='ltr'><strong>bono</strong></span> <span class='ocrx_word' id='word_1_348' title='bbox 2233 2524 2394 2563; x_wconf 87' lang='lat' dir='ltr'><strong>sensu</strong></span> <span class='ocrx_word' id='word_1_349' title='bbox 2439 2508 2642 2569; x_wconf 79' lang='lat' dir='ltr'><strong>valens,</strong></span> <span class='ocrx_word' id='word_1_350' title='bbox 2684 2508 2783 2561; x_wconf 83' lang='lat' dir='ltr'><strong>sibi</strong></span> <span class='ocrx_word' id='word_1_351' title='bbox 2829 2504 2967 2573; x_wconf 86' lang='lat' dir='ltr'><strong>quod</strong></span> <span class='ocrx_word' id='word_1_352' title='bbox 3004 2504 3199 2573; x_wconf 85' lang='lat' dir='ltr'><strong>vellent</strong></span> <span class='ocrx_word' id='word_1_353' title='bbox 3239 2502 3495 2573; x_wconf 70' lang='lat' dir='ltr'><strong>scribere.</strong></span> 
     </span>
    </p>
   </div>
   <div class='ocr_carea' id='block_1_52' title="bbox 1926 2572 3495 2641">
    <p class='ocr_par' dir='ltr' id='par_1_52' title="bbox 1926 2572 3495 2641">
     <span class='ocr_line' id='line_1_53' title="bbox 1926 2572 3495 2641; baseline -0.003 -9"><span class='ocrx_word' id='word_1_354' title='bbox 1926 2580 2071 2633; x_wconf 87' lang='lat' dir='ltr'><strong>nulla</strong></span> <span class='ocrx_word' id='word_1_355' title='bbox 2125 2578 2246 2632; x_wconf 88' lang='lat' dir='ltr'><strong>inde</strong></span> <span class='ocrx_word' id='word_1_356' title='bbox 2291 2579 2648 2633; x_wconf 77' lang='lat' dir='ltr'><strong>Eeclesiarutn</strong></span> <span class='ocrx_word' id='word_1_357' title='bbox 2698 2572 2975 2631; x_wconf 83' lang='lat' dir='ltr'><strong>scissione.</strong></span> <span class='ocrx_word' id='word_1_358' title='bbox 3014 2572 3282 2641; x_wconf 86' lang='lat' dir='ltr'><strong>Mirorquc</strong></span> <span class='ocrx_word' id='word_1_359' title='bbox 3321 2572 3495 2627; x_wconf 81' lang='lat' dir='ltr'><strong>Pltotii</strong></span> 
     </span>
    </p>
   </div>
   <div class='ocr_carea' id='block_1_53' title="bbox 1926 2642 3495 2719">
    <p class='ocr_par' dir='ltr' id='par_1_53' title="bbox 1926 2642 3495 2719">
     <span class='ocr_line' id='line_1_54' title="bbox 1926 2642 3495 2719; baseline -0.005 -16"><span class='ocrx_word' id='word_1_360' title='bbox 1926 2649 2160 2719; x_wconf 87' lang='lat' dir='ltr'><strong>genium,</strong></span> <span class='ocrx_word' id='word_1_361' title='bbox 2208 2649 2299 2719; x_wconf 79' lang='lat' dir='ltr'><strong>qui</strong></span> <span class='ocrx_word' id='word_1_362' title='bbox 2335 2648 2495 2703; x_wconf 88' lang='lat' dir='ltr'><strong>tantis</strong></span> <span class='ocrx_word' id='word_1_363' title='bbox 2534 2656 2736 2719; x_wconf 81' lang='lat' dir='ltr'><strong>urgeat.</strong></span> <span class='ocrx_word' id='word_1_364' title='bbox 2790 2647 2960 2719; x_wconf 23' lang='grc' dir='ltr'>ςεὸηὲκ</span> <span class='ocrx_word' id='word_1_365' title='bbox 2986 2642 3079 2719; x_wconf 76' lang='grc' dir='ltr'><strong>τοῦ</strong></span> <span class='ocrx_word' id='word_1_366' title='bbox 3121 2643 3268 2719; x_wconf 80' lang='grc' dir='ltr'>Υὶοῦ,</span> <span class='ocrx_word' id='word_1_367' title='bbox 3301 2644 3495 2719; x_wconf 78' lang='lat' dir='ltr'><strong>adver-</strong></span> 
     </span>
    </p>
   </div>
   <div class='ocr_carea' id='block_1_54' title="bbox 1928 2712 3498 2785">
    <p class='ocr_par' dir='ltr' id='par_1_54' title="bbox 1928 2712 3498 2785">
     <span class='ocr_line' id='line_1_55' title="bbox 1928 2712 3498 2785; baseline -0.004 -12"><span class='ocrx_word' id='word_1_368' title='bbox 1928 2712 2031 2773; x_wconf 72' lang='lat' dir='ltr'><strong>sari</strong></span> <span class='ocrx_word' id='word_1_369' title='bbox 2060 2719 2171 2773; x_wconf 83' lang='lat' dir='ltr'><strong>voci</strong></span> <span class='ocrx_word' id='word_1_370' title='bbox 2206 2712 2519 2781; x_wconf 70' lang='lat' dir='ltr'><strong>Dominicaa,</strong></span> <span class='ocrx_word' id='word_1_371' title='bbox 2558 2712 2817 2785; x_wconf 68' lang='grc' dir='ltr'>παρὰῑτοῦ</span> <span class='ocrx_word' id='word_1_372' title='bbox 2850 2714 3084 2784; x_wconf 80' lang='grc' dir='ltr'>Πατρός,</span> <span class='ocrx_word' id='word_1_373' title='bbox 3123 2714 3248 2785; x_wconf 88' lang='lat' dir='ltr'><strong>quia</strong></span> <span class='ocrx_word' id='word_1_374' title='bbox 3277 2712 3498 2785; x_wconf 85' lang='lat' dir='ltr'><strong>minime</strong></span> 
     </span>
    </p>
   </div>
   <div class='ocr_carea' id='block_1_55' title="bbox 1929 2782 3495 2858">
    <p class='ocr_par' dir='ltr' id='par_1_55' title="bbox 1929 2782 3495 2858">
     <span class='ocr_line' id='line_1_56' title="bbox 1929 2782 3495 2858; baseline -0.004 -15"><span class='ocrx_word' id='word_1_375' title='bbox 1929 2791 2188 2858; x_wconf 88' lang='lat' dir='ltr'><strong>scriptum</strong></span> <span class='ocrx_word' id='word_1_376' title='bbox 2229 2797 2344 2858; x_wconf 86' lang='lat' dir='ltr'><strong>est;</strong></span> <span class='ocrx_word' id='word_1_377' title='bbox 2402 2804 2501 2858; x_wconf 89' lang='lat' dir='ltr'><strong>nec</strong></span> <span class='ocrx_word' id='word_1_378' title='bbox 2553 2782 2791 2858; x_wconf 79' lang='lat' dir='ltr'><strong>advertat</strong></span> <span class='ocrx_word' id='word_1_379' title='bbox 2836 2782 2974 2858; x_wconf 75' lang='lat' dir='ltr'><strong>idem</strong></span> <span class='ocrx_word' id='word_1_380' title='bbox 3026 2784 3385 2858; x_wconf 76' lang='lat' dir='ltr'><strong>ur_gcr_i_pnsse</strong></span> <span class='ocrx_word' id='word_1_381' title='bbox 3441 2782 3495 2858; x_wconf 83' lang='lat' dir='ltr'><strong>in</strong></span> 
     </span>
    </p>
   </div>
   <div class='ocr_carea' id='block_1_56' title="bbox 1926 2853 3496 2925">
    <p class='ocr_par' dir='ltr' id='par_1_56' title="bbox 1926 2853 3496 2925">
     <span class='ocr_line' id='line_1_57' title="bbox 1926 2853 3496 2925; baseline -0.004 -11"><span class='ocrx_word' id='word_1_382' title='bbox 1926 2853 2055 2918; x_wconf 59' lang='lat' dir='ltr'><strong>illo;</strong></span> <span class='ocrx_word' id='word_1_383' title='bbox 2107 2859 2192 2911; x_wconf 70' lang='grc' dir='ltr'><strong>διὰ</strong></span> <span class='ocrx_word' id='word_1_384' title='bbox 2241 2857 2332 2910; x_wconf 80' lang='grc' dir='ltr'><strong>τοῦ</strong></span> <span class='ocrx_word' id='word_1_385' title='bbox 2380 2857 2531 2919; x_wconf 68' lang='lat' dir='ltr'><strong>Tim),</strong></span> <span class='ocrx_word' id='word_1_386' title='bbox 2575 2856 2715 2924; x_wconf 84' lang='lat' dir='ltr'><strong>quod</strong></span> <span class='ocrx_word' id='word_1_387' title='bbox 2760 2853 3365 2925; x_wconf 19' lang='lat' dir='ltr'><strong>perindcivelaclditio,</strong></span> <span class='ocrx_word' id='word_1_388' title='bbox 3414 2853 3496 2907; x_wconf 91' lang='lat' dir='ltr'><strong>vel</strong></span> 
     </span>
    </p>
   </div>
   <div class='ocr_carea' id='block_1_57' title="bbox 1927 2921 3500 2997">
    <p class='ocr_par' dir='ltr' id='par_1_57' title="bbox 1927 2921 3500 2997">
     <span class='ocr_line' id='line_1_58' title="bbox 1927 2921 3500 2997; baseline -0.004 -14"><span class='ocrx_word' id='word_1_389' title='bbox 1927 2929 2186 2997; x_wconf 79' lang='lat' dir='ltr'><strong>expositio</strong></span> <span class='ocrx_word' id='word_1_390' title='bbox 2216 2937 2297 2997; x_wconf 83' lang='lat' dir='ltr'><strong>est</strong></span> <span class='ocrx_word' id='word_1_391' title='bbox 2330 2930 2466 2994; x_wconf 86' lang='lat' dir='ltr'><strong>ejus,</strong></span> <span class='ocrx_word' id='word_1_392' title='bbox 2518 2921 2657 2996; x_wconf 86' lang='lat' dir='ltr'><strong>quod</strong></span> <span class='ocrx_word' id='word_1_393' title='bbox 2695 2921 2804 2995; x_wconf 77' lang='lat' dir='ltr'><strong>ipsa</strong></span> <span class='ocrx_word' id='word_1_394' title='bbox 2840 2941 2947 2997; x_wconf 58' lang='lat' dir='ltr'><strong>vos</strong></span> <span class='ocrx_word' id='word_1_395' title='bbox 2986 2921 3256 2997; x_wconf 66' lang='lat' dir='ltr'><strong>Dontinica</strong></span> <span class='ocrx_word' id='word_1_396' title='bbox 3303 2924 3500 2997; x_wconf 64' lang='lat' dir='ltr'><strong>virtute</strong></span> 
     </span>
    </p>
   </div>
   <div class='ocr_carea' id='block_1_58' title="bbox 1930 2987 3494 3067">
    <p class='ocr_par' dir='ltr' id='par_1_58' title="bbox 1930 2987 3494 3067">
     <span class='ocr_line' id='line_1_59' title="bbox 1930 2987 3494 3067; baseline -0.005 -13"><span class='ocrx_word' id='word_1_397' title='bbox 1930 2987 2191 3054; x_wconf 78' lang='lat' dir='ltr'><strong>continet.</strong></span> <span class='ocrx_word' id='word_1_398' title='bbox 2245 2996 2310 3051; x_wconf 88' lang='lat' dir='ltr'><strong>Ut</strong></span> <span class='ocrx_word' id='word_1_399' title='bbox 2343 2987 2469 3067; x_wconf 80' lang='lat' dir='ltr'><strong>ergo</strong></span> <span class='ocrx_word' id='word_1_400' title='bbox 2519 2987 2639 3065; x_wconf 83' lang='lat' dir='ltr'><strong>pius</strong></span> <span class='ocrx_word' id='word_1_401' title='bbox 2666 2987 2728 3049; x_wconf 43' lang='lat' dir='ltr'><strong>et.</strong></span> <span class='ocrx_word' id='word_1_402' title='bbox 2759 2995 3093 3067; x_wconf 76' lang='lat' dir='ltr'><strong>orthodoxus</strong></span> <span class='ocrx_word' id='word_1_403' title='bbox 3132 2987 3385 3067; x_wconf 82' lang='lat' dir='ltr'><strong>&#39;l‘arasins</strong></span> <span class='ocrx_word' id='word_1_404' title='bbox 3421 2991 3494 3046; x_wconf 71' lang='lat' dir='ltr'><strong>ita</strong></span> 
     </span>
    </p>
   </div>
   <div class='ocr_carea' id='block_1_59' title="bbox 1932 3063 3499 3131">
    <p class='ocr_par' dir='ltr' id='par_1_59' title="bbox 1932 3063 3499 3131">
     <span class='ocr_line' id='line_1_60' title="bbox 1932 3063 3499 3131; baseline -0.004 -9"><span class='ocrx_word' id='word_1_405' title='bbox 1932 3069 2195 3126; x_wconf 88' lang='lat' dir='ltr'><strong>scribens.</strong></span> <span class='ocrx_word' id='word_1_406' title='bbox 2233 3068 2308 3121; x_wconf 90' lang='lat' dir='ltr'><strong>sic</strong></span> <span class='ocrx_word' id='word_1_407' title='bbox 2344 3063 2632 3127; x_wconf 57' lang='lat' dir='ltr'><strong>et&#39;Latini,</strong></span> <span class='ocrx_word' id='word_1_408' title='bbox 2668 3082 2776 3119; x_wconf 83' lang='lat' dir='ltr'><strong>non</strong></span> <span class='ocrx_word' id='word_1_409' title='bbox 2814 3066 2968 3118; x_wconf 89' lang='lat' dir='ltr'><strong>aliter</strong></span> <span class='ocrx_word' id='word_1_410' title='bbox 2997 3078 3154 3131; x_wconf 85' lang='lat' dir='ltr'><strong>quam</strong></span> <span class='ocrx_word' id='word_1_411' title='bbox 3189 3063 3398 3131; x_wconf 81' lang='lat' dir='ltr'><strong>plirasi,</strong></span> <span class='ocrx_word' id='word_1_412' title='bbox 3437 3078 3499 3115; x_wconf 84' lang='lat' dir='ltr'><strong>ac</strong></span> 
     </span>
    </p>
   </div>
   <div class='ocr_carea' id='block_1_60' title="bbox 1931 3132 3497 3207">
    <p class='ocr_par' dir='ltr' id='par_1_60' title="bbox 1931 3132 3497 3207">
     <span class='ocr_line' id='line_1_61' title="bbox 1931 3132 3497 3207; baseline -0.004 -16"><span class='ocrx_word' id='word_1_413' title='bbox 1931 3138 2180 3207; x_wconf 89' lang='lat' dir='ltr'><strong>loquendi</strong></span> <span class='ocrx_word' id='word_1_414' title='bbox 2207 3137 2363 3190; x_wconf 88' lang='lat' dir='ltr'><strong>modo</strong></span> <span class='ocrx_word' id='word_1_415' title='bbox 2392 3153 2452 3190; x_wconf 75' lang='lat' dir='ltr'><strong>ev</strong></span> <span class='ocrx_word' id='word_1_416' title='bbox 2480 3137 2740 3207; x_wconf 81' lang='lat' dir='ltr'><strong>cujusque</strong></span> <span class='ocrx_word' id='word_1_417' title='bbox 2768 3134 2941 3207; x_wconf 81' lang='lat' dir='ltr'><strong>gentis</strong></span> <span class='ocrx_word' id='word_1_418' title='bbox 2981 3133 3195 3207; x_wconf 81' lang='lat' dir='ltr'><strong>proprio</strong></span> <span class='ocrx_word' id='word_1_419' title='bbox 3240 3132 3497 3207; x_wconf 70' lang='lat' dir='ltr'><strong>idiomate</strong></span> 
     </span>
    </p>
   </div>
   <div class='ocr_carea' id='block_1_61' title="bbox 316 3153 372 3189">
    <p class='ocr_par' dir='ltr' id='par_1_61' title="bbox 316 3153 372 3189">
     <span class='ocr_line' id='line_1_62' title="bbox 316 3153 372 3189; baseline 0.018 -1"><span class='ocrx_word' id='word_1_420' title='bbox 316 3153 372 3189; x_wconf 81' lang='grc' dir='ltr'><strong>ευ</strong></span> 
     </span>
    </p>
   </div>
   <div class='ocr_carea' id='block_1_62' title="bbox 277 3153 3500 3287">
    <p class='ocr_par' dir='ltr' id='par_1_62' title="bbox 277 3153 3500 3287">
     <span class='ocr_line' id='line_1_63' title="bbox 277 3153 3497 3259; baseline -0.001 -71"><span class='ocrx_word' id='word_1_421' title='bbox 277 3153 585 3259; x_wconf 78' lang='grc' dir='ltr'>ρευομενον,</span> <span class='ocrx_word' id='word_1_422' title='bbox 622 3153 723 3199; x_wconf 66' lang='lat' dir='ltr'><strong>Qut</strong></span> <span class='ocrx_word' id='word_1_423' title='bbox 747 3153 777 3186; x_wconf 90' lang='lat' dir='ltr'><strong><em>a</em></strong></span> <span class='ocrx_word' id='word_1_424' title='bbox 805 3153 963 3187; x_wconf 76' lang='lat' dir='ltr'><strong>ratre</strong></span> <span class='ocrx_word' id='word_1_425' title='bbox 983 3153 1247 3201; x_wconf 84' lang='lat' dir='ltr'><strong>proceatt:</strong></span> <span class='ocrx_word' id='word_1_426' title='bbox 1279 3153 1451 3190; x_wconf 85' lang='lat' dir='ltr'><strong>matus</strong></span> <span class='ocrx_word' id='word_1_427' title='bbox 1480 3153 1625 3192; x_wconf 90' lang='lat' dir='ltr'><strong>certe</strong></span> <span class='ocrx_word' id='word_1_428' title='bbox 1673 3153 1827 3192; x_wconf 83' lang='lat' dir='ltr'><strong>tneo-</strong></span> <span class='ocrx_word' id='word_1_429' title='bbox 1932 3153 2180 3207; x_wconf 82' lang='lat' dir='ltr'><strong>loquendi</strong></span> <span class='ocrx_word' id='word_1_430' title='bbox 2207 3153 2363 3190; x_wconf 87' lang='lat' dir='ltr'><strong>mouo</strong></span> <span class='ocrx_word' id='word_1_431' title='bbox 2392 3153 2452 3190; x_wconf 59' lang='grc' dir='ltr'><strong>οἵ</strong></span> <span class='ocrx_word' id='word_1_432' title='bbox 2480 3153 2740 3205; x_wconf 74' lang='grc' dir='ltr'>οιιμιδιιιιθ</span> <span class='ocrx_word' id='word_1_433' title='bbox 2768 3153 2941 3205; x_wconf 80' lang='lat' dir='ltr'><strong>genus</strong></span> <span class='ocrx_word' id='word_1_434' title='bbox 2981 3153 3195 3202; x_wconf 72' lang='lat' dir='ltr'><strong>proprio</strong></span> <span class='ocrx_word' id='word_1_435' title='bbox 3240 3153 3497 3185; x_wconf 75' lang='lat' dir='ltr'><strong>lUlOIllutc</strong></span> 
     </span>
     <span class='ocr_line' id='line_1_64' title="bbox 298 3201 3500 3287; baseline -0.001 -30"><span class='ocrx_word' id='word_1_436' title='bbox 298 3220 450 3287; x_wconf 82' lang='lat' dir='ltr'><strong>ogus,</strong></span> <span class='ocrx_word' id='word_1_437' title='bbox 513 3218 621 3287; x_wconf 78' lang='lat' dir='ltr'><strong>non</strong></span> <span class='ocrx_word' id='word_1_438' title='bbox 677 3203 1015 3287; x_wconf 67' lang='grc' dir='ltr'><strong>ἰιιιεηίεειιεἸ</strong></span> <span class='ocrx_word' id='word_1_439' title='bbox 1047 3219 1173 3287; x_wconf 65' lang='grc' dir='ltr'><strong>ριιειεΔ</strong></span> <span class='ocrx_word' id='word_1_440' title='bbox 1216 3204 1449 3287; x_wconf 44' lang='lat' dir='ltr'><strong>de&#39;upa</strong></span> <span class='ocrx_word' id='word_1_441' title='bbox 1474 3222 1710 3287; x_wconf 77' lang='lat' dir='ltr'><strong>persona</strong></span> <span class='ocrx_word' id='word_1_442' title='bbox 1744 3208 1826 3287; x_wconf 84' lang='lat' dir='ltr'><strong>di-</strong></span> <span class='ocrx_word' id='word_1_443' title='bbox 1854 3225 1898 3287; x_wconf 70' lang='grc' dir='ltr'><strong>ρ</strong></span> <span class='ocrx_word' id='word_1_444' title='bbox 1932 3209 1999 3261; x_wconf 90' lang='lat' dir='ltr'><strong>ab</strong></span> <span class='ocrx_word' id='word_1_445' title='bbox 2039 3223 2136 3287; x_wconf 69' lang='lat' dir='ltr'><strong>eo,</strong></span> <span class='ocrx_word' id='word_1_446' title='bbox 2178 3220 2238 3287; x_wconf 73' lang='lat' dir='ltr'><strong>ac</strong></span> <span class='ocrx_word' id='word_1_447' title='bbox 2288 3207 2487 3287; x_wconf 83' lang='lat' dir='ltr'><strong>Graecis</strong></span> <span class='ocrx_word' id='word_1_448' title='bbox 2528 3206 2762 3287; x_wconf 75' lang='lat' dir='ltr'><strong>antiquis</strong></span> <span class='ocrx_word' id='word_1_449' title='bbox 2797 3206 2864 3284; x_wconf 75' lang='lat' dir='ltr'><strong>ita</strong></span> <span class='ocrx_word' id='word_1_450' title='bbox 2886 3203 3262 3287; x_wconf 64' lang='lat' dir='ltr'><strong>loquentibus,</strong></span> <span class='ocrx_word' id='word_1_451' title='bbox 3300 3201 3500 3287; x_wconf 73' lang='lat' dir='ltr'><strong>diversi</strong></span> 
     </span>
    </p>
   </div>
   <div class='ocr_carea' id='block_1_63' title="bbox 278 3273 1827 3347">
    <p class='ocr_par' dir='ltr' id='par_1_63' title="bbox 278 3273 1827 3347">
     <span class='ocr_line' id='line_1_65' title="bbox 278 3273 1827 3347; baseline 0.001 -19"><span class='ocrx_word' id='word_1_452' title='bbox 278 3285 495 3339; x_wconf 88' lang='lat' dir='ltr'><strong>cuntur,</strong></span> <span class='ocrx_word' id='word_1_453' title='bbox 549 3273 616 3328; x_wconf 91' lang='lat' dir='ltr'><strong>de</strong></span> <span class='ocrx_word' id='word_1_454' title='bbox 666 3273 787 3347; x_wconf 85' lang='lat' dir='ltr'><strong>aliis</strong></span> <span class='ocrx_word' id='word_1_455' title='bbox 830 3274 1051 3347; x_wconf 80' lang='lat' dir='ltr'><strong>perinde</strong></span> <span class='ocrx_word' id='word_1_456' title='bbox 1099 3274 1321 3347; x_wconf 71' lang='lat' dir='ltr'><strong>intelligi</strong></span> <span class='ocrx_word' id='word_1_457' title='bbox 1353 3273 1497 3347; x_wconf 37' lang='lat' dir='ltr'><strong>_(ubi’_</strong></span> <span class='ocrx_word' id='word_1_458' title='bbox 1530 3277 1827 3347; x_wconf 61' lang='lat' dir='ltr'><strong>presertim</strong></span> 
     </span>
    </p>
   </div>
   <div class='ocr_carea' id='block_1_64' title="bbox 279 3342 1836 3425">
    <p class='ocr_par' dir='ltr' id='par_1_64' title="bbox 279 3342 1836 3425">
     <span class='ocr_line' id='line_1_66' title="bbox 279 3342 1836 3425; baseline 0 -26"><span class='ocrx_word' id='word_1_459' title='bbox 279 3346 459 3425; x_wconf 67' lang='lat' dir='ltr'><strong>nullus</strong></span> <span class='ocrx_word' id='word_1_460' title='bbox 509 3352 591 3397; x_wconf 86' lang='lat' dir='ltr'><strong>est</strong></span> <span class='ocrx_word' id='word_1_461' title='bbox 636 3342 900 3425; x_wconf 70' lang='lat' dir='ltr'><strong>terminus</strong></span> <span class='ocrx_word' id='word_1_462' title='bbox 939 3343 1228 3425; x_wconf 72' lang='lat' dir='ltr'><strong>excludens</strong></span> <span class='ocrx_word' id='word_1_463' title='bbox 1250 3342 1411 3425; x_wconf 60' lang='lat' dir='ltr'><strong>j&#39;nisi</strong></span> <span class='ocrx_word' id='word_1_464' title='bbox 1459 3342 1836 3425; x_wconf 39' lang='lat' dir='ltr'><strong>sit&#39;o-ppgsitio</strong></span> 
     </span>
    </p>
   </div>
   <div class='ocr_carea' id='block_1_65' title="bbox 282 3412 1840 3485">
    <p class='ocr_par' dir='ltr' id='par_1_65' title="bbox 282 3412 1840 3485">
     <span class='ocr_line' id='line_1_67' title="bbox 282 3412 1840 3485; baseline 0 -16"><span class='ocrx_word' id='word_1_465' title='bbox 282 3414 477 3485; x_wconf 79' lang='lat' dir='ltr'><strong>aliqua_.</strong></span> <span class='ocrx_word' id='word_1_466' title='bbox 528 3412 703 3482; x_wconf 84' lang='lat' dir='ltr'><strong>qualis</strong></span> <span class='ocrx_word' id='word_1_467' title='bbox 743 3413 888 3485; x_wconf 84' lang='lat' dir='ltr'><strong>nulla</strong></span> <span class='ocrx_word' id='word_1_468' title='bbox 938 3413 1210 3485; x_wconf 27' lang='lat' dir='ltr'><strong>occurrit,‘</strong></span> <span class='ocrx_word' id='word_1_469' title='bbox 1249 3412 1301 3485; x_wconf 81' lang='lat' dir='ltr'><strong>in</strong></span> <span class='ocrx_word' id='word_1_470' title='bbox 1352 3430 1416 3468; x_wconf 82' lang='lat' dir='ltr'><strong>eo</strong></span> <span class='ocrx_word' id='word_1_471' title='bbox 1471 3412 1840 3485; x_wconf 65' lang='lat' dir='ltr'><strong>quotlTilius</strong></span> 
     </span>
    </p>
   </div>
   <div class='ocr_carea' id='block_1_66' title="bbox 284 3481 1842 3551">
    <p class='ocr_par' dir='ltr' id='par_1_66' title="bbox 284 3481 1842 3551">
     <span class='ocr_line' id='line_1_68' title="bbox 284 3481 1842 3551; baseline 0.002 -16"><span class='ocrx_word' id='word_1_472' title='bbox 284 3481 402 3537; x_wconf 63' lang='lat' dir='ltr'><strong>cum</strong></span> <span class='ocrx_word' id='word_1_473' title='bbox 441 3481 599 3538; x_wconf 86' lang='lat' dir='ltr'><strong>Patre</strong></span> <span class='ocrx_word' id='word_1_474' title='bbox 635 3496 776 3536; x_wconf 81' lang='lat' dir='ltr'><strong>unus</strong></span> <span class='ocrx_word' id='word_1_475' title='bbox 815 3481 924 3551; x_wconf 81' lang='lat' dir='ltr'><strong>sint</strong></span> <span class='ocrx_word' id='word_1_476' title='bbox 962 3491 1146 3537; x_wconf 89' lang='lat' dir='ltr'><strong>auctor</strong></span> <span class='ocrx_word' id='word_1_477' title='bbox 1181 3482 1415 3551; x_wconf 85' lang='lat' dir='ltr'><strong>Spiritus</strong></span> <span class='ocrx_word' id='word_1_478' title='bbox 1447 3481 1650 3549; x_wconf 81' lang='lat' dir='ltr'><strong>sancti;</strong></span> <span class='ocrx_word' id='word_1_479' title='bbox 1687 3484 1842 3538; x_wconf 85' lang='lat' dir='ltr'><strong>intel-</strong></span> 
     </span>
    </p>
   </div>
   <div class='ocr_carea' id='block_1_67' title="bbox 285 3549 1841 3624">
    <p class='ocr_par' dir='ltr' id='par_1_67' title="bbox 285 3549 1841 3624">
     <span class='ocr_line' id='line_1_69' title="bbox 285 3549 1841 3624; baseline 0.001 -18"><span class='ocrx_word' id='word_1_480' title='bbox 285 3554 417 3609; x_wconf 79' lang='lat' dir='ltr'><strong>lecta</strong></span> <span class='ocrx_word' id='word_1_481' title='bbox 463 3552 735 3624; x_wconf 78' lang='lat' dir='ltr'><strong>jamFilii</strong></span> <span class='ocrx_word' id='word_1_482' title='bbox 776 3549 993 3624; x_wconf 84' lang='lat' dir='ltr'><strong>a_Patre</strong></span> <span class='ocrx_word' id='word_1_483' title='bbox 1021 3549 1418 3624; x_wconf 76' lang='lat' dir='ltr'><strong>emanatione,</strong></span> <span class='ocrx_word' id='word_1_484' title='bbox 1458 3555 1618 3624; x_wconf 71' lang='lat' dir='ltr'><strong>quasi</strong></span> <span class='ocrx_word' id='word_1_485' title='bbox 1664 3555 1841 3624; x_wconf 91' lang='lat' dir='ltr'><strong>priore</strong></span> 
     </span>
    </p>
   </div>
   <div class='ocr_carea' id='block_1_68' title="bbox 284 3620 1838 3691">
    <p class='ocr_par' dir='ltr' id='par_1_68' title="bbox 284 3620 1838 3691">
     <span class='ocr_line' id='line_1_70' title="bbox 284 3620 1838 3691; baseline -0.001 -13"><span class='ocrx_word' id='word_1_486' title='bbox 284 3620 511 3691; x_wconf 81' lang='lat' dir='ltr'><strong>origine,</strong></span> <span class='ocrx_word' id='word_1_487' title='bbox 571 3622 696 3677; x_wconf 92' lang='lat' dir='ltr'><strong>dum</strong></span> <span class='ocrx_word' id='word_1_488' title='bbox 752 3621 836 3676; x_wconf 89' lang='lat' dir='ltr'><strong>vel</strong></span> <span class='ocrx_word' id='word_1_489' title='bbox 891 3621 965 3674; x_wconf 86' lang='lat' dir='ltr'><strong>ita</strong></span> <span class='ocrx_word' id='word_1_490' title='bbox 1020 3620 1164 3691; x_wconf 92' lang='lat' dir='ltr'><strong>loqui</strong></span> <span class='ocrx_word' id='word_1_491' title='bbox 1217 3622 1390 3677; x_wconf 80' lang='lat' dir='ltr'><strong>liceat.</strong></span> <span class='ocrx_word' id='word_1_492' title='bbox 1454 3620 1526 3678; x_wconf 81' lang='lat' dir='ltr'><strong>De</strong></span> <span class='ocrx_word' id='word_1_493' title='bbox 1580 3620 1838 3685; x_wconf 84' lang='lat' dir='ltr'><strong>Adriano,</strong></span> 
     </span>
    </p>
   </div>
   <div class='ocr_carea' id='block_1_69' title="bbox 283 3690 1841 3763">
    <p class='ocr_par' dir='ltr' id='par_1_69' title="bbox 283 3690 1841 3763">
     <span class='ocr_line' id='line_1_71' title="bbox 283 3690 1841 3763; baseline -0.001 -17"><span class='ocrx_word' id='word_1_494' title='bbox 283 3690 428 3763; x_wconf 74' lang='lat' dir='ltr'><strong>quad</strong></span> <span class='ocrx_word' id='word_1_495' title='bbox 459 3693 530 3747; x_wconf 85' lang='lat' dir='ltr'><strong>ita</strong></span> <span class='ocrx_word' id='word_1_496' title='bbox 570 3700 773 3747; x_wconf 87' lang='lat' dir='ltr'><strong>asserte</strong></span> <span class='ocrx_word' id='word_1_497' title='bbox 803 3690 956 3763; x_wconf 88' lang='lat' dir='ltr'><strong>ponit</strong></span> <span class='ocrx_word' id='word_1_498' title='bbox 986 3690 1230 3755; x_wconf 85' lang='lat' dir='ltr'><strong>PbOtius,</strong></span> <span class='ocrx_word' id='word_1_499' title='bbox 1263 3694 1445 3759; x_wconf 82' lang='grc' dir='ltr'>σαφῶς</span> <span class='ocrx_word' id='word_1_500' title='bbox 1470 3710 1527 3745; x_wconf 81' lang='grc' dir='ltr'>τε</span> <span class='ocrx_word' id='word_1_501' title='bbox 1563 3694 1657 3747; x_wconf 70' lang='grc' dir='ltr'><strong>καὶ</strong></span> <span class='ocrx_word' id='word_1_502' title='bbox 1690 3710 1841 3763; x_wconf 84' lang='grc' dir='ltr'>περι-</span> 
     </span>
    </p>
   </div>
   <div class='ocr_carea' id='block_1_70' title="bbox 284 3762 1842 3883">
    <p class='ocr_par' dir='ltr' id='par_1_70' title="bbox 284 3762 1842 3883">
     <span class='ocr_line' id='line_1_72' title="bbox 284 3762 1842 3883; baseline -0.002 -66"><span class='ocrx_word' id='word_1_503' title='bbox 284 3762 464 3830; x_wconf 66' lang='grc' dir='ltr'>φανῶς</span> <span class='ocrx_word' id='word_1_504' title='bbox 493 3763 769 3830; x_wconf 76' lang='grc' dir='ltr'>φαίνεται.</span> <span class='ocrx_word' id='word_1_505' title='bbox 802 3762 953 3883; x_wconf 59' lang='lat' dir='ltr'><strong>quasi</strong></span> <span class='ocrx_word' id='word_1_506' title='bbox 992 3770 1168 3829; x_wconf 81' lang='lat' dir='ltr'><strong>aperte</strong></span> <span class='ocrx_word' id='word_1_507' title='bbox 1215 3772 1261 3815; x_wconf 81' lang='lat' dir='ltr'><strong>et</strong></span> <span class='ocrx_word' id='word_1_508' title='bbox 1292 3763 1562 3833; x_wconf 80' lang='lat' dir='ltr'><strong>manifeste</strong></span> <span class='ocrx_word' id='word_1_509' title='bbox 1608 3765 1842 3816; x_wconf 74' lang='lat' dir='ltr'><strong>noscitur</strong></span> 
     </span>
     <span class='ocr_line' id='line_1_73' title="bbox 285 3830 1839 3883; baseline 0 0"><span class='ocrx_word' id='word_1_510' title='bbox 285 3850 345 3883; x_wconf 87' lang='lat' dir='ltr'><strong>nc</strong></span> <span class='ocrx_word' id='word_1_511' title='bbox 368 3835 545 3883; x_wconf 75' lang='lat' dir='ltr'><strong>liauet.</strong></span> <span class='ocrx_word' id='word_1_512' title='bbox 566 3847 670 3883; x_wconf 93' lang='lat' dir='ltr'><strong>non</strong></span> <span class='ocrx_word' id='word_1_513' title='bbox 696 3842 753 3883; x_wconf 92' lang='lat' dir='ltr'><strong>nt</strong></span> <span class='ocrx_word' id='word_1_514' title='bbox 782 3830 808 3883; x_wconf 62' lang='grc' dir='ltr'><strong>Β</strong></span> <span class='ocrx_word' id='word_1_515' title='bbox 835 3830 995 3883; x_wconf 89' lang='lat' dir='ltr'><strong>etius.</strong></span> <span class='ocrx_word' id='word_1_516' title='bbox 1026 3842 1201 3883; x_wconf 76' lang='lat' dir='ltr'><strong>auerte</strong></span> <span class='ocrx_word' id='word_1_517' title='bbox 1226 3833 1447 3883; x_wconf 80' lang='lat' dir='ltr'><strong>videtur.</strong></span> <span class='ocrx_word' id='word_1_518' title='bbox 1478 3833 1618 3883; x_wconf 86' lang='lat' dir='ltr'><strong>idem</strong></span> <span class='ocrx_word' id='word_1_519' title='bbox 1656 3842 1839 3883; x_wconf 78' lang='lat' dir='ltr'><strong>nutent</strong></span> 
     </span>
    </p>
   </div>
   <div class='ocr_carea' id='block_1_71' title="bbox 285 3830 1839 3902">
    <p class='ocr_par' dir='ltr' id='par_1_71' title="bbox 285 3830 1839 3902">
     <span class='ocr_line' id='line_1_74' title="bbox 285 3830 1839 3902; baseline 0 -17"><span class='ocrx_word' id='word_1_520' title='bbox 285 3850 345 3885; x_wconf 85' lang='lat' dir='ltr'><strong>ac</strong></span> <span class='ocrx_word' id='word_1_521' title='bbox 368 3835 545 3902; x_wconf 75' lang='lat' dir='ltr'><strong>liquet,</strong></span> <span class='ocrx_word' id='word_1_522' title='bbox 566 3847 670 3887; x_wconf 92' lang='lat' dir='ltr'><strong>non</strong></span> <span class='ocrx_word' id='word_1_523' title='bbox 696 3842 753 3885; x_wconf 92' lang='lat' dir='ltr'><strong>ut</strong></span> <span class='ocrx_word' id='word_1_524' title='bbox 782 3830 995 3897; x_wconf 82' lang='lat' dir='ltr'><strong>Metius,</strong></span> <span class='ocrx_word' id='word_1_525' title='bbox 1026 3842 1201 3902; x_wconf 69' lang='lat' dir='ltr'><strong>aperte</strong></span> <span class='ocrx_word' id='word_1_526' title='bbox 1226 3830 1447 3902; x_wconf 80' lang='lat' dir='ltr'><strong>videtur,</strong></span> <span class='ocrx_word' id='word_1_527' title='bbox 1478 3833 1618 3887; x_wconf 90' lang='lat' dir='ltr'><strong>idem</strong></span> <span class='ocrx_word' id='word_1_528' title='bbox 1656 3842 1839 3901; x_wconf 90' lang='lat' dir='ltr'><strong>putem</strong></span> 
     </span>
    </p>
   </div>
   <div class='ocr_carea' id='block_1_72' title="bbox 284 3901 1838 3971">
    <p class='ocr_par' dir='ltr' id='par_1_72' title="bbox 284 3901 1838 3971">
     <span class='ocr_line' id='line_1_75' title="bbox 284 3901 1838 3971; baseline 0 -16"><span class='ocrx_word' id='word_1_529' title='bbox 284 3903 606 3957; x_wconf 80' lang='lat' dir='ltr'><strong>dicendum:</strong></span> <span class='ocrx_word' id='word_1_530' title='bbox 636 3902 931 3956; x_wconf 79' lang='lat' dir='ltr'><strong>Adrianum</strong></span> <span class='ocrx_word' id='word_1_531' title='bbox 958 3901 1199 3971; x_wconf 84' lang='lat' dir='ltr'><strong>scilicet,</strong></span> <span class='ocrx_word' id='word_1_532' title='bbox 1251 3902 1341 3971; x_wconf 93' lang='lat' dir='ltr'><strong>qui</strong></span> <span class='ocrx_word' id='word_1_533' title='bbox 1390 3901 1838 3957; x_wconf 81' lang='lat' dir='ltr'><strong>lconoelastarum</strong></span> 
     </span>
    </p>
   </div>
   <div class='ocr_carea' id='block_1_73' title="bbox 286 3970 1844 4041">
    <p class='ocr_par' dir='ltr' id='par_1_73' title="bbox 286 3970 1844 4041">
     <span class='ocr_line' id='line_1_76' title="bbox 286 3970 1844 4041; baseline 0 -16"><span class='ocrx_word' id='word_1_534' title='bbox 286 3973 532 4026; x_wconf 61' lang='lat' dir='ltr'><strong>haeresim</strong></span> <span class='ocrx_word' id='word_1_535' title='bbox 580 3971 913 4041; x_wconf 89' lang='lat' dir='ltr'><strong>profligatum</strong></span> <span class='ocrx_word' id='word_1_536' title='bbox 955 3970 1019 4024; x_wconf 90' lang='lat' dir='ltr'><strong>iri</strong></span> <span class='ocrx_word' id='word_1_537' title='bbox 1063 3970 1305 4039; x_wconf 90' lang='lat' dir='ltr'><strong>cuperet.</strong></span> <span class='ocrx_word' id='word_1_538' title='bbox 1346 3971 1649 4026; x_wconf 70' lang='lat' dir='ltr'><strong>Graecorum</strong></span> <span class='ocrx_word' id='word_1_539' title='bbox 1695 3986 1844 4025; x_wconf 83' lang='lat' dir='ltr'><strong>more</strong></span> 
     </span>
    </p>
   </div>
   <div class='ocr_carea' id='block_1_74' title="bbox 287 4040 1845 4110">
    <p class='ocr_par' dir='ltr' id='par_1_74' title="bbox 287 4040 1845 4110">
     <span class='ocr_line' id='line_1_77' title="bbox 287 4040 1845 4110; baseline -0.001 -15"><span class='ocrx_word' id='word_1_540' title='bbox 287 4040 591 4110; x_wconf 70' lang='lat' dir='ltr'><strong>scripsisse</strong></span> <span class='ocrx_word' id='word_1_541' title='bbox 615 4040 1005 4110; x_wconf 12' lang='lat' dir='ltr'><strong>suppressaiea</strong></span> <span class='ocrx_word' id='word_1_542' title='bbox 1054 4055 1205 4100; x_wconf 88' lang='lat' dir='ltr'><strong>voce,</strong></span> <span class='ocrx_word' id='word_1_543' title='bbox 1242 4040 1476 4108; x_wconf 82' lang='lat' dir='ltr'><strong>Filioque</strong></span> <span class='ocrx_word' id='word_1_544' title='bbox 1503 4058 1569 4095; x_wconf 87' lang='lat' dir='ltr'><strong>ne</strong></span> <span class='ocrx_word' id='word_1_545' title='bbox 1604 4055 1697 4109; x_wconf 87' lang='lat' dir='ltr'><strong>per</strong></span> <span class='ocrx_word' id='word_1_546' title='bbox 1727 4041 1845 4107; x_wconf 88' lang='lat' dir='ltr'><strong>ejus</strong></span> 
     </span>
    </p>
   </div>
   <div class='ocr_carea' id='block_1_75' title="bbox 288 4109 1842 4173">
    <p class='ocr_par' dir='ltr' id='par_1_75' title="bbox 288 4109 1842 4173">
     <span class='ocr_line' id='line_1_78' title="bbox 288 4109 1842 4173; baseline 0.001 -10"><span class='ocrx_word' id='word_1_547' title='bbox 288 4109 659 4173; x_wconf 86' lang='lat' dir='ltr'><strong>occasionem,</strong></span> <span class='ocrx_word' id='word_1_548' title='bbox 692 4109 930 4164; x_wconf 72' lang='lat' dir='ltr'><strong>lircretici</strong></span> <span class='ocrx_word' id='word_1_549' title='bbox 974 4124 1037 4163; x_wconf 90' lang='lat' dir='ltr'><strong>ac</strong></span> <span class='ocrx_word' id='word_1_550' title='bbox 1080 4110 1409 4164; x_wconf 90' lang='lat' dir='ltr'><strong>schismatici</strong></span> <span class='ocrx_word' id='word_1_551' title='bbox 1453 4125 1620 4164; x_wconf 86' lang='lat' dir='ltr'><strong>novas</strong></span> <span class='ocrx_word' id='word_1_552' title='bbox 1658 4111 1842 4165; x_wconf 86' lang='lat' dir='ltr'><strong>turbas</strong></span> 
     </span>
    </p>
   </div>
   <div class='ocr_carea' id='block_1_76' title="bbox 288 4180 1843 4249">
    <p class='ocr_par' dir='ltr' id='par_1_76' title="bbox 288 4180 1843 4249">
     <span class='ocr_line' id='line_1_79' title="bbox 288 4180 1843 4249; baseline 0 -17"><span class='ocrx_word' id='word_1_553' title='bbox 288 4182 528 4246; x_wconf 74' lang='lat' dir='ltr'><strong>rierent;</strong></span> <span class='ocrx_word' id='word_1_554' title='bbox 585 4181 823 4249; x_wconf 86' lang='lat' dir='ltr'><strong>quodita</strong></span> <span class='ocrx_word' id='word_1_555' title='bbox 887 4180 939 4233; x_wconf 89' lang='lat' dir='ltr'><strong>in</strong></span> <span class='ocrx_word' id='word_1_556' title='bbox 1005 4195 1179 4234; x_wconf 67' lang='lat' dir='ltr'><strong>causa:</strong></span> <span class='ocrx_word' id='word_1_557' title='bbox 1242 4180 1599 4249; x_wconf 79' lang='lat' dir='ltr'><strong>patrocinium</strong></span> <span class='ocrx_word' id='word_1_558' title='bbox 1667 4181 1843 4248; x_wconf 88' lang='lat' dir='ltr'><strong>rapiat</strong></span> 
     </span>
    </p>
   </div>
   <div class='ocr_carea' id='block_1_77' title="bbox 288 4250 1846 4319">
    <p class='ocr_par' dir='ltr' id='par_1_77' title="bbox 288 4250 1846 4319">
     <span class='ocr_line' id='line_1_80' title="bbox 288 4250 1846 4319; baseline -0.002 -14"><span class='ocrx_word' id='word_1_559' title='bbox 288 4251 531 4315; x_wconf 79' lang='lat' dir='ltr'><strong>l’hotius,</strong></span> <span class='ocrx_word' id='word_1_560' title='bbox 586 4251 685 4305; x_wconf 89' lang='lat' dir='ltr'><strong>sub</strong></span> <span class='ocrx_word' id='word_1_561' title='bbox 730 4250 821 4303; x_wconf 91' lang='lat' dir='ltr'><strong>illo</strong></span> <span class='ocrx_word' id='word_1_562' title='bbox 860 4250 1236 4319; x_wconf 87' lang='lat' dir='ltr'><strong>paralogismo,</strong></span> <span class='ocrx_word' id='word_1_563' title='bbox 1278 4266 1385 4319; x_wconf 89' lang='lat' dir='ltr'><strong>quo</strong></span> <span class='ocrx_word' id='word_1_564' title='bbox 1426 4264 1531 4303; x_wconf 91' lang='lat' dir='ltr'><strong>uno</strong></span> <span class='ocrx_word' id='word_1_565' title='bbox 1574 4258 1683 4304; x_wconf 88' lang='lat' dir='ltr'><strong>tota</strong></span> <span class='ocrx_word' id='word_1_566' title='bbox 1728 4250 1846 4319; x_wconf 87' lang='lat' dir='ltr'><strong>ejus</strong></span> 
     </span>
    </p>
   </div>
   <div class='ocr_carea' id='block_1_78' title="bbox 287 4320 1845 4388">
    <p class='ocr_par' dir='ltr' id='par_1_78' title="bbox 287 4320 1845 4388">
     <span class='ocr_line' id='line_1_81' title="bbox 287 4320 1845 4388; baseline -0.001 -14"><span class='ocrx_word' id='word_1_567' title='bbox 287 4332 464 4374; x_wconf 82' lang='lat' dir='ltr'><strong>strues</strong></span> <span class='ocrx_word' id='word_1_568' title='bbox 503 4321 725 4374; x_wconf 87' lang='lat' dir='ltr'><strong>nititur:</strong></span> <span class='ocrx_word' id='word_1_569' title='bbox 758 4321 841 4374; x_wconf 85' lang='lat' dir='ltr'><strong>vel</strong></span> <span class='ocrx_word' id='word_1_570' title='bbox 881 4329 1027 4374; x_wconf 87' lang='lat' dir='ltr'><strong>certe</strong></span> <span class='ocrx_word' id='word_1_571' title='bbox 1061 4320 1246 4374; x_wconf 90' lang='lat' dir='ltr'><strong>eadem</strong></span> <span class='ocrx_word' id='word_1_572' title='bbox 1284 4320 1703 4388; x_wconf 88' lang='lat' dir='ltr'><strong>dispensatione,</strong></span> <span class='ocrx_word' id='word_1_573' title='bbox 1740 4334 1845 4388; x_wconf 89' lang='lat' dir='ltr'><strong>qua</strong></span> 
     </span>
    </p>
   </div>
   <div class='ocr_carea' id='block_1_79' title="bbox 289 4388 1845 4451">
    <p class='ocr_par' dir='ltr' id='par_1_79' title="bbox 289 4388 1845 4451">
     <span class='ocr_line' id='line_1_82' title="bbox 289 4388 1845 4451; baseline -0.001 -7"><span class='ocrx_word' id='word_1_574' title='bbox 289 4391 509 4446; x_wconf 83' lang='lat' dir='ltr'><strong>Adriani</strong></span> <span class='ocrx_word' id='word_1_575' title='bbox 564 4391 769 4445; x_wconf 88' lang='lat' dir='ltr'><strong>litteras</strong></span> <span class='ocrx_word' id='word_1_576' title='bbox 819 4391 884 4443; x_wconf 92' lang='lat' dir='ltr'><strong>ad</strong></span> <span class='ocrx_word' id='word_1_577' title='bbox 932 4389 1207 4443; x_wconf 88' lang='lat' dir='ltr'><strong>Tarasium</strong></span> <span class='ocrx_word' id='word_1_578' title='bbox 1267 4400 1585 4445; x_wconf 90' lang='lat' dir='ltr'><strong>truncarunt</strong></span> <span class='ocrx_word' id='word_1_579' title='bbox 1630 4388 1798 4444; x_wconf 69' lang='lat' dir='ltr'><strong>Grmci</strong></span> <span class='ocrx_word' id='word_1_580' title='bbox 1830 4429 1845 4451; x_wconf 95' lang='lat'><strong>,</strong></span> 
     </span>
    </p>
   </div>
   <div class='ocr_carea' id='block_1_80' title="bbox 289 4459 1848 4530">
    <p class='ocr_par' dir='ltr' id='par_1_80' title="bbox 289 4459 1848 4530">
     <span class='ocr_line' id='line_1_83' title="bbox 289 4459 1848 4530; baseline -0.001 -16"><span class='ocrx_word' id='word_1_581' title='bbox 289 4462 503 4530; x_wconf 88' lang='lat' dir='ltr'><strong>quibus-</strong></span> <span class='ocrx_word' id='word_1_582' title='bbox 529 4462 647 4529; x_wconf 88' lang='lat' dir='ltr'><strong>ejus</strong></span> <span class='ocrx_word' id='word_1_583' title='bbox 686 4460 1090 4530; x_wconf 88' lang='lat' dir='ltr'><strong>ordinationem</strong></span> <span class='ocrx_word' id='word_1_584' title='bbox 1118 4473 1184 4513; x_wconf 84' lang='lat' dir='ltr'><strong>ex</strong></span> <span class='ocrx_word' id='word_1_585' title='bbox 1232 4460 1383 4514; x_wconf 88' lang='lat' dir='ltr'><strong>laicis</strong></span> <span class='ocrx_word' id='word_1_586' title='bbox 1428 4460 1641 4523; x_wconf 79' lang='lat' dir='ltr'><strong>factam,</strong></span> <span class='ocrx_word' id='word_1_587' title='bbox 1694 4459 1848 4528; x_wconf 88' lang='lat' dir='ltr'><strong>quasi</strong></span> 
     </span>
    </p>
   </div>
   <div class='ocr_carea' id='block_1_81' title="bbox 291 4529 1849 4598">
    <p class='ocr_par' dir='ltr' id='par_1_81' title="bbox 291 4529 1849 4598">
     <span class='ocr_line' id='line_1_84' title="bbox 291 4529 1849 4598; baseline -0.001 -15"><span class='ocrx_word' id='word_1_588' title='bbox 291 4529 470 4583; x_wconf 84' lang='lat' dir='ltr'><strong>minus</strong></span> <span class='ocrx_word' id='word_1_589' title='bbox 495 4531 816 4584; x_wconf 85' lang='lat' dir='ltr'><strong>Canonicam</strong></span> <span class='ocrx_word' id='word_1_590' title='bbox 852 4529 1159 4598; x_wconf 87' lang='lat' dir='ltr'><strong>redarguit,</strong></span> <span class='ocrx_word' id='word_1_591' title='bbox 1189 4546 1257 4584; x_wconf 91' lang='lat' dir='ltr'><strong>ne</strong></span> <span class='ocrx_word' id='word_1_592' title='bbox 1283 4530 1409 4598; x_wconf 90' lang='lat' dir='ltr'><strong>quid</strong></span> <span class='ocrx_word' id='word_1_593' title='bbox 1435 4530 1519 4583; x_wconf 92' lang='lat' dir='ltr'><strong>illa</strong></span> <span class='ocrx_word' id='word_1_594' title='bbox 1550 4530 1668 4597; x_wconf 89' lang='lat' dir='ltr'><strong>ejus</strong></span> <span class='ocrx_word' id='word_1_595' title='bbox 1702 4544 1849 4582; x_wconf 86' lang='lat' dir='ltr'><strong>seve-</strong></span> 
     </span>
    </p>
   </div>
   <div class='ocr_carea' id='block_1_82' title="bbox 293 4598 1843 4669">
    <p class='ocr_par' dir='ltr' id='par_1_82' title="bbox 293 4598 1843 4669">
     <span class='ocr_line' id='line_1_85' title="bbox 293 4598 1843 4669; baseline -0.001 -16"><span class='ocrx_word' id='word_1_596' title='bbox 293 4602 421 4654; x_wconf 87' lang='lat' dir='ltr'><strong>ritas</strong></span> <span class='ocrx_word' id='word_1_597' title='bbox 453 4610 507 4654; x_wconf 89' lang='lat' dir='ltr'><strong>et</strong></span> <span class='ocrx_word' id='word_1_598' title='bbox 541 4601 789 4669; x_wconf 80' lang='grc' dir='ltr'>ἀκρίδεια</span> <span class='ocrx_word' id='word_1_599' title='bbox 828 4598 948 4653; x_wconf 86' lang='lat' dir='ltr'><strong>fidei</strong></span> <span class='ocrx_word' id='word_1_600' title='bbox 986 4601 1203 4669; x_wconf 82' lang='lat' dir='ltr'><strong>negotio</strong></span> <span class='ocrx_word' id='word_1_601' title='bbox 1242 4608 1479 4661; x_wconf 89' lang='lat' dir='ltr'><strong>noceret,</strong></span> <span class='ocrx_word' id='word_1_602' title='bbox 1515 4601 1592 4653; x_wconf 90' lang='lat' dir='ltr'><strong>sic</strong></span> <span class='ocrx_word' id='word_1_603' title='bbox 1630 4613 1843 4669; x_wconf 90' lang='lat' dir='ltr'><strong>quoque</strong></span> 
     </span>
    </p>
   </div>
   <div class='ocr_carea' id='block_1_83' title="bbox 292 4668 1843 4739">
    <p class='ocr_par' dir='ltr' id='par_1_83' title="bbox 292 4668 1843 4739">
     <span class='ocr_line' id='line_1_86' title="bbox 292 4668 1843 4739; baseline -0.001 -16"><span class='ocrx_word' id='word_1_604' title='bbox 292 4684 478 4724; x_wconf 87' lang='lat' dir='ltr'><strong>vocem</strong></span> <span class='ocrx_word' id='word_1_605' title='bbox 513 4668 764 4739; x_wconf 75' lang='lat' dir='ltr'><strong>FiliOque.</strong></span> <span class='ocrx_word' id='word_1_606' title='bbox 798 4669 1081 4732; x_wconf 91' lang='lat' dir='ltr'><strong>eraserint,</strong></span> <span class='ocrx_word' id='word_1_607' title='bbox 1114 4670 1376 4739; x_wconf 88' lang='lat' dir='ltr'><strong>siquidem</strong></span> <span class='ocrx_word' id='word_1_608' title='bbox 1421 4684 1536 4722; x_wconf 90' lang='lat' dir='ltr'><strong>eam</strong></span> <span class='ocrx_word' id='word_1_609' title='bbox 1572 4668 1843 4739; x_wconf 88' lang='lat' dir='ltr'><strong>Adrianus</strong></span> 
     </span>
    </p>
   </div>
   <div class='ocr_carea' id='block_1_84' title="bbox 295 4737 1845 4810">
    <p class='ocr_par' dir='ltr' id='par_1_84' title="bbox 295 4737 1845 4810">
     <span class='ocr_line' id='line_1_87' title="bbox 295 4737 1845 4810; baseline -0.002 -16"><span class='ocrx_word' id='word_1_610' title='bbox 295 4738 1019 4810; x_wconf 47' lang='lat' dir='ltr'><strong>scripseratrbefinitionem</strong></span> <span class='ocrx_word' id='word_1_611' title='bbox 1077 4737 1204 4793; x_wconf 78' lang='lat' dir='ltr'><strong>vero</strong></span> <span class='ocrx_word' id='word_1_612' title='bbox 1247 4739 1553 4810; x_wconf 79' lang='lat' dir='ltr'><strong>synodicam</strong></span> <span class='ocrx_word' id='word_1_613' title='bbox 1583 4753 1707 4810; x_wconf 71' lang='lat' dir='ltr'><strong>eam</strong></span> <span class='ocrx_word' id='word_1_614' title='bbox 1752 4737 1845 4810; x_wconf 47' lang='lat' dir='ltr'><strong>ha:</strong></span> 
     </span>
    </p>
   </div>
   <div class='ocr_carea' id='block_1_85' title="bbox 296 4806 1845 4875">
    <p class='ocr_par' dir='ltr' id='par_1_85' title="bbox 296 4806 1845 4875">
     <span class='ocr_line' id='line_1_88' title="bbox 296 4806 1845 4875; baseline -0.002 -11"><span class='ocrx_word' id='word_1_615' title='bbox 296 4806 500 4871; x_wconf 76' lang='lat' dir='ltr'><strong>buisse,</strong></span> <span class='ocrx_word' id='word_1_616' title='bbox 531 4809 627 4863; x_wconf 90' lang='lat' dir='ltr'><strong>etsi</strong></span> <span class='ocrx_word' id='word_1_617' title='bbox 663 4809 940 4863; x_wconf 89' lang='lat' dir='ltr'><strong>contendit</strong></span> <span class='ocrx_word' id='word_1_618' title='bbox 970 4807 1163 4863; x_wconf 85' lang='lat' dir='ltr'><strong>Baron.</strong></span> <span class='ocrx_word' id='word_1_619' title='bbox 1213 4806 1301 4863; x_wconf 81' lang='lat' dir='ltr'><strong>an.</strong></span> <span class='ocrx_word' id='word_1_620' title='bbox 1338 4809 1459 4863; x_wconf 84' lang='lat'><strong>787.</strong></span> <span class='ocrx_word' id='word_1_621' title='bbox 1490 4824 1544 4861; x_wconf 88' lang='grc' dir='ltr'>ιι.</span> <span class='ocrx_word' id='word_1_622' title='bbox 1582 4808 1669 4871; x_wconf 79' lang='grc'><strong>58,</strong></span> <span class='ocrx_word' id='word_1_623' title='bbox 1702 4806 1845 4875; x_wconf 89' lang='lat' dir='ltr'><strong>quod</strong></span> 
     </span>
    </p>
   </div>
   <div class='ocr_carea' id='block_1_86' title="bbox 299 4876 1846 4946">
    <p class='ocr_par' dir='ltr' id='par_1_86' title="bbox 299 4876 1846 4946">
     <span class='ocr_line' id='line_1_89' title="bbox 299 4876 1846 4946; baseline -0.001 -15"><span class='ocrx_word' id='word_1_624' title='bbox 299 4882 368 4932; x_wconf 86' lang='lat' dir='ltr'><strong>ita</strong></span> <span class='ocrx_word' id='word_1_625' title='bbox 401 4879 571 4932; x_wconf 89' lang='lat' dir='ltr'><strong>visum</strong></span> <span class='ocrx_word' id='word_1_626' title='bbox 605 4879 659 4931; x_wconf 92' lang='lat' dir='ltr'><strong>in</strong></span> <span class='ocrx_word' id='word_1_627' title='bbox 690 4879 917 4932; x_wconf 87' lang='lat' dir='ltr'><strong>concilio</strong></span> <span class='ocrx_word' id='word_1_628' title='bbox 958 4876 1293 4938; x_wconf 83' lang='lat' dir='ltr'><strong>Florentino,</strong></span> <span class='ocrx_word' id='word_1_629' title='bbox 1327 4893 1388 4931; x_wconf 91' lang='lat' dir='ltr'><strong>ac</strong></span> <span class='ocrx_word' id='word_1_630' title='bbox 1417 4876 1619 4930; x_wconf 84' lang='lat' dir='ltr'><strong>Latinis</strong></span> <span class='ocrx_word' id='word_1_631' title='bbox 1648 4878 1846 4946; x_wconf 90' lang='lat' dir='ltr'><strong>proba-</strong></span> 
     </span>
    </p>
   </div>
   <div class='ocr_carea' id='block_1_87' title="bbox 299 4946 1848 5003">
    <p class='ocr_par' dir='ltr' id='par_1_87' title="bbox 299 4946 1848 5003">
     <span class='ocr_line' id='line_1_90' title="bbox 299 4946 1848 5003; baseline -0.001 -2"><span class='ocrx_word' id='word_1_632' title='bbox 299 4959 410 5001; x_wconf 91' lang='lat' dir='ltr'><strong>tum</strong></span> <span class='ocrx_word' id='word_1_633' title='bbox 464 4948 784 5002; x_wconf 76' lang='lat' dir='ltr'><strong>auctoritate</strong></span> <span class='ocrx_word' id='word_1_634' title='bbox 829 4947 1095 5002; x_wconf 80' lang='lat' dir='ltr'><strong>Anastasii</strong></span> <span class='ocrx_word' id='word_1_635' title='bbox 1144 4957 1195 5003; x_wconf 91' lang='lat' dir='ltr'><strong>et</strong></span> <span class='ocrx_word' id='word_1_636' title='bbox 1247 4947 1592 5002; x_wconf 84' lang='lat' dir='ltr'><strong>vetustissimi</strong></span> <span class='ocrx_word' id='word_1_637' title='bbox 1647 4946 1848 5000; x_wconf 91' lang='lat' dir='ltr'><strong>codicis</strong></span> 
     </span>
    </p>
   </div>
   <div class='ocr_carea' id='block_1_88' title="bbox 295 5017 1846 5088">
    <p class='ocr_par' dir='ltr' id='par_1_88' title="bbox 295 5017 1846 5088">
     <span class='ocr_line' id='line_1_91' title="bbox 295 5017 1846 5088; baseline -0.001 -17"><span class='ocrx_word' id='word_1_638' title='bbox 295 5019 550 5072; x_wconf 92' lang='lat' dir='ltr'><strong>Actorum</strong></span> <span class='ocrx_word' id='word_1_639' title='bbox 577 5034 651 5072; x_wconf 85' lang='lat' dir='ltr'><strong>vn</strong></span> <span class='ocrx_word' id='word_1_640' title='bbox 680 5017 888 5088; x_wconf 83' lang='lat' dir='ltr'><strong>synodi,</strong></span> <span class='ocrx_word' id='word_1_641' title='bbox 924 5017 1054 5088; x_wconf 83' lang='lat' dir='ltr'><strong>mihi</strong></span> <span class='ocrx_word' id='word_1_642' title='bbox 1088 5018 1200 5085; x_wconf 90' lang='lat' dir='ltr'><strong>ipse</strong></span> <span class='ocrx_word' id='word_1_643' title='bbox 1224 5034 1328 5073; x_wconf 92' lang='lat' dir='ltr'><strong>non</strong></span> <span class='ocrx_word' id='word_1_644' title='bbox 1359 5020 1490 5071; x_wconf 90' lang='lat' dir='ltr'><strong>satis</strong></span> <span class='ocrx_word' id='word_1_645' title='bbox 1510 5018 1846 5088; x_wconf 78' lang='lat' dir='ltr'><strong>persuadeo,</strong></span> 
     </span>
    </p>
   </div>
   <div class='ocr_carea' id='block_1_89' title="bbox 297 5086 1848 5158">
    <p class='ocr_par' dir='ltr' id='par_1_89' title="bbox 297 5086 1848 5158">
     <span class='ocr_line' id='line_1_92' title="bbox 297 5086 1848 5158; baseline -0.001 -19"><span class='ocrx_word' id='word_1_646' title='bbox 297 5103 398 5141; x_wconf 91' lang='lat' dir='ltr'><strong>nec</strong></span> <span class='ocrx_word' id='word_1_647' title='bbox 435 5087 679 5142; x_wconf 82' lang='lat' dir='ltr'><strong>Julianus</strong></span> <span class='ocrx_word' id='word_1_648' title='bbox 701 5086 1000 5158; x_wconf 85' lang='lat' dir='ltr'><strong>Cardinalis</strong></span> <span class='ocrx_word' id='word_1_649' title='bbox 1038 5103 1283 5158; x_wconf 86' lang='lat' dir='ltr'><strong>magnam</strong></span> <span class='ocrx_word' id='word_1_650' title='bbox 1326 5087 1375 5140; x_wconf 93' lang='lat' dir='ltr'><strong>in</strong></span> <span class='ocrx_word' id='word_1_651' title='bbox 1412 5101 1475 5140; x_wconf 89' lang='lat' dir='ltr'><strong>eo</strong></span> <span class='ocrx_word' id='word_1_652' title='bbox 1504 5086 1628 5158; x_wconf 85' lang='lat' dir='ltr'><strong>fecit</strong></span> <span class='ocrx_word' id='word_1_653' title='bbox 1652 5086 1757 5158; x_wconf 86' lang='lat' dir='ltr'><strong>vim</strong></span> <span class='ocrx_word' id='word_1_654' title='bbox 1796 5086 1848 5158; x_wconf 85' lang='lat' dir='ltr'><strong>in</strong></span> 
     </span>
    </p>
   </div>
   <div class='ocr_carea' id='block_1_90' title="bbox 296 5155 1850 5228">
    <p class='ocr_par' dir='ltr' id='par_1_90' title="bbox 296 5155 1850 5228">
     <span class='ocr_line' id='line_1_93' title="bbox 296 5155 1850 5228; baseline -0.001 -17"><span class='ocrx_word' id='word_1_655' title='bbox 296 5162 438 5213; x_wconf 84' lang='lat' dir='ltr'><strong>dicta</strong></span> <span class='ocrx_word' id='word_1_656' title='bbox 467 5159 691 5228; x_wconf 84' lang='lat' dir='ltr'><strong>synodo,</strong></span> <span class='ocrx_word' id='word_1_657' title='bbox 731 5157 811 5211; x_wconf 87' lang='lat' dir='ltr'><strong>vel</strong></span> <span class='ocrx_word' id='word_1_658' title='bbox 837 5155 1150 5228; x_wconf 75' lang='lat' dir='ltr'><strong>Anastasius</strong></span> <span class='ocrx_word' id='word_1_659' title='bbox 1180 5158 1416 5228; x_wconf 84' lang='lat' dir='ltr'><strong>apertius</strong></span> <span class='ocrx_word' id='word_1_660' title='bbox 1443 5155 1684 5228; x_wconf 76' lang='lat' dir='ltr'><strong>noscitur</strong></span> <span class='ocrx_word' id='word_1_661' title='bbox 1711 5155 1850 5228; x_wconf 77' lang='lat' dir='ltr'><strong>istud</strong></span> 
     </span>
    </p>
   </div>
   <div class='ocr_carea' id='block_1_91' title="bbox 300 5224 1851 5294">
    <p class='ocr_par' dir='ltr' id='par_1_91' title="bbox 300 5224 1851 5294">
     <span class='ocr_line' id='line_1_94' title="bbox 300 5224 1851 5294; baseline -0.001 -13"><span class='ocrx_word' id='word_1_662' title='bbox 300 5224 527 5281; x_wconf 78' lang='lat' dir='ltr'><strong>testatus</strong></span> <span class='ocrx_word' id='word_1_663' title='bbox 572 5242 711 5293; x_wconf 83' lang='lat' dir='ltr'><strong>esse,</strong></span> <span class='ocrx_word' id='word_1_664' title='bbox 747 5228 846 5281; x_wconf 89' lang='lat' dir='ltr'><strong>etsi</strong></span> <span class='ocrx_word' id='word_1_665' title='bbox 880 5228 931 5279; x_wconf 91' lang='lat' dir='ltr'><strong>in</strong></span> <span class='ocrx_word' id='word_1_666' title='bbox 983 5227 1099 5294; x_wconf 85' lang='lat' dir='ltr'><strong>ejus</strong></span> <span class='ocrx_word' id='word_1_667' title='bbox 1132 5224 1375 5281; x_wconf 77' lang='lat' dir='ltr'><strong>versione</strong></span> <span class='ocrx_word' id='word_1_668' title='bbox 1407 5226 1652 5280; x_wconf 90' lang='lat' dir='ltr'><strong>habetur.</strong></span> <span class='ocrx_word' id='word_1_669' title='bbox 1695 5224 1851 5279; x_wconf 82' lang='lat' dir='ltr'><strong>Certe</strong></span> 
     </span>
    </p>
   </div>
   <div class='ocr_carea' id='block_1_92' title="bbox 298 5295 1850 5366">
    <p class='ocr_par' dir='ltr' id='par_1_92' title="bbox 298 5295 1850 5366">
     <span class='ocr_line' id='line_1_95' title="bbox 298 5295 1850 5366; baseline -0.001 -16"><span class='ocrx_word' id='word_1_670' title='bbox 298 5298 341 5351; x_wconf 72' lang='lat' dir='ltr'><strong>si</strong></span> <span class='ocrx_word' id='word_1_671' title='bbox 374 5297 445 5351; x_wconf 83' lang='lat' dir='ltr'><strong>ita</strong></span> <span class='ocrx_word' id='word_1_672' title='bbox 478 5306 659 5366; x_wconf 85' lang='lat' dir='ltr'><strong>aperte</strong></span> <span class='ocrx_word' id='word_1_673' title='bbox 693 5298 746 5351; x_wconf 92' lang='lat' dir='ltr'><strong>in</strong></span> <span class='ocrx_word' id='word_1_674' title='bbox 787 5295 908 5366; x_wconf 77' lang='lat' dir='ltr'><strong>fidei</strong></span> <span class='ocrx_word' id='word_1_675' title='bbox 942 5298 1122 5366; x_wconf 89' lang='lat' dir='ltr'><strong>regula</strong></span> <span class='ocrx_word' id='word_1_676' title='bbox 1162 5297 1391 5365; x_wconf 91' lang='lat' dir='ltr'><strong>positum</strong></span> <span class='ocrx_word' id='word_1_677' title='bbox 1428 5303 1590 5366; x_wconf 89' lang='lat' dir='ltr'><strong>esset,</strong></span> <span class='ocrx_word' id='word_1_678' title='bbox 1630 5311 1737 5366; x_wconf 90' lang='lat' dir='ltr'><strong>non</strong></span> <span class='ocrx_word' id='word_1_679' title='bbox 1773 5297 1850 5348; x_wconf 90' lang='lat' dir='ltr'><strong>sic</strong></span> 
     </span>
    </p>
   </div>
   <div class='ocr_carea' id='block_1_93' title="bbox 301 5364 1854 5436">
    <p class='ocr_par' dir='ltr' id='par_1_93' title="bbox 301 5364 1854 5436">
     <span class='ocr_line' id='line_1_96' title="bbox 301 5364 1854 5436; baseline -0.002 -15"><span class='ocrx_word' id='word_1_680' title='bbox 301 5368 455 5422; x_wconf 83' lang='lat' dir='ltr'><strong>facile</strong></span> <span class='ocrx_word' id='word_1_681' title='bbox 480 5364 575 5436; x_wconf 80' lang='lat' dir='ltr'><strong>per</strong></span> <span class='ocrx_word' id='word_1_682' title='bbox 605 5381 793 5422; x_wconf 91' lang='lat' dir='ltr'><strong>omnes</strong></span> <span class='ocrx_word' id='word_1_683' title='bbox 816 5364 1051 5421; x_wconf 83' lang='lat' dir='ltr'><strong>Orientis</strong></span> <span class='ocrx_word' id='word_1_684' title='bbox 1073 5364 1338 5421; x_wconf 80' lang='lat' dir='ltr'><strong>EcClesias</strong></span> <span class='ocrx_word' id='word_1_685' title='bbox 1358 5365 1560 5421; x_wconf 89' lang='lat' dir='ltr'><strong>aboleri</strong></span> <span class='ocrx_word' id='word_1_686' title='bbox 1592 5365 1854 5436; x_wconf 84' lang='lat' dir='ltr'><strong>potuisset</strong></span> 
     </span>
    </p>
   </div>
   <div class='ocr_carea' id='block_1_94' title="bbox 300 5435 1856 5503">
    <p class='ocr_par' dir='ltr' id='par_1_94' title="bbox 300 5435 1856 5503">
     <span class='ocr_line' id='line_1_97' title="bbox 300 5435 1856 5503; baseline 0.001 -15"><span class='ocrx_word' id='word_1_687' title='bbox 300 5447 459 5491; x_wconf 83' lang='lat' dir='ltr'><strong>autve</strong></span> <span class='ocrx_word' id='word_1_688' title='bbox 484 5435 703 5492; x_wconf 82' lang='lat' dir='ltr'><strong>mutari.</strong></span> <span class='ocrx_word' id='word_1_689' title='bbox 736 5436 846 5491; x_wconf 85' lang='lat' dir='ltr'><strong>Nec</strong></span> <span class='ocrx_word' id='word_1_690' title='bbox 876 5452 1000 5491; x_wconf 86' lang='lat' dir='ltr'><strong>vero</strong></span> <span class='ocrx_word' id='word_1_691' title='bbox 1022 5438 1381 5495; x_wconf 84' lang='lat' dir='ltr'><strong>Anastasium.</strong></span> <span class='ocrx_word' id='word_1_692' title='bbox 1410 5436 1519 5489; x_wconf 90' lang='lat' dir='ltr'><strong>sive</strong></span> <span class='ocrx_word' id='word_1_693' title='bbox 1555 5435 1715 5488; x_wconf 91' lang='lat' dir='ltr'><strong>etiam</strong></span> <span class='ocrx_word' id='word_1_694' title='bbox 1740 5436 1856 5503; x_wconf 85' lang='lat' dir='ltr'><strong>ejus</strong></span> 
     </span>
    </p>
   </div>
   <div class='ocr_carea' id='block_1_95' title="bbox 299 5504 1851 5587">
    <p class='ocr_par' dir='ltr' id='par_1_95' title="bbox 299 5504 1851 5587">
     <span class='ocr_line' id='line_1_98' title="bbox 299 5504 1851 5587; baseline -0.001 -27"><span class='ocrx_word' id='word_1_695' title='bbox 299 5506 504 5587; x_wconf 73' lang='lat' dir='ltr'><strong>antiqui</strong></span> <span class='ocrx_word' id='word_1_696' title='bbox 533 5506 762 5587; x_wconf 43' lang='lat' dir='ltr'><strong>Codicis.</strong></span> <span class='ocrx_word' id='word_1_697' title='bbox 780 5506 1092 5587; x_wconf 77' lang='lat' dir='ltr'><strong>scriptorem</strong></span> <span class='ocrx_word' id='word_1_698' title='bbox 1122 5508 1294 5561; x_wconf 88' lang='lat' dir='ltr'><strong>ausim</strong></span> <span class='ocrx_word' id='word_1_699' title='bbox 1326 5506 1485 5587; x_wconf 74' lang='lat' dir='ltr'><strong>plagii</strong></span> <span class='ocrx_word' id='word_1_700' title='bbox 1510 5504 1851 5587; x_wconf 69' lang='lat' dir='ltr'><strong>insimulare:</strong></span> 
     </span>
    </p>
   </div>
   <div class='ocr_carea' id='block_1_96' title="bbox 301 5574 1855 5645">
    <p class='ocr_par' dir='ltr' id='par_1_96' title="bbox 301 5574 1855 5645">
     <span class='ocr_line' id='line_1_99' title="bbox 301 5574 1855 5645; baseline -0.001 -16"><span class='ocrx_word' id='word_1_701' title='bbox 301 5576 395 5632; x_wconf 77' lang='lat' dir='ltr'><strong>sed</strong></span> <span class='ocrx_word' id='word_1_702' title='bbox 426 5574 498 5632; x_wconf 79' lang='lat' dir='ltr'><strong>ita</strong></span> <span class='ocrx_word' id='word_1_703' title='bbox 528 5586 712 5645; x_wconf 88' lang='lat' dir='ltr'><strong>putem</strong></span> <span class='ocrx_word' id='word_1_704' title='bbox 740 5574 907 5633; x_wconf 79' lang='lat' dir='ltr'><strong>fuisse</strong></span> <span class='ocrx_word' id='word_1_705' title='bbox 930 5586 1278 5640; x_wconf 88' lang='lat' dir='ltr'><strong>transactum,</strong></span> <span class='ocrx_word' id='word_1_706' title='bbox 1314 5574 1436 5631; x_wconf 81' lang='lat' dir='ltr'><strong>cum</strong></span> <span class='ocrx_word' id='word_1_707' title='bbox 1475 5576 1600 5629; x_wconf 90' lang='lat' dir='ltr'><strong>inde</strong></span> <span class='ocrx_word' id='word_1_708' title='bbox 1638 5574 1702 5629; x_wconf 91' lang='lat' dir='ltr'><strong>lis</strong></span> <span class='ocrx_word' id='word_1_709' title='bbox 1740 5583 1855 5629; x_wconf 92' lang='lat' dir='ltr'><strong>orta</strong></span> 
     </span>
    </p>
   </div>
   <div class='ocr_carea' id='block_1_97' title="bbox 302 5645 1858 5715">
    <p class='ocr_par' dir='ltr' id='par_1_97' title="bbox 302 5645 1858 5715">
     <span class='ocr_line' id='line_1_100' title="bbox 302 5645 1858 5715; baseline -0.001 -18"><span class='ocrx_word' id='word_1_710' title='bbox 302 5656 468 5708; x_wconf 67' lang='lat' dir='ltr'><strong>esset,</strong></span> <span class='ocrx_word' id='word_1_711' title='bbox 510 5656 564 5701; x_wconf 89' lang='lat' dir='ltr'><strong>et</strong></span> <span class='ocrx_word' id='word_1_712' title='bbox 604 5645 857 5702; x_wconf 87' lang='lat' dir='ltr'><strong>Tarasius</strong></span> <span class='ocrx_word' id='word_1_713' title='bbox 899 5647 1173 5715; x_wconf 68' lang='lat' dir='ltr'><strong>Grrecique</strong></span> <span class='ocrx_word' id='word_1_714' title='bbox 1214 5647 1300 5699; x_wconf 79' lang='grc' dir='ltr'>διὰ</span> <span class='ocrx_word' id='word_1_715' title='bbox 1342 5645 1493 5709; x_wconf 78' lang='grc' dir='ltr'><strong>Υῑοῦ,</strong></span> <span class='ocrx_word' id='word_1_716' title='bbox 1535 5662 1625 5713; x_wconf 85' lang='lat' dir='ltr'><strong>per</strong></span> <span class='ocrx_word' id='word_1_717' title='bbox 1664 5645 1858 5715; x_wconf 73' lang='lat' dir='ltr'><strong>Filium</strong></span> 
     </span>
    </p>
   </div>
   <div class='ocr_carea' id='block_1_98' title="bbox 303 5714 1859 5786">
    <p class='ocr_par' dir='ltr' id='par_1_98' title="bbox 303 5714 1859 5786">
     <span class='ocr_line' id='line_1_101' title="bbox 303 5714 1859 5786; baseline -0.001 -18"><span class='ocrx_word' id='word_1_718' title='bbox 303 5718 565 5778; x_wconf 83' lang='lat' dir='ltr'><strong>dicerent.</strong></span> <span class='ocrx_word' id='word_1_719' title='bbox 611 5732 781 5786; x_wconf 86' lang='lat' dir='ltr'><strong>eaque</strong></span> <span class='ocrx_word' id='word_1_720' title='bbox 816 5717 1074 5784; x_wconf 86' lang='lat' dir='ltr'><strong>particula</strong></span> <span class='ocrx_word' id='word_1_721' title='bbox 1090 5714 1330 5786; x_wconf 82' lang='lat' dir='ltr'><strong>perinde</strong></span> <span class='ocrx_word' id='word_1_722' title='bbox 1381 5716 1613 5785; x_wconf 90' lang='lat' dir='ltr'><strong>Spiritus</strong></span> <span class='ocrx_word' id='word_1_723' title='bbox 1653 5732 1680 5769; x_wconf 90' lang='lat' dir='ltr'><strong>a</strong></span> <span class='ocrx_word' id='word_1_724' title='bbox 1711 5714 1859 5786; x_wconf 79' lang='lat' dir='ltr'><strong>Filio</strong></span> 
     </span>
    </p>
   </div>
   <div class='ocr_carea' id='block_1_99' title="bbox 303 5785 1857 5858">
    <p class='ocr_par' dir='ltr' id='par_1_99' title="bbox 303 5785 1857 5858">
     <span class='ocr_line' id='line_1_102' title="bbox 303 5785 1857 5858; baseline 0.001 -23"><span class='ocrx_word' id='word_1_725' title='bbox 303 5787 646 5858; x_wconf 69' lang='lat' dir='ltr'><strong>exsistentcnt</strong></span> <span class='ocrx_word' id='word_1_726' title='bbox 687 5785 1277 5858; x_wconf 9' lang='lat' dir='ltr'><strong>agnoscerent,7Latini</strong></span> <span class='ocrx_word' id='word_1_727' title='bbox 1333 5786 1563 5858; x_wconf 74' lang='lat' dir='ltr'><strong>ex_Filio</strong></span> <span class='ocrx_word' id='word_1_728' title='bbox 1618 5785 1857 5849; x_wconf 86' lang='lat' dir='ltr'><strong>mallent,</strong></span> 
     </span>
    </p>
   </div>
   <div class='ocr_carea' id='block_1_100' title="bbox 309 5856 1860 5929">
    <p class='ocr_par' dir='ltr' id='par_1_100' title="bbox 309 5856 1860 5929">
     <span class='ocr_line' id='line_1_103' title="bbox 309 5856 1860 5929; baseline -0.001 -19"><span class='ocrx_word' id='word_1_729' title='bbox 309 5856 544 5927; x_wconf 82' lang='lat' dir='ltr'><strong>utrisque</strong></span> <span class='ocrx_word' id='word_1_730' title='bbox 594 5856 1027 5929; x_wconf 77' lang='lat' dir='ltr'><strong>pcrniissumccu</strong></span> <span class='ocrx_word' id='word_1_731' title='bbox 1068 5857 1377 5927; x_wconf 80' lang='grc' dir='ltr'>ἀδιάφορον,</span> <span class='ocrx_word' id='word_1_732' title='bbox 1410 5856 1657 5926; x_wconf 89' lang='lat' dir='ltr'><strong>idemque</strong></span> <span class='ocrx_word' id='word_1_733' title='bbox 1688 5858 1860 5925; x_wconf 82' lang='lat' dir='ltr'><strong>rcipsa</strong></span> 
     </span>
    </p>
   </div>
   <div class='ocr_carea' id='block_1_101' title="bbox 1936 3270 3498 3345">
    <p class='ocr_par' dir='ltr' id='par_1_101' title="bbox 1936 3270 3498 3345">
     <span class='ocr_line' id='line_1_104' title="bbox 1936 3270 3498 3345; baseline -0.003 -15"><span class='ocrx_word' id='word_1_734' title='bbox 1936 3288 2029 3331; x_wconf 84' lang='lat' dir='ltr'><strong>aut</strong></span> <span class='ocrx_word' id='word_1_735' title='bbox 2062 3276 2406 3332; x_wconf 79' lang='lat' dir='ltr'><strong>dissidentes.</strong></span> <span class='ocrx_word' id='word_1_736' title='bbox 2451 3277 2592 3345; x_wconf 85' lang='lat' dir='ltr'><strong>quml</strong></span> <span class='ocrx_word' id='word_1_737' title='bbox 2636 3270 2791 3345; x_wconf 83' lang='lat' dir='ltr'><strong>plane</strong></span> <span class='ocrx_word' id='word_1_738' title='bbox 2825 3273 3172 3345; x_wconf 71' lang='lat' dir='ltr'><strong>intellexisset</strong></span> <span class='ocrx_word' id='word_1_739' title='bbox 3206 3270 3498 3345; x_wconf 74' lang='lat' dir='ltr'><strong>l’bo_tius_,si</strong></span> 
     </span>
    </p>
   </div>
   <div class='ocr_carea' id='block_1_102' title="bbox 1938 3340 3501 3413">
    <p class='ocr_par' dir='ltr' id='par_1_102' title="bbox 1938 3340 3501 3413">
     <span class='ocr_line' id='line_1_105' title="bbox 1938 3340 3501 3413; baseline -0.003 -13"><span class='ocrx_word' id='word_1_740' title='bbox 1938 3348 2087 3401; x_wconf 88' lang='lat' dir='ltr'><strong>velut</strong></span> <span class='ocrx_word' id='word_1_741' title='bbox 2126 3345 2252 3399; x_wconf 90' lang='lat' dir='ltr'><strong>olim</strong></span> <span class='ocrx_word' id='word_1_742' title='bbox 2297 3340 2650 3403; x_wconf 42' lang='lat' dir='ltr'><strong>Athan-asins.—</strong></span> <span class='ocrx_word' id='word_1_743' title='bbox 2680 3345 2869 3413; x_wconf 90' lang='lat' dir='ltr'><strong>spiritu</strong></span> <span class='ocrx_word' id='word_1_744' title='bbox 2910 3344 3054 3412; x_wconf 82' lang='lat' dir='ltr'><strong>pacis</strong></span> <span class='ocrx_word' id='word_1_745' title='bbox 3088 3343 3279 3413; x_wconf 66' lang='lat' dir='ltr'><strong>ductus</strong></span> <span class='ocrx_word' id='word_1_746' title='bbox 3321 3340 3501 3395; x_wconf 80' lang='lat' dir='ltr'><strong>Eccle-</strong></span> 
     </span>
    </p>
   </div>
   <div class='ocr_carea' id='block_1_103' title="bbox 1939 3411 3499 3481">
    <p class='ocr_par' dir='ltr' id='par_1_103' title="bbox 1939 3411 3499 3481">
     <span class='ocr_line' id='line_1_106' title="bbox 1939 3411 3499 3481; baseline -0.004 -12"><span class='ocrx_word' id='word_1_747' title='bbox 1939 3418 2137 3470; x_wconf 87' lang='lat' dir='ltr'><strong>siarnm</strong></span> <span class='ocrx_word' id='word_1_748' title='bbox 2164 3416 2345 3468; x_wconf 91' lang='lat' dir='ltr'><strong>unioni</strong></span> <span class='ocrx_word' id='word_1_749' title='bbox 2370 3417 2681 3478; x_wconf 87' lang='lat' dir='ltr'><strong>studuisset,</strong></span> <span class='ocrx_word' id='word_1_750' title='bbox 2711 3411 2822 3467; x_wconf 86' lang='lat' dir='ltr'><strong>non</strong></span> <span class='ocrx_word' id='word_1_751' title='bbox 2853 3412 3152 3466; x_wconf 87' lang='lat' dir='ltr'><strong>sclnsmati.</strong></span> <span class='ocrx_word' id='word_1_752' title='bbox 3179 3411 3309 3481; x_wconf 79' lang='lat' dir='ltr'><strong>Nota</strong></span> <span class='ocrx_word' id='word_1_753' title='bbox 3340 3426 3499 3481; x_wconf 92' lang='lat' dir='ltr'><strong>quam</strong></span> 
     </span>
    </p>
   </div>
   <div class='ocr_carea' id='block_1_104' title="bbox 1941 3480 3503 3555">
    <p class='ocr_par' dir='ltr' id='par_1_104' title="bbox 1941 3480 3503 3555">
     <span class='ocr_line' id='line_1_107' title="bbox 1941 3480 3503 3555; baseline -0.004 -16"><span class='ocrx_word' id='word_1_754' title='bbox 1941 3487 2023 3539; x_wconf 88' lang='lat' dir='ltr'><strong>vir</strong></span> <span class='ocrx_word' id='word_1_755' title='bbox 2065 3484 2387 3555; x_wconf 80' lang='lat' dir='ltr'><strong>apostolicus</strong></span> <span class='ocrx_word' id='word_1_756' title='bbox 2439 3486 2564 3554; x_wconf 76' lang='grc' dir='ltr'>περὶ</span> <span class='ocrx_word' id='word_1_757' title='bbox 2595 3483 3070 3555; x_wconf 41' lang='grc' dir='ltr'>-ὑποστασεως-καὶ</span> <span class='ocrx_word' id='word_1_758' title='bbox 3096 3480 3386 3545; x_wconf 69' lang='grc' dir='ltr'>προσώποὺ</span> <span class='ocrx_word' id='word_1_759' title='bbox 3423 3496 3503 3533; x_wconf 87' lang='lat' dir='ltr'><strong>sc-</strong></span> 
     </span>
    </p>
   </div>
   <div class='ocr_carea' id='block_1_105' title="bbox 1941 3550 3500 3619">
    <p class='ocr_par' dir='ltr' id='par_1_105' title="bbox 1941 3550 3500 3619">
     <span class='ocr_line' id='line_1_108' title="bbox 1941 3550 3500 3619; baseline -0.006 -10"><span class='ocrx_word' id='word_1_760' title='bbox 1941 3550 2110 3616; x_wconf 59' lang='lat' dir='ltr'><strong>davit,</strong></span> <span class='ocrx_word' id='word_1_761' title='bbox 2160 3550 2547 3613; x_wconf 80' lang='lat' dir='ltr'><strong>controversia,</strong></span> <span class='ocrx_word' id='word_1_762' title='bbox 2591 3553 2899 3607; x_wconf 88' lang='lat' dir='ltr'><strong>Latinorum</strong></span> <span class='ocrx_word' id='word_1_763' title='bbox 2942 3550 3378 3619; x_wconf 67' lang='lat' dir='ltr'><strong>ercorumque,</strong></span> <span class='ocrx_word' id='word_1_764' title='bbox 3406 3565 3500 3603; x_wconf 88' lang='lat' dir='ltr'><strong>seu</strong></span> 
     </span>
    </p>
   </div>
   <div class='ocr_carea' id='block_1_106' title="bbox 1942 3620 3502 3687">
    <p class='ocr_par' dir='ltr' id='par_1_106' title="bbox 1942 3620 3502 3687">
     <span class='ocr_line' id='line_1_109' title="bbox 1942 3620 3502 3687; baseline -0.006 -7"><span class='ocrx_word' id='word_1_765' title='bbox 1942 3624 2369 3680; x_wconf 89' lang='lat' dir='ltr'><strong>Occidentalinm</strong></span> <span class='ocrx_word' id='word_1_766' title='bbox 2420 3633 2472 3677; x_wconf 88' lang='lat' dir='ltr'><strong>et</strong></span> <span class='ocrx_word' id='word_1_767' title='bbox 2514 3624 2883 3681; x_wconf 84' lang='lat' dir='ltr'><strong>Orientalium,</strong></span> <span class='ocrx_word' id='word_1_768' title='bbox 2941 3632 3291 3687; x_wconf 89' lang='lat' dir='ltr'><strong>utrorumque</strong></span> <span class='ocrx_word' id='word_1_769' title='bbox 3334 3620 3384 3672; x_wconf 92' lang='lat' dir='ltr'><strong>in</strong></span> <span class='ocrx_word' id='word_1_770' title='bbox 3425 3621 3502 3673; x_wconf 79' lang='lat' dir='ltr'><strong>eis</strong></span> 
     </span>
    </p>
   </div>
   <div class='ocr_carea' id='block_1_107' title="bbox 1944 3691 3499 3755">
    <p class='ocr_par' dir='ltr' id='par_1_107' title="bbox 1944 3691 3499 3755">
     <span class='ocr_line' id='line_1_110' title="bbox 1944 3691 3499 3755; baseline -0.005 -6"><span class='ocrx_word' id='word_1_771' title='bbox 1944 3710 2159 3749; x_wconf 89' lang='lat' dir='ltr'><strong>sensum</strong></span> <span class='ocrx_word' id='word_1_772' title='bbox 2181 3693 2503 3755; x_wconf 86' lang='lat' dir='ltr'><strong>sciscitatus,</strong></span> <span class='ocrx_word' id='word_1_773' title='bbox 2530 3704 2725 3747; x_wconf 87' lang='lat' dir='ltr'><strong>etcum</strong></span> <span class='ocrx_word' id='word_1_774' title='bbox 2752 3692 2854 3745; x_wconf 76' lang='lat' dir='ltr'><strong>title</strong></span> <span class='ocrx_word' id='word_1_775' title='bbox 2871 3692 3165 3745; x_wconf 71' lang='lat' dir='ltr'><strong>concordes</strong></span> <span class='ocrx_word' id='word_1_776' title='bbox 3190 3691 3499 3751; x_wconf 77' lang='lat' dir='ltr'><strong>invenisset,</strong></span> 
     </span>
    </p>
   </div>
   <div class='ocr_carea' id='block_1_108' title="bbox 1944 3759 3503 3831">
    <p class='ocr_par' dir='ltr' id='par_1_108' title="bbox 1944 3759 3503 3831">
     <span class='ocr_line' id='line_1_111' title="bbox 1944 3759 3503 3831; baseline -0.005 -14"><span class='ocrx_word' id='word_1_777' title='bbox 1944 3765 2042 3818; x_wconf 82' lang='lat' dir='ltr'><strong>etsi</strong></span> <span class='ocrx_word' id='word_1_778' title='bbox 2094 3781 2156 3817; x_wconf 81' lang='lat' dir='ltr'><strong>ex</strong></span> <span class='ocrx_word' id='word_1_779' title='bbox 2194 3765 2462 3818; x_wconf 86' lang='lat' dir='ltr'><strong>idiomatis</strong></span> <span class='ocrx_word' id='word_1_780' title='bbox 2494 3774 2548 3817; x_wconf 89' lang='lat' dir='ltr'><strong>et</strong></span> <span class='ocrx_word' id='word_1_781' title='bbox 2591 3762 2781 3831; x_wconf 65' lang='lat' dir='ltr'><strong>linguai</strong></span> <span class='ocrx_word' id='word_1_782' title='bbox 2825 3762 3146 3831; x_wconf 74' lang='lat' dir='ltr'><strong>proprietate</strong></span> <span class='ocrx_word' id='word_1_783' title='bbox 3191 3759 3503 3831; x_wconf 79' lang='lat' dir='ltr'><strong>viderentur</strong></span> 
     </span>
    </p>
   </div>
   <div class='ocr_carea' id='block_1_109' title="bbox 1944 3827 3504 3909">
    <p class='ocr_par' dir='ltr' id='par_1_109' title="bbox 1944 3827 3504 3909">
     <span class='ocr_line' id='line_1_112' title="bbox 1944 3827 3504 3909; baseline -0.003 -24"><span class='ocrx_word' id='word_1_784' title='bbox 1944 3834 2253 3909; x_wconf 73' lang='lat' dir='ltr'><strong>discordes:</strong></span> <span class='ocrx_word' id='word_1_785' title='bbox 2295 3834 2435 3909; x_wconf 68' lang='lat' dir='ltr'><strong>quod</strong></span> <span class='ocrx_word' id='word_1_786' title='bbox 2474 3827 2951 3909; x_wconf 47' lang='lat' dir='ltr'><strong>egregiehillustrat</strong></span> <span class='ocrx_word' id='word_1_787' title='bbox 2990 3827 3354 3909; x_wconf 75' lang='lat' dir='ltr'><strong>Gregoriusin</strong></span> <span class='ocrx_word' id='word_1_788' title='bbox 3389 3830 3504 3908; x_wconf 79' lang='lat' dir='ltr'><strong>ejus</strong></span> 
     </span>
    </p>
   </div>
   <div class='ocr_carea' id='block_1_110' title="bbox 1946 3898 3501 3973">
    <p class='ocr_par' dir='ltr' id='par_1_110' title="bbox 1946 3898 3501 3973">
     <span class='ocr_line' id='line_1_113' title="bbox 1946 3898 3501 3973; baseline -0.003 -17"><span class='ocrx_word' id='word_1_789' title='bbox 1946 3905 2290 3973; x_wconf 72' lang='lat' dir='ltr'><strong>Panegyrico.</strong></span> <span class='ocrx_word' id='word_1_790' title='bbox 2314 3898 2437 3955; x_wconf 37' lang='lat' dir='ltr'><strong>‘Seul</strong></span> <span class='ocrx_word' id='word_1_791' title='bbox 2474 3898 2659 3956; x_wconf 83' lang='lat' dir='ltr'><strong>debuit</strong></span> <span class='ocrx_word' id='word_1_792' title='bbox 2690 3898 3179 3973; x_wconf 30' lang='lat' dir='ltr'><strong>Photius‘satanico</strong></span> <span class='ocrx_word' id='word_1_793' title='bbox 3211 3900 3397 3965; x_wconf 91' lang='lat' dir='ltr'><strong>spiritu</strong></span> <span class='ocrx_word' id='word_1_794' title='bbox 3434 3898 3501 3951; x_wconf 90' lang='lat' dir='ltr'><strong>ita</strong></span> 
     </span>
    </p>
   </div>
   <div class='ocr_carea' id='block_1_111' title="bbox 1946 3969 3505 4037">
    <p class='ocr_par' dir='ltr' id='par_1_111' title="bbox 1946 3969 3505 4037">
     <span class='ocr_line' id='line_1_114' title="bbox 1946 3969 3505 4037; baseline -0.004 -11"><span class='ocrx_word' id='word_1_795' title='bbox 1946 3969 2240 4029; x_wconf 62' lang='lat' dir='ltr'><strong>scindendo</strong></span> <span class='ocrx_word' id='word_1_796' title='bbox 2273 3972 2376 4025; x_wconf 90' lang='lat' dir='ltr'><strong>sibi</strong></span> <span class='ocrx_word' id='word_1_797' title='bbox 2408 3987 2601 4025; x_wconf 87' lang='lat' dir='ltr'><strong>nomen</strong></span> <span class='ocrx_word' id='word_1_798' title='bbox 2633 3974 2826 4029; x_wconf 84' lang='lat' dir='ltr'><strong>facere.</strong></span> <span class='ocrx_word' id='word_1_799' title='bbox 2856 3969 2932 4021; x_wconf 92' lang='lat' dir='ltr'><strong>uti</strong></span> <span class='ocrx_word' id='word_1_800' title='bbox 2963 3969 3068 4036; x_wconf 87' lang='lat' dir='ltr'><strong>jam</strong></span> <span class='ocrx_word' id='word_1_801' title='bbox 3101 3969 3300 4023; x_wconf 87' lang='lat' dir='ltr'><strong>fecerat</strong></span> <span class='ocrx_word' id='word_1_802' title='bbox 3328 3977 3505 4037; x_wconf 79' lang='lat' dir='ltr'><strong>tyran-</strong></span> 
     </span>
    </p>
   </div>
   <div class='ocr_carea' id='block_1_112' title="bbox 1945 4038 3501 4099">
    <p class='ocr_par' dir='ltr' id='par_1_112' title="bbox 1945 4038 3501 4099">
     <span class='ocr_line' id='line_1_115' title="bbox 1945 4038 3501 4099; baseline -0.003 -4"><span class='ocrx_word' id='word_1_803' title='bbox 1945 4044 2061 4096; x_wconf 89' lang='lat' dir='ltr'><strong>nica</strong></span> <span class='ocrx_word' id='word_1_804' title='bbox 2112 4045 2257 4099; x_wconf 89' lang='lat' dir='ltr'><strong>sedis</strong></span> <span class='ocrx_word' id='word_1_805' title='bbox 2316 4042 2611 4095; x_wconf 89' lang='lat' dir='ltr'><strong>invasione.</strong></span> <span class='ocrx_word' id='word_1_806' title='bbox 2665 4039 2891 4093; x_wconf 89' lang='lat' dir='ltr'><strong>Perinde</strong></span> <span class='ocrx_word' id='word_1_807' title='bbox 2944 4038 3105 4091; x_wconf 90' lang='lat' dir='ltr'><strong>etiam</strong></span> <span class='ocrx_word' id='word_1_808' title='bbox 3147 4053 3204 4091; x_wconf 91' lang='lat' dir='ltr'><strong>se</strong></span> <span class='ocrx_word' id='word_1_809' title='bbox 3251 4038 3501 4092; x_wconf 87' lang='lat' dir='ltr'><strong>habuisse</strong></span> 
     </span>
    </p>
   </div>
   <div class='ocr_carea' id='block_1_113' title="bbox 1947 4106 3503 4181">
    <p class='ocr_par' dir='ltr' id='par_1_113' title="bbox 1947 4106 3503 4181">
     <span class='ocr_line' id='line_1_116' title="bbox 1947 4106 3503 4181; baseline -0.002 -19"><span class='ocrx_word' id='word_1_810' title='bbox 1947 4122 2126 4181; x_wconf 85' lang='lat' dir='ltr'><strong>putem</strong></span> <span class='ocrx_word' id='word_1_811' title='bbox 2170 4114 2432 4167; x_wconf 83' lang='lat' dir='ltr'><strong>Joannem</strong></span> <span class='ocrx_word' id='word_1_812' title='bbox 2476 4126 2667 4181; x_wconf 83' lang='lat' dir='ltr'><strong>papam</strong></span> <span class='ocrx_word' id='word_1_813' title='bbox 2712 4108 2935 4181; x_wconf 85' lang='lat' dir='ltr'><strong>ejusque</strong></span> <span class='ocrx_word' id='word_1_814' title='bbox 2974 4108 3196 4181; x_wconf 84' lang='lat' dir='ltr'><strong>legatos,</strong></span> <span class='ocrx_word' id='word_1_815' title='bbox 3229 4106 3503 4181; x_wconf 71' lang='lat' dir='ltr'><strong>quossibi</strong></span> 
     </span>
    </p>
   </div>
   <div class='ocr_carea' id='block_1_114' title="bbox 1944 4177 3500 4257">
    <p class='ocr_par' dir='ltr' id='par_1_114' title="bbox 1944 4177 3500 4257">
     <span class='ocr_line' id='line_1_117' title="bbox 1944 4177 3500 4257; baseline -0.004 -20"><span class='ocrx_word' id='word_1_816' title='bbox 1944 4177 2333 4257; x_wconf 74' lang='lat' dir='ltr'><strong>concordesin</strong></span> <span class='ocrx_word' id='word_1_817' title='bbox 2365 4177 2511 4235; x_wconf 85' lang='lat' dir='ltr'><strong>omni</strong></span> <span class='ocrx_word' id='word_1_818' title='bbox 2552 4180 2673 4257; x_wconf 80' lang='lat' dir='ltr'><strong>ﬁdei</strong></span> <span class='ocrx_word' id='word_1_819' title='bbox 2705 4177 2941 4246; x_wconf 89' lang='lat' dir='ltr'><strong>capitulo</strong></span> <span class='ocrx_word' id='word_1_820' title='bbox 2955 4177 3500 4257; x_wconf 39' lang='lat' dir='ltr'><strong>‘gloriaturlfhotius,</strong></span> 
     </span>
    </p>
   </div>
   <div class='ocr_carea' id='block_1_115' title="bbox 1946 4247 3503 4320">
    <p class='ocr_par' dir='ltr' id='par_1_115' title="bbox 1946 4247 3503 4320">
     <span class='ocr_line' id='line_1_118' title="bbox 1946 4247 3503 4320; baseline -0.003 -15"><span class='ocrx_word' id='word_1_821' title='bbox 1946 4254 2186 4320; x_wconf 82' lang='lat' dir='ltr'><strong>aliosque</strong></span> <span class='ocrx_word' id='word_1_822' title='bbox 2235 4254 2489 4317; x_wconf 90' lang='lat' dir='ltr'><strong>deinceps</strong></span> <span class='ocrx_word' id='word_1_823' title='bbox 2549 4252 2830 4320; x_wconf 89' lang='lat' dir='ltr'><strong>utriusque</strong></span> <span class='ocrx_word' id='word_1_824' title='bbox 2877 4247 3047 4320; x_wconf 75' lang='lat' dir='ltr'><strong>sedis</strong></span> <span class='ocrx_word' id='word_1_825' title='bbox 3083 4247 3354 4320; x_wconf 79' lang='lat' dir='ltr'><strong>antistites</strong></span> <span class='ocrx_word' id='word_1_826' title='bbox 3381 4285 3396 4305; x_wconf 85' lang='lat'><em>.</em></span> <span class='ocrx_word' id='word_1_827' title='bbox 3438 4254 3503 4320; x_wconf 80' lang='lat' dir='ltr'><strong>ad</strong></span> 
     </span>
    </p>
   </div>
   <div class='ocr_carea' id='block_1_116' title="bbox 1946 4316 3502 4386">
    <p class='ocr_par' dir='ltr' id='par_1_116' title="bbox 1946 4316 3502 4386">
     <span class='ocr_line' id='line_1_119' title="bbox 1946 4316 3502 4386; baseline -0.004 -11"><span class='ocrx_word' id='word_1_828' title='bbox 1946 4316 2255 4376; x_wconf 76' lang='lat' dir='ltr'><strong>Miebaclem</strong></span> <span class='ocrx_word' id='word_1_829' title='bbox 2308 4316 2477 4386; x_wconf 85' lang='lat' dir='ltr'><strong>usque</strong></span> <span class='ocrx_word' id='word_1_830' title='bbox 2532 4316 2908 4379; x_wconf 88' lang='lat' dir='ltr'><strong>Cerularium,</strong></span> <span class='ocrx_word' id='word_1_831' title='bbox 2967 4317 3121 4385; x_wconf 85' lang='lat' dir='ltr'><strong>cujus</strong></span> <span class='ocrx_word' id='word_1_832' title='bbox 3177 4317 3251 4369; x_wconf 90' lang='lat' dir='ltr'><strong>rei</strong></span> <span class='ocrx_word' id='word_1_833' title='bbox 3324 4316 3502 4386; x_wconf 85' lang='lat' dir='ltr'><strong>gravis</strong></span> 
     </span>
    </p>
   </div>
   <div class='ocr_carea' id='block_1_117' title="bbox 1949 4386 3505 4456">
    <p class='ocr_par' dir='ltr' id='par_1_117' title="bbox 1949 4386 3505 4456">
     <span class='ocr_line' id='line_1_120' title="bbox 1949 4386 3505 4456; baseline -0.005 -11"><span class='ocrx_word' id='word_1_834' title='bbox 1949 4394 2100 4446; x_wconf 88' lang='lat' dir='ltr'><strong>testis</strong></span> <span class='ocrx_word' id='word_1_835' title='bbox 2129 4392 2334 4446; x_wconf 79' lang='lat' dir='ltr'><strong>Michae</strong></span> <span class='ocrx_word' id='word_1_836' title='bbox 2392 4386 2595 4443; x_wconf 80' lang='lat' dir='ltr'><strong>Psellus</strong></span> <span class='ocrx_word' id='word_1_837' title='bbox 2626 4389 2679 4442; x_wconf 89' lang='lat' dir='ltr'><strong>in</strong></span> <span class='ocrx_word' id='word_1_838' title='bbox 2712 4389 2828 4456; x_wconf 84' lang='lat' dir='ltr'><strong>ejus</strong></span> <span class='ocrx_word' id='word_1_839' title='bbox 2860 4386 3203 4455; x_wconf 79' lang='lat' dir='ltr'><strong>Panegyrico,</strong></span> <span class='ocrx_word' id='word_1_840' title='bbox 3238 4386 3361 4456; x_wconf 87' lang='lat' dir='ltr'><strong>inde</strong></span> <span class='ocrx_word' id='word_1_841' title='bbox 3390 4387 3505 4438; x_wconf 90' lang='lat' dir='ltr'><strong>lau-</strong></span> 
     </span>
    </p>
   </div>
   <div class='ocr_carea' id='block_1_118' title="bbox 1950 4455 3505 4531">
    <p class='ocr_par' dir='ltr' id='par_1_118' title="bbox 1950 4455 3505 4531">
     <span class='ocr_line' id='line_1_121' title="bbox 1950 4455 3505 4531; baseline -0.005 -16"><span class='ocrx_word' id='word_1_842' title='bbox 1950 4462 2085 4531; x_wconf 82' lang='lat' dir='ltr'><strong>dans</strong></span> <span class='ocrx_word' id='word_1_843' title='bbox 2127 4466 2268 4531; x_wconf 86' lang='lat' dir='ltr'><strong>quod</strong></span> <span class='ocrx_word' id='word_1_844' title='bbox 2314 4461 2378 4531; x_wconf 16' lang='grc' dir='ltr'><strong>ντδ</strong></span> <span class='ocrx_word' id='word_1_845' title='bbox 2417 4460 2706 4531; x_wconf 72' lang='grc' dir='ltr'>ἁδιᾴφορον</span> <span class='ocrx_word' id='word_1_846' title='bbox 2746 4455 3132 4531; x_wconf 80' lang='lat' dir='ltr'><strong>superioribus</strong></span> <span class='ocrx_word' id='word_1_847' title='bbox 3189 4455 3505 4531; x_wconf 74' lang='lat' dir='ltr'><strong>patriarcbis</strong></span> 
     </span>
    </p>
   </div>
   <div class='ocr_carea' id='block_1_119' title="bbox 1950 4525 3503 4597">
    <p class='ocr_par' dir='ltr' id='par_1_119' title="bbox 1950 4525 3503 4597">
     <span class='ocr_line' id='line_1_122' title="bbox 1950 4525 3503 4597; baseline -0.004 -14"><span class='ocrx_word' id='word_1_848' title='bbox 1950 4525 2214 4585; x_wconf 82' lang='lat' dir='ltr'><strong>CPlitanis</strong></span> <span class='ocrx_word' id='word_1_849' title='bbox 2241 4530 2505 4591; x_wconf 86' lang='lat' dir='ltr'><strong>habitum,</strong></span> <span class='ocrx_word' id='word_1_850' title='bbox 2528 4525 2583 4581; x_wconf 89' lang='lat' dir='ltr'><strong>in</strong></span> <span class='ocrx_word' id='word_1_851' title='bbox 2604 4525 2955 4597; x_wconf 74' lang='lat' dir='ltr'><strong>quaestionem</strong></span> <span class='ocrx_word' id='word_1_852' title='bbox 2977 4528 3243 4597; x_wconf 83' lang='lat' dir='ltr'><strong>dogmatis</strong></span> <span class='ocrx_word' id='word_1_853' title='bbox 3261 4525 3503 4597; x_wconf 83' lang='lat' dir='ltr'><strong>traxerit,</strong></span> 
     </span>
    </p>
   </div>
   <div class='ocr_carea' id='block_1_120' title="bbox 1884 4577 3501 4663">
    <p class='ocr_par' dir='ltr' id='par_1_120' title="bbox 1884 4577 3501 4663">
     <span class='ocr_line' id='line_1_123' title="bbox 1884 4577 3501 4663; baseline -0.004 -9"><span class='ocrx_word' id='word_1_854' title='bbox 1884 4577 1923 4631; x_wconf 71' lang='grc' dir='ltr'><strong>θ</strong></span> <span class='ocrx_word' id='word_1_855' title='bbox 1950 4617 2049 4654; x_wconf 85' lang='lat' dir='ltr'><strong>nec</strong></span> <span class='ocrx_word' id='word_1_856' title='bbox 2096 4602 2408 4654; x_wconf 88' lang='lat' dir='ltr'><strong>Latinorum</strong></span> <span class='ocrx_word' id='word_1_857' title='bbox 2452 4577 2798 4652; x_wconf 35' lang='lat' dir='ltr'><strong>fidemjaliter</strong></span> <span class='ocrx_word' id='word_1_858' title='bbox 2831 4612 2990 4663; x_wconf 88' lang='lat' dir='ltr'><strong>quam</strong></span> <span class='ocrx_word' id='word_1_859' title='bbox 3020 4577 3200 4649; x_wconf 54' lang='lat' dir='ltr'><strong>vgratn</strong></span> <span class='ocrx_word' id='word_1_860' title='bbox 3235 4577 3501 4657; x_wconf 66' lang='lat' dir='ltr'><strong>haeresim,</strong></span> 
     </span>
    </p>
   </div>
   <div class='ocr_carea' id='block_1_121' title="bbox 1945 4665 3505 4735">
    <p class='ocr_par' dir='ltr' id='par_1_121' title="bbox 1945 4665 3505 4735">
     <span class='ocr_line' id='line_1_124' title="bbox 1945 4665 3505 4735; baseline -0.004 -12"><span class='ocrx_word' id='word_1_861' title='bbox 1945 4671 2238 4725; x_wconf 86' lang='lat' dir='ltr'><strong>insectatus</strong></span> <span class='ocrx_word' id='word_1_862' title='bbox 2282 4671 2371 4731; x_wconf 89' lang='lat' dir='ltr'><strong>sit,</strong></span> <span class='ocrx_word' id='word_1_863' title='bbox 2418 4669 2495 4721; x_wconf 91' lang='lat' dir='ltr'><strong>sic</strong></span> <span class='ocrx_word' id='word_1_864' title='bbox 2531 4668 2669 4721; x_wconf 90' lang='lat' dir='ltr'><strong>belle</strong></span> <span class='ocrx_word' id='word_1_865' title='bbox 2711 4666 2883 4735; x_wconf 87' lang='lat' dir='ltr'><strong>posita</strong></span> <span class='ocrx_word' id='word_1_866' title='bbox 2919 4666 3108 4719; x_wconf 81' lang='lat' dir='ltr'><strong>Pltotio</strong></span> <span class='ocrx_word' id='word_1_867' title='bbox 3140 4679 3258 4727; x_wconf 87' lang='lat' dir='ltr'><strong>ova,</strong></span> <span class='ocrx_word' id='word_1_868' title='bbox 3303 4665 3505 4731; x_wconf 85' lang='lat' dir='ltr'><strong>majore</strong></span> 
     </span>
    </p>
   </div>
   <div class='ocr_carea' id='block_1_122' title="bbox 1944 4736 3507 4809">
    <p class='ocr_par' dir='ltr' id='par_1_122' title="bbox 1944 4736 3507 4809">
     <span class='ocr_line' id='line_1_125' title="bbox 1944 4736 3507 4809; baseline -0.005 -16"><span class='ocrx_word' id='word_1_869' title='bbox 1944 4741 2058 4807; x_wconf 89' lang='lat' dir='ltr'><strong>ipse</strong></span> <span class='ocrx_word' id='word_1_870' title='bbox 2118 4741 2365 4809; x_wconf 89' lang='lat' dir='ltr'><strong>superbia</strong></span> <span class='ocrx_word' id='word_1_871' title='bbox 2402 4738 2723 4809; x_wconf 15' lang='lat' dir='ltr'><strong>rbaereticus</strong></span> <span class='ocrx_word' id='word_1_872' title='bbox 2755 4737 3053 4809; x_wconf 63' lang='lat' dir='ltr'><strong>(purpura;</strong></span> <span class='ocrx_word' id='word_1_873' title='bbox 3114 4736 3507 4802; x_wconf 84' lang='lat' dir='ltr'><strong>rubrorumqun</strong></span> 
     </span>
    </p>
   </div>
   <div class='ocr_carea' id='block_1_123' title="bbox 1945 4806 3501 4873">
    <p class='ocr_par' dir='ltr' id='par_1_123' title="bbox 1945 4806 3501 4873">
     <span class='ocr_line' id='line_1_126' title="bbox 1945 4806 3501 4873; baseline -0.004 -10"><span class='ocrx_word' id='word_1_874' title='bbox 1945 4806 2248 4863; x_wconf 49' lang='lat' dir='ltr'><strong>ealceoru&#39;m</strong></span> <span class='ocrx_word' id='word_1_875' title='bbox 2308 4808 2557 4870; x_wconf 91' lang='lat' dir='ltr'><strong>ambitu)</strong></span> <span class='ocrx_word' id='word_1_876' title='bbox 2614 4806 2905 4859; x_wconf 82' lang='lat' dir='ltr'><strong>excludens</strong></span> <span class='ocrx_word' id='word_1_877' title='bbox 2962 4806 3133 4873; x_wconf 89' lang='lat' dir='ltr'><strong>iisque</strong></span> <span class='ocrx_word' id='word_1_878' title='bbox 3202 4812 3501 4873; x_wconf 78' lang='lat' dir='ltr'><strong>extremum</strong></span> 
     </span>
    </p>
   </div>
   <div class='ocr_carea' id='block_1_124' title="bbox 1947 4871 3504 4945">
    <p class='ocr_par' dir='ltr' id='par_1_124' title="bbox 1947 4871 3504 4945">
     <span class='ocr_line' id='line_1_127' title="bbox 1947 4871 3504 4945; baseline -0.006 -12"><span class='ocrx_word' id='word_1_879' title='bbox 1947 4878 2165 4934; x_wconf 64' lang='lat' dir='ltr'><strong>Graeciae</strong></span> <span class='ocrx_word' id='word_1_880' title='bbox 2222 4879 2446 4933; x_wconf 78' lang='lat' dir='ltr'><strong>exitium</strong></span> <span class='ocrx_word' id='word_1_881' title='bbox 2500 4875 2727 4945; x_wconf 90' lang='lat' dir='ltr'><strong>patiens.</strong></span> <span class='ocrx_word' id='word_1_882' title='bbox 2792 4877 2966 4943; x_wconf 85' lang='lat' dir='ltr'><strong>Atque</strong></span> <span class='ocrx_word' id='word_1_883' title='bbox 3028 4871 3235 4945; x_wconf 86' lang='lat' dir='ltr'><strong>utinam</strong></span> <span class='ocrx_word' id='word_1_884' title='bbox 3297 4871 3504 4945; x_wconf 86' lang='lat' dir='ltr'><strong>Psellus</strong></span> 
     </span>
    </p>
   </div>
   <div class='ocr_carea' id='block_1_125' title="bbox 1948 4942 3503 5016">
    <p class='ocr_par' dir='ltr' id='par_1_125' title="bbox 1948 4942 3503 5016">
     <span class='ocr_line' id='line_1_128' title="bbox 1948 4942 3503 5016; baseline -0.005 -13"><span class='ocrx_word' id='word_1_885' title='bbox 1948 4949 2200 5003; x_wconf 86' lang='lat' dir='ltr'><strong>Oratione</strong></span> <span class='ocrx_word' id='word_1_886' title='bbox 2231 4964 2325 5006; x_wconf 88' lang='lat' dir='ltr'><strong>sua</strong></span> <span class='ocrx_word' id='word_1_887' title='bbox 2371 4949 2436 5001; x_wconf 87' lang='lat' dir='ltr'><strong>ad</strong></span> <span class='ocrx_word' id='word_1_888' title='bbox 2490 4942 2748 5016; x_wconf 74' lang='lat' dir='ltr'><strong>synodum</strong></span> <span class='ocrx_word' id='word_1_889' title='bbox 2780 4942 3083 5016; x_wconf 86' lang='lat' dir='ltr'><strong>contentus,</strong></span> <span class='ocrx_word' id='word_1_890' title='bbox 3126 4942 3277 5016; x_wconf 74' lang='lat' dir='ltr'><strong>sicin</strong></span> <span class='ocrx_word' id='word_1_891' title='bbox 3306 4958 3365 4995; x_wconf 87' lang='lat' dir='ltr'><strong>ea</strong></span> <span class='ocrx_word' id='word_1_892' title='bbox 3392 4942 3503 5016; x_wconf 76' lang='lat' dir='ltr'><strong>suis</strong></span> 
     </span>
    </p>
   </div>
   <div class='ocr_carea' id='block_1_126' title="bbox 1949 5012 3501 5086">
    <p class='ocr_par' dir='ltr' id='par_1_126' title="bbox 1949 5012 3501 5086">
     <span class='ocr_line' id='line_1_129' title="bbox 1949 5012 3501 5086; baseline -0.006 -14"><span class='ocrx_word' id='word_1_893' title='bbox 1949 5021 2218 5073; x_wconf 86' lang='lat' dir='ltr'><strong>coloribus</strong></span> <span class='ocrx_word' id='word_1_894' title='bbox 2256 5012 2529 5086; x_wconf 57' lang='lat' dir='ltr'><strong>expresso&#39;</strong></span> <span class='ocrx_word' id='word_1_895' title='bbox 2551 5014 2825 5086; x_wconf 88' lang='lat' dir='ltr'><strong>Cerulario</strong></span> <span class='ocrx_word' id='word_1_896' title='bbox 2864 5015 2879 5081; x_wconf 95' lang='lat'><strong>(</strong></span> <span class='ocrx_word' id='word_1_897' title='bbox 2908 5014 3070 5086; x_wconf 86' lang='lat' dir='ltr'><strong>digno</strong></span> <span class='ocrx_word' id='word_1_898' title='bbox 3099 5013 3301 5086; x_wconf 78' lang='lat' dir='ltr'><strong>scilicet</strong></span> <span class='ocrx_word' id='word_1_899' title='bbox 3332 5012 3501 5086; x_wconf 81' lang='lat' dir='ltr'><strong>s_cli_is_-</strong></span> 
     </span>
    </p>
   </div>
   <div class='ocr_carea' id='block_1_127' title="bbox 1950 5080 3504 5152">
    <p class='ocr_par' dir='ltr' id='par_1_127' title="bbox 1950 5080 3504 5152">
     <span class='ocr_line' id='line_1_130' title="bbox 1950 5080 3504 5152; baseline -0.006 -10"><span class='ocrx_word' id='word_1_900' title='bbox 1950 5089 2106 5142; x_wconf 89' lang='lat' dir='ltr'><strong>matis</strong></span> <span class='ocrx_word' id='word_1_901' title='bbox 2134 5080 2372 5142; x_wconf 80' lang='lat' dir='ltr'><strong>antistite</strong></span> <span class='ocrx_word' id='word_1_902' title='bbox 2404 5095 2558 5152; x_wconf 85' lang='lat' dir='ltr'><strong>atque</strong></span> <span class='ocrx_word' id='word_1_903' title='bbox 2582 5084 2834 5152; x_wconf 88' lang='lat' dir='ltr'><strong>auctore)</strong></span> <span class='ocrx_word' id='word_1_904' title='bbox 2870 5080 3297 5137; x_wconf 58' lang='lat' dir='ltr'><strong>nec&#39;dealbantlo</strong></span> <span class='ocrx_word' id='word_1_905' title='bbox 3322 5080 3504 5152; x_wconf 70' lang='lat' dir='ltr'><strong>A&#39;itlii-</strong></span> 
     </span>
    </p>
   </div>
   <div class='ocr_carea' id='block_1_128' title="bbox 1951 5150 3503 5227">
    <p class='ocr_par' dir='ltr' id='par_1_128' title="bbox 1951 5150 3503 5227">
     <span class='ocr_line' id='line_1_131' title="bbox 1951 5150 3503 5227; baseline -0.006 -14"><span class='ocrx_word' id='word_1_906' title='bbox 1951 5174 2128 5227; x_wconf 90' lang='lat' dir='ltr'><strong>opem,</strong></span> <span class='ocrx_word' id='word_1_907' title='bbox 2155 5159 2393 5227; x_wconf 85' lang='lat' dir='ltr'><strong>levitatis</strong></span> <span class='ocrx_word' id='word_1_908' title='bbox 2420 5150 2514 5208; x_wconf 85' lang='lat' dir='ltr'><strong>sibi</strong></span> <span class='ocrx_word' id='word_1_909' title='bbox 2542 5150 3169 5227; x_wconf 69' lang='lat' dir='ltr'><strong>maculamaspersisset,</strong></span> <span class='ocrx_word' id='word_1_910' title='bbox 3202 5168 3263 5227; x_wconf 83' lang='lat' dir='ltr'><strong>ac</strong></span> <span class='ocrx_word' id='word_1_911' title='bbox 3289 5150 3503 5227; x_wconf 76' lang='lat' dir='ltr'><strong>curialis</strong></span> 
     </span>
    </p>
   </div>
   <div class='ocr_carea' id='block_1_129' title="bbox 1952 5220 3504 5295">
    <p class='ocr_par' dir='ltr' id='par_1_129' title="bbox 1952 5220 3504 5295">
     <span class='ocr_line' id='line_1_132' title="bbox 1952 5220 3504 5295; baseline -0.006 -13"><span class='ocrx_word' id='word_1_912' title='bbox 1952 5220 2239 5295; x_wconf 77' lang='lat' dir='ltr'><strong>minusque</strong></span> <span class='ocrx_word' id='word_1_913' title='bbox 2267 5225 2581 5287; x_wconf 81' lang='lat' dir='ltr'><strong>Christiani,</strong></span> <span class='ocrx_word' id='word_1_914' title='bbox 2615 5239 2721 5295; x_wconf 89' lang='lat' dir='ltr'><strong>non</strong></span> <span class='ocrx_word' id='word_1_915' title='bbox 2756 5223 2829 5276; x_wconf 91' lang='lat' dir='ltr'><strong>illi</strong></span> <span class='ocrx_word' id='word_1_916' title='bbox 2852 5220 3027 5295; x_wconf 79' lang='lat' dir='ltr'><strong>omnis</strong></span> <span class='ocrx_word' id='word_1_917' title='bbox 3052 5221 3271 5295; x_wconf 77' lang='lat' dir='ltr'><strong>sceleris</strong></span> <span class='ocrx_word' id='word_1_918' title='bbox 3304 5236 3366 5295; x_wconf 78' lang='lat' dir='ltr'><strong>ac</strong></span> <span class='ocrx_word' id='word_1_919' title='bbox 3403 5220 3504 5273; x_wconf 89' lang='lat' dir='ltr'><strong>itn-</strong></span> 
     </span>
    </p>
   </div>
   <div class='ocr_carea' id='block_1_130' title="bbox 1953 5290 3505 5368">
    <p class='ocr_par' dir='ltr' id='par_1_130' title="bbox 1953 5290 3505 5368">
     <span class='ocr_line' id='line_1_133' title="bbox 1953 5290 3505 5368; baseline -0.006 -16"><span class='ocrx_word' id='word_1_920' title='bbox 1953 5290 2166 5368; x_wconf 79' lang='lat' dir='ltr'><strong>pietatis</strong></span> <span class='ocrx_word' id='word_1_921' title='bbox 2189 5298 2372 5368; x_wconf 87' lang='lat' dir='ltr'><strong>labent</strong></span> <span class='ocrx_word' id='word_1_922' title='bbox 2404 5293 2744 5368; x_wconf 80' lang='lat' dir='ltr'><strong>abstersisset</strong></span> <span class='ocrx_word' id='word_1_923' title='bbox 2768 5296 2937 5368; x_wconf 86' lang='lat' dir='ltr'><strong>;_quin</strong></span> <span class='ocrx_word' id='word_1_924' title='bbox 2956 5292 3065 5368; x_wconf 82' lang='lat' dir='ltr'><strong>_sibi</strong></span> <span class='ocrx_word' id='word_1_925' title='bbox 3088 5291 3203 5361; x_wconf 89' lang='lat' dir='ltr'><strong>ipse</strong></span> <span class='ocrx_word' id='word_1_926' title='bbox 3224 5290 3505 5368; x_wconf 42' lang='lat' dir='ltr'><strong>.scbistna-</strong></span> 
     </span>
    </p>
   </div>
   <div class='ocr_carea' id='block_1_131' title="bbox 1956 5359 3505 5444">
    <p class='ocr_par' dir='ltr' id='par_1_131' title="bbox 1956 5359 3505 5444">
     <span class='ocr_line' id='line_1_134' title="bbox 1956 5359 3505 5444; baseline -0.007 -23"><span class='ocrx_word' id='word_1_927' title='bbox 1956 5359 2043 5444; x_wconf 61' lang='lat' dir='ltr'><strong>&#39;t_ici</strong></span> <span class='ocrx_word' id='word_1_928' title='bbox 2086 5383 2147 5422; x_wconf 86' lang='lat' dir='ltr'><strong>ac</strong></span> <span class='ocrx_word' id='word_1_929' title='bbox 2187 5366 2421 5421; x_wconf 64' lang='lat' dir='ltr'><strong>haeretici</strong></span> <span class='ocrx_word' id='word_1_930' title='bbox 2451 5379 2615 5444; x_wconf 24' lang='lat' dir='ltr'><strong>“qua</strong></span> <span class='ocrx_word' id='word_1_931' title='bbox 2652 5362 2745 5444; x_wconf 10' lang='lat' dir='ltr'><strong>isie</strong></span> <span class='ocrx_word' id='word_1_932' title='bbox 2783 5359 3037 5444; x_wconf 75' lang='lat' dir='ltr'><strong>haeretico</strong></span> <span class='ocrx_word' id='word_1_933' title='bbox 3069 5359 3131 5444; x_wconf 65' lang='lat' dir='ltr'><strong>ac</strong></span> <span class='ocrx_word' id='word_1_934' title='bbox 3163 5359 3505 5444; x_wconf 68' lang='lat' dir='ltr'><strong>schismaticu</strong></span> 
     </span>
    </p>
   </div>
   <div class='ocr_carea' id='block_1_132' title="bbox 1956 5429 3503 5501">
    <p class='ocr_par' dir='ltr' id='par_1_132' title="bbox 1956 5429 3503 5501">
     <span class='ocr_line' id='line_1_135' title="bbox 1956 5429 3503 5501; baseline -0.006 -9"><span class='ocrx_word' id='word_1_935' title='bbox 1956 5438 2120 5501; x_wconf 88' lang='lat' dir='ltr'><strong>favet,</strong></span> <span class='ocrx_word' id='word_1_936' title='bbox 2150 5452 2345 5491; x_wconf 90' lang='lat' dir='ltr'><strong>nomen</strong></span> <span class='ocrx_word' id='word_1_937' title='bbox 2387 5429 2697 5495; x_wconf 82' lang='lat' dir='ltr'><strong>ascivissct;</strong></span> <span class='ocrx_word' id='word_1_938' title='bbox 2739 5433 2880 5501; x_wconf 87' lang='lat' dir='ltr'><strong>quod</strong></span> <span class='ocrx_word' id='word_1_939' title='bbox 2925 5431 3055 5484; x_wconf 87' lang='lat' dir='ltr'><strong>alias</strong></span> <span class='ocrx_word' id='word_1_940' title='bbox 3106 5430 3301 5484; x_wconf 86' lang='lat' dir='ltr'><strong>Leonis</strong></span> <span class='ocrx_word' id='word_1_941' title='bbox 3324 5429 3503 5501; x_wconf 76' lang='lat' dir='ltr'><strong>_Allatii</strong></span> 
     </span>
    </p>
   </div>
   <div class='ocr_carea' id='block_1_133' title="bbox 1958 5498 3508 5577">
    <p class='ocr_par' dir='ltr' id='par_1_133' title="bbox 1958 5498 3508 5577">
     <span class='ocr_line' id='line_1_136' title="bbox 1958 5498 3508 5577; baseline -0.008 -14"><span class='ocrx_word' id='word_1_942' title='bbox 1958 5498 2286 5577; x_wconf 87' lang='lat' dir='ltr'><strong>diligentiam</strong></span> <span class='ocrx_word' id='word_1_943' title='bbox 2318 5506 2527 5574; x_wconf 88' lang='lat' dir='ltr'><strong>fugerat</strong></span> <span class='ocrx_word' id='word_1_944' title='bbox 2547 5518 2608 5577; x_wconf 83' lang='lat' dir='ltr'><strong>ac</strong></span> <span class='ocrx_word' id='word_1_945' title='bbox 2641 5498 2999 5577; x_wconf 67' lang='grc' dir='ltr'>πολύμαφίαν,</span> <span class='ocrx_word' id='word_1_946' title='bbox 3031 5501 3083 5577; x_wconf 78' lang='grc' dir='ltr'><strong>ιιι</strong></span> <span class='ocrx_word' id='word_1_947' title='bbox 3107 5516 3206 5555; x_wconf 90' lang='lat' dir='ltr'><strong>suo</strong></span> <span class='ocrx_word' id='word_1_948' title='bbox 3234 5501 3300 5555; x_wconf 90' lang='lat' dir='ltr'><strong>de</strong></span> <span class='ocrx_word' id='word_1_949' title='bbox 3321 5498 3508 5577; x_wconf 87' lang='lat' dir='ltr'><strong>P_sellis</strong></span> 
     </span>
    </p>
   </div>
   <div class='ocr_carea' id='block_1_134' title="bbox 1961 5570 3508 5648">
    <p class='ocr_par' dir='ltr' id='par_1_134' title="bbox 1961 5570 3508 5648">
     <span class='ocr_line' id='line_1_137' title="bbox 1961 5570 3508 5648; baseline -0.006 -16"><span class='ocrx_word' id='word_1_950' title='bbox 1961 5570 2335 5648; x_wconf 54' lang='lat' dir='ltr'><strong>Syn&#39;tagmate,</strong></span> <span class='ocrx_word' id='word_1_951' title='bbox 2377 5570 2807 5635; x_wconf 76' lang='lat' dir='ltr'><strong>emendaturus,</strong></span> <span class='ocrx_word' id='word_1_952' title='bbox 2838 5571 2879 5626; x_wconf 90' lang='lat' dir='ltr'><strong>si</strong></span> <span class='ocrx_word' id='word_1_953' title='bbox 2920 5571 3061 5639; x_wconf 85' lang='lat' dir='ltr'><strong>quod</strong></span> <span class='ocrx_word' id='word_1_954' title='bbox 3087 5579 3314 5648; x_wconf 76' lang='lat' dir='ltr'><strong>optarat,</strong></span> <span class='ocrx_word' id='word_1_955' title='bbox 3354 5570 3508 5623; x_wconf 83' lang='lat' dir='ltr'><strong>lucu-</strong></span> 
     </span>
    </p>
   </div>
   <div class='ocr_carea' id='block_1_135' title="bbox 1958 5642 3509 5713">
    <p class='ocr_par' dir='ltr' id='par_1_135' title="bbox 1958 5642 3509 5713">
     <span class='ocr_line' id='line_1_138' title="bbox 1958 5642 3509 5713; baseline -0.008 -10"><span class='ocrx_word' id='word_1_956' title='bbox 1958 5642 2347 5703; x_wconf 73' lang='lat' dir='ltr'><strong>bratiunculam</strong></span> <span class='ocrx_word' id='word_1_957' title='bbox 2404 5654 2989 5713; x_wconf 25' lang='lat' dir='ltr'><strong>augereyauctamque</strong></span> <span class='ocrx_word' id='word_1_958' title='bbox 3048 5642 3364 5713; x_wconf 77' lang='lat' dir='ltr'><strong>producere,</strong></span> <span class='ocrx_word' id='word_1_959' title='bbox 3416 5654 3509 5707; x_wconf 83' lang='lat' dir='ltr'><strong>per</strong></span> 
     </span>
    </p>
   </div>
   <div class='ocr_carea' id='block_1_136' title="bbox 1961 5711 3507 5787">
    <p class='ocr_par' dir='ltr' id='par_1_136' title="bbox 1961 5711 3507 5787">
     <span class='ocr_line' id='line_1_139' title="bbox 1961 5711 3507 5787; baseline -0.005 -18"><span class='ocrx_word' id='word_1_960' title='bbox 1961 5732 2177 5787; x_wconf 77' lang='lat' dir='ltr'><strong>gravem</strong></span> <span class='ocrx_word' id='word_1_961' title='bbox 2202 5724 2411 5787; x_wconf 67' lang='lat' dir='ltr'><strong>aetatem</strong></span> <span class='ocrx_word' id='word_1_962' title='bbox 2444 5711 2555 5768; x_wconf 80' lang='lat' dir='ltr'><strong>sive</strong></span> <span class='ocrx_word' id='word_1_963' title='bbox 2585 5711 2744 5787; x_wconf 78' lang='lat' dir='ltr'><strong>etiam</strong></span> <span class='ocrx_word' id='word_1_964' title='bbox 2765 5726 2859 5787; x_wconf 87' lang='lat' dir='ltr'><strong>per</strong></span> <span class='ocrx_word' id='word_1_965' title='bbox 2876 5720 3097 5787; x_wconf 76' lang='lat' dir='ltr'><strong>tempus</strong></span> <span class='ocrx_word' id='word_1_966' title='bbox 3126 5711 3507 5787; x_wconf 65' lang='lat' dir='ltr'><strong>hominumque</strong></span> 
     </span>
    </p>
   </div>
   <div class='ocr_carea' id='block_1_137' title="bbox 1963 5779 3501 5853">
    <p class='ocr_par' dir='ltr' id='par_1_137' title="bbox 1963 5779 3501 5853">
     <span class='ocr_line' id='line_1_140' title="bbox 1963 5779 3501 5853; baseline -0.005 -11"><span class='ocrx_word' id='word_1_967' title='bbox 1963 5779 2292 5843; x_wconf 60' lang='lat' dir='ltr'><strong>Erudit-arum</strong></span> <span class='ocrx_word' id='word_1_968' title='bbox 2318 5784 2435 5853; x_wconf 87' lang='lat' dir='ltr'><strong>ejus</strong></span> <span class='ocrx_word' id='word_1_969' title='bbox 2451 5781 2663 5853; x_wconf 80' lang='lat' dir='ltr'><strong>generis</strong></span> <span class='ocrx_word' id='word_1_970' title='bbox 2681 5779 2849 5853; x_wconf 85' lang='lat' dir='ltr'><strong>ipsius</strong></span> <span class='ocrx_word' id='word_1_971' title='bbox 2876 5779 3304 5837; x_wconf 84' lang='lat' dir='ltr'><strong>lucubrationum</strong></span> <span class='ocrx_word' id='word_1_972' title='bbox 3332 5779 3501 5835; x_wconf 81' lang='lat' dir='ltr'><strong>inulli-</strong></span> 
     </span>
    </p>
   </div>
   <div class='ocr_carea' id='block_1_138' title="bbox 1967 5851 2887 5921">
    <p class='ocr_par' dir='ltr' id='par_1_138' title="bbox 1967 5851 2887 5921">
     <span class='ocr_line' id='line_1_141' title="bbox 1967 5851 2887 5921; baseline -0.011 -8"><span class='ocrx_word' id='word_1_973' title='bbox 1967 5858 2170 5914; x_wconf 82' lang='lat' dir='ltr'><strong>ciosuut</strong></span> <span class='ocrx_word' id='word_1_974' title='bbox 2212 5851 2505 5921; x_wconf 82' lang='lat' dir='ltr'><strong>fastidium,</strong></span> <span class='ocrx_word' id='word_1_975' title='bbox 2542 5854 2589 5909; x_wconf 84' lang='lat' dir='ltr'><strong>ei</strong></span> <span class='ocrx_word' id='word_1_976' title='bbox 2631 5851 2887 5907; x_wconf 78' lang='lat' dir='ltr'><strong>licuisset.</strong></span> 
     </span>
    </p>
   </div>
  </div>
