4248 6444
769 378 877 443 819

1892 368 2149 431 ΡΗΟΤΠ
2189 360 2685 428 ΡΑΤΒῙΑΗΟΗᾸΕ
2724 359 2833 421 CP.

3896 344 4018 409 89)

771 488 1035 551 noscitur,
1064 484 1325 557 Spiritum
1359 493 1603 539 sanctum
1643 496 1671 537 a
1715 480 1892 548 Patre,
1924 490 1979 537 et
2006 495 2111 535 non
2139 494 2169 533 a
2201 477 2336 533 Filio
2365 488 2406 537 Α
2439 474 2448 523 l

2365 488 2406 537 Α
2439 472 2581 525 θειον
2606 468 2930 539 ἀντέγραψε,
2953 466 3139 538 σαφῶς
3169 483 3226 521 τε
3268 464 3365 521 καὶ
3403 459 3713 533 περιφανῶς
3745 458 4013 557 φαίνεται

772 576 1089 650 procedere.

841 753 1005 812 XXV.
1048 751 1179 808 illud
1198 751 1360 807 etiam
1386 749 1530 807 haud
1562 748 1692 805 mihi
1718 746 1932 803 videtur
1950 742 2326 807 omittendum,

769 849 870 905 etsi
903 847 1152 903 omnibus
1176 858 1274 915 pro
1303 842 1561 913 temporis
1582 854 1755 911 nuper
1776 836 2172 910 propinquitate
2198 848 2328 888 con-

770 940 1047 1011 spicuum;
1088 935 1178 1007 qui
1239 934 1439 991 nostris
1498 930 1835 1003 temporibus
1889 927 2068 1000 legati,
2128 926 2327 981 nedum

768 1029 954 1093 semel,
987 1028 1079 1085 sed
1102 1038 1156 1084 et
1194 1025 1350 1083 tertio
1377 1040 1440 1081 ex
1462 1023 1675 1079 seniore
1706 1020 1874 1075 Roma
1894 1026 2179 1080 venerunt,
2202 1031 2324 1071 cum

768 1121 835 1174 de
866 1119 989 1183 fide,
1018 1129 1075 1174 ut
1103 1133 1199 1189 par
1232 1125 1334 1180 est,
1376 1130 1485 1170 non
1515 1128 1637 1169 cum
1661 1112 1769 1168 illis
1796 1123 2109 1166 sermonum
2136 1118 2331 1164 contu-

770 1209 1040 1274 lissemus,
1100 1206 1131 1261 ii
1160 1204 1296 1261 nihil
1327 1204 1598 1260 diversum
1633 1212 1791 1258 autve
1838 1200 2119 1256 dissonum
2151 1215 2178 1254 a
2207 1198 2329 1261 fide,

769 1314 889 1367 qua:
915 1312 1012 1367 per
1044 1310 1260 1351 omnem
1294 1303 1556 1350 terrarum
1585 1291 1771 1347 orbem
1805 1290 2071 1361 explicata
2099 1299 2203 1354 est,
2238 1297 2333 1343 aut

770 1389 1054 1453 dixerunt,
1098 1400 1187 1443 aut
1229 1386 1431 1443 sentire
1501 1382 1824 1455 deprehensi
1875 1392 2002 1438 sunt
2042 1400 2054 1436 :
2090 1381 2334 1449 quinimo

769 1480 912 1535 clare
938 1478 1219 1535 nobiscum
1260 1476 1501 1546 citraque
1540 1488 1755 1530 omnem
1782 1472 2174 1528 dubitationem
2207 1471 2323 1540 Spi-

769 1572 935 1627 ritum
967 1578 1213 1625 sanctum
1252 1582 1317 1623 ex
1368 1567 1527 1623 Patre
1559 1565 1851 1637 procedere
1884 1564 2327 1636 prmdicaverunt.

770 1662 909 1727 Quin
938 1671 994 1718 et
1022 1669 1204 1717 coacta
1231 1658 1434 1731 synodo
1455 1656 1809 1729 quorumdam
1834 1656 2329 1712 ecclesiasticornm

769 1753 1007 1823 capitum
1027 1766 1209 1815 causa,
1234 1751 1322 1822 qui
1354 1749 1479 1805 inde
1503 1749 1650 1804 missi
1686 1748 1901 1803 fuerant
1920 1748 2091 1803 sancti
2109 1746 2331 1802 Joannis

2430 560 2489 614 τὸ
2515 559 2737 631 Πνεῦμα
2766 560 2825 612 τδ
2851 560 3002 627 ἅγιον
3029 556 3240 629 φρονῶν
3267 559 3331 611 ιιι
3351 554 3446 609 τοῦ
3476 553 3705 624 Πατρός.
3738 549 3855 606 ἀλλ’
3897 548 4013 603 οὐκ

2432 654 2494 707 lx
2525 652 2617 707 τοῦ
2649 651 2779 705 Υίοῦ
2809 650 3220 722 ικπορεύεσθαι.

2502 742 2628 799 κε’.
2676 744 2790 797 Οὐκ
2817 743 2994 797 ἰάσειν
3032 758 3119 812 μοι
3147 738 3308 803 δοκῶ,
3333 738 3434 792 κᾶν
3481 736 3596 789 εστι
3623 734 3787 787 πᾶσιν
3820 728 4010 783 έπετοῦ

2433 833 2623 907 χρόνου
2658 833 2889 902 ύπόγυον
2940 830 3258 904 περιφανὲς,
3292 830 3416 891 τοὺς
3467 827 3526 880 έν
3556 828 3668 889 τοῖς
3702 822 3823 878 καθ’
3847 825 4010 892 ἡμᾶς

2434 928 2646 1000 χρόνοις
2700 923 2957 995 πρέσϐεις
3008 923 3069 977 ού
3126 924 3283 994 μόνον
3312 918 3479 985 απαξ,
3509 916 3645 972 ἀλλὰ
3697 917 3791 970 καὶ
3812 914 4008 987 τρίτον

2432 1021 2528 1090 τῆς
2567 1018 2939 1091 πρεσϐυτέρας
2987 1014 3205 1087 Ῥώμης
3260 1010 3705 1084 ἀναδραμόντας·
3761 1008 3811 1062 el
3864 1007 4007 1078 rupi.

2432 1112 2531 1181 τῆς
2564 1109 2844 1173 εὐσεϐείας
2894 1102 2982 1162 οἷα
3017 1107 3163 1171 εἰκὸς
3213 1104 3367 1176 ἡμῶν
3404 1103 3541 1174 πρὸς
3583 1100 3777 1164 αὐτοὺς
3804 1098 4006 1167 λόγους

2434 1203 2890 1274 ἀνακινησάντων.
2917 1199 3067 1255 οὒδδν
3091 1196 3542 1270 παρηλλαγμένον
3569 1194 3669 1264 τῆς
3690 1192 3795 1249 ἀνὰ
3816 1193 4005 1247 πᾶσαν

2431 1296 2529 1363 τὴν
2552 1291 2871 1362 οἰκουμένην
2896 1288 3286 1360 εξηπλωμένης
3310 1285 3611 1349 εὐσεϐείας,
3655 1283 3777 1338 οὕτε
3817 1276 3999 1345 εἶπον,

2432 1383 2552 1439 οὗτε
2580 1382 2903 1455 φρονοῦντας
2929 1378 3273 1451 ὴλέγχθησαν
3294 1393 3308 1407 ·
3337 1375 3645 1431 τούναντίον
3677 1374 3756 1437 δὲ,
3779 1371 4002 1444 τρανῶς

2436 1474 2551 1544 μεθ’
2580 1474 2737 1545 ἡμῶν
2766 1473 2860 1527 καὶ
2910 1470 3248 1534 ἅδιστάκτως
3274 1467 3335 1521 τδ
3383 1466 3607 1537 Πνεῦμα
3634 1464 3694 1518 τὸ
3744 1464 3901 1531 ἅγιον
3931 1464 4002 1515 tu

2430 1564 2525 1618 τοῦ
2568 1566 2780 1636 Πατρός
2815 1561 3157 1635 ἀνεκήρυξαν
3206 1557 3617 1631 έκπορεύεσθαι.
3666 1556 3827 1611 Ἀλλὰ
3884 1553 4001 1624 γὰρ

2430 1657 2523 1709 καὶ
2553 1654 2767 1710 συνόδου
2800 1653 3263 1725 συγκροτηθείσης
3309 1649 3402 1705 έπί
3436 1665 3580 1702 τισιν
3612 1647 4000 1718 έκκλησιαστι-

2433 1750 2545 1810 κοῖς
2594 1745 2930 1816 κεφαλαίοις,
2981 1746 3028 1799 οί
3078 1743 3284 1797 έκεῐθεν
3342 1738 3737 1809 ἀπεσταλμένοι
3780 1734 3876 1790 τοῦ
3938 1737 4000 1788 έν

767 1858 919 1913 papae
951 1841 1160 1906 vicarii,
1214 1850 1465 1910 tanquam
1495 1840 1582 1894 illo
1629 1840 1749 1909 ipso
1784 1847 2068 1908 praesente,
2115 1854 2177 1893 ac
2218 1852 2323 1892 una
2358 1831 2396 1886 Β
2426 1838 2444 1891 ἑ

2322 1884 2323 1889 η
2358 1831 2396 1886 Β
2426 1838 2599 1906 ἁγίοις
2637 1836 2883 1890 Ἰωάννου
2907 1836 3062 1891 πάπα
3087 1831 3481 1905 τοποτηρηταὶ,
3509 1830 3583 1892 ὡς
3604 1827 3763 1883 αὑτοῦ
3790 1827 3999 1898 παρόν-

768 1929 1046 1985 nobiscum
1083 1939 1284 1985 rectam
1319 1928 1385 1983 de
1418 1920 1679 1983 Trinitate
1726 1928 2049 1983 sententiam
2104 1927 2321 1993 edente,

768 2020 891 2077 fidei
930 2021 1254 2093 symbolum,
1286 2020 1427 2092 quod
1470 2020 1709 2075 omnium
1742 2019 2125 2075 universalium
2162 2033 2322 2091 syno-

766 2112 956 2165 dorum
1002 2110 1241 2176 calculo,
1280 2120 1638 2166 consentanee
1690 2110 1807 2166 voci
1864 2111 2151 2165 flaminica:
2211 2119 2322 2165 tum

765 2200 1107 2272 praedicatur,
1142 2210 1254 2257 tum
1283 2203 1442 2274 viget,
1483 2213 1735 2273 tanquam
1778 2202 1965 2257 eodem
2016 2202 2117 2272 ipsi
2161 2216 2322 2258 sensu

766 2293 1061 2363 eademque
1107 2294 1406 2359 sententia,
1442 2310 1573 2351 voce
1615 2295 1813 2365 pariter
1855 2302 1908 2349 et
1950 2294 2148 2366 lingua,
2198 2309 2322 2365 pro-

766 2384 1002 2455 priaeque
1033 2400 1225 2440 manus
1259 2385 1675 2456 subscriptione,
1705 2385 2076 2440 firmaverunt.

836 2472 1024 2530 XXVI.
1070 2475 1189 2530 llaec
1227 2490 1349 2531 cum
1380 2476 1451 2531 ita
1484 2491 1541 2531 se
1572 2474 1825 2538 habeant.
1860 2483 1913 2529 et
1947 2473 2185 2530 Romana
2220 2474 2323 2532 Ec-

766 2565 928 2619 clesia
955 2580 1057 2620 una
1078 2580 1197 2620 cum
1236 2565 1352 2621 aliis
1393 2576 1626 2637 quatuor
1646 2566 2090 2638 patriarchaiibus
2105 2565 2322 2622 sedibus

767 2658 954 2713 eadem
980 2658 1194 2722 sentiat,
1215 2658 1398 2729 eisque
1415 2672 1639 2715 concors
1672 2659 1913 2721 exsistat.
1936 2659 2203 2729 quomodo
2232 2658 2322 2729 qui

765 2746 1029 2805 Chamum
1076 2747 1419 2815 emulentur,
1471 2747 1689 2804 Patrum
1736 2764 1955 2805 suorum
1992 2750 2073 2821 (ut
2109 2753 2321 2819 vocant)

776 2838 1162 2908 turpitudinem
1208 2840 1459 2911 detegere
1503 2854 1611 2894 non
1658 2849 1934 2903 verentur,
1976 2840 2323 2910 omniumque

767 2929 939 2986 oculis
976 2929 1123 3000 ipsos
1146 2929 1402 2986 ridendos
1432 2929 1742 2999 exponere?
1772 2928 2001 2985 Decebat
2028 2931 2171 2986 enim
2207 2946 2319 2999 eos,

768 3020 1031 3091 siquidem
1057 3019 1271 3077 Patrum
1309 3028 1557 3091 quaerunt
1598 3035 1774 3085 voces.
1820 3021 1886 3076 ad
1932 3020 2180 3092 synodica
2226 3022 2322 3078 de-

768 3119 912 3166 creta
953 3126 1251 3177 recurrere;
1296 3111 1360 3167 ad
1405 3110 1769 3167 Romanorum
1818 3112 2119 3168 antistitum
2164 3128 2323 3169 voces

771 3210 1005 3258 mentem
1051 3202 1365 3269 intendere;
1400 3203 1464 3257 ad
1496 3203 1819 3273 reliquorum
1851 3213 2156 3260 sanctorum
2187 3205 2322 3260 divi-

769 3308 1074 3364 norumque
1110 3291 1329 3348 Patrum
1386 3293 1609 3349 chorum
1651 3293 1975 3364 confugere;
2022 3309 2128 3348 non
2166 3295 2323 3349 simul

768 3384 1025 3454 quosdam
1068 3382 1254 3441 Patres
1298 3384 1494 3453 facere,
1530 3385 1830 3455 acerbeque
1862 3384 1979 3439 illos
2020 3384 2320 3450 criminari,

773 3484 1022 3545 tanquam
1053 3475 1312 3533 adversus
1344 3491 1682 3532 communem
1727 3477 2011 3534 Dominum
2057 3480 2320 3534 cervicem

769 3565 1091 3623 exsererint.
1122 3581 1184 3621 ac
1210 3577 1321 3621 tum
1350 3568 1497 3622 velut
1523 3567 1715 3639 stylum
1746 3581 1807 3622 ac
1836 3567 2062 3624 indicem
2097 3569 2323 3639 fideique

770 3655 1004 3724 regulam
1044 3670 1138 3711 eos
1176 3657 1453 3714 adhibere.
1491 3656 1596 3713 Sed
1649 3668 1703 3713 et
1747 3657 1876 3713 illud
1907 3673 2000 3714 eos
2041 3658 2321 3715 advertere

769 3748 1013 3816 decebat,
1038 3750 1194 3821 longe
1219 3764 1276 3807 se
1308 3750 1551 3822 graviore
1583 3750 1777 3822 injuria
1812 3750 2041 3816 allicere,
2067 3767 2201 3823 quos
2225 3751 2319 3808 Do-

769 3840 917 3895 mino
952 3840 1297 3897 adversantes
1337 3842 1615 3912 obiiciant,
1672 3858 1780 3898 non
1825 3844 2083 3899 honorem
2128 3844 2320 3899 habere

768 3946 903 3999 quos
932 3928 1146 3987 Patrum
1176 3931 1329 3987 titulo
1369 3943 1617 4003 augeant.
1655 3933 1944 3990 Enimvero
1981 3934 2064 3990 vel
2100 3934 2141 3989 si
2188 3934 2319 3988 nihil

768 4020 873 4077 illis
900 4038 1043 4079 cura:
1072 4031 1155 4079 est
1179 4022 1396 4079 Patrum
1432 4024 1653 4095 injuria,
1677 4024 1911 4080 timenda
1946 4036 2122 4079 tamen
2158 4034 2319 4095 atque

770 4114 1035 4177 verenda,
1074 4113 1122 4168 ei
1171 4116 1261 4185 qui
1308 4114 1517 4185 primus
1563 4116 1829 4185 parricida
1866 4116 1965 4171 fuit
2007 4131 2068 4172 ac
2101 4115 2319 4172 sceleris

768 4213 967 4269 auctor,
1006 4204 1201 4261 inﬂicta
1236 4205 1328 4262 Dei
1358 4207 1565 4262 calculo
1592 4208 1891 4264 exsecratio
1917 4223 1979 4263 ac
2014 4208 2280 4263 sententia
2300 4250 2314 4274 ,

768 4311 863 4352 nec
890 4299 1249 4355 aemulandum
1275 4299 1618 4356 maledictum
1644 4310 1825 4368 caput,
1852 4308 1945 4354 aut
1974 4301 2149 4369 magis
2172 4300 2317 4356 dete-

768 4386 1016 4456 lgendum,
1048 4388 1141 4443 sed
1171 4387 1552 4460 obtegendum,
1587 4389 1630 4445 si
1656 4390 1783 4460 quid
1822 4390 1874 4445 in
1919 4391 2032 4445 suis
2064 4389 2316 4448 Patribus

766 4489 919 4547 turpe
944 4477 1430 4549 deprehendissent
1468 4491 1628 4552 atque
1656 4483 1971 4538 verendum.

2426 1947 2517 1991 τος
2550 1928 2757 1984 εκείνου
2787 1928 2879 1983 καὶ
2911 1926 3379 1995 συνθεολογοῦντος
3412 1926 3542 1995 ἡμῖν
3562 1924 3660 1993 τὴν
3683 1920 3993 1983 εὐσέϐειαν,

2424 2020 2501 2091 τῷ
2547 2019 2797 2090 συμϐόλῳ
2823 2021 2918 2090 τῆς
2952 2019 3185 2080 πίστεως
3235 2015 3313 2087 τῷ
3342 2015 3431 2070 διὰ
3463 2013 3649 2068 πασῶν
3677 2012 3785 2067 τῶν
3814 2014 3997 2067 elaeo-

2429 2110 2663 2184 μενικῶν
2716 2110 2947 2164 συνόδων
2995 2110 3139 2164 κατὰ
3166 2108 3265 2178 τὴν
3297 2104 3632 2175 Δεσποτικὴν
3662 2102 3845 2173 φωνὴν
3898 2103 3996 2155 καὶ

2427 2200 2815 2274 κηρυσσομένῳ
2839 2202 2933 2256 καὶ
2964 2197 3374 2272 κρατυνομένῳ,
3406 2196 3482 2260 ῶς
3524 2195 3844 2266 ὁμόφρονες,
3896 2192 3997 2245 καὶ

2425 2300 2573 2370 φωνῇ
2611 2296 2703 2352 καὶ
2735 2294 2973 2369 γλώσσῃ,
3023 2293 3119 2349 καὶ
3155 2291 3421 2364 ίδιοχείρῳ
3453 2291 3639 2362 γραφῇ
3672 2286 3994 2356 καθυπεση·

2429 2391 2681 2460 μήναντο.

2495 2482 2637 2549 κεῖν.
2661 2479 2875 2535 τούτων
2904 2478 3075 2543 οὕτως
3100 2476 3351 2549 ἑχόντων,
3376 2474 3475 2546 τῆς
3512 2469 3826 2542 Ῥωμαϊκῆς
3865 2468 3991 2522 Ἐκ-

2423 2573 2649 2644 κλησίας
2685 2576 2795 2637 τοῖς
2827 2572 3006 2636 ἄλλοις
3030 2571 3321 2642 τέσσαρσιν
3354 2565 3755 2639 ἁρχιερατικοῐς
3775 2562 3990 2635 θρόνοις

2423 2664 2700 2737 όμοφὼνου
2753 2682 2810 2719 τε
2856 2666 2946 2719 καὶ
2975 2661 3227 2735 όμοδόξου
3255 2659 3623 2729 καθεστώσης,
3659 2657 3773 2720 πῶς
3806 2655 3854 2709 oi
3891 2651 3987 2708 τοῦ

2424 2755 2552 2825 Kay.
2612 2757 2863 2826 μιμηταὶ,
2906 2754 3014 2807 τῶν
3046 2752 3303 2823 Πατέρων
3330 2749 3533 2813 αὐτῶν,
3566 2747 3641 2813 ῶς
3689 2762 3840 2817 φασι,
3889 2744 3986 2813 τὴν

2424 2847 2807 2918 ἀσχημοσύνην
2829 2847 2927 2901 οὐκ
2959 2844 3282 2917 έρυθριῶσιν
3310 2840 3727 2898 ἀνακαλύπτειν.
3758 2837 3853 2891 καὶ
3907 2835 3987 2899 είς

2424 2937 2618 3011 χλεύην
2645 2939 2775 2993 πᾶσι
2800 2936 3133 3009 προτιθέναι;
3172 2934 3368 3005 Ἐχρῆν
3394 2932 3504 3001 γὰρ
3550 2930 3745 2993 αὐτοὺς
3784 2929 3832 2982 ιι
3890 2926 3983 2995 ζη-

2422 3030 2572 3086 τοῦσι
2596 3032 2851 3102 Πατέρων
2886 3030 3090 3099 φωνὰς,
3119 3027 3254 3100 πρὸς
3299 3026 3394 3090 τὰς
3440 3024 3719 3088 συνοδικὰς
3750 3021 3985 3095 sua”-

2429 3124 2546 3193 μεῖν
2571 3122 2783 3192 ψήφους
2807 3136 2822 3153 ·
2858 3120 2995 3192 πρὸς
3025 3118 3123 3183 τὰς
3154 3117 3264 3173 τῶν
3290 3108 3595 3189 ἀρχιερέων
3617 3115 3715 3181 τῆς
3765 3111 3986 3183 Ῥώμης

2427 3210 2606 3279 φωνὰς
2654 3207 3083 3264 ἀπευθύνεσθαιο
3137 3205 3274 3279 πρὸς
3310 3205 3418 3259 τῶν
3465 3204 3639 3259 ἄλλων
3669 3201 3841 3271 ἁγίων
3892 3201 3986 3253 καὶ

2426 3300 2698 3371 θεοφόρων
2749 3300 2906 3371 ἡμῶν
2963 3298 3220 3369 Πατέρων
3266 3296 3356 3351 τδν
3385 3294 3544 3367 χορὸν
3582 3292 3985 3361 καταφεύγειν·

2424 3391 2560 3446 ἀλλὰ
2592 3392 2663 3463 μὴ
2689 3390 2803 3461 ἅμα
2826 3408 2881 3445 τε
2926 3391 3074 3455 τινὰς
3119 3388 3365 3460 Πατέρας
3405 3388 3597 3447 ποιεῖν.
3631 3384 3724 3439 καὶ
3773 3382 3985 3453 πικρῶς

2422 3482 2642 3547 τούτους
2664 3482 3043 3546 ενδιαϐάλλειν,
3068 3482 3154 3536 διὰ
3170 3481 3266 3551 τῆς
3292 3479 3429 3534 κατὰ
3456 3477 3549 3532 τοῦ
3571 3474 3749 3531 κοινοῦ
3776 3476 3984 3528 Δεσπό-

2421 3574 2514 3627 τοῦ
2543 3575 2981 3639 ἐπαναστάσεως,
3044 3566 3161 3626 εἶτα
3188 3570 3399 3632 τούτοις
3432 3566 3592 3623 πάλιν
3637 3566 3712 3629 ὡς
3742 3565 3985 3634 γνώμονι

2422 3667 2513 3721 ml.
2546 3666 2729 3719 κανόνι
2785 3665 2884 3736 τῆς
2946 3665 3181 3729 πίστεως
3210 3662 3464 3735 χρῆσθαι.
3522 3659 3668 3714 Ἔδει
3696 3658 3750 3713 δι
3786 3657 3985 3721 αὐτοὺς

2429 3755 2711 3811 καὶτοῦτο
2741 3757 2988 3828 συνορᾷν.
3042 3755 3115 3820 ῶς
3157 3755 3292 3809 πολὺ
3339 3753 3537 3826 μᾶλλον
3586 3748 3977 3821 ἐξυϐρίζουσιν.

2426 3847 2517 3911 οὒς
2574 3848 2767 3912 αὐτοὺς
2850 3848 2988 3902 κατὰ
3064 3844 3155 3901 τοῦ
3234 3844 3500 3898 Δεσπότου
3560 3839 3983 3912 προκομίςουσιν

2423 3938 2538 3994 ἀλλ’
2568 3938 2689 4009 οὐχὶ
2710 3937 2939 4009 τιμῶσιν
2987 3936 3079 3999 οὓς
3109 3937 3355 4004 Πατέρας
3379 3935 3795 4007 έπιγράφονται.
3839 3932 3985 3986 Ἀλλ’

2419 4031 2466 4082 εί
2495 4030 2586 4083 καὶ
2621 4028 2785 4099 μηδὲν
2836 4029 3016 4092 αὐτοῖς
3073 4027 3171 4097 τῆς
3219 4024 3498 4098 Πατρικῆς
3552 4023 3758 4095 ὕϐρεως
3804 4022 3975 4094 μέλει,

2419 4120 2582 4192 έχρῆν
2607 4121 2755 4190 ὅμως
2781 4119 3009 4173 δεδιέναι
3033 4135 3092 4173 τε
3112 4119 3207 4172 καὶ
3235 4117 3623 4171 διευλαϐεῖσθαι
3649 4119 3747 4187 τὴν
3766 4115 3861 4170 τοῦ
3888 4134 3979 4170 κα-

2419 4212 2709 4281 τάρξαντος
2733 4211 2829 4280 τῆς
2858 4211 3185 4281 πατραλοίας
3206 4210 3314 4280 (18)
3335 4208 3515 4263 θεόθεν
3543 4208 3977 4278 ἐπενηνεγμένην

2419 4302 2557 4372 ἀραν
2571 4303 2662 4356 καὶ
2677 4301 2874 4371 ψῆφον,
2896 4304 2988 4356 καὶ
3008 4302 3269 4373 μηδαμῶς
3281 4303 3370 4355 τὸν
3388 4301 3656 4371 ἐπάρατον
3671 4300 3975 4370 μιμεῖσθαι,

2421 4390 2542 4461 μηδ’
2571 4390 2968 4445 ἀνακαλύπτειν
2998 4389 3215 4461 μᾶλλον,
3244 4391 3359 4445 ἀλλ’
3387 4389 3793 4456 έπικαλύπτειν,
3820 4390 3977 4461 εἴπερ

2418 4498 2470 4535 τι
2508 4482 2620 4545 τοῖς
2653 4481 2829 4536 αὐτῶν
2857 4482 3129 4551 Πατράσιν
3148 4479 3332 4551 έὼρων
3357 4478 3846 4551 ἀσχημονούμενσν.

832 4536 1039 4626 ἑχνιιῖ
1083 4570 1297 4628 Utinam
1340 4586 1467 4627 vero
1518 4536 1835 4636 nemovel,
1868 4536 2008 4629 illius
2062 4572 2314 4630 facinoris
2344 4536 2390 4595 θ
2492 4569 2509 4622 Ι

2296 4589 2314 4630 5
2344 4536 2390 4595 θ
2492 4536 2619 4627 KZ':
2673 4569 2811 4623 Ἀλλ’
2842 4570 2952 4624 εῐθε
2979 4536 3099 4639 λίγε
3130 4536 3318 4641 μηδεὶς
3344 4536 3600 4640 «filim
3639 4536 3736 4638 τὶς
3765 4568 3973 4622 ἑκείνου

767 4657 990 4715 .emulus
1017 4661 1258 4723 exsistat.
1293 4661 1376 4716 vel
1407 4676 1530 4717 reus
1560 4662 1954 4722 maledictionis
1981 4680 1993 4718 :
2028 4664 2156 4733 quin
2188 4678 2316 4733 pro-

766 4746 924 4816 pitius
954 4748 1023 4804 sit
1050 4747 1296 4806 Christus
1326 4747 1466 4804 Deus
1493 4761 1698 4815 noster,
1735 4750 1834 4817 his,
1865 4751 2060 4821 quibus
2089 4751 2316 4821 parrici-

2413 4660 2663 4731 πράξεως
2691 4662 2954 4733 μιμητὴς,
2988 4662 3125 4733 μήτε
3150 4660 3332 4730 ένοχος
3355 4660 3456 4730 τῆς
3481 4662 3646 4733 ἀρᾶς·
3679 4659 3791 4713 ἀλλ’
3819 4660 3975 4719 τλεως

2417 4750 2513 4823 μιν
2544 4751 2626 4824 εῐη
2657 4753 2888 4824 Χριστὸς
2916 4756 2943 4807 ό
2969 4752 3099 4817 Θεὸς
3122 4752 3296 4823 ἡμῶν,
3325 4754 3435 4818 τοῖς
3456 4768 3512 4806 τε
3537 4754 3601 4823 τῇ
3628 4750 3734 4805 τῶν
3758 4767 3971 4824 πατρα-

759 4839 945 4894 darum
985 4840 1073 4895 illa
1112 4842 1306 4913 injuria
1336 4843 1597 4912 obrepsit,
1634 4853 1689 4898 et
1717 4843 1808 4913 qui
1855 4844 2115 4899 adversus
2146 4843 2318 4914 ipsius
2415 4842 2436 4897 λ

2293 4858 2318 4898 s
2415 4842 2573 4899 λοιῶν
2607 4845 2953 4917 ύποσυρείσιν
3013 4842 3186 4914 ὕϐρει,
3246 4844 3490 4908 καὶτοῖς
3542 4841 3970 4908 κατεξαναστᾶσι

763 4936 930 5001 legem
975 4946 1270 5003 vocemque
1322 4932 1770 4991 insurrexerunt:
1802 4934 2160 5005 ciemeutique
2211 4948 2304 4989 sua

2417 4934 2513 5005 τῆς
2546 4933 2712 4989 αὑτοῦ
2735 4934 3054 5006 νομοθεσίας
3084 4935 3179 4989 καὶ
3215 4934 3394 5007 φωνῆς
3415 4951 3430 4968 ο
3458 4935 3551 4989 καὶ
3577 4934 3969 5005 φιλανθρώπως

2283 5053 2512 5112 NOT/E.

832 5162 941 5246 (ιβ)
978 5160 1091 5246 τ’οῆ
1112 5163 1520 5246 ριστόρξαντοε
1541 5166 1649 5237 τῆς
1676 5170 2055 5246 πατραλοίας.
2074 5170 2253 5243 Longe
2270 5188 2311 5246 _u

759 5233 1155 5311 P_l|0lli__Y€l'blS
1201 5233 1443 5311 etsensu
1479 5233 1689 5311 metuis,
1722 5233 1811 5307 qui
1850 5233 2093 5311 adversus
2130 5233 2305 5311 pa'rri-

758 5303 1091 5388 cidasillan}
1121 5307 1485 5388 promulgavit.
1530 5303 2001 5388 Non_prom_ulgnta
2031 5303 2181 5388 quaisi
2202 5326 2301 5388 ge-

760 5378 1017 5445 neratim,
1066 5378 1120 5427 in
1200 5378 1490 5445 parricidas
1561 5378 1907 5445 maledictiof
1966 5396 2022 5435 se

757 5444 1133 5521 ενιηνεγμένλη.Δ
1154 5444 1207 5497 ιι
1239 5444 1346 5509 Deo
1379 5446 1520 5521 illata
1561 5446 1612 5500 in
1642 5459 1821 5519 caput,
1856 5444 1994 5521 quod
2030 5452 2146 5521 ejus
2177 5465 2303 5505 ane-

2420 5172 2705 5243 interpres,
2729 5179 2783 5227 et
2814 5171 3153 5229 adversarius
3185 5171 3555 5243 malignusque
3593 5169 3963 5243 calumniator.

2418 5240 2839 5313 acde'pravator.
2862 5243 2944 5297 Ab
2966 5242 3087 5313 aliis
3100 5240 3550 5313 ,superse'deo,’ne
3570 5241 3684 5313 viro
3710 5240 3966 5313 insultare

2414 5309 2616 5383 videar,
2666 5312 2773 5383 qui
2836 5313 3002 5383 magis
3058 5309 3418 5383 illus‘trissimo
3472 5310 3755 5383 Annalium
3816 5309 3959 5364 Patri

2125 5378 2308 5435 θεόθεν
2414 5378 2613 5453 Graeca
2663 5378 2856 5453 lingua:
2912 5378 3159 5453 notitiam
3216 5380 3467 5453 aliquam“
3502 5380 3819 5453 optaverim,
3852 5390 3964 5453 aut

2413 5451 2646 5524 melioris
2687 5450 3003 5524 interpretis
3045 5450 3505 5524 copiamtqualis
3539 5450 3786 5524 denique
3813 5452 3862 5505 ei
3909 5450 3961 5503 in

758 5521 840 5567 tor
870 5512 1088 5588 sceleris
1111 5512 1272 5588 foret,
1296 5532 1387 5571 sua
1414 5517 1498 5571 illa
1533 5512 1750 5587 paterna
1777 5512 2025 5574 irrisione
2050 5512 2119 5574 z'a
2148 5521 2300 5588 cujus
2412 5518 2695 5577 Theodoro
2730 5512 2941 5579 Studita
2982 5519 3084 5579 fuit
3112 5512 3367 5577 'Jacobus'
3407 5512 3727 5576 Sirmundu's
3765 5521 3815 5588 ὀί
3857 5535 3962 5587 μα-

755 5582 1230 5674 efernploinsulse
1246 5585 1480 5674 deterret
1505 5582 1615 5649 eos,
1643 5588 1730 5674 qui
1762 5582 2299 5674 DorninicamAvoc‘em
2409 5590 2657 5674 παρίτης,
2682 5592 2809 5674 sesi
2833 5592 2921 5674 qui
2944 5591 3204 5674 ejusmodi
3228 5590 3338 5646 veri
3362 5591 3683 5674 interpretes
3706 5582 3965 5674 eti-Scele-

755 5666 818 5703 εκ
870 5650 1104 5728 Patr-utn-
1141 5668 1305 5728 sensu
1362 5667 1522 5726 atque
1577 5650 1791 5713 vocibus
1857 5660 2297 5728 interpretentur,

2407 5658 2605 5733 siastici
2633 5658 2649 5729 ,
2678 5661 2753 5718 rei
2799 5658 3176 5719 ecclesiasticae
3214 5674 3431 5733 cperam
3476 5658 3841 5718 ecclesiastico
3865 5672 3963 5714 na-

756 5735 859 5796 tion
886 5723 991 5796 qui
1035 5723 1107 5777 illi
1147 5722 1332 5796 Patres
1368 5722 1674 5796 opponant:
1706 5728 1804 5783 nisi
1843 5739 1925 5783 cst
1960 5722 2095 5785 idem
2137 5729 2303 5783 bardo
2407 5732 2598 5787 varint.

756 5790 954 5851 homini
1001 5808 1065 5848 ac
1106 5793 1261 5864 plane
1309 5790 1471 5862 caeo,
1503 5798 1801 5853 divinarum
1845 5814 2035 5856 vocum
2086 5798 2302 5855 divinus
