4248 6444
254 426 367 492 821

1408 427 1933 491 EPIS’I‘OLARUM
1974 426 2199 489 LIBER
2238 427 2319 487 li.

3348 423 3455 489 829

261 531 572 605 μεταγάγοι
622 528 714 587 τοῦ
764 532 1091 604 σφάλματος,
1150 536 1242 608 καὶ
1282 536 1645 610 καταλλαγείη
1706 541 1817 602 τοῖς
1846 538 1938 600 Al

1776 541 1817 602 ῐς
1846 540 1893 600 Δ
1921 537 2155 595 bonitate
2190 552 2252 593 ac
2279 532 2641 593 misericordia
2683 533 2752 590 ab
2796 547 2979 591 errore
3008 533 3246 601 reducat,
3276 543 3329 592 et
3368 551 3453 592 re-

255 623 571 695 ὑϐρισταῖς,
610 622 703 678 καὶ
731 623 865 695 πρὸς
895 623 1181 695 διόρθωσιν
1220 622 1349 681 ιϐεῖν
1378 628 1781 698 παρασκευάσοι
1800 644 1813 660 ·

254 713 364 768 καὶ
418 714 482 785 τῇ
532 711 751 785 εὐλογίᾳ
802 713 907 769 τῶν
937 714 1386 787 περιστειλάντων
1424 718 1520 791 τὴν
1551 718 1818 792 πατρικὴν

256 804 651 878 ἀσχημοσύνην
682 806 978 877 περιλάϐοι·
1014 809 1106 862 καὶ⁸
1140 806 1342 881 μηϐίνα
1373 808 1465 863 τοῦ
1495 808 1680 864 λοιποῦ
1710 827 1819 864 παι

267 898 579 970 ραχωρησοι
612 897 863 969 γενόσθαι
902 898 1095 973 βρῶμα
1128 901 1223 955 καὶ
1257 900 1477 974 θήραμα
1532 902 1624 957 τοῦ
1650 902 1816 976 ἀρχε-

263 988 440 1043 κάκου
473 988 655 1061 θηρός.
686 989 796 1062 Τῆς
817 992 916 1062 σῆς
940 993 1182 1063 κεφαλῆς
1206 993 1375 1065 ἱερᾶς,
1404 994 1530 1061 τοὺς
1559 994 1694 1068 ὑπδρ
1722 995 1818 1065 τῆς

259 1080 490 1134 ἀκείνων
514 1080 786 1152 σωτηρίας
812 1080 1026 1151 ἀγῶνας
1074 1081 1473 1155 άναϐεχομόνης
1493 1125 1509 1154 ,
1543 1085 1637 1141 xui.
1680 1087 1820 1141 κατά

258 1169 364 1225 τοῦ
391 1169 566 1225 κοινοῦ
610 1173 708 1242 τῆς
752 1171 961 1243 φύσεως
993 1172 1252 1245 πολεμίου
1282 1176 1778 1249 τροπαιοφορούσης
1803 1216 1817 1240 ,

264 1262 366 1314 καὶ
389 1260 486 1332 τὴν
509 1260 616 1315 τῶν
644 1261 1072 1334 πεπλανημένων
1104 1264 1374 1337 σωτηρίαν
1399 1266 1516 1338 Θεῷ
1544 1282 1822 1339 καρποφο-

270 1349 474 1422 potiens
501 1353 596 1406 καὶ
621 1352 1020 1427 προσαγούσης,
1045 1346 1199 1410 δι’ὧν
1220 1356 1314 1409 καὶ
1340 1356 1368 1409 ό
1391 1358 1527 1427 πρὸς
1559 1358 1703 1428 ἡμᾶς
1724 1356 1820 1427 τῆς

270 1442 423 1508 θείας
473 1444 693 1516 ἀγάπης
738 1444 895 1517 ιρως,
944 1446 1205 1514 ἀσϐεστός
1254 1464 1313 1503 τε
1348 1449 1446 1504 καὶ
1464 1447 1823 1521 ἀϐιάρῥηκτος

272 1534 658 1608 συν-τηρηθείη,
675 1536 733 1591 ιν
754 1535 903 1608 αὐτῷ
927 1537 1143 1611 Χριστῷ
1168 1538 1244 1610 τῷ
1258 1538 1493 1611 ἀληθινῷ
1511 1540 1629 1611 Θεῷ
1648 1540 1820 1613 ἡμῶν⁸

273 1626 686 1700 πρεσϐευούσης
719 1629 818 1701 τῆς
867 1628 1168 1701 ὑπεραγίας
1210 1632 1505 1704 Δεσποίνης
1546 1632 1702 1704 ημῶν
1725 1632 1826 1704 τῆς

272 1718 537 1773 θεοτόκου
559 1734 572 1752 ⁸
611 1718 718 1773 τῶν
739 1719 986 1775 θεωιδῶν
1018 1720 1262 1789 άγγόλων
1288 1761 1303 1787 ,
1347 1723 1440 1776 καὶ
1470 1722 1681 1778 πάντων
1719 1722 1826 1778 τῶν

275 1809 469 1877 ἀγξων.
518 1808 706 1881 Ἀμήν.

1913 626 2228 685 concilietur
2271 626 2347 683 sic
2385 625 2439 682 in
2484 625 2630 682 illum
2677 623 2886 695 injuria-
2909 623 3265 696 procacibus,
3321 640 3457 697 pra:-

1913 729 2125 792 stetque
2150 729 2206 776 ut
2232 718 2503 777 emendari
2537 718 2806 784 studeant,
2830 726 2988 789 atque
3010 719 3145 773 intra
3169 731 3352 774 eorum
3384 718 3458 774 ai-

1915 813 2051 886 legat
2085 821 2301 877 sortem,
2344 809 2436 882 qui
2488 820 2766 882 paternam
2804 809 3125 865 obteserunt
3175 809 3457 879 turpitudi-

1914 920 2036 961 nem
2067 920 2080 959 :
2110 903 2485 974 neminemque
2528 902 2781 974 deinceps
2831 915 3007 957 escam
3059 901 3200 958 sinat
3244 899 3359 956 ﬁeri
3408 911 3460 957 et

1914 994 2147 1068 prmdam
2178 993 2321 1061 ferte,
2359 1010 2479 1065 quas
2509 992 2768 1049 malorum
2795 1001 2984 1049 auctor
3016 1007 3079 1048 ac
3107 1008 3305 1065 auspex
3338 1001 3456 1055 est;

1914 1085 2040 1141 dum
2070 1085 2435 1141 venerandum
2466 1094 2627 1156 caput
2674 1094 2845 1153 tuum,
2891 1101 2990 1158 pro
3036 1086 3248 1142 illorum
3288 1085 3461 1143 salute

1916 1176 2211 1233 certamina
2261 1176 2527 1243 sustinet,
2579 1189 2633 1234 et
2670 1177 2928 1234 adversus
2976 1192 3315 1234 communem
3360 1180 3457 1234 hu-

1917 1268 2061 1324 mani
2093 1267 2304 1340 generis
2330 1268 2537 1325 hostem
2574 1279 2772 1342 tropea
2798 1270 2975 1342 erigit;
3008 1270 3349 1342 fructumque
3384 1285 3462 1326 sa-

1918 1355 2044 1412 lutis
2079 1372 2265 1413 eorum
2297 1356 2389 1428 qui
2421 1371 2601 1414 errore
2644 1358 2775 1430 lapsi
2820 1368 2949 1415 sunt
2979 1358 3087 1416 Deo
3135 1359 3267 1424 edit,
3310 1358 3463 1429 eique

1920 1446 2096 1513 aﬂert,
2142 1448 2336 1518 quibus
2374 1457 2429 1505 et
2474 1448 2667 1505 divinae
2695 1449 2971 1506 charitatis
3010 1466 3133 1523 erga
3171 1466 3270 1507 nos
3316 1465 3465 1505 antur

1922 1537 2368 1609 inexstinguibilis
2403 1538 2863 1610 inconcussusque
2888 1541 3165 1607 consistat;
3196 1538 3248 1594 in
3278 1539 3463 1594 eodem

1921 1628 2133 1685 Christo
2171 1638 2224 1686 et
2254 1629 2363 1685 Deo
2395 1638 2603 1695 nostro,
2641 1628 3097 1685 intercedentibus
3134 1628 3464 1685 sanctissima

1923 1720 2147 1776 Domina
2174 1730 2356 1777 nostra
2375 1718 2467 1792 Dei
2486 1719 3103 1792 Genitrice,~angeilsque
3119 1718 3467 1776 deiiormibus

1852 1804 1897 1864 B
1926 1826 1986 1867 ac
2011 1810 2208 1869 sanctis
2239 1810 2509 1866 omnibus.
2540 1811 2728 1867 Amen.

801 2126 1164 2206 ΙἨΟΤΙΙ
1245 2125 1957 2209 EPISTOLARUM
2022 2128 2322 2209 LIBER
2394 2126 2949 2207 SECUNDUS.

459 2304 808 2366 151³13Τοιῶ
854 2306 945 2365 AD
981 2306 1373 2374 EPISCOI’OS,
1405 2306 1763 2374 CLERICOS,
1806 2304 2191 2375 MONACHOS,
2225 2304 2841 2373 SANCTIMONIALES,
2867 2306 3279 2376 PLERUMQUE

942 2422 1374 2492 FAMILIARES,
1404 2423 1996 2482 COMMENDATITIIE
2042 2424 2180 2483 AU'I‘
2225 2423 2803 2484 CONSOLATORIAE.

1324 2753 1543 2808 SERIES
1577 2752 1790 2806 PRIIA.
1828 2779 1888 2791 —
1919 2752 2006 2807 Δί)
2040 2751 2398 2806 EPISCOPOS.

969 2895 1096 2952 ΙΣΤ.
1134 2896 1215 2953 Λ’.

969 2896 1096 2952 ΙΣΤ.
1179 2896 1215 2953 ⁸.

528 2986 774 3059 Ἰωάννη
795 2896 1199 3062 μηῗὲοπολίέη
1238 2989 1595 3059 Ἡρακλείας.

2573 2892 2784 2951 EPIST.
2829 2894 2871 2952 Ι.

2251 2988 2441 3044 lonmti
2481 2988 2817 3057 metropoli“:
2855 2986 3137 3044 Heraclea.

1540 3100 1806 3152 Iontacut.
1832 3101 1933 3166 (ep.
1964 3100 2013 3161 9,
2037 3114 2083 3164 p.
2118 3100 2219 3159 72).

369 3206 707 3281 Ἀπολοφύρῃ
756 3206 823 3262 τά
850 3207 917 3263 σά
936 3246 952 3275 ,
987 3206 1067 3260 ότι
1102 3206 1171 3263 τά
1200 3207 1440 3279 ἡμέτερα
1468 3208 1699 3277 ἀγνοεῖς.
1730 3205 1837 3262 Ειδ⁹
1865 3212 1909 3272 c
2011 3205 2046 3261 ’Ῑ

1804 3205 1837 3261 l’
1865 3212 1909 3272 ο
2011 3205 2185 3261 Tuum
2219 3206 2386 3277 ipsius
2411 3203 2660 3278 deploras
2686 3210 2906 3269 statum,
2963 3218 3086 3259 nam
3117 3201 3328 3275 ignoras
3356 3218 3481 3259 nos-

290 3303 321 3357 ἃ
353 3300 647 3370 πάσχομεν,
675 3298 844 3370 ᾕδεις,
870 3300 964 3354 καὶ
996 3298 1130 3369 πρὸς
1161 3297 1303 3364 οῖους
1339 3297 1532 3363 ἀθλους
1558 3297 1675 3354 καθ’
1708 3298 1838 3355 ικά-

292 3408 424 3462 σ-την
456 3389 829 3462 ἀποδυόμεθα,
886 3383 1035 3460 οῐμαι
1077 3390 1140 3445 ἀν
1187 3406 1246 3444 σε
1276 3388 1465 3444 λυπεῖν
1513 3393 1574 3444 τὸ
1599 3390 1695 3455 τάς
1745 3390 1841 3453 σάς

292 3482 603 3555 ἐξαριθμεῖν
631 3480 725 3536 καὶ
754 3480 969 3554 θρηνεῖν
996 3480 1302 3554 συμφοράς.
1337 3480 1447 3536 Καὶ
1469 3480 1577 3535 τῶν
1610 3478 1843 3553 βροντῶν

293 3576 400 3644 γάρ
436 3573 563 3637 τοὺς
601 3569 870 3638 ιξαισίους
910 3571 1102 3644 ἧχσυς,
1134 3570 1351 3627 ιπειϐἀν
1399 3571 1532 3627 πολὺ
1565 3572 1844 3644 καταρρα-

293 3666 450 3734 γῶσι,
485 3661 722 3735 μείζους,
756 3664 866 3729 τοῖς
911 3663 1045 3717 ὠσὶν
1076 3661 1297 3727 ἀλύπως
1330 3664 1516 3734 φέρειν
1552 3662 1773 3734 μᾶλλον,
1807 3663 1840 3732 ἢ

294 3758 574 3828 πρότερον,
606 3754 912 3823 ιθιζόμεθα.
945 3754 1010 3809 Τί
1040 3750 1135 3811 οὖν
1165 3754 1248 3810 ϐεῖ
1272 3756 1474 3823 ποιεῖνς
1501 3753 1533 3826 ἢ
1567 3755 1844 3827 καρτερῶς

301 3846 540 3903 ιναθλεῖν
562 3847 673 3912 τοῖς
705 3843 1067 3916 ῖμπίπτουσιν
1087 3861 1101 3879 ·
1131 3843 1371 3916 ἀκριϐῶς
1405 3843 1630 3910 είϐότας,
1662 3842 1782 3901 καθ’
1809 3842 1845 3900 ἀ

294 3939 357 4009 δή
389 3955 490 3992 που
521 3936 613 3992 καὶ
655 3936 725 3992 τά
752 3937 868 3992 θεῖα
898 3936 992 3993 καὶ
1021 3936 1139 4010 ιερά
1180 3935 1600 4008 διαμαρτύρεται
1642 3934 1808 4005 Δόγια
1828 3974 1841 3999 ,

295 4036 371 4092 ως
401 4030 429 4084 ό
451 4026 641 4103 παρὼν
684 4027 796 4100 βίος
815 4029 913 4085 οὐκ
956 4028 1071 4083 ιστι
1099 4028 1309 4099 τρυφῆς
1339 4028 1432 4082 καὶ
1458 4026 1722 4099 βραϐείων
1755 4026 1845 4081 καὶ

298 4118 565 4185 ἐπάθλων,
589 4119 703 4176 ἀλλ’
730 4117 957 4188 ἀγώνων
984 4118 1078 4173 καὶ
1106 4117 1281 4172 πόνων
1310 4119 1404 4172 καὶ
1429 4116 1841 4187 παλαισμάτωνο

296 4211 367 4266 τὰ
400 4210 457 4266 δι
482 4211 641 4284 γίρα,
680 4210 772 4266 καὶ
808 4211 935 4275 τους
967 4207 1278 4280 στεφάνους,
1306 4210 1399 4264 καὶ
1425 4207 1523 4279 τὴν
1551 4206 1847 4263 ἀπόλαυσιν

299 4299 508 4356 ἐκεῖθεν
555 4300 829 4373 προσῆκεν
871 4300 1170 4371 ιπιζητεῖν,
1224 4297 1430 4354 δκεῖθεν
1453 4338 1467 4364 ,
1506 4297 1555 4352 εί
1605 4297 1679 4369 μὴ
1706 4296 1846 4370 μίγα

302 4394 497 4461 εἰπεῖν,
525 4392 659 4449 Θεοῦ
685 4392 1065 4465 φιλανθρωπία
1090 4391 1185 4448 καὶ
1211 4391 1535 4463 εὑρήσομεν.

910 4672 1129 4730 ΕΠΙΣΤ.
1170 4673 1243 4730 B'.

536 4766 843 4833 εὐσταθίφ
869 4762 1193 4836 πατριάρχῃ
1237 4762 1603 4833 Ἀντιοχείας.

1943 3304 2105 3353 trum.
2130 3296 2283 3363 Quod
2316 3294 2361 3354 si
2388 3295 2476 3351 illa
2504 3309 2878 3368 cognosceres,
2917 3309 3037 3366 qua
3084 3309 3183 3351 nos
3226 3293 3475 3367 patimur,

1944 3396 1992 3440 et
2028 3384 2094 3440 ad
2122 3399 2241 3455 quae
2271 3385 2562 3440 certamina
2590 3382 2832 3454 quotidie
2861 3382 3259 3449 descendimus,
3291 3383 3482 3455 opinor

1945 3482 1996 3529 te
2024 3473 2166 3530 nolle
2204 3473 2428 3529 ulterius
2453 3471 2699 3544 proprias
2723 3478 2841 3527 tuas
2862 3485 3179 3527 enumerare
3200 3470 3284 3527 vel
3302 3469 3484 3542 deplo-

1946 3577 2065 3618 rare
2094 3562 2356 3620 miserias.
2385 3560 2690 3618 Fulminum
2724 3570 2871 3618 certe
2901 3576 3063 3617 sonos
3095 3569 3148 3617 et
3186 3560 3482 3618 tonitruum

1946 3653 2230 3718 infaustos,
2286 3653 2412 3710 dum
2461 3653 2664 3724 majore
2706 3666 2829 3708 cum
2869 3652 3094 3709 horrore
3133 3652 3482 3721 incutiantur,

1942 3759 2063 3801 cum
2089 3752 2237 3801 metu
2266 3743 2494 3801 suﬂerre
2533 3741 2822 3800 assuefacti
2863 3758 3052 3800 sumus
3104 3742 3292 3809 multo,
3323 3758 3482 3814 quam

1944 3834 2093 3900 olim,
2138 3833 2366 3891 minore.
2424 3832 2563 3901 Quid
2605 3831 2867 3906 agendum
2911 3831 3113 3905 igitur?
3152 3829 3297 3888 Nihil
3340 3839 3486 3888 certe

1944 3927 2087 3983 aliud
2105 3942 2267 3997 quam
2300 3925 2598 3982 animosius
2629 3924 2905 3981 colluctari
2944 3939 3066 3980 cum
3098 3924 3163 3980 iis
3203 3938 3322 3995 qum
3346 3924 3487 3979 acci-

1944 4017 2174 4072 derunt:
2204 4023 2265 4071 ut
2299 4013 2392 4086 qui
2414 4013 2648 4071 sciamus
2678 4012 2903 4085 Optime,
2933 4012 3076 4085 quod
3124 4027 3274 4070 sacra
3332 4012 3487 4069 nobis

1944 4116 2000 4162 et
2032 4106 2213 4163 divina
2253 4104 2469 4161 oracula
2502 4112 2816 4176 suggerunt,
2840 4118 2966 4160 .non
2997 4119 3114 4161 esse
3143 4104 3305 4160 vitam
3350 4104 3487 4159 hanc

1944 4205 2263 4269 praesentem
2291 4195 2420 4252 lusu
2447 4194 2852 4259 transeundam.
2886 4194 3026 4251 haud
3059 4194 3115 4250 in
3140 4194 3232 4249 illa
3262 4193 3489 4251 corollas

1946 4295 2003 4344 et
2038 4286 2260 4359 praemia
2298 4284 2613 4349 contionari,
2636 4284 2744 4340 rsed
2768 4285 3088 4348 certamina,
3121 4284 3353 4345 labores.
3377 4284 3488 4339 col-

1948 4378 2273 4435 iuctamenta
2348 4376 2665 4443 subeunda;
2740 4375 3172 4444 retributionem,
3240 4390 3486 4441 coronas,

1948 4468 2261 4526 i‘ruitionem
2293 4467 2415 4524 inde
2439 4467 2820 4540 exspectanda,
2848 4466 2991 4524 unde
3016 4467 3200 4534 etiam,
3230 4467 3283 4523 id
3309 4475 3394 4523 est
3423 4467 3490 4524 de

1877 4559 2113 4629 D'cmlo,
2140 4576 2236 4633 per
2268 4559 2504 4617 divinam
2540 4559 2958 4617 misericordiam
3002 4561 3091 4617 illa
3133 4561 3487 4618 inveniemus.

2565 4668 2775 4725 EPIST.
2815 4669 2879 4726 ΙΙ.

2214 4760 2485 4818 Eustathio
2535 4761 2848 4832 patriarcha
2897 4762 3227 4817 Autioclwno.

1560 4871 1822 4924 lontacut.
1849 4873 1950 4937 (ep.
1985 4871 2061 4935 ll,
2087 4886 2135 4936 p.
2159 4871 2260 4934 73).

373 4987 483 5059 τῆς
505 4982 622 5041 ὀδοῦ
655 4981 720 5038 sb
749 4982 943 5055 μῆκος,
975 4982 1068 5037 καὶ
1106 4978 1211 5036 τῶν
1250 4980 1455 5054 εχθρῶν
1483 4980 1511 5035 ό
1540 4980 1722 5050 φόϐος,
1754 4979 1847 5036 λα-

305 5080 533 5143 κονίζειν
568 5076 702 5149 ἡμῖν
743 5073 1082 5129 ὑποτίθεταιο
1128 5072 1221 5129 καὶ
1267 5076 1380 5143 εῖγε
1424 5070 1673 5144 ἀλλήλοις
1721 5088 1845 5126 συν-

302 5172 498 5238 έκειτο,
521 5166 615 5223 καὶ
658 5163 920 5221 σκυτάλαι
970 5164 1037 5221 ἀν
1065 5164 1164 5237 τὴν
1202 5163 1487 5235 ὶπιστολὴν
1524 5158 1845 5232 διεκόμιζον.

302 5259 466 5314 eam
511 5257 605 5314 οῦν
658 5272 750 5312 σου
799 5255 899 5329 την
951 5256 1224 5329 ιερατικὴν
1272 5254 1585 5326 τελειότητα
1619 5255 1749 5327 ερᾷν
1787 5271 1848 5309 τε

304 5350 483 5423 ἡμῶν,
531 5348 627 5405 καὶ⁵
679 5346 807 5404 ίϐεῖν
851 5346 1131 5419 ἀφίεσθαιο
1178 5349 1269 5404 καὶ
1302 5348 1461 5419 ἡμεῖς
1495 5347 1572 5415 ϐε,
1604 5346 1734 5413 ῖσθι,
1777 5346 1852 5412 ὡς

2030 4981 2139 5038 Via:
2174 4977 2471 5051 longitudo,
2528 4989 2581 5036 et
2609 4979 2845 5037 hostium
2879 4989 3080 5048 metus,
3120 4994 3494 5054 argumentum

1954 5070 2300 5143 suppeditant
2341 5068 2642 5128 iaconismi.
2680 5069 2745 5128 Et
2770 5080 2919 5130 certe
2948 5072 2993 5129 si
3023 5072 3125 5129 hoc
3140 5083 3327 5131 mutuo
3352 5078 3494 5147 pacti

1954 5162 2248 5227 fueramus,
2280 5160 2483 5218 scutale
2534 5162 2817 5234 epistolam
2872 5159 3185 5236 expeditam
3237 5167 3492 5225 traderet.

1957 5255 2148 5313 Fertur
2169 5255 2550 5312 sacerdotalem
2570 5266 2713 5313 tuam
2735 5256 3119 5330 perfectionem
3138 5276 3238 5318 nos
3255 5262 3496 5336 diligere,

1958 5358 2013 5403 et
2050 5355 2390 5418 conspectam
2435 5361 2663 5420 cupere:
2713 5347 2928 5405 noveris
2974 5358 3154 5407 autem
3204 5366 3302 5408 nos
3351 5354 3495 5424 (nam

306 5442 457 5498 οὐδὲν
499 5441 718 5497 ιλαττον
753 5440 835 5510 (τί
871 5440 979 5512 γάρ
1018 5442 1123 5515 χρὴ
1154 5441 1271 5496 νυνὶ
1301 5440 1749 5510 ϐιαφιλονικεῖνς)
1778 5436 1854 5502 ὡς
1957 5455 1983 5511 q

1821 5455 1854 5502 ις
1957 5439 2082 5511 quid
2113 5437 2200 5495 hic
2244 5452 2382 5510 opus
2418 5441 2810 5497 contestatione
2837 5439 2884 5511 τ)
2916 5456 3023 5496 non
3051 5443 3250 5510 minus,
3283 5444 3329 5500 si
3389 5459 3498 5500 non

308 5530 459 5603 παρά
489 5531 623 5587 πολὺ
653 5530 833 5599 πλέον,
866 5532 1009 5587 κατά
1027 5531 1117 5587 τὸν
1147 5532 1300 5587 θεῖον
1322 5529 1507 5587 τοῦτον
1540 5530 1716 5602 ιρωτα
1741 5528 1855 5584 ϐια-
1960 5544 1985 5584 ll

1821 5548 1855 5582 ι-
1960 5527 2149 5600 magis,
2180 5526 2282 5584 hoc
2334 5528 2630 5585 secundum
2689 5528 2855 5585 Deum
2909 5529 3102 5587 ail‘ectu
3148 5531 3397 5589 detineri.
3443 5536 3498 5590 Si

312 5622 557 5692 κείμεθα.
610 5622 671 5677 Ei
708 5617 800 5677 οὖν
835 5624 944 5689 τοῖς
983 5623 1159 5694 λόγοις
1191 5623 1285 5679 καὶ
1317 5623 1544 5695 ἀλήθεια
1594 5620 1855 5691 ιπικάθη-
1966 5636 1989 5674 v

1821 5643 1855 5691 ε-
1966 5619 2149 5675 verbis
2180 5619 2341 5691 igitur
2371 5634 2555 5675 comes
2576 5620 2816 5676 adhreret
2840 5622 3059 5689 veritas,
3092 5624 3225 5680 nihil
3257 5624 3498 5696 impedit.

309 5732 419 5781 ται,
445 5713 505 5768 τὸ
532 5712 737 5770 κωλῦον
758 5713 907 5770 οὐϐδν
924 5714 1050 5780 τοὺς
1074 5714 1317 5786 ἀλλήλων
1337 5714 1591 5789 δραστάς,
1628 5712 1771 5784 ῖργῳ
1792 5727 1851 5766 τε
1954 5729 1986 5783 q

1827 5729 1851 5766 ε
1954 5710 2245 5783 quominus
2278 5712 2367 5783 qui
2398 5728 2457 5769 se
2500 5722 2690 5768 mutuo
2718 5711 2943 5785 diligunt
2972 5715 3147 5787 reipsa
3175 5715 3499 5775 desiderium

312 5808 403 5861 τόν
441 5803 600 5862 πόθον
629 5806 992 5878 παραστῆσαι,
1023 5807 1115 5861 καὶ
1150 5805 1394 5879 ἀλλήλοις
1424 5803 1852 5879 ἐμφανισθῆναι,
1956 5818 1985 5859 a

1814 5840 1852 5870 .,
1956 5801 2270 5875 adimplere,
2300 5803 2452 5862 alteri
2514 5803 2737 5859 alterum
2769 5804 3026 5876 patefieri,
3059 5818 3111 5863 ct
3159 5806 3283 5865 inde
3329 5810 3491 5865 rosul-
