4248 6444
276 466 413 533 ιθθ
1447 455 1953 521 EPISTOLARUN

1834 455 1975 518 iUM
2015 455 2247 517 LIBER
2291 454 2371 516 II.
3408 462 3511 527 830

283 582 505 643 ⁸πόνους
535 578 629 633 καὶ
675 578 771 649 τὴν
799 576 965 648 ἀλλην
994 578 1122 649 περὶ
1149 578 1210 632 τδ
1238 576 1391 631 Θεῖον
1421 575 1731 647 θεραπείαν,
1763 574 1860 627 ούκ
1893 584 1933 636 Α

1833 592 1860 627 κ
1893 584 1933 636 Α
1965 572 2153 642 piicem
2184 571 2428 628 Numinis
2458 572 2684 634 cultum.
2714 586 2820 627 non
2851 570 3095 629 Euxinus
3125 574 3218 630 sed
3258 583 3311 632 et
3341 575 3510 635 Euse-

290 670 563 737 Εὔξεινος
599 671 777 739 μόνον,
828 668 962 723 ἀλλά
991 669 1083 723 καὶ
1115 667 1383 741 Εὐσεϐὴς,
1418 668 1552 738 μετὰ
1582 666 1674 719 τοῦ
1703 661 1860 728 εἶναι,
1960 665 1967 717 i

1833 705 1860 728 .,
1960 665 2073 727 bes,
2106 678 2226 717 cum
2254 663 2374 717 talis
2403 662 2648 727 exsistat,
2673 663 3001 719 nominatur.
3030 661 3242 730 Quanto
3266 680 3351 722 me
3380 684 3510 740 gau-

291 765 408 818 καὶ
432 760 753 833 ὀνομάζεται
776 760 819 815 ί.
842 761 1018 831 Πόσης
1041 759 1141 814 οῖει
1162 778 1247 831 με,
1275 758 1444 813 ταῦτα
1468 759 1559 812 καὶ
1584 757 1862 812 ἑννοῦοντα
1961 769 1968 801 4

1833 773 1862 809 α
1961 749 2071 815 dio,
2107 763 2209 818 qua
2242 749 2593 818 iucunditate,
2628 749 2754 804 dum
2798 749 2898 804 hoc
2920 751 3094 821 ipsum
3130 753 3306 808 scribo
3333 758 3510 827 reple-

293 855 405 907 καὶ
433 854 732 923 γράφοντα,
782 852 952 922 χαρᾶς
986 851 1078 903 καὶ
1117 849 1449 920 εὐφροσύνης
1495 845 1861 918 πληροῦσθαι;
1960 849 1970 893 l

1847 862 1861 911 ;
1960 849 2071 893 tum
2103 839 2401 894 arbitraris?
2430 838 2579 905 Quod
2632 840 2675 895 si
2705 840 2917 895 Juda-os
2967 841 3055 910 qui
3096 843 3223 897 inibi
3270 855 3396 899 sunt
3429 862 3509 901 ca-

298 944 373 998 Εἰ
402 944 458 998 δὲ
490 944 737 1007 καὶτοὺς
784 941 969 997 αύτόθι
1024 941 1322 1005 Ἰουδαίους,
1367 941 1444 1003 είς
1476 938 1575 1009 τὴν
1618 937 1862 1007 ὑπακοὴν
1961 945 1975 1000 1

1835 954 1862 989 ν
1961 930 2136 1000 ptivos
2176 930 2229 984 in
2259 930 2460 986 Christi
2490 931 2845 986 obedientiam
2874 932 3109 997 duxeris,
3138 934 3203 987 ab
3230 935 3417 989 umbra
3456 946 3509 992 et

295 1033 544 1106 Χριστοῦ
571 1030 998 1104 αἰχμαλωτίσας,
1023 1033 1129 1087 ἀπὸ
1151 1031 1250 1103 τῆς
1276 1033 1430 1097 σκιᾶς
1452 1031 1546 1085 καὶ
1566 1029 1659 1085 τοῦ
1689 1029 1863 1101 γράμ-
1954 1019 1971 1074 1

1828 1047 1863 1079 ι-
1954 1019 2151 1084 littera,
2181 1022 2623 1092 quemadmodum
2652 1024 2863 1088 scribis,
2910 1023 2964 1076 in
3016 1024 3241 1091 gratiam
3267 1034 3505 1082 transtu-

304 1141 502 1197 ματος,
533 1124 625 1179 sui
662 1123 760 1196 τὴν
809 1123 989 1195 χάριν,
1024 1123 1097 1186 ὡς
1127 1122 1389 1197 ἔγραψας,
1435 1122 1789 1195 μεταστήσας
1812 1122 1855 1185 ⁸,
1956 1111 1981 1166 il

1831 1123 1855 1185 ς,
1956 1111 2103 1179 leris,
2138 1112 2399 1181 abstineo,
2436 1125 2488 1170 et
2513 1129 2635 1169 cum
2675 1115 3000 1170 abundantia
3029 1114 3239 1183 fovebo,
3269 1128 3508 1173 maturos

300 1215 521 1288 ἀπέχω,
576 1216 672 1270 καὶ
723 1212 1029 1286 περισσεύω
1087 1212 1195 1269 τῶν
1249 1213 1429 1270 καλῶν
1473 1212 1701 1267 ιλπιδων
1736 1210 1859 1273 τοὺς
1965 1204 1976 1258 i

1834 1227 1859 1273 ς
1965 1203 2147 1258 illnsre
2170 1208 2387 1273 optima:
2408 1204 2523 1274 spei
2551 1204 2776 1273 fructus,
2806 1221 2941 1276 quos
2969 1207 3228 1263 continuo
3256 1207 3323 1263 de
3347 1218 3509 1265 temet

302 1306 545 1378 ὡραίους
568 1306 833 1379 καρποὺς,
859 1304 924 1369 ἀς
949 1304 1040 1359 hri
1069 1305 1151 1359 σοὶ
1172 1304 1457 1367 διαπαντὸς
1492 1304 1736 1374 ιτρεφον.
1963 1292 2079 1365 ipso
2112 1295 2290 1352 foveo.

1019 1418 1121 1475 ΣΤ.
1170 1415 1266 1474 ῙΔ’.

1019 1419 1057 1473 Σ
1108 1458 1121 1475 .
1235 1418 1266 1474 ’.

517 1510 780 1581 Ζαχαρία
804 1418 1233 1581 μηὲῗξεοέίτξΐ
1244 1503 1644 1575 Χαλκηδόνος.

2534 1410 2749 1467 EPIST.
2790 1411 2927 1469 XIV.

2253 1499 2529 1556 Zacharia:
2558 1502 2897 1559 Chalcedonis
2936 1506 3207 1574 metrapol.

1527 1595 1786 1647 liontscut.
1824 1593 1925 1656 (ep.
1960 1590 2066 1652 106,
2096 1605 2143 1655 p.
2177 1590 2305 1655 ibi).

379 1690 443 1744 Et
471 1686 582 1757 ιγὼ
622 1687 714 1742 τδν
761 1686 890 1757 ιμδν
936 1683 1211 1757 Ζαχαρίαν
1262 1680 1461 1753 ἀγνοῶ,
1503 1682 1596 1734 καὶ
1625 1675 1857 1749 ἐμαυτοῦ
1894 1682 1932 1742 Β
2036 1674 2056 1729 ε

1834 1675 1857 1730 5
1894 1682 1932 1742 Β
2036 1674 2088 1729 Si
2131 1690 2307 1730 memn
2334 1674 2574 1746 ignorem
2621 1675 2957 1743 Zachariam,
2992 1689 3047 1733 ct
3107 1682 3321 1736 mcimct
3374 1681 3511 1738 obii-

303 1777 668 1849 ιπιλιλησμαι
688 1794 701 1809 ·
728 1775 843 1832 ἀλλ’
868 1775 1045 1847 ἡμῶν,
1077 1774 1151 1837 ὡς
1179 1773 1373 1839 ιοικεν,
1401 1772 1606 1833 ἐκεῖνος
1634 1768 1728 1839 (ού
1757 1768 1863 1839 γὰρ

304 1870 413 1940 ιχω
435 1868 486 1925 τί
525 1867 885 1941 μετριώτερον
910 1865 1127 1936 εῖπωλ)
1161 1864 1524 1935 ιπιλίλησται.
1557 1862 1631 1915 Ού
1662 1860 1766 1931 γάρ
1798 1858 1863 1912 ἀν

305 1964 454 2032 ἡμᾶς
482 1959 839 2023 ύπετόπαζεν,
866 1956 1165 2031 ἀνθρώπων
1197 1954 1393 2024 λόγοις,
1422 1956 1519 2024 τῆς
1554 1952 1679 2024 περὶ
1702 1948 1863 2005 αὑτὸν

304 2054 494 2125 δόξης,
538 2053 605 2125 ἢν
646 2053 709 2106 ιιι
750 2049 979 2107 παλαιοῦ
1014 2049 1371 2120 φυλάττομεν,
1427 2040 1860 2115 παρασύρεσθαι.

320 2146 379 2200 '0
407 2144 463 2199 δὲ
496 2147 589 2199 καὶ
617 2142 860 2214 φοϐεῖται
887 2142 975 2197 διά
1002 2140 1175 2197 ταῦτα
1205 2138 1386 2210 φόϐον,
1420 2139 1476 2191 ιν
1505 2130 1585 2201 οἷς
1612 2134 1671 2190 ού
1706 2134 1863 2205 μόνον

272 2266 280 2275 -
305 2236 405 2290 οὐκ
423 2235 538 2290 εστι
567 2233 747 2306 φόϐος,
772 2233 884 2288 ἀλλ’
912 2232 1031 2287 ούδί
1055 2249 1136 2296 τις
1166 2231 1351 2302 φόϐου,
1382 2231 1495 2294 τοῖς
1519 2229 1667 2300 ήμᾶς
1695 2226 1862 2295 ιγνω-

309 2331 480 2395 κόσιν,
511 2328 750 2383 ὑπόνοια.
782 2327 845 2383 Ei
868 2326 975 2399 γάρ
1006 2326 1149 2396 ἡμᾶς
1172 2327 1200 2379 ό
1228 2324 1454 2397 μακρὸς,
1490 2323 1548 2378 δν
1587 2326 1648 2378 ἐκ
1675 2324 1861 2387 παιδὸς

311 2420 497 2493 σχεδὸν
522 2418 767 2492 ιγνωμίν
794 2435 874 2486 σε,
906 2419 1115 2491 χρόνος,
1153 2419 1245 2473 καὶ
1270 2419 1298 2473 ό
1322 2416 1485 2481 πολὺς
1510 2417 1603 2472 καὶ
1632 2410 1694 2472 οὗ
1722 2416 1862 2489 μίγα

310 2512 467 2577 κλέος
495 2511 635 2584 ὑπὲρ
662 2510 838 2583 ήμῶν,
872 2510 1069 2583 μᾶλλον
1090 2510 1144 2566 δι
1168 2508 1410 2582 Χριστοῦ
1438 2509 1530 2565 καὶ
1558 2508 1662 2563 τῶν
1698 2507 1861 2563 αὐτοῦ

312 2604 717 2674 θεσπισμάτων,
763 2602 911 2671 ἀγὼν
948 2602 1041 2658 καὶ
1069 2601 1284 2676 δρόμος,
1318 2601 1469 2657 ούπω
1498 2604 1691 2675 πεῖραν
1719 2600 1861 2672 ιχειν

310 2696 408 2767 τῆς
453 2695 552 2767 σῆς
594 2692 959 2767 ινεγύμνασεν
992 2695 1210 2768 ἀρετῆς,
1241 2694 1339 2749 ούκ
1376 2690 1491 2749 οίδα
1517 2695 1664 2757 ὅπως
1700 2693 1862 2766 ἡμεῖς

310 2803 369 2843 τε
403 2786 522 2859 οὐχὶ
554 2789 731 2849 κακοὶ,
772 2786 909 2859 μετά
946 2784 1040 2841 τοῦ
1076 2788 1323 2858 ἀνοήτου,
1352 2784 1601 2857 δόξαιμεν
1645 2786 1740 2841 ἀν’
1772 2785 1865 2839 καὶ

310 2879 359 2931 οῖ
381 2876 607 2942 δεδιότες
654 2878 727 2951 μή
771 2894 824 2932 τι
870 2875 1134 2949 πάθοιμεν
1161 2875 1421 2943 τοιοῦτον,
1452 2874 1513 2931 τδ
1543 2876 1616 2948 μὴ
1651 2876 1864 2945 ἀγνοεῖν

311 2969 479 3039 ἡμᾶς,
532 2969 591 3023 ού
633 2968 893 3038 φυγόντες
941 2968 1054 3023 ἀλλ’
1080 2968 1201 3022 δτιι
1251 2967 1390 3041 πλὴν
1428 2966 1523 3022 τοῦ
1565 2967 1863 3037 χειρίστους
1886 3008 1929 3072 C

310 3062 503 3127 ειπεῖν,
528 3060 937 3133 εὐπορήσουσιν.
974 3059 1132 3115 Ἀλλά
1156 3058 1359 3115 τούτων
1381 3075 1439 3113 τε
1467 3058 1627 3114 ινειια
1649 3059 1858 3133 θάρρει,

312 3152 408 3206 καὶ
430 3152 599 3223 ἡμᾶς,
629 3150 815 3223 ὥσπερ
847 3154 958 3214 τοῖς
1000 3150 1198 3215 ἀλλοις,
1230 3148 1372 3204 οὕτω
1398 3149 1493 3205 καὶ
1517 3149 1612 3204 τὸ]
1654 3149 1727 3221 μὴ
1757 3166 1863 3203 πα-

317 3238 645 3313 ρσσῦρεσθαι
666 3238 790 3303 τοὺς
808 3240 1118 3310 λογισμοὺς,
1149 3238 1238 3309 ὑφ’
1270 3237 1860 3310 ιτίρων,τδπιγίνωσκε·

312 3332 399 3387 ῖνα
435 3331 509 3405 μὴ
540 3332 626 3387 διά
668 3333 815 3404 μιᾶς,
844 3330 905 3385 ού
937 3330 1315 3403 προσηκούσης
1347 3330 1686 3402 ὑπολήψεως,
1719 3330 1864 3401 ἡμᾶς

307 3438 367 3478 τε
408 3423 503 3477 καὶ
538 3422 733 3477 σαύτὸν
782 3422 1001 3492 μᾶλλον,
1050 3422 1261 3494 εναιτία
1285 3421 1310 3462 ιι
1363 3420 1593 3492 ποίησης
1624 3418 1860 3491 μεγάλῃο

309 3514 405 3569 καὶ
434 3511 557 3577 τοὺς
598 3510 879 3582 ἀδελφοὺς,
908 3511 962 3566 εί
984 3528 1039 3567 τι
1067 3510 1174 3583 ἀρα
1204 3511 1296 3567 καὶ
1318 3510 1655 3584 ἀνθρώπινον
1684 3509 1863 3576 αὐτοῖς

310 3604 598 3677 ὑποτρέχει
653 3602 821 3667 πάθος
845 3601 888 3670 ι,
930 3604 1041 3669 τοῖς
1075 3606 1186 3667 σοῖς
1230 3602 1704 3675 ἀνερεθιζομίνους
1735 3618 1865 3671 προ-

307 3698 614 3769 τερήμασιν
643 3693 943 3765 ἀδελφικῶς
974 3694 1105 3766 φέρε
1148 3695 1238 3748 καὶ
1266 3692 1621 3759 διαϐάσταζε·
1668 3692 1727 3747 ού
1756 3690 1864 3764 γὰρ

308 3788 395 3858 εφ’
425 3780 503 3853 οἷς
535 3787 685 3859 ήμάς
721 3785 1058 3858 εὐχαριστεῖν
1092 3784 1203 3850 δεῖ,
1252 3784 1430 3850 ἀλλοις
1468 3782 1863 3855 ἀπεχθάνεσθαι

309 3882 443 3954 χρή·
485 3879 591 3933 οὐδ’
631 3878 691 3946 te
715 3872 790 3934 ὧν
821 3878 938 3932 ἔστι
971 3877 1155 3932 λαϐεῖν
1186 3875 1456 3946 ἀπόδειξιν
1485 3875 1739 3947 λαμπρὰν
1769 3874 1863 3930 τοῦ

314 3969 612 4042 πρωτεύειν
660 3970 827 4041 ήμάς,
876 3967 964 4022 διά
1014 3966 1215 4022 τούτων
1242 3968 1527 4039 ύφείλομεν
1568 3967 1703 4039 πρὸς
1741 3967 1865 4032 τοὺς

312 4059 517 4125 αἰτίους
547 4059 982 4130 δυσανασχετεῖν,
1011 4058 1103 4113 καὶ
1130 4058 1188 4113 τδ
1217 4059 1409 4128 άλογον
1444 4058 1635 4123 πάθος,
1664 4059 1742 4123 είς
1774 4055 1861 4112 εὖ·

310 4152 467 4221 λογον
500 4152 679 4215 αὐτοῖς
699 4150 990 4219 ἀπολογίαν
1021 4152 1352 4221 μεταποιεῖν.
1401 4150 1557 4204 Ἃ).λά
1584 4153 1673 4204 καὶ
1696 4160 1734 4190 ιιι
1758 4149 1864 4203 τῶν

317 4242 643 4315 εἰρημένων,
672 4242 829 4297 ἀλλον
858 4240 966 4295 ῐσθι
998 4241 1185 4295 τοῦτο’
1219 4243 1299 4295 ὅτι
1346 4242 1629 4313 ὀφείλομεν
1671 4243 1861 4314 ἡμεῖς,

310 4335 361 4386 οἱ
401 4331 613 4387 δυνατοὶ
650 4330 720 4385 τά
753 4330 1101 4401 ἀσθενήματα
1151 4329 1259 4383 τῶν
1300 4330 1619 4384 ἀδυνάτων1⁵
1669 4328 1863 4400 βαστά-

313 4424 459 4489 ζειν⁸
493 4424 588 4479 καὶ
630 4423 845 4478 πάντων
874 4423 932 4477 δι
970 4422 1202 4494 μάλιστα
1230 4424 1405 4476 εκεῖνο
1442 4422 1530 4477 διὰ
1565 4421 1680 4493 βίου
1712 4422 1866 4491 μελί-

312 4533 411 4585 την
452 4513 607 4569 ποιοῦ
634 4529 647 4544 ·
678 4514 737 4567 τὸ
767 4515 950 4578 ποῖον;
984 4512 1105 4568 Ὀτι
1136 4513 1167 4583 ή
1198 4512 1383 4583 ἀγάπη
1418 4513 1515 4567 ούκ
1546 4513 1864 4584 ἀσχημονεῖ.

324 4605 549 4679 Ἐρεύνα
576 4604 753 4671 καλῶς
777 4605 828 4660 τί
867 4605 995 4661 ποτε
1026 4606 1141 4659 ῖστι
1170 4604 1249 4672 τὸ,
1281 4604 1379 4660 ούκ
1408 4604 1736 4675 ἀσχημονεῖ·
1774 4602 1866 4674 βά-

312 4700 399 4763 θος
427 4700 535 4771 γὰρ
556 4699 760 4769 ἄφατον
781 4699 1029 4770 εὑρήσεις
1057 4698 1362 4767 ὼφειλείας.
1390 4692 1542 4761 Εἶτα,
1573 4696 1660 4751 διά
1687 4698 1739 4752 τί
1768 4698 1867 4752 οὐκ

310 4790 624 4861 ἀσχημονεῖ.
661 4788 781 4843 Ὀτι
818 4788 878 4842 ού
909 4789 1088 4860 ζητεῖ,
1134 4788 1303 4859 φησι,
1345 4788 1411 4843 τά
1467 4788 1694 4858 ίαυτῆς·
1729 4786 1865 4843 ἀλλὰ

312 4880 403 4931 καὶ
435 4878 611 4932 πάντα
641 4877 818 4946 στόγει
851 4877 1026 4931 πάντα
1064 4876 1266 4941 ελπίζει
1296 4883 1319 4911 ο
1343 4890 1356 4907 ⁸
1390 4875 1567 4947 ύψηλά
1597 4873 1693 4946 μεν
1722 4872 1859 4949 [καὶ]

308 4968 479 5024 ταῦτα
506 4968 791 5040 ἀνέχεσθαι
829 4966 988 5039 βάρη,
1018 4970 1111 5021 καὶ
1142 4967 1417 5038 βελτίωσιν
1450 4969 1537 5021 ἀεὶ
1569 4967 1661 5020 καὶ
1703 4983 1863 5037 μετα-

309 5062 470 5131 ϐολὴν
515 5060 607 5115 tiri
643 5061 703 5116 τὸ
735 5063 999 5133 κρεῖττον,
1043 5060 1283 5126 unum
1312 5058 1405 5113 τοῦ
1435 5059 1678 5131 πλησίον.
1710 5061 1774 5114 Τί
1807 5060 1862 5114 δι

308 5153 457 5219 ἄλλο,
480 5145 524 5206 ὦ
547 5152 756 5207 Παύλου
779 5152 956 5223 σοφία,
988 5150 1233 5219 πλοῦτος,
1259 5150 1351 5205 καὶ
1382 5152 1559 5223 χάρις,
1582 5152 1613 5220 ή
1640 5151 1858 5221 ἀγάπη;

309 5242 494 5311 φησιν,
533 5242 785 5297 οὐδέποτε
817 5243 1090 5296 εκπίπτει.
1124 5235 1193 5293 Ὦ
1228 5239 1503 5313 μακαρίας
1532 5239 1736 5309 φωνῆς,
1768 5237 1861 5290 καὶ

311 5333 722 5404 μακαριωτέρου
769 5333 1053 5403 στόματος,
1092 5331 1186 5385 καὶ
1232 5329 1497 5403 κρείσσων
1551 5329 1857 5399 εγκωμίων,

310 5427 401 5477 καὶ
447 5422 742 5496 θαύματος,
790 5421 1017 5495 γνώμη*
1066 5422 1338 5488 οὐδέποτε,
1371 5421 1553 5492 φησὶν,
1585 5422 1857 5475 εκπίπτει.

307 5515 424 5569 Κᾶν
459 5516 814 5581 στασιάζωσιν
842 5515 987 5572 ἄλλοι
1012 5532 1025 5548 ·
1081 5513 1180 5569 κάν
1216 5512 1447 5586 χαίρωσι
1490 5512 1719 5584 μάχαις*
1758 5512 1860 5567 κάν

1964 1782 2229 1834 viscercr;
2259 1768 2353 1823 sed
2384 1767 2473 1823 ilic
2509 1766 2614 1822 mei
2646 1773 2842 1838 (neque
2876 1770 3021 1825 enim
3054 1771 3203 1826 effari
3235 1774 3363 1842 quid
3386 1789 3507 1828 mo-

1963 1859 2200 1915 deratius
2244 1860 2485 1930 possum)
2523 1868 2578 1914 ut
2610 1859 2818 1915 videtur
2838 1862 3037 1917 oblitus
3064 1874 3179 1918 est:
3210 1879 3310 1919 nec
3339 1866 3513 1935 suspi-

1962 1960 2114 2004 cetur
2142 1964 2225 2004 me
2253 1948 2390 2018 vulgi
2424 1964 2693 2013 sermone,
2727 1950 2794 2005 ab
2828 1951 2917 2005 illa
2946 1968 3103 2021 quam
3134 1953 3243 2020 jam
3276 1955 3404 2008 olim
3439 1955 3509 2010 de

1961 2061 2027 2102 eo
2076 2045 2181 2102 fovi
2223 2045 2535 2117 opinionem
2594 2047 2943 2103 abstractum.
2996 2049 3064 2102 At
3114 2047 3202 2104 ille
3237 2049 3309 2105 ibi
3357 2051 3511 2108 valde

1961 2142 2114 2197 timet
2138 2140 2226 2195 ubi
2250 2155 2358 2195 non
2394 2148 2602 2194 tantum
2629 2155 2737 2194 non
2757 2149 2839 2194 est
2890 2141 3072 2206 timor,
3102 2142 3195 2197 sed
3228 2158 3327 2199 nec
3355 2144 3512 2199 timo-

1961 2233 2035 2289 ris
2060 2233 2253 2302 aliqua.
2284 2232 2352 2287 ab
2380 2231 2445 2286 iis
2471 2230 2563 2302 qui
2586 2246 2671 2286 me
2692 2242 2972 2298 noverant,
3007 2235 3263 2303 suspicio.
3290 2233 3344 2289 Si
3366 2236 3510 2291 enim

1961 2324 2279 2380 diuturnum
2341 2321 2469 2377 illud
2557 2330 2770 2392 tempus
2844 2322 2897 2377 in
2949 2338 3056 2394 quo
3117 2334 3169 2380 te
3224 2340 3253 2380 a
3327 2327 3511 2396 pueris

1961 2413 2206 2487 cognovi,
2233 2427 2505 2485 magnum,
2533 2420 2589 2468 et
2612 2413 2767 2484 cujus
2795 2428 2985 2484 magna
3023 2414 3208 2486 gloria,
3239 2423 3509 2471 certamen

1962 2523 2059 2579 pro
2090 2506 2266 2569 nobis.
2319 2514 2413 2561 aut
2456 2504 2675 2560 Christo
2720 2505 2923 2575 potius.
2963 2517 3299 2576 susceptum,
3351 2516 3406 2562 ct
3455 2507 3511 2562 in

1962 2598 2128 2670 ipsius
2164 2598 2431 2653 mandatis
2462 2611 2672 2662 cursus,
2705 2596 2943 2651 nondum
2975 2596 3042 2653 de
3074 2606 3163 2653 tua
3203 2599 3398 2654 virtute
3424 2612 3512 2655 me

1962 2689 2332 2747 confirmatum
2384 2688 2637 2753 reddidit,
2694 2699 2845 2744 certe
2887 2704 2995 2745 non
3049 2688 3203 2745 video
3241 2693 3512 2761 quomodo

1962 2800 2090 2849 non,
2126 2799 2246 2840 cum
2286 2782 2595 2853 insipiente,
2650 2781 3016 2852 iniquissimus
3062 2782 3274 2848 videar;
3319 2793 3374 2839 et
3421 2784 3513 2855 qui

1960 2874 2274 2937 metuerint,
2300 2886 2369 2928 ne
2399 2872 2525 2941 quid
2561 2871 2665 2927 tale
2689 2872 2953 2943 patiamur
2979 2886 3097 2934 nos,
3128 2887 3192 2928 eo
3241 2872 3381 2944 quod
3411 2873 3510 2945 ipsi

1962 2979 2061 3020 nos
2085 2979 2193 3020 non
2232 2962 2558 3028 noverimus,
2588 2960 2927 3032 satisjustam
2964 2962 3239 3017 habebunt
3272 2977 3512 3033 causam,

1964 3066 2022 3112 ut
2051 3056 2192 3111 inter
2211 3054 2477 3126 pessimos
2524 3068 2611 3109 me
2640 3060 2976 3109 recenseant.
3038 3050 3141 3108 Sed
3174 3060 3231 3107 tu
3263 3052 3411 3109 hisce
3445 3053 3514 3111 de

1962 3148 2123 3204 rebus
2165 3148 2238 3203 sis
2282 3145 2742 3218 persuasissimus,
2774 3153 2829 3201 et
2875 3160 2960 3200 me
3009 3159 3300 3217 cognoscas
3327 3145 3511 3211 velim,

1960 3237 2099 3294 sicut
2145 3236 2264 3291 aliis
2304 3234 2467 3299 notis,
2524 3235 2597 3291 ita
2646 3234 2787 3305 quod
2838 3242 3071 3290 mentem
3118 3234 3371 3292 aliorsum
3418 3251 3516 3307 per

1961 3328 2092 3384 alios
2120 3325 2359 3399 pertrahi
2388 3327 2554 3382 nolo:
2589 3326 2698 3382 noli
2728 3342 2856 3398 ergo
2883 3327 2952 3381 ob
2982 3326 3177 3381 nudam
3230 3342 3332 3383 nec
3376 3343 3510 3383 con-

1960 3433 2143 3489 gruam
2173 3418 2303 3473 satis
2338 3416 2698 3486 suspicionem
2747 3426 2802 3472 et
2838 3431 2923 3472 me
2948 3426 3002 3472 et
3040 3427 3091 3472 te
3134 3418 3310 3489 potius
3339 3418 3515 3490 ipsum

1963 3508 2237 3581 insigniter
2275 3522 2395 3564 reos
2426 3515 2697 3573 statuere;
2731 3508 2825 3565 sed
2872 3519 2927 3563 et
2953 3508 3143 3564 fratres
3172 3509 3329 3565 etiam
3385 3524 3513 3565 nos-

1965 3610 2098 3667 tros,
2134 3601 2177 3656 si
2206 3600 2333 3670 quid
2358 3599 2595 3655 humano
2625 3614 2771 3655 more
2803 3600 3092 3670 patiantur,
3125 3601 3229 3655 tuis
3257 3601 3516 3657 excitatos

1960 3690 2383 3765 praemiuentiis
2416 3688 2651 3746 fraterne
2685 3690 2909 3746 tolerato
2957 3698 3011 3746 et
3066 3690 3311 3755 sufl'crto,
3338 3708 3514 3762 neque

1961 3782 2104 3838 enim
2130 3797 2226 3852 par
2250 3790 2334 3837 est
2359 3790 2418 3836 ut
2446 3780 2565 3836 aliis
2618 3795 3033 3838 succenseamus
3070 3796 3167 3852 pro
3198 3782 3263 3837 iis
3293 3783 3358 3837 de
3396 3783 3514 3852 qui-

1960 3874 2061 3930 bus
2078 3872 2231 3929 nobis
2257 3870 2476 3945 agenda
2491 3870 2849 3943 suntgratiae;
2891 3886 2990 3927 nec
3014 3886 3044 3927 e
3082 3871 3275 3941 quibus
3293 3871 3516 3928 demon-

1963 3964 2121 4020 strari
2173 3962 2377 4034 liquido
2428 3963 2641 4034 poterit,
2671 3976 2772 4017 nos
2818 3963 3065 4019 obtinere
3135 3963 3513 4033 principatum,

1964 4063 2214 4110 tenemur
2239 4053 2306 4110 ob
2341 4054 2428 4110 illa
2458 4069 2780 4111 succensere
2822 4054 2887 4108 iis
2925 4054 3015 4123 qui
3041 4054 3333 4123 culpabiles
3359 4062 3510 4114 sunt.

1965 4155 2026 4201 ut
2060 4144 2141 4201 sic
2171 4145 2531 4201 irrationaiem
2554 4145 2856 4215 passionem
2905 4144 2956 4199 in
2989 4144 3355 4199 rationabilem
3385 4158 3516 4213 apo-

1963 4236 2157 4307 logiam
2186 4245 2598 4293 commutemus.
2633 4234 2739 4290 Sed
2772 4244 2827 4290 et
2854 4234 2993 4291 aliud
3021 4250 3049 4291 e
3074 4235 3235 4290 dictis
3270 4244 3320 4289 te
3354 4234 3516 4288 intel-

1968 4327 2133 4399 ligere
2164 4327 2345 4390 velim,
2376 4326 2478 4381 hoc
2530 4340 2746 4395 nempe,
2800 4325 2939 4395 quod
2978 4324 3237 4380 debemus
3280 4338 3379 4378 nos
3422 4323 3516 4394 qui

1969 4417 2257 4474 validiores
2289 4431 2500 4479 sumus,
2548 4416 2887 4471 infirmitates
2929 4415 3265 4473 infirmorum
3299 4425 3516 4486 portare

1968 4517 2023 4564 et
2052 4508 2338 4564 sustinere.
2375 4507 2644 4578 Imprimis
2676 4522 2770 4577 per
2818 4516 2942 4563 tota:
2972 4507 3094 4562 vita:
3124 4523 3343 4564 cursum
3375 4508 3518 4564 illius

1967 4597 2163 4654 habeto
2203 4611 2409 4663 curam,
2439 4598 2583 4668 quod
2632 4597 2768 4653 nihil
2817 4597 3072 4654 indecore
3122 4598 3280 4653 faciat
3326 4608 3518 4655 cautus

1966 4702 2152 4754 amor;
2187 4687 2373 4744 sedulo
2432 4688 2641 4759 inquire
2674 4686 2801 4759 quid
2857 4687 2957 4743 sibi
3005 4688 3153 4750 velit.
3197 4688 3339 4744 Nihil
3390 4687 3519 4745 facit

1966 4779 2241 4845 indecore,
2274 4779 2441 4850 (certe
2471 4778 2786 4834 immensam
2810 4789 2863 4835 et
2891 4779 3241 4835 innarabiiem
3270 4778 3513 4834 utilitatis

1960 4870 2202 4928 invenies
2226 4870 2692 4942 profunditatem.)
2724 4869 2990 4926 Nimirum
3010 4871 3152 4942 quod
3185 4885 3293 4926 non
3321 4870 3515 4940 qumrit

1959 4978 2079 5035 qua
2101 4978 2195 5019 sua
2222 4972 2368 5027 sunt,
2398 4961 2492 5018 sed
2530 4962 2713 5018 omnia
2745 4963 2896 5034 tegit,
2928 4971 3111 5035 sperat
3161 4962 3362 5026 omnia,
3419 4976 3511 5017 su-

1958 5054 2140 5112 blimia
2172 5063 2297 5111 sunt
2327 5054 2424 5108 ista
2469 5067 2635 5110 onera
2668 5052 2994 5121 suli‘eremla,
3036 5053 3343 5111 emendatio
3368 5067 3514 5108 sem-

1959 5161 2057 5217 per
2088 5157 2142 5203 et
2167 5145 2444 5202 conversio
2476 5146 2529 5200 in
2554 5146 2745 5202 melius
2768 5145 3033 5215 speranda
3063 5154 3145 5200 est
3164 5145 3230 5201 de
3252 5143 3514 5216 proximo.

1967 5241 2104 5307 Quid
2138 5240 2281 5295 aliud
2324 5240 2439 5294 vult
2494 5239 2643 5295 Pauli
2692 5239 2977 5310 sapientia,
3029 5238 3249 5300 divitiae,
3297 5236 3515 5309 gratia?

1966 5332 2237 5399 Charitas,
2288 5330 2484 5403 inquit,
2546 5345 2821 5401 nunquam
2890 5328 3300 5385 excidiubeata
3358 5328 3516 5398 plane

1967 5440 2090 5489 vox.
2120 5424 2285 5495 magis
2317 5423 2533 5478 beatum
2572 5437 2652 5488 os,
2690 5422 2960 5478 sententia
2992 5420 3177 5475 Iaudes
3204 5428 3259 5475 et
3285 5418 3513 5474 admira-

1967 5517 2168 5570 tionem
2217 5528 2429 5569 omnem
2478 5512 2762 5583 excedens.
2810 5510 3090 5583 Nunquam
3122 5510 3242 5578 ait,
3293 5510 3512 5575 excidit,

1611 5668 1848 5727 VARIIE
1874 5669 2270 5728 LECTIONES.

391 5830 412 5903 ἶ
452 5848 519 5899 TP
554 5832 882 5903 ὁνομαζὲτω,
962 5834 986 5872 ε
1026 5832 1109 5903 lo.
1142 5832 1231 5884 καὶ
1271 5832 1328 5884 τὸ
1359 5832 1533 5903 σῶμα.
1636 5834 1659 5873 h
1695 5833 1884 5886 εἰπεῖν.

1969 5842 1983 5871 ι
2021 5830 2106 5887 Ζσ.
2160 5830 2282 5886 ἄλλο
2307 5848 2372 5885 τι.
2454 5840 2464 5877 ι
2502 5828 2596 5899 τῷ.
2674 5827 2698 5868 ι
2737 5831 2820 5885 Ia.
2848 5832 2902 5882 ὲν
2938 5828 3105 5901 αἰτίᾳ.
3190 5827 3206 5869 ι
3251 5828 3496 5900 subrepit

313 5901 505 5966 πάθος.
574 5910 613 5942 ιιι
653 5900 738 5957 ίσ.
778 5904 860 5957 lx.
940 5911 967 5942 υ
997 5899 1449 5959 άδυνατούντων.’
1492 5910 1515 5940 ο
1552 5902 1725 5959 πάντα
1752 5899 2013 5959 πιστεύει.
