4236 6436
784 436 881 500 831

1891 437 2147 498 PIIOTlI
2188 440 2682 501 PATRMRCII/E
2721 443 2825 502 Cl’.

3886 439 3995 500 832

787 551 908 602 licet
944 544 1336 600 tumultuentur
1365 544 1475 608 alii,
1507 544 1629 599 licet
1680 547 2173 604 concertationibus
2205 565 2337 618 gau-
2368 557 2411 611 Α
2438 567 2460 603 τ

2316 579 2337 590 -
2368 557 2411 611 Α
2438 552 2505 603 τὰ
2534 551 2720 618 πρῶτα
2746 549 2973 619 ζητῶσι*
3002 549 3101 600 κᾶν
3129 548 3315 617 φθόνος
3345 548 3524 611 αὐτοῖς
3541 546 3822 617 άνερεθίζῃ
3843 564 3855 577 ο
3895 548 3989 597 καὶ

781 638 960 702 deant,
1010 635 1135 690 licet
1187 635 1432 703 primaria
1484 647 1766 703 quaerant,
1807 636 1929 691 licet
1972 639 2113 708 ipsos
2168 642 2333 695 exsti-

781 728 949 782 mulet
1002 726 1216 792 invidia,
1258 726 1381 781 licet
1422 743 1609 781 manus
1648 728 1847 795 injuste
1895 729 2156 785 violentas
2208 732 2329 800 inji-

779 821 943 883 i-iant,
973 818 1095 873 licet
1120 834 1315 888 susque
1348 820 1576 873 hal‘eant
1615 819 1821 888 deque;
1853 835 2125 889 nunquam
2153 822 2329 875 chari-

780 922 858 967 tas
897 912 962 966 de
992 926 1085 965 sua
1119 912 1349 966 statione
1380 912 1645 979 dejicitur,
1686 927 1785 965 nec
1814 912 1993 967 delicit
2036 931 2064 968 a
2108 915 2327 980 virtute,

780 1015 884 1052 non
904 999 1175 1067 desperat,
1208 1018 1311 1055 non
1344 1001 1908 1065 aversaturdolentes;
1943 1020 2155 1074 semper
2177 1021 2328 1060 occa-

777 1091 954 1143 siones
982 1092 1191 1159 qumrit,
1221 1106 1433 1160 semper
1462 1107 1675 1146 omnem
1717 1103 1896 1148 movet
1929 1095 2181 1165 lapidem,
2212 1111 2326 1151 om-

778 1196 899 1235 nem
928 1182 1026 1237 init
1056 1184 1362 1237 methodum
1399 1193 1618 1237 utextra
1663 1199 1720 1239 se
1746 1182 2042 1238 desultore:
2090 1187 2141 1244 in
2196 1204 2322 1253 pro-

779 1274 950 1341 prium
1006 1274 1398 1343 coniunctionis
1447 1284 1501 1329 ct
1557 1275 1772 1329 unionis
1826 1285 2036 1345 pratum
2083 1276 2322 1330 reducat.

781 1365 919 1433 llec,
946 1382 978 1420 o
1010 1367 1078 1419 illi
1113 1368 1203 1429 mi,
1227 1367 1278 1420 in
1305 1367 1519 1421 Christo
1550 1367 1827 1431 meditare,
1857 1375 1908 1420 et
1944 1367 2091 1421 hisee
2124 1376 2174 1421 te
2199 1383 2326 1421 con-

778 1457 975 1521 iorma,
1014 1457 1108 1511 tibi
1145 1459 1454 1513 concinens.
1484 1457 1639 1512 Certe
1674 1457 1810 1511 bene
1834 1459 1981 1512 noris
2018 1458 2156 1526 quod
2194 1457 2326 1512 nihil

777 1550 860 1600 his
896 1550 1128 1618 panariis
1160 1552 1324 1620 magis
1353 1552 1477 1605 utile
1510 1550 1749 1619 reperire
1780 1549 1982 1619 poteris
2020 1569 2033 1605 :
2064 1559 2321 1606 caeterum

2431 640 2626 710 χειρῶν
2656 641 2893 711 ἄρχωσιν
2919 639 3133 692 ἀδίκωνο
3158 638 3259 692 κᾶν
3283 640 3349 693 τά
3376 638 3485 693 ἄνω
3517 640 3781 708 στρέφωσι
3814 639 3988 689 κάτω

2431 731 2680 783 οὐδέποτε
2711 734 2741 798 ὴ
2772 731 2954 800 ἀγάπη
2985 729 3082 798 τῆς
3110 728 3316 792 οίκείας
3352 728 3509 796 ἔδρας
3539 729 3630 780 καὶ
3660 727 3863 794 ἀρετῆς
3893 729 3989 779 3x-

2431 822 2638 886 πίπτει,
2687 822 2791 875 οὐδ’
2837 820 3223 889 ἀπογινώσκει,
3258 821 3366 873 οὐδ’
3413 817 3810 888 ἀποστρέφεται
3858 819 3989 880 τοὺς

2430 917 2823 987 λελυπηκόταςο
2880 916 2994 969 ἀλλ’
3051 914 3135 967 ἀεὶ
3199 914 3497 986 προφάσεις
3551 910 3823 979 ὶπιζητεῖ.
3888 910 3987 962 καὶ

2434 1009 2606 1062 πάντα
2635 1010 2797 1070 κινεῖ,
2832 1009 2922 1060 καὶ
2958 1006 3233 1077 μεθοδεύει
3254 1045 3268 1067 ,
3305 1004 3370 1057 δι’
3396 997 3468 1057 ὧν
3503 1003 3695 1065 αὐτοὺς
3726 1004 3818 1054 καὶ⁵
3850 1004 3988 1053 am.

2433 1100 2757 1170 σκιρτῶντας
2776 1100 2853 1163 είς
2877 1101 2965 1153 τὸν
2982 1100 3179 1153 οίκεῖον
3198 1097 3293 1165 τῆς
3315 1098 3605 1165 συναφείας
3629 1095 3720 1148 καὶ
3740 1095 3986 1154 ὲνώσειυς

2432 1191 2762 1262 συναγελάζῃ
2820 1191 3081 1261 λειμῶνα.
3122 1188 3339 1252 Ταῦτα,
3383 1188 3568 1240 τέκνον
3617 1188 3882 1255 ἡμέτερον
3931 1184 3986 1236 ὲν

2430 1283 2646 1349 Κυρίῳ,
2674 1284 2901 1348 τελέτα-
2943 1284 3035 1335 καὶ
3077 1282 3283 1341 τούτοις
3324 1279 3511 1333 ἑαυτὸν
3543 1278 3795 1350 saepta.
3850 1294 3983 1329 κατ-

2431 1370 2660 1439 επᾴδων.
2692 1370 2854 1423 Οὐδὲν
2900 1371 3025 1441 γάρ,
3072 1371 3132 1424 εὖ
3176 1371 3300 1434 ίσθι,
3339 1371 3445 1422 τῶν
3475 1371 3754 1435 παναρίων
3779 1369 3985 1421 τούτων

2432 1461 2682 1532 εὑρήσεις
2714 1462 3128 1531 ὠφελιμώτερον
3150 1478 3161 1491 ο
3208 1463 3273 1514 τά
3303 1461 3344 1513 δ’
3375 1461 3507 1514 ἄλλα
3555 1460 3788 1531 ἔρρωσο,
3826 1459 3985 1527 ἱερώ-

2431 1569 2579 1617 τατε,
2610 1553 2709 1623 τῆς
2740 1553 2894 1623 ἡμῶν
2931 1554 3029 1607 ύπε
3043 1554 3358 1623 ρευχόμενος
3393 1554 3753 1623 μετριότητος.

775 1641 909 1704 vale,
935 1650 987 1694 et
1025 1642 1270 1709 precibus
1306 1651 1540 1694 nostram
1570 1640 1990 1696 mediocritatem
2028 1642 2451 1697 commendatam
2491 1645 2646 1698 habe.

1349 1735 1563 1792 EPIST.
1620 1738 1733 1794 XV.

1442 1827 1641 1884 Eidem.

3027 1737 3247 1791 ΕΠῙΣΤ.
3290 1736 3387 1791 1Ε’.

3058 1827 3141 1893 Τῷ
3172 1827 3348 1893 αὐτῷ.

2003 1942 2264 1992 llontacut.
2301 1941 2402 2006 (ep.
2439 1941 2545 2002 107,
2577 1954 2627 2004 p.
2662 1940 2790 2003 152).

836 2039 1015 2097 Gratia
1046 2041 1257 2097 Christo
1290 2058 1416 2098 vero
1454 2044 1561 2101 Deo
1602 2056 1786 2101 nostro
1810 2046 1902 2116 qui
1950 2045 2006 2102 in
2061 2047 2314 2105 omnibus
2348 2056 2388 2111 Β
2485 2048 2509 2101 ὶ

2313 2056 2388 2111 ηΒ
2485 2048 2661 2118 Χάρις
2712 2044 2933 2117 Χριστῷ
2982 2045 3061 2115 τῷ
3109 2045 3345 2116 ἀληθινῷ
3392 2045 3510 2115 Θεῷ
3558 2046 3734 2116 ἡμῶν,
3774 2045 3849 2114 τῷ
3893 2047 3986 2099 ἐπὶ

772 2148 869 2187 nos
889 2131 1217 2198 consolatur,
1248 2134 1338 2203 qui
1368 2144 1584 2190 naturas
1607 2150 1893 2205 generosas
1924 2136 1969 2192 si
1998 2137 2081 2192 vel
2111 2138 2317 2207 aliqua-

774 2233 928 2277 tenus
952 2223 1019 2278 ab
1048 2225 1228 2279 inuata
1258 2226 1455 2281 virtute
1490 2226 1816 2292 exorbitent,
1850 2238 2116 2299 potestate
2133 2230 2316 2295 donat,

770 2317 1165 2384 utquantocius
1202 2332 1356 2371 suum
1392 2317 1600 2387 lapsum
1630 2318 1950 2391 intelligant,
1976 2329 2029 2375 et
2058 2320 2126 2375 ad
2166 2336 2317 2376 suam

770 2405 1101 2460 nobilitatem
1130 2415 1185 2460 et
1240 2406 1557 2478 dignitatem
1584 2410 1986 2481 regrediantur;
2022 2411 2115 2480 qui
2154 2410 2317 2465 etiam

770 2512 933 2561 nunc,
964 2513 1069 2551 non
1096 2513 1337 2553 mearum
1374 2501 1644 2556 rationum
1679 2510 1734 2557 et
1770 2502 2097 2570 orationum,
2124 2514 2183 2559 ut
2208 2512 2321 2560 tute

771 2595 945 2655 putes,
981 2586 1029 2641 vi
1064 2597 1117 2641 et
1148 2588 1535 2655 admonitione,
1566 2592 1791 2662 gratiam
1836 2592 2058 2663 largitus
2106 2602 2210 2660 est,
2262 2602 2322 2648 ut

771 2678 903 2733 viles
929 2688 982 2732 et
1008 2677 1239 2734 humiles
1279 2696 1401 2735 cum
1451 2683 1709 2751 despectu
1738 2683 1946 2740 habitas
1973 2686 2322 2756 cogitationes

771 2768 1008 2838 abjieias,
1034 2769 1128 2824 sed
1167 2768 1424 2827 facultate
1448 2780 1503 2827 et
1552 2774 1745 2829 robore
1777 2784 1879 2830 tua:
1938 2775 2111 2847 ipsius
2161 2792 2320 2846 quam

772 2860 1011 2928 possides
1043 2863 1517 2932 magnanimitatis.
1557 2864 1613 2918 Si
1670 2877 1847 2921 autem
1875 2868 2054 2922 innata
2077 2878 2317 2939 etappo-

772 2954 873 3004 sita
910 2953 1139 3022 propriae
1173 2955 1462 3011 voluntatis
1491 2957 1785 3025 amplitudo
1814 2975 1934 3028 quae
1978 2960 2178 3029 optima
2213 2970 2315 3023 est,

773 3052 826 3096 et
860 3052 1065 3100 caeteras
1097 3056 1198 3101 tuae
1229 3049 1673 3114 conversationis,
1712 3050 1829 3104 sine
1862 3050 2173 3106 diiiicultate
2226 3067 2316 3107 re-

771 3134 942 3198 duxit,
976 3144 1244 3207 utcunque
1274 3156 1449 3195 rerum
1478 3141 1901 3212 contingentium
1926 3141 2159 3205 occasio,
2183 3144 2320 3197 ntul-

773 3226 937 3297 tiplici
964 3243 1049 3285 me
1078 3229 1191 3285 alea
1214 3230 1470 3301 jactatum
1499 3233 1814 3298 turbaverit,
1855 3242 1910 3288 tu
1942 3242 2119 3289 tamen
2156 3249 2323 3306 usque

772 3320 825 3373 in
886 3321 1119 3377 immota:
1177 3327 1423 3381 amicitiae
1487 3326 1822 3383 insti.utione
1893 3326 2149 3382 solidatus
2200 3342 2323 3397 per-

775 3415 951 3469 sistes.
986 3411 1134 3481 Vale,
1165 3416 1234 3470 mi
1266 3418 1335 3471 illi
1381 3420 1764 3475 sacratissime.

1348 3506 1562 3564 EPIST.
1604 3509 1745 3564 XVI.

1092 3598 1335 3670 Gregorio
1367 3599 1639 3669 Syracusw
1673 3603 1974 3670 archiepisc.

2420 2142 2552 2193 πᾶσι
2585 2135 2985 2209 παρακαλοῦντι
3015 2139 3183 2208 ἡμᾶς,
3214 2138 3290 2208 τῷ
3322 2137 3537 2200 καὶτὰς
3572 2138 3827 2204 γενναίας
3874 2139 3985 2189 τῶν

2420 2231 2631 2300 φύσεων
2669 2229 2864 2300 (επειδ
2894 2229 2959 2283 ἂν
2991 2228 3089 2301 τῆς
3137 2231 3341 2291 οίκείας
3384 2227 3583 2300 ἀρετῆς
3615 2227 3806 2298 μικρὸν
3849 2229 3986 2280 ἀπο-

2419 2320 2671 2390 κλίνωσι)
2718 2320 2908 2376 θᾶττόν
2955 2337 3013 2373 τε
3062 2321 3293 2391 συνορᾷν
3336 2318 3706 2389 δυναμοῦντιιι
3756 2319 3817 2372 τὸ
3866 2320 3985 2370 ὀλί-

2421 2409 2523 2480 σθη
2532 2427 2627 2481 μα,
2655 2409 2747 2464 καὶ
2776 2409 2912 2481 πρὸς
2931 2409 2991 2462 τὺ
3010 2408 3206 2462 οίκεῖον
3224 2412 3317 2463 καὶ
3338 2408 3556 2478 εὐγενὲς
3585 2408 3985 2477 έπανατρέχειν

2419 2504 2657 2572 ἀξίωμα.
2708 2502 2806 2565 ’ος
2856 2500 2949 2555 καὶ
2977 2498 3092 2565 νῦν,
3133 2500 3193 2553 ού
3223 2501 3290 2572 τῇ
3326 2498 3435 2554 τῶν
3466 2500 3744 2571 ἡμετέρων
3788 2498 3982 2566 λόγων,

2419 2594 2493 2659 ὡς
2541 2593 2606 2648 ἂν
2646 2591 2806 2657 αὐτὸς
2835 2591 3019 2663 φαίης,
3064 2592 3290 2660 δυνάμει
3333 2592 3427 2646 καὶ
3454 2591 3803 2663 παραινέσει·
3844 2591 3981 2645 ά).λά

2418 2684 2517 2753 τῆς
2559 2682 2789 2746 οἴκοθεν,
2839 2683 2936 2737 καὶ
2966 2681 3023 2748 εξ
3070 2681 3233 2735 αὐτοῦ
3268 2698 3351 2735 σοι
3384 2680 3859 2753 παρασχεσθείσης
3886 2696 3979 2750 με·

2420 2775 2724 2845 γαλονοίας,
2753 2777 2818 2845 τῇ
2850 2772 3005 2844 ῥώμῃ
3033 2772 3094 2827 τὸ
3116 2771 3328 2843 χυδαῖον
3357 2771 3455 2844 μιν
3475 2771 3568 2826 καὶ
3591 2771 3848 2826 ταπεινὸν
3874 2771 3982 2824 τῶν

2421 2865 2692 2936 λογισμῶν
2712 2865 3006 2937 ὶχαρίτωσέ
3035 2880 3094 2919 σε
3114 2863 3527 2919 διαπτύσασθαι.
3553 2863 3613 2918 El
3639 2863 3695 2917 δι
3722 2863 3783 2917 τὸ
3813 2878 3980 2932 προσο

2424 2960 2553 3030 φυες
2581 2960 2675 3013 καὶ
2718 2959 3049 3029 κατάλληλον
3085 2957 3312 3029 μέγεθος
3340 2958 3437 3028 τῆς
3460 2957 3686 3028 ἀρίστης
3724 2955 3982 3025 προαιρέ-

2424 3068 2579 3115 σεως,
2614 3051 2828 3122 καὶτῆς
2864 3051 3027 3120 ἄλλης
3062 3051 3351 3117 πολιτείας,
3383 3051 3446 3104 εκ
3492 3048 3583 3103 τοῦ
3637 3050 3833 3119 ῥᾴστου
3884 3048 3980 3101 έπ-

2421 3142 2710 3211 ανήγαγεν,
2734 3142 2791 3195 εν
2820 3135 2900 3204 οἷς
2925 3141 3041 3211 είης
3077 3156 3167 3211 μοι
3195 3138 3297 3193 κᾶν
3325 3138 3551 3210 μυρίους
3583 3136 3781 3201 κύϐους
3812 3138 3845 3207 ἡ
3874 3136 3983 3190 τῶν

2425 3232 2762 3302 πραγμάτων
2807 3232 3130 3303 ἀναρῤίπτοι
3168 3229 3511 3302 περιπέτεια,
3549 3230 3711 3293 αὐτὸς
3758 3230 3982 3283 διαπαν-

2422 3324 2509 3387 τὸς
2558 3328 2612 3379 ιν
2652 3324 2933 3395 άκλονήτῳ
2970 3326 3069 3393 τῆς
3114 3324 3332 3394 ἀγάπης
3363 3323 3749 3391 εστηριγμ-ένος
3778 3322 3981 3391 φρονή-

2350 3413 2396 3477 C
2432 3432 2585 3485 ματι.
2623 3416 2892 3487 Ἐρῤωσο,
2926 3417 3110 3469 τέκνον
3136 3415 3399 3485 ἡμέτερον
3429 3411 3733 3485 ἱερώτατον.

3015 3506 3233 3561 ΕΠΙΣΤ.
3267 3506 3381 3561 ις’.

3015 3507 3233 3561 ΕΠΙΣΤ.
3267 3507 3285 3559 1
3350 3513 3381 3560 ’.

2599 3601 2899 3669 Γρηγορίφ
2928 3507 3372 3670 άρχιεπισκόθῗῳ
3400 3598 3812 3666 Συρακούσης.

1992 3716 2261 3768 Montacut.
2300 3720 2400 3781 (ep.
2436 3717 2542 3773 111,
2576 3729 2622 3778 p.
2658 3715 2786 3775 15$).

839 3810 1181 3883 Quaecunque
1204 3815 1674 3886 archiepiscopalis
1694 3827 1779 3872 tua
1801 3820 2057 3875 sanctitas
2080 3821 2143 3876 ad
2194 3837 2325 3877 con-

2501 3817 2638 3871 Ὀσα
2666 3817 2797 3886 πρὸς
2829 3813 3195 3884 καταρτισμὸν
3214 3814 3308 3884 τῆς
3337 3811 3428 3867 τοῦ
3469 3810 3603 3866 Θεοῦ
3656 3810 3980 3880 Ἐκκλησίας

773 3902 1103 3957 stitutionem
1132 3905 1221 3958 Dei
1248 3906 1497 3962 Ecclesia:
1535 3915 1804 3977 Operatur,
1835 3909 1900 3963 ab
1930 3910 2043 3980 ipso
2062 3912 2324 3983 principio
2429 3909 2446 3960 ί

2306 3929 2324 3967 )
2429 3909 2461 3976 ἡ
2490 3904 2842 3979 άρχιερατικὴ
2878 3903 3029 3975 ὑμῶν
3052 3903 3439 3975 διαπράττεται
3486 3903 3704 3972 ὁσιότης
3729 3943 3743 3967 ,
3774 3902 3979 3956 ἄνωθεν

772 4008 887 4048 mea
938 3995 1276 4051 mediocritas
1327 4005 1501 4051 tecum
1545 3998 1597 4051 in
1638 3998 1703 4052 iis
1749 4001 2053 4069 conspirat:
2114 4013 2172 4057 ut
2215 4003 2321 4059 fre-

770 4085 1021 4153 quentius
1051 4086 1143 4140 tibi
1182 4087 1234 4140 in
1269 4089 1581 4143 memoriam
1616 4104 1868 4145 revocare
1902 4107 2008 4147 non
2048 4093 2115 4147 sit
2148 4110 2317 4163 opus,

770 4191 912 4230 nunc
974 4179 1227 4246 temporis
1286 4180 1571 4249 praecipue,
1630 4197 1749 4235 cum
1812 4198 1942 4237 voce
2001 4200 2320 4255 quacunque

770 4268 963 4323 clarius
993 4279 1047 4323 et
1069 4272 1493 4325 consummatius
1523 4287 1620 4326 nos
1651 4273 1701 4327 id
1729 4273 1955 4328 doceant
1986 4292 2102 4345 qua:
2132 4288 2319 4331 mutuo

768 4360 922 4413 nobis
965 4362 1325 4431 contigerunt,
1367 4380 1427 4419 ac
1472 4366 1747 4435 utriusque
1791 4377 1986 4423 statum
2034 4370 2313 4437 aequalem,

768 4450 1013 4505 eumdem
1056 4454 1319 4521 animum,
1367 4457 1718 4525 cogitationes
1752 4459 1967 4513 easdem
2009 4471 2314 4530 suggerant,

766 4541 1067 4596 communis
1124 4552 1301 4597 nostra
1359 4544 1410 4599 in
1475 4545 1686 4601 Christo
1742 4564 1924 4613 causa,
1989 4552 2313 4619 persecutio,

2425 4000 2518 4051 καὶ
2551 3996 2782 4067 ἐξαρχῆς
2808 4000 2907 4066 τὴν
2951 3996 3223 4066 ἡμετέραν
3256 3995 3397 4064 ἔχεις
3455 3993 3848 4063 συμφωνοῦσαν
3883 4010 3978 4062 με-

2422 4088 2676 4159 τριότητα
2699 4104 2710 4117 ³
2742 4086 2929 4157 διόπερ
2960 4086 3017 4138 ού
3044 4086 3208 4138 δεῖται
3234 4083 3484 4155 συνεχοῦς
3514 4085 3606 4136 ἐπὶ
3624 4083 3833 4147 τούτοις
3851 4085 3969 4137 ὑπο

2425 4181 2701 4250 μνήσεως·
2740 4176 2973 4246 μάλιστά
2994 4192 3055 4244 γε
3076 4175 3188 4238 νῦν,
3221 4176 3307 4228 ὅτε
3360 4174 3541 4244 φωνῆς
3574 4175 3789 4243 ἀπάσης
3840 4176 3976 4259 λαμο

2418 4268 2680 4338 πρότερόν
2727 4283 2785 4318 τε
2841 4265 2935 4319 καὶ
2972 4265 3320 4335 τελειότερον,
3360 4263 3798 4317 ἁναδιδάσκουσιν
3832 4265 3977 4333 ἡμᾶς

2417 4363 2484 4415 τὰ
2509 4360 2772 4429 ἀλλήλων,
2807 4360 2899 4411 καὶ
2924 4360 3002 4420 εἰς
3038 4357 3164 4425 μίαν
3198 4356 3420 4427 γνώμην
3471 4356 3563 4409 καὶ
3591 4356 3650 4408 τὸ
3693 4355 3823 4408 αὐτὸ
3857 4374 3977 4409 συν-

2416 4451 2646 4506 άπτουσι
2674 4450 2921 4520 φρόνημα
2943 4465 2955 4478 ·
2986 4451 3073 4503 ὅτε
3106 4447 3281 4511 κοινὸς
3306 4448 3445 4519 ὑπὲρ
3464 4446 3696 4518 Χριστοῦ
3714 4446 3975 4516 διωγμὸς,

2416 4548 2510 4599 καὶ
2536 4546 2603 4598 τά
2635 4545 2787 4598 κοινά
2824 4543 2967 4613 πάθη
2998 4543 3092 4596 καὶ
3119 4542 3468 4611 άνιστόρητα,
3512 4537 3591 4605 οἷς
3618 4541 3859 4595 ὲναθλεῖν
3885 4543 3974 4595 διὰ

766 4645 1080 4688 communes
1123 4634 1417 4704 passiones,
1457 4636 1759 4692 ineﬂabiles
1799 4640 1996 4710 quibus
2040 4656 2311 4695 meremur
2348 4700 2382 4710 _
2413 4655 2439 4690 τ

2303 4658 2311 4672 -
2348 4700 2382 4710 ἢ
2413 4639 2512 4708 τὴν
2545 4638 2867 4706 συντήρησιν
2896 4635 3002 4688 τῶν
3025 4628 3608 4687 δεσποτικῶνέντολῶν
3656 4632 3749 4686 καὶ
3797 4649 3976 4701 παρα-

764 4720 1057 4777 conilictari
1115 4700 1334 4794 propter
1390 4700 1840 4795 observationem,
1904 4741 1958 4785 et
2014 4733 2310 4787 custodiam
2345 4700 2387 4754 ο
2418 4746 2437 4797 q

2301 4750 2310 4787 ι
2345 4700 2387 4754 D
2418 4700 3021 4798 φυλακὴνξάξιούμεθα.
3058 4726 3295 4778 Ἐντεινε
3335 4724 3513 4777 τοίνυν
3545 4724 3639 4777 καὶ
3684 4700 3974 4777 κατευοδοῦ

765 4814 1135 4869 mandatorum
1177 4814 1383 4871 Domini
1418 4819 1620 4873 nostri.
1665 4819 1886 4875 Intende
1920 4832 2096 4877 autem
2128 4839 2307 4893 porro,

764 4915 818 4959 et
840 4914 984 4960 recto
1028 4907 1241 4961 tramite
1286 4908 1533 4973 incedito,
1578 4924 1768 4964 manus
1816 4912 2117 4981 imponens,
2160 4929 2311 4968 sacra

764 5010 1040 5065 peragens,
1072 4998 1266 5053 Christi
1296 5015 1509 5071 gregem
1538 5002 1896 5071 multiplicans
1926 5014 1979 5057 et
2018 5004 2307 5075 adaugens,

766 5090 960 5158 templa
1008 5092 1310 5146 veneranda
1356 5102 1675 5147 construens
1710 5104 1761 5148 et
1795 5094 2082 5160 dedicans;
2122 5098 2309 5165 princi-

766 5193 869 5245 pue
913 5194 1033 5233 cum
1068 5184 1305 5249 tempora
1350 5181 1454 5235 sint
1492 5182 1786 5250 ejusmodi,
1825 5183 1876 5235 in
1912 5184 2103 5251 quibus
2132 5199 2314 5238 sacer-

761 5271 911 5324 dotes
934 5280 986 5323 et
1009 5274 1386 5339 sacerdotium,
1411 5289 1654 5344 magnam
1685 5285 1910 5345 partem,
1947 5277 2311 5330 miserandum

764 5362 814 5413 in
871 5361 1085 5415 modum
1143 5363 1352 5418 silentio
1410 5364 1734 5429 obruuntur,
1796 5374 1850 5419 et
1879 5381 1944 5420 ex
2002 5366 2310 5419 hominibus

761 5451 1102 5505 i-liminantur
1123 5469 1135 5514 ;
1157 5466 1275 5505 cum
1301 5455 1495 5522 templa
1523 5455 1716 5523 passim
1744 5455 1976 5509 desolata
1998 5456 2231 5523 iaceant,
2254 5465 2308 5509 et

760 5540 1010 5594 dctnolita
1058 5541 1279 5597 sintaut’
1315 5546 1562 5614 expilata,
1611 5560 1705 5614 pro
1742 5546 1828 5599 illo
1869 5545 2055 5600 ordine
2096 5556 2149 5599 et
2190 5547 2305 5616 pul-

2418 4818 2736 4891 χειροθετῶν
2768 4836 2824 4872 τε
2849 4819 2941 4872 καὶ
2970 4817 3276 4887 ίεροτελῶν,
3306 4816 3400 4870 καὶ
3426 4816 3486 4868 τδ
3520 4816 3766 4885 ποίμνιον
3796 4813 3976 4879 αὔξων

2418 4913 2510 4966 καὶ
2539 4910 2820 4978 πληθύνων
2873 4909 3103 4980 Χριστοῦ
3127 4926 3140 4939 ·
3194 4908 3350 4971 ναούς
3379 4925 3437 4960 τε
3470 4908 3698 4969 σεπτοὺς
3748 4906 3976 4976 εγείρων

2416 5000 2509 5053 καὶ
2544 4998 2929 5069 τελεσιουργῶν
2950 5015 2963 5029 ο
2993 4997 3104 5051 ἀλλ’
3139 4998 3274 5051 ὥστε
3308 5007 3335 5047 ⁴Ι
3360 4998 3451 5049 καὶ
3481 4998 3690 5068 καιροῖς
3714 4996 3974 5056 τοιούτοις

2417 5092 2473 5143 ὲν
2506 5085 2585 5151 οἷς
2616 5091 2775 5157 ἱερεῖς
2805 5106 2861 5141 τε
2893 5090 2983 5141 καὶ
3018 5087 3301 5157 ἱερωσύνη,
3338 5087 3396 5141 τὸ
3420 5085 3581 5157 μέρος
3614 5084 3836 5137 εκείνων
3864 5084 3972 5137 τῶν

2413 5178 2755 5248 τρισαθλίων,
2788 5179 3065 5247 σεσίγηται
3106 5178 3200 5231 καὶ
3230 5178 3287 5242 ιξ
3314 5176 3611 5248 ἀνθρώπων
3632 5177 3927 5247 ἠφάνισται
3954 5193 3967 5206 ·

2413 5269 2553 5322 ναῶν
2590 5286 2647 5321 τε
2704 5269 2905 5339 ἐρημία
2955 5271 3046 5323 καὶ
3080 5271 3341 5340 πόρθησις
3372 5269 3491 5323 ἀντὶ⁸
3518 5271 3616 5339 τῆς
3650 5272 3777 5338 πρὶν
3808 5271 3967 5321 εὐκο-

2414 5360 2598 5429 σμίας,
2626 5358 2687 5413 τὸ
2736 5359 3037 5428 Ῥωμαϊκὸν
3069 5360 3287 5431 κατέχει
3317 5359 3634 5428 πολίτευμα,
3658 5359 3750 5411 καὶ
3782 5375 3969 5429 μονον-

2410 5452 2527 5520 ουχὶ⁸
2582 5451 2647 5505 τὰ
2694 5450 3035 5521 Χριστιανῶν
3078 5452 3141 5504 εκ
3192 5450 3405 5521 βάθρων
3453 5448 3631 5503 αὐτῶν
3664 5450 3965 5519 ἀνατέτρα-

2411 5560 2559 5598 πταιο
2579 5537 2677 5607 οἷς,
2696 5543 2775 5606 τίς
2794 5541 2953 5608 ἀξίως
2971 5542 3123 5607 άλλος
3140 5543 3171 5615 ἢ
3190 5543 3451 5615 Ἱερεμίας
3472 5540 3839 5607 επιστενάξειε
3883 5540 3967 5594 δυ-

2006 5701 2237 5759 γΑιὶΙᾹΞ
2278 5701 2674 5758 LECTIONES.

838 5865 861 5908 Ρ
896 5858 986 5911 καὶ
1024 5858 1420 5931 ὲνδνναμούντι.
1502 5874 1526 5915 tt
1576 5864 1739 5928 ἄλλως
1780 5881 1851 5918 τ-.
