4236 6436
279 454 392 520 833

1432 436 1646 499 EPIST
1658 434 1969 499 OLARUM
2014 434 2237 499 LIBER
2276 435 2355 498 ῐῐ.

3379 440 3485 507 834

278 568 441 631 vero;
488 563 563 618 ὢν
616 558 835 625 οίκιίοις
873 557 1083 631 θρήνοις
1127 552 1453 624 ¹τηλικαύτης
1484 548 1714 623 ίρημίας
1751 549 1843 602 ἀκο
1873 556 1951 615 At

1820 576 1843 591 ο
1873 556 1921 615 Α
1947 549 2251 606 rhritudine
2298 564 2399 620 qua
2445 550 2592 621 prius
2630 548 2866 607 Romana
2905 549 3202 621 respublica
3248 546 3487 606 ﬂorebat.

276 654 627 729 τραγῳδῆσαι
682 650 774 706 καὶ
815 645 1160 720 παραστῆσαι
1205 641 1464 715 μίγεθοςς
1503 640 1639 729 ἀλλά
1678 636 1846 729 ταύτα

1820 656 1846 692 α
1953 648 2003 691 et
2059 637 2498 696 Christianismus
2546 647 2748 695 tantum
2790 653 2895 695 non
2944 652 3007 695 ex
3059 638 3175 693 ltnis
3216 638 3493 694 subruitur

284 726 504 814 mustei
532 738 860 813 σιωπώμενα
891 736 1179 809 κίκραγεν.
1206 733 1275 788 Σὺ
1307 731 1362 787 δί
1390 747 1477 801 μοι
1518 728 1587 784 τά
1613 744 1672 783 τε
1709 726 1843 783 ἀλλα
1952 736 1957 784 l

1820 742 1843 781 s
1952 728 2333 787 fundamentis.
2367 729 2719 802 lngemlscere
2748 729 2811 785 ad
2841 729 2974 795 hac.
3006 742 3103 801 pro
3140 730 3344 786 meritis
3374 729 3493 800 quis

277 838 511 912 ἔρρωσο,
547 833 642 891 καὶ
668 832 767 900 τῆς
798 830 951 905 ήμῶν
982 824 1282 897 ύπεριύχου
1308 820 1673 894 μετριότητος.

1948 818 2083 874 alius
2133 817 2404 876 suil‘ecerlt
2447 834 2604 889 quam
2655 816 2932 882 Jeremlas.
2985 817 3073 888 qui
3113 816 3340 888 propriis
3380 818 3493 873 suis

277 907 438 988 lessls
484 938 538 985 et
567 922 833 990 lamentis.
876 930 1035 977 tanta;
1077 917 1340 975 vastitatis
1376 922 1430 972 et
1472 909 1815 970 desolationis
1862 907 2281 981 magnitudinem
2318 921 2371 967 et
2403 911 2702 982 exprimere
2742 908 2927 982 possit.
2968 917 3021 965 et
3071 907 3268 980 tragice
3303 908 3490 980 deplo-

279 1026 444 1083 rure?
500 1022 593 1080 sed
643 1020 758 1077 htec
802 1016 1018 1075 silentio
1063 1028 1244 1087 pressa
1288 1011 1591 1068 exclamant
1648 1017 1848 1063 tamen.
1915 1000 1994 1058 Tu
2027 1013 2217 1061 caetera
2248 1006 2383 1072 vale.
2410 1014 2466 1061 et
2494 1020 2590 1077 pro
2618 1020 2733 1062 mea
2763 1002 3130 1061 mediocritate
3155 1000 3293 1075 apud
3324 998 3490 1059 Deum

278 1114 533 1189 precibus
561 1112 849 1169 lntercede.

438 1338 700 1411 Ἰτγατίφ
723 1244 1123 1408 μητρξὲἐέῗῷ
1147 1242 1700 1391 ἵλαυδιουπόλεως.

2502 1222 2711 1281 Ei'IST.
2751 1223 2903 1281 XVII.

2242 1314 2454 1390 lgnatio
2487 1326 2706 1387 matrop.
2736 1314 3212 1385 Ciaudiapelitano.

1488 1438 1750 1490 Montacut.
1785 1441 1885 1504 (ep.
1916 1435 2023 1499 tte.
2054 1447 2103 1500 p.
2134 1431 2267 1497 ίθδ).

352 1548 460 1609 Ἦν
499 1567 627 1607 ποτε
658 1548 887 1623 φευκτὸν
916 1549 1010 1605 καὶ.
1066 1547 1293 1621 φοϐερὸν
1343 1546 1405 1602 τδ
1432 1545 1697 1618 ἀνάθεμα,
1745 1544 1830 1600 δτε

280 1644 421 1702 κατά
449 1643 555 1699 τῶν
582 1642 778 1715 ἀνόχων
802 1641 898 1714 τῆς
935 1639 1205 1705 ἀσεϐείας.
1239 1639 1377 1711 ύπὶρ
1405 1638 1511 1693 τῶν
1533 1636 1631 1707 τῆς
1678 1637 1831 1691 εύσε·

279 1736 432 1801 θείας
462 1733 735 1808 κηρύκων,
767 1733 1009 1804 ιφίρετο.
1054 1730 1168 1801 ’.ἀφ’
1198 1723 1257 1785 οὐ
1289 1730 1342 1784 δὲ
1390 1730 1424 1802 η
1456 1728 1700 1800 τολμηρα
1741 1743 1831 1782 και

2011 1540 2137 1597 Erat
2190 1539 2313 1596 olltu
2382 1538 2615 1595 terribile
2664 1539 2967 1605 anathema.
3020 1547 3074 1596 et
3146 1539 3487 1613 fugiendum;

1940 1647 2131 1706 nempe
2183 1646 2304 1689 cum
2340 1647 2367 1687 a
2407 1631 2643 1688 veritatis
2676 1632 3029 1703 praeouibus,
3066 1640 3247 1687 contra
3289 1646 3405 1688 reos
3436 1641 3490 1688 ct

1947 1725 2214 1795 uuprubos
2248 1723 2539 1800 ferebatur.
2591 1721 2662 1777 Ex
2697 1734 2800 1792 quo
2836 1736 2960 1777 vero
3016 1720 3185 1777 audax
3228 1731 3279 1778 et
3318 1721 3490 1793 impu-

278 1826 632 1900 ἀναίσχυντος
684 1823 793 1880 τῶν
849 1823 1159 1895 ἀλαστόρων
1193 1820 1437 1888 ἀπόνοια,
1484 1819 1629 1893 παρά
1655 1820 1831 1875 πάντα
1868 1842 1905 1899 η
1936 1830 1951 1869 t

1815 1836 1831 1873 t
1868 1842 1905 1899 η
1936 1812 2068 1871 dens
2106 1814 2391 1871 alastorum
2434 1811 2785 1883 quorumdam
2836 1810 3070 1878 vesania,
3108 1821 3290 1868 eontra
3348 1812 3488 1883 leges

280 1918 479 1988 θεσμὸν
510 1916 651 1973 θετόν
676 1932 736 1971 τε
775 1913 868 1971 καὶ
912 1912 1268 1986 ἀνθρώπινον,
1314 1912 1407 1966 καὶ
1461 1912 1607 1984 παρά
1659 1910 1835 1966 πάντα

279 2009 436 2080 λόγον
464 2006 769 2081 Ἑλληνικόν
793 2023 853 2063 τι
877 2006 969 2062 καὶ
993 2003 1285 2079 βάρϐαρον,
1302 2000 1361 2057 τδ
1378 2002 1570 2058 οίκείον
1591 2001 1836 2073 ἀνάθεμα

278 2094 417 2151 κατά
439 2094 546 2151 τῶν
567 2094 865 2168 προμάχων
891 2094 987 2165 τῆς
1016 2090 1327 2166 όρθοδοξίας
1356 2088 1711 2163 ἀναστρίφειν
1746 2090 1835 2145 εκ-

278 2187 573 2260 φρυάξατο,
598 2187 688 2243 καὶ
717 2186 812 2261 τὴν
843 2184 1172 2260 βαρϐαρικὴν
1210 2182 1403 2257 μανίαν
1453 2181 1833 2255 ίκκλησιαστι-

278 2278 380 2349 κὴν
401 2278 741 2352 παρανομίαν
759 2276 1165 2350 ἀφιλόνείκησαν
1186 2272 1617 2348 ἀπεργάσασθαι,
1638 2272 1834 2331 αὐτίκα

278 2370 376 2426 καὶ
418 2372 477 2426 τὸ
523 2370 749 2445 φρικτὸν
802 2370 975 2426 ικείνο
1007 2369 1097 2425 καὶ
1136 2366 1323 2440 ποινῆς
1381 2366 1598 2436 ἀπάσης
1660 2364 1834 2438 πίρας

277 2458 523 2531 ισχατον,
557 2463 636 2525 είς
666 2458 865 2529 μύθους
894 2458 989 2515 καὶ
1012 2457 1237 2528 παίγνια
1267 2455 1679 2529 μιταπόπτωκε·
1706 2454 1836 2529 μάλ-

278 2556 370 2610 λον
403 2554 619 2623 δι,τοῐς
661 2552 905 2609 εύσεθίσι
955 2553 1050 2609 καὶ
1110 2552 1323 2624 αίρετύν
1374 2550 1830 2624 παρεσκεύασται.

281 2642 420 2700 om
446 2644 553 2714 γάρ
580 2640 690 2697 οὐδ’
744 2642 778 2716 η
816 2641 1110 2714 πάντολμος
1160 2638 1266 2696 τῶν
1295 2638 1502 2713 ιχθρῶν
1556 2643 1653 2713 της
1700 2639 1834 2712 ἀλη-

283 2737 435 2806 θείας
453 2737 667 2811 γνώμη,
688 2736 784 2802 τάς
814 2738 1022 2804 ποινάς,
1057 2736 1149 2791 καὶ
1177 2734 1409 2807 μάλιστα
1429 2736 1524 2800 τάς
1550 2733 1838 2806 ἀκκλησια-

282 2829 499 2897 στικάς,
523 2830 662 2885 ποιεί
681 2825 934 2900 φοδεράς,
962 2826 1095 2883 ἀλλά
1115 2824 1221 2882 τῶν
1247 2825 1560 2897 πασχόντων
1586 2823 1645 2879 τδ
1674 2822 1836 2879 eme.

282 2920 463 2989 θυνον,
491 2920 565 2987 ὡς
593 2920 654 2976 τό
683 2935 746 2991 γε
767 2918 1053 2975 ἀνεύθυνον
1076 2918 1165 2973 καὶ
1213 2918 1292 2981 είς
1325 2914 1524 2988 χλεύην
1552 2915 1649 2979 τάς
1693 2912 1837 2970 satri-

280 3032 390 3071 νων
419 3013 686 3087 τιμωρίας
708 3014 918 3086 τρίπει,
941 3009 1036 3066 καὶ
1077 3006 1196 3065 κατ’
1221 3008 1444 3064 ικιίνων
1479 3006 1541 3063 τδ
1568 3003 1836 3077 δικαίωμα

281 3107 383 3179 τῆς
414 3104 681 3178 τιμωρίας
712 3102 1059 3177 ἀναστρέφει,
1086 3100 1179 3157 καὶ
1212 3098 1289 3173 τῷ
1325 3098 1418 3154 ὐπ’
1455 3096 1635 3155 αὐτῶν
1662 3113 1835 3169 τιμω-

1937 1919 2124 1962 omnes
2149 1904 2361 1962 divinas
2381 1914 2435 1961 et
2460 1902 2749 1970 humanas;
2782 1910 2969 1958 contra
2987 1916 3197 1959 omnem
3228 1902 3486 1960 rationem

1935 1994 2194 2060 timeam.
2231 1994 2533 2058 barbaram.
2577 1991 2810 2065 ipsorum
2855 1994 3137 2048 anathema
3182 1991 3235 2048 in
3288 2008 3487 2065 propu-

1935 2093 2180 2157 gnatores
2235 2086 2542 2142 orthodoxae
2598 2082 2806 2155 pietatis
2859 2082 3022 2154 iaciat
3070 2083 3384 2149 insolenter.
3430 2094 3488 2142 et

1937 2174 2147 2232 i‘urores
2211 2174 2541 2240 barbaricos.
2593 2173 2981 2231 ecclesiasticas
3035 2176 3486 2247 transgressiones

1936 2279 2125 2340 magna
2174 2266 2521 2323 contentione
2563 2263 2832 2321 habendas
2871 2265 3233 2333 couteutiuut;
3264 2282 3292 2322 e
3324 2266 3487 2323 vel-ti-

1934 2357 2020 2430 plo
2065 2356 2195 2414 illud
2245 2356 2659 2423 formidandum.
2708 2364 2761 2412 et
2810 2356 3048 2413 omnium
3104 2358 3485 2429 suppliciorum

1935 2456 2260 2515 extremum.
2303 2448 2355 2505 in
2388 2446 2620 2505 fabulam
2651 2457 2704 2504 et
2737 2446 3022 2503 ludibrium
3060 2451 3264 2505 evasit:
3310 2451 3487 2519 potius

1934 2539 2033 2597 viri
2066 2540 2139 2614 pli
2176 2538 2303 2597 illud
2334 2540 2735 2610 exoptaverint;
2776 2552 2881 2593 non
2922 2538 3061 2593 enim
3094 2538 3355 2594 sententia
3395 2556 3488 2611 per

1936 2632 2323 2690 audacissimos
2385 2630 2622 2688 veritatis
2681 2630 2859 2687 hostes
2906 2630 3009 2685 lata
3064 2646 3248 2703 pinnas
3299 2634 3484 2691 saltem

1934 2724 2321 2783 ecclesiasticas
2352 2722 2715 2781 formidabiles
2753 2722 2897 2782 facit.
2946 2729 3037 2784 seti
3082 2742 3260 2785 reatus
3302 2747 3486 2785 eorum

1937 2814 1990 2871 in
2020 2830 2156 2887 quos
2184 2816 2577 2886 intorquentur.
2610 2814 2764 2882 Quod
2794 2816 2833 2874 si
2860 2815 3122 2876 innocens
3148 2822 3269 2891 quis
3301 2821 3484 2887 luerit.

1936 2906 2188 2965 ridendas
2211 2906 2418 2963 illorum
2444 2921 2630 2978 pansa
2670 2912 2934 2981 prupimt.
2969 2923 3023 2967 et
3049 2912 3101 2967 in
3139 2912 3487 2984 ipsorummet

1932 2996 2192 3069 judicium
2226 3006 2415 3063 mutat.
2456 2998 2525 3055 illi
2568 3013 2746 3065 autem
2792 3016 2949 3073 quem
3004 3004 3295 3061 multarunt
3334 3021 3487 3063 cero-

1937 3102 2059 3145 nam
2108 3089 2626 3159 imtnarcescibilem.
2662 3101 2717 3148 et
2750 3092 3102 3150 immortalem
3138 3095 3357 3167 gloriam
3391 3112 3488 3169 pro

283 3177 533 3268 ρουμίνῳ
560 3194 852 3265 στεφάνους
888 3192 1211 3263 ἀκηράτους,
1237 3190 1327 3244 καὶ
1355 3186 1619 3243 ἀθάνατον
1654 3186 1833 3257 δόξαν,
1858 3177 1902 3243 C
1936 3194 1956 3236 I

1816 3226 1833 3257 ,
1858 3177 1902 3243 Ο
1936 3180 2210 3252 suppliciis
2250 3191 2516 3251 procurat.
2551 3180 2808 3251 Quocirca
2837 3184 3061 3257 quisque
3108 3188 3227 3258 plus
3258 3196 3311 3244 et
3362 3204 3485 3245 san-

282 3289 405 3344 ἀντὶ
437 3281 647 3358 ποινῆς,
694 3282 1079 3357 ἀπεργάζεται.
1137 3280 1214 3336 Δι’
1263 3278 1292 3335 δ
1342 3279 1440 3336 καὶ
1469 3276 1699 3346 ικαστος
1722 3278 1831 3334 τῶν

281 3376 522 3436 εὐσεδῶν
549 3376 641 3433 καὶ
669 3376 860 3447 ἀγίων,
885 3372 977 3431 ὐπ’
1004 3370 1179 3430 αὐτῶν
1214 3368 1659 3443 ηλλοτριωμινων
1698 3368 1835 3442 Χρι-

284 3464 436 3536 στοῦ,
463 3466 717 3541 μυριάκις
746 3464 977 3538 αιρείται
1022 3454 1543 3533 προπηλακίζεσθαι,
1576 3453 1669 3511 καὶ
1704 3456 1831 3511 ἀνα-

282 3557 667 3631 θεματίζεσθαι
697 3556 730 3630 ἢ
770 3556 882 3619 τοῖς
926 3550 1103 3610 αὐτῶν
1128 3547 1488 3624 μισοχρίστοις
1522 3548 1614 3603 καὶ
1643 3545 1833 3603 θεστυ-

283 3648 437 3721 γίσιν
472 3648 607 3721 μετά
652 3646 908 3720 λαμπρᾶς
943 3642 1041 3716 τῆς
1075 3640 1344 3715 εὐφημίας
1386 3637 1705 3713 κοινωνῆσαι
1739 3654 1827 3695 πο-

280 3740 635 3815 νηριύμασιν.

873 3826 1091 3884 ΕΠιΣΤ.
1127 3826 1236 3883 ιη’.

543 3920 781 3995 Μιχαὴλ
803 3918 1203 3994 μητροκολίεη
1232 3911 1596 3985 Μιτυλήνης.

1934 3284 2054 3330 ctus
2099 3274 2177 3330 vir
2207 3275 2351 3331 mille
2383 3276 2557 3332 modis
2591 3277 2871 3347 optaverit,
2912 3278 3088 3350 potius
3118 3278 3187 3336 ab
3232 3282 3296 3337 iis
3331 3282 3420 3354 qui
3454 3297 3486 3340 a

1931 3360 2150 3420 Christo
2190 3363 2347 3420 ulleni
2406 3372 2535 3419 sunt
2583 3364 2924 3422 contumeliis
2960 3365 3119 3430 allici.
3169 3379 3223 3425 et
3263 3370 3487 3428 anathe-

1932 3458 2075 3508 mate
2117 3450 2285 3520 feriri.
2327 3467 2485 3525 quam
2530 3467 2653 3509 cum
2700 3452 2988 3525 splendore
3028 3465 3084 3514 et
3124 3459 3379 3531 applausu
3418 3463 3486 3520 de

1932 3540 2169 3616 ipsorum
2192 3545 2554 3618 lmpietatibus
2572 3547 2908 3621 participare.
2938 3550 3027 3623 qui
3048 3550 3264 3610 Christo
3286 3555 3478 3622 odiosi.

1935 3642 1993 3692 et
2024 3633 2130 3693 Deo
2161 3635 2315 3693 invisi
2344 3647 2488 3694 sunt.

2485 3836 2696 3897 EPIST.
2738 3840 2922 3899 XVlil.

2245 3928 2484 3985 Micltasii
2516 3931 2786 4006 Δίίινίεηεε
2823 3935 3178 4005 matropoh’ta.

1488 4022 1751 4077 Montaeut.
1788 4023 1887 4092 (ep.
1922 4029 2028 4098 iis.
2061 4047 2111 4100 p.
2146 4034 2273 4102 157).

353 4137 557 4209 Ὠσπερ
576 4135 699 4200 τούς
716 4132 809 4189 τοῦ
839 4135 1105 4190 Δεσπότου
1129 4130 1373 4204 μαθητὰς
1396 4128 1459 4186 se
1486 4130 1826 4203 μισόχριστον

276 4228 388 4283 τῶν
418 4226 681 4285 Ἰουδαίων
702 4224 968 4296 συνίδριον
993 4219 1447 4292 ἀποσυναγώγους
1484 4222 1822 4293 ποιήσαντες,

1982 4137 2438 4207 Quemadmodum
2459 4146 2748 4219 discipulos
2762 4148 2966 4208 Domini
2987 4151 3152 4208 nostri
3170 4149 3473 4209 Judeorum

1927 4229 2342 4291 Christiosorum
2365 4238 2670 4310 syoedrium
2692 4257 2719 4297 e
2745 4243 3023 4315 synagogis
3041 4244 3338 4315 ejicientes.
3356 4245 3473 4302 illos

276 4322 522 4387 ἀκείνους
571 4321 666 4394 μιν
721 4322 917 4391 μᾶλλον
944 4336 1022 4391 τῳ
1073 4316 1382 4389 Διδασκάλῳ
1436 4316 1550 4409 καὶ-
1582 4316 1823 4409 δεσπότῃ
1860 4342 1899 4397 η
1929 4341 1949 4380 ε

1800 4332 1823 4388 n
1860 4342 1899 4397 η
1929 4339 1992 4380 eo
2024 4324 2198 4393 facto.
2242 4331 2410 4401 magis
2449 4329 2710 4403 magistro
2737 4342 2791 4389 et
2824 4332 3050 4390 Domino
3074 4335 3267 4392 dedere
3309 4351 3473 4409 copu-

280 4411 721 4483 προσῳκείωσαν,
754 4408 975 4473 ἑαυτοὺς
1004 4409 1059 4462 δὲ
1087 4406 1265 4461 τίλεον
1286 4407 1378 4460 καὶ
1407 4405 1503 4475 τῆς
1530 4404 1679 4470 θείας
1728 4422 1830 4476 μυ-

282 4500 611 4571 σταγωγίας,
635 4500 730 4555 καὶ
754 4500 850 4571 τῆς
874 4496 1115 4571 οὐρανῶν
1148 4495 1421 4569 βασιλείας
1447 4494 1825 4567 ἡλλοτρίωσαν.

280 4592 437 4646 υύτω
466 4590 559 4646 καὶ
606 4588 700 4645 νῦν
746 4592 793 4644 ei
832 4589 938 4645 τῶν
984 4588 1249 4643 Ἰουδαίων
1288 4588 1540 4658 μιμηταὶ,
1572 4586 1696 4650 τοὺς
1725 4585 1829 4641 τῶν

275 4681 589 4739 ἀποστόλων
638 4680 921 4753 ζηλωτὰς,
974 4678 1427 4749 ἀποσυναγώγους
1487 4678 1825 4751 ποιήσαντες,

277 4772 426 4843 ἡμᾶς
458 4772 554 4844 μιν
577 4775 687 4838 τοις
714 4771 1017 4836 θεσπεσίοις
1047 4770 1273 4836 ικείνοις
1294 4770 1386 4824 καὶ
1413 4768 1703 4833 αὐτόπταις
1734 4767 1825 4824 τοῦ

278 4867 474 4933 Λόγου,
504 4864 740 4936 συνῆψαν
773 4880 832 4919 τε
867 4864 1065 4935 μᾶλλον
1101 4862 1194 4918 καὶ
1237 4862 1569 4933 συνηνωσαν.
1626 4859 1683 4916 'H
1721 4861 1825 4932 γὰρ

280 4954 529 5010 κοινωνία
578 4954 686 5008 τῶν
715 4952 902 5008 παθῶν
952 4950 1343 5025 ἀκριδιστίραν
1376 4954 1602 5007 ποιεῖται
1628 4950 1723 5025 τήν
1768 4952 1825 5006 ἀν

276 5040 378 5115 βίῳ
408 5044 496 5098 καὶ
534 5042 708 5098 πίστιι
738 5044 1047 5111 συνάφειαν·
1086 5040 1304 5105 ίαυτούς
1326 5039 1379 5094 δι
1430 5040 1521 5095 καὶ
1549 5042 1647 5111 τῆς
1680 5038 1824 5094 ὲκεί-

276 5152 382 5188 νων
435 5134 820 5201 διδασκαλίας,
879 5133 1106 5204 καὶτῆς
1172 5130 1439 5204 ήμετίρας
1496 5129 1821 5204 όρθοδοξίας,

276 5224 524 5289 δλεεινῶς
552 5240 611 5279 τε
642 5225 734 5279 καὶ
763 5222 962 5288 ἀθλίως
1020 5222 1383 5293 ἀναπίτεμον·
1438 5220 1530 5275 καὶ
1564 5219 1658 5293 τῆς
1689 5219 1731 5274 Χ
1743 5235 1823 5291 ρι-

278 5315 507 5371 στιανῶν
532 5316 663 5381 ὅλως
698 5316 790 5372 καὶ
818 5314 1057 5387 κλήσεως
1083 5313 1176 5369 καὶ
1197 5313 1464 5377 πολιτείας
1490 5314 1586 5385 την
1620 5312 1822 5367 ἑαυτῶν

280 5406 471 5477 μοῖραν
499 5404 827 5478 διχάσαντες,
853 5407 931 5471 είς
958 5408 1055 5477 την
1085 5403 1191 5459 τῶν
1239 5402 1520 5469 Ἰουδαίων,
1563 5401 1654 5468 οὓς
1681 5418 1820 5474 παρ-

274 5492 572 5565 εζήλωσαν,
597 5496 688 5549 καὶ
716 5494 1104 5569 χριστομαχίαν
1134 5494 1226 5550 καὶ
1251 5492 1560 5567 μιαιφονίαν
1589 5492 1819 5564 φερόμε-

284 5600 353 5638 aet
380 5584 815 5643 ίκπιπτώκασιν.

1932 4414 2087 4481 latos.
2127 4426 2183 4473 at
2216 4420 2423 4489 seipses
2481 4422 2696 4491 penitus
2740 4437 2770 4478 a
2808 4423 3011 4480 caelesti
3053 4426 3373 4499 mystagogia
3419 4438 3475 4484 et

1930 4521 2092 4578 regno
2142 4510 2402 4567 calorum
2465 4513 2670 4570 alienos
2738 4515 3037 4572 reddidere.
3089 4517 3169 4573 Ad
3218 4519 3469 4576 eumdem

1928 4596 2142 4653 modum
2177 4607 2229 4654 et
2256 4615 2403 4657 nunc
2428 4600 2731 4659 Judatorum
2768 4603 3063 4661 imitatores
3108 4605 3469 4676 apostolorum

1927 4685 2125 4743 zelotes
2156 4702 2256 4745 nos
2298 4704 2328 4746 ο
2356 4692 2635 4765 aynagogis
2660 4691 2959 4765 ejicientes.
2996 4708 3061 4751 eo
3097 4694 3238 4751 facto
3274 4696 3471 4752 divinis

1928 4775 2048 4842 illis.
2100 4788 2154 4835 et
2210 4776 2370 4838 Verbi
2412 4782 2673 4841 incarnatl
2716 4784 3109 4857 spectatoribus
3148 4801 3246 4844 nos
3302 4788 3471 4860 magis

1926 4866 2241 4938 coniunctos
2290 4871 2641 4940 adunierunt;
2687 4874 2950 4947 siquidem
2992 4890 3304 4934 communes
3344 4891 3467 4949 pas-

1925 4955 2124 5025 siones.
2175 4962 2569 5019 exactissimam
2610 4965 2731 5022 vitae
2775 4974 2829 5023 et
2868 4964 2991 5024 ildei
3030 4966 3464 5038 coniunctionem

1925 5060 2250 5116 aperantur;
2288 5062 2457 5108 semet
2488 5062 2664 5111 autem
2707 5054 2852 5127 ipsos
2887 5055 2955 5115 ab
2986 5070 3171 5113 eorum
3199 5055 3465 5125 doctrina.

1923 5146 1977 5191 et
2014 5140 2307 5197 orthodoxa
2341 5152 2526 5201 nostra
2559 5144 2679 5213 ilde.
2711 5146 2966 5204 miserum
2998 5157 3051 5205 et
3100 5146 3463 5205 miserandum

1923 5222 1976 5280 in
2020 5228 2233 5284 modum
2262 5230 2632 5301 absciderunt;
2670 5244 2726 5291 et
2767 5249 2888 5292 cum
2926 5235 3154 5307 separati
3187 5246 3315 5292 sunt
3344 5250 3464 5293 om-

1922 5311 2050 5369 nino
2078 5327 2108 5370 a
2145 5313 2572 5376 Christianorum
2610 5320 2830 5379 nomine
2859 5332 2913 5378 et
2942 5320 3123 5394 polltla
3144 5362 3161 5394 ,
3192 5323 3244 5379 in
3260 5321 3466 5380 δυόωσ-

1922 5416 2039 5457 rum
2099 5418 2233 5475 quos
2289 5406 2403 5466 zelo
2462 5409 2776 5479 imitantur.
2833 5412 3220 5485 appetitionem
3274 5424 3463 5473 contra

1919 5490 2213 5641 ﬁbristum.
2264 5508 2317 5555 et
2366 5499 2641 5560 homicidii
2684 5502 3032 5577 pollutionem
3067 5504 3270 5577 abrepti
3317 5505 3462 5562 exci-

1958 5593 2129 5641 erunt.

1958 5593 2129 5643 erunt.

1620 5846 2077 5869 w—
