4236 6436
1319 535 1533 593 EPIST.
1556 535 1696 590 XIX.

1060 631 1395 688 Euschemoni
1434 639 1482 684 et
1515 627 1728 696 Georgio
1763 635 1979 690 melrup.

1857 421 2081 482 PllOTI
2090 419 2116 479 Ι
2156 415 2646 479 PATRIARCllrE
2683 416 2786 473 CP.

2321 533 2370 588 Λ

3847 402 3957 466 836

2999 526 3218 580 ΕΠΙΣΤ.
3252 525 3348 577 ιθν.

2543 619 2893 692 Εὐσχήμονι
2923 621 3018 673 καί
3043 619 3310 688 Γεωργίῳ
3336 611 3817 686 μητροπολίταις.

1945 737 2208 786 Μοηιαευῐ.
2246 735 2346 798 (ep.
2382 737 2489 798 126,
2521 751 2567 799 p.
2603 737 2732 798 166).

813 855 930 910 Non
973 851 1282 922 despondeo
1310 851 1549 906 animum
1570 890 1586 914 ,
1611 848 1736 903 dum
1770 847 1982 901 intueor
2012 855 2299 916 tempesta-

744 957 906 1003 tatem
934 945 1228 1011 malorum,
1273 953 1326 998 et
1355 940 1646 1014 tyrannidis
1688 938 2084 1002 intensioncm;
2139 937 2299 991 audio

745 1038 888 1092 enim
936 1051 1031 1089 vos
1070 1051 1167 1104 per
1211 1034 1366 1089 fidem
1419 1032 1472 1085 in
1527 1032 1635 1085 Deo
1687 1041 1908 1094 certam,
1955 1038 2010 1082 et
2047 1027 2301 1098 pietatem

746 1127 1143 1183 efflorescentes
1180 1135 1235 1178 et
1267 1133 1551 1176 vernantes
1588 1140 1599 1175 :
1635 1122 1742 1175 imo
1773 1121 1952 1174 latitia
2002 1119 2204 1174 afficior
2233 1133 2298 1173 eo

747 1220 889 1291 quod
920 1219 1129 1272 illorum
1154 1231 1360 1270 summa
1391 1213 1748 1284 impudentia,
1769 1214 1857 1283 qui
1885 1214 2123 1268 dedecus
2153 1212 2302 1266 vobis

747 1322 803 1365 et
837 1309 1220 1379 turpitudinem
1240 1307 1490 1360 volebant
1529 1307 1793 1364 alfricare,
1817 1319 1912 1359 vos
1941 1312 1994 1358 et
2035 1303 2304 1372 pulchrio-

750 1419 834 1458 res
865 1401 1111 1462 reddidit,
1140 1409 1193 1454 et
1232 1399 1582 1468 probatiores.
1619 1396 1723 1450 Sed
1748 1437 1761 1460 ,
1791 1411 1822 1448 ο
1854 1411 1950 1450 vos
1983 1395 2160 1459 amici,
2189 1393 2300 1456 ﬁlii,

751 1495 963 1555 fratres,
998 1501 1053 1546 et
1084 1491 1128 1545 si
1167 1490 1294 1560 quid
1335 1504 1528 1542 nomen
1567 1488 1711 1542 filiali
1755 1503 1936 1542 amore
1979 1498 2034 1542 et
2072 1485 2301 1543 naturali

2469 849 2579 902 Οὐκ
2604 847 2814 918 ἀθυμῶ,
2848 847 2945 917 τὴν
2982 844 3224 914 χειμῶνα
3261 844 3367 897 τῶν
3404 841 3589 896 κακῶν
3619 842 3710 894 καὶ
3732 839 3832 908 τῆς
3863 857 3958 890 τι-

2402 942 2640 1013 ραννίδος
2680 941 3077 1008 ἐπιτεινόμενον
3109 937 3338 1007 βλέπων.
3370 938 3502 998 Ταῖς
3549 935 3655 1006 γάρ
3703 936 3779 996 είς
3821 933 3957 985 Θεον

2399 1033 2597 1095 ἐλπίσι,
2653 1032 2745 1082 καὶ
2776 1033 2838 1100 τῇ
2897 1031 3144 1099 εὐσεϐείᾳ.
3199 1028 3483 1090 ἀνθοῦντας
3516 1028 3657 1095 ὑμᾶς
3692 1027 3782 1076 καὶ
3814 1026 3959 1091 ἐαρί-

2400 1123 2588 1186 ζοντας
2619 1123 2831 1174 ἀκούω·
2870 1121 3067 1190 μᾶλλον
3097 1121 3151 1173 δὲ
3187 1120 3278 1173 καί⁵
3300 1120 3494 1191 χαίρω,
3527 1121 3605 1171 ὃτι
3638 1121 3728 1170 καὶ
3759 1119 3959 1188 ὡραιο-

2397 1215 2585 1284 τέρους
2643 1217 2736 1266 καὶ
2793 1213 3190 1282 δοκιμωτέρους
3242 1214 3273 1282 ή
3325 1212 3430 1265 τῶν
3459 1209 3812 1280 καταισχῦναι
3866 1209 3961 1260 καὶ

2399 1307 2778 1377 ἀσχημονῆσαι
2823 1305 3223 1358 σπουδασάντων
3247 1306 3388 1372 ὑμᾶς
3434 1303 3632 1366 ἔδειξεν
3668 1303 3960 1369 ἀναισχυν-

2396 1399 2506 1453 τία.
2554 1397 2710 1462 ⁹Δλλ’,
2741 1390 2786 1448 ῶ
2824 1396 2965 1464 φίλοι
2998 1399 3090 1448 καὶ
3113 1397 3278 1447 τέκνα
3314 1396 3406 1447 καὶ
3432 1393 3667 1459 ἀδελφοὶ,
3697 1393 3789 1444 καὶ
3828 1393 3879 1442 εἴ
3911 1409 3961 1441 τι

2401 1491 2633 1562 στοργῆς
2673 1491 2764 1543 καὶ
2805 1489 3038 1558 σχέσεως
3069 1487 3304 1555 φυσικῆς
3349 1487 3669 1554 οἰκειότερον
3690 1523 3704 1548 ,
3736 1483 3837 1542 Em;
3869 1484 3960 1532 τέ-

750 1582 1031 1636 aﬂ‘ectione
1065 1581 1234 1649 magis
1266 1579 1524 1633 familiare
1551 1579 1640 1641 sit,
1683 1594 1849 1646 usque
1882 1580 1946 1632 ad
1977 1580 2136 1632 finem
2169 1595 2301 1632 con-
2336 1571 2374 1626 Β
2405 1581 2423 1632 >

2288 1607 2301 1617 -
2336 1571 2374 1626 Β
2405 1581 2526 1644 λους
2554 1580 2670 1650 Θεῷ
2688 1581 2786 1649 τὴν
2819 1579 2988 1648 αὐτὴν
3039 1576 3455 1645 εὐγνωμοσύνην
3503 1576 3595 1628 καὶ
3627 1574 3687 1625 τὸ
3739 1572 3961 1640 φίλτρον

751 1683 1073 1726 summatum
1121 1670 1174 1722 in
1222 1668 1387 1722 Deum
1443 1669 1586 1722 hunc
1641 1669 1878 1721 animum
1934 1678 1987 1722 et
2047 1669 2299 1722 allectum

751 1775 1134 1817 conservemus
1180 1777 1193 1815 :
1240 1767 1294 1813 et
1327 1759 1778 1828 quemadmodum
1816 1757 1986 1813 Jobus
2019 1759 2106 1812 ille
2137 1775 2300 1829 gene-

753 1867 943 1914 rosus,
991 1851 1230 1919 ipsorum
1266 1849 1456 1902 ducem
1503 1848 1803 1910 diabolum,
1849 1864 1940 1918 per
1982 1851 2299 1918 stupendam

754 1940 894 1992 illam
948 1939 1257 2007 patientiam
1290 1947 1343 1991 et
1372 1937 1740 1992 fortitudinem
1788 1940 2060 2008 triumpho
2113 1940 2298 2000 duxit,

754 2030 823 2084 ita
859 2045 953 2084 vos
1004 2039 1062 2084 ut
1107 2029 1302 2084 Christi
1345 2028 1574 2098 populus
1613 2029 1700 2082 ille
1745 2040 1984 2090 sanctus,
2027 2030 2307 2098 regaleque

753 2120 1131 2184 sacerdotium,
1171 2129 1226 2174 ut
1258 2128 1311 2173 et
1341 2120 1485 2180 olim,
1521 2118 1589 2172 ita
1619 2120 1910 2173 etiamnum
1940 2121 2134 2174 istosce
2165 2120 2305 2174 illius

753 2226 1035 2280 germanos
1087 2211 1444 2281 primipilares
1500 2211 1810 2281 discipulos,
1869 2228 1990 2266 cum
2050 2212 2202 2266 lessis
2253 2221 2308 2266 et

756 2303 1023 2363 lamentis,
1077 2317 1176 2356 nec
1226 2319 1332 2371 quo
1374 2318 1431 2357 se
1481 2304 1763 2357 conferant
1800 2305 2051 2367 scientes,
2093 2304 2308 2372 publice

757 2394 1074 2463 spectandos
1111 2394 1504 2448 exhibebimus.
1547 2395 1676 2447 Nam
1707 2395 1849 2464 quod
1882 2411 1974 2449 vos
2019 2397 2180 2463 probe
2209 2411 2308 2447 no-

758 2483 851 2534 stis
893 2498 1046 2550 mque
1097 2492 1259 2550 atque
1296 2498 1395 2551 ego
1419 2522 1434 2544 ,
1468 2483 1652 2537 brabia
1689 2494 1973 2538 etcorome
2005 2495 2316 2553 exspectant

757 2589 869 2635 eos,
897 2574 985 2641 qui
1017 2589 1182 2641 usque
1205 2576 1268 2626 ad
1297 2575 1454 2626 finem
1481 2575 1778 2627 decertant.

1353 2687 1562 2743 EPIST.
1602 2686 1714 2742 ΧΧ.

1079 2779 1334 2835 Theodoro
1369 2783 1636 2847 metropol.
1675 2781 1960 2834 Laodiceae.

2403 1671 2753 1739 διασώσωμεν
2779 1685 2793 1700 ’
2817 1671 2908 1721 καὶ
2935 1669 3071 1737 ὅπερ
3113 1667 3227 1718 ’1ὼὸ
3255 1669 3279 1718 6
3318 1669 3557 1732 γενναῖος
3588 1667 3684 1734 τὴν
3713 1666 3963 1732 καθηγη-

2402 1762 2500 1829 τὴν
2530 1761 2706 1813 αὐτῶν
2745 1759 3050 1812 πεπονθότα
3077 1769 3121 1823 ι’,
3176 1757 3262 1811 διά
3290 1761 3385 1826 τῆς
3424 1757 3724 1825 θαυμασίας
3746 1755 3963 1823 ἐκείνης

2405 1853 2677 1921 ὑπομονῆς
2745 1851 2834 1904 καὶ
2896 1851 3144 1920 ἀνδρείας
3212 1849 3609 1919 ὲθριάμῦευσε’
3657 1849 3812 1900 τοῦτο
3870 1850 3965 1900 καὶ

2405 1946 2580 2014 ὑμεῖς,
2603 1944 2697 1998 καὶ
2725 1943 2848 2005 λαὸς
2901 1945 3051 2010 ἀγιος
3110 1941 3202 1994 τοῦ
3242 1941 3496 2012 Χριστοῦ,
3551 1941 3640 1993 καὶ
3694 1941 3964 2009 βασίλειον

2409 2039 2727 2110 ἱεράτευμα,
2765 2037 2950 2106 ὥσπερ
2992 2037 3152 2106 μέχρι
3197 2035 3310 2098 νῦν,
3333 2035 3472 2086 οὕτω
3506 2034 3596 2086 καὶ
3649 2034 3962 2093 διαπαντὸς,

2407 2130 2652 2181 τουτουσὶ
2678 2129 2799 2190 τοὺς
2829 2129 3037 2180 ἐκείνου
3065 2127 3314 2196 γνησίους
3350 2129 3440 2177 καὶ
3486 2126 3812 2194 κορυφαίους
3856 2143 3964 2193 μα-

2409 2219 2594 2290 θητὰς,
2627 2219 2980 2291 ὀδυρομένους
3006 2221 3098 2270 καὶ
3137 2217 3545 2288 ἀμηχανοῦντας
3599 2217 3962 2285 ἐπιδείξομεν.

2413 2312 2519 2362 Καὶ
2553 2313 2678 2379 γὰρ,
2708 2311 2779 2372 ὼς
2808 2311 2900 2362 καὶ
2931 2311 3085 2378 ὑμεῖς
3107 2308 3522 2372 συνεπίστασθε,
3560 2309 3665 2360 τῶν
3697 2313 3774 2370 είς
3812 2310 3968 2370 τέλος

2412 2403 2820 2473 ἀγωνιζομένων
2848 2402 2964 2455 ἐστὶ
2992 2403 3058 2453 τὰ
3091 2401 3315 2472 βραδεῖα
3350 2403 3440 2454 καὶ
3466 2402 3513 2453 οἱ
3549 2401 3821 2469 στέφανοι.

3021 2682 3241 2736 ΕΠΙΣΤ.
3273 2683 3354 2736 Κ’.

2647 2775 2918 2844 Θεοδώρῳ
2941 2776 3343 2844 μητροπολίτῃ
3381 2774 3742 2839 Λαοδικείας.

1969 2898 2234 2948 Montacut.
2269 2900 2370 2959 (ep.
2405 2899 2512 2959 HO,
2544 2912 2590 2960 p.
2629 2897 2755 2957 198).

834 3004 958 3060 Scio
973 3004 1230 3075 plurimos
1249 3005 1480 3059 fidelium
1507 3006 1576 3059 ita
1595 3005 1816 3061 affectos
1833 3021 1973 3070 esse,
1993 3016 2052 3060 ut
2075 3007 2313 3063 occasio-
2344 3016 2385 3075 η

764 3112 884 3152 nem
915 3113 1126 3151 omnem
1166 3107 1435 3166 qumrant,
1471 3113 1571 3167 qua
1602 3099 1808 3168 possint
1841 3099 2070 3168 propriae
2101 3099 2312 3153 virtutis

767 3191 968 3243 illustre
1011 3189 1273 3258 quoddam
1317 3191 1588 3258 specimen
1624 3190 1914 3255 exhibere;
1970 3199 2023 3245 et
2056 3199 2314 3261 martyres

768 3281 946 3335 felices
972 3281 1280 3350 praedicare,
1312 3282 1452 3349 quod
1496 3281 1778 3335 barbaram
1808 3292 2152 3352 tyrannorum
2188 3298 2312 3337 cru-

765 3372 1034 3426 delitatem
1065 3373 1207 3427 nacti
1244 3374 1473 3438 fuerant,
1516 3389 1619 3443 qua
1668 3375 1875 3444 possint
1913 3374 1966 3428 in
2011 3384 2311 3439 aeternum,

766 3481 915 3519 suam
948 3465 1185 3535 ipsorum
1215 3467 1375 3520 animi
1408 3468 1825 3536 magnitudinem
1872 3469 2020 3537 quasi
2051 3469 2313 3522 columnae

769 3555 1088 3624 insculptam
1131 3556 1388 3612 stabilire.
1426 3556 1566 3612 Sane
1596 3558 1744 3612 adest
1780 3558 1892 3615 haec
1921 3559 2031 3628 ipsa
2081 3560 2312 3622 occasio,

766 3647 846 3699 vel
876 3648 1046 3715 major
1087 3647 1283 3715 potius,
1333 3665 1490 3717 quam
1540 3657 1784 3717 speraret
1815 3650 1974 3704 etiam
2015 3651 2315 3703 valentissi-

768 3753 901 3796 mus.
934 3737 1174 3802 Conﬁdo,
1206 3748 1382 3792 autem
1413 3738 1553 3808 quod
1586 3741 1675 3808 qui
1715 3751 1908 3794 contra
1965 3748 2109 3794 tuam
2152 3757 2312 3810 gene-

769 3829 1036 3882 rositatem
1081 3828 1390 3901 insurrexit,
1416 3830 1680 3894 ultimam,
1711 3833 2016 3897 maximam,
2044 3841 2096 3886 et
2123 3849 2315 3900 perpe-

767 3930 857 3973 tuo
886 3922 1285 3975 memorandam
1319 3922 1692 3976 confusionem
1731 3924 1988 3988 incurret,
2031 3924 2083 3974 in
2119 3938 2317 3991 Oppre-

766 4009 940 4063 brium
995 4013 1225 4081 propriae
1259 4028 1380 4066 cum
1436 4013 1770 4066 inlirmitatis
1804 4021 1914 4066 tum
1947 4012 2200 4066 audaciae.
2243 4012 2317 4065 lta

767 4110 825 4154 ut
855 4101 1073 4156 immota
1105 4112 1191 4157 tua
1209 4102 1495 4157 formidine
1522 4104 1820 4172 perculsus,
1860 4103 2084 4157 ulterius
2114 4103 2316 4172 aliquid

765 4199 1031 4246 attentare
1057 4193 1306 4248 cessabit.
1335 4192 1407 4246 lta
1432 4209 1525 4262 per
1554 4193 1690 4247 hanc
1721 4193 1932 4247 unicam
1962 4194 2316 4247 concertatio-

770 4295 912 4343 nem,
966 4281 1071 4335 duo
1123 4282 1331 4353 egregia
1389 4297 1718 4352 consequere
1772 4283 2042 4352 trophaea,
2095 4297 2217 4334 cum
2261 4292 2318 4334 ut

2485 3003 2611 3058 Οίδα
2646 3004 2872 3066 πολλοὺς
2905 3001 3009 3056 τῶν
3038 3003 3246 3055 πιστῶν
3270 3001 3498 3072 ἀνδρῶν,
3537 3002 3723 3070 καιρὸν
3748 3002 3970 3071 ζητῶ-ο

2412 3117 2528 3163 τας,
2568 3100 2648 3167 ἐφ’
2683 3099 2739 3150 δν
2767 3097 2865 3166 τῆς
2891 3096 3094 3158 οίκείας
3117 3133 3121 3137 -
3145 3094 3343 3164 ἀρετῆς
3374 3096 3431 3148 τὸ
3491 3095 3716 3162 μέγεθος
3769 3097 3968 3147 ἐπιδει-

2414 3193 2626 3254 ξαιντο·
2665 3193 2756 3243 καὶ
2791 3191 2914 3250 τοὺς
2941 3190 3220 3257 μάρτυρας
3271 3189 3668 3256 μακαρίζοντας
3692 3229 3705 3253 ,
3756 3188 3836 3240 ὅτι
3871 3205 3965 3239 τυ-

2416 3285 2621 3353 ράννων
2643 3282 2796 3350 ἔσχον
2819 3282 3072 3349 ὠμότητα
3103 3283 3199 3349 τὴν
3227 3280 3472 3350 ἀνδρείαν
3496 3281 3671 3332 αὐτῶν
3696 3280 3774 3342 είς
3799 3281 3969 3334 αἰῶνα

2416 3375 2844 3446 στηλιτεύουσαν.
2896 3373 3224 3443 Ἐιρέστηκεν
3254 3368 3407 3434 οὗτος
3459 3375 3485 3424 6
3525 3373 3730 3440 καιρὸς,
3784 3375 3830 3425 εί
3874 3378 3969 3424 καὶ

2413 3469 2590 3529 πλέον,
2629 3467 2660 3535 ἢ
2691 3466 2812 3517 ὅσον
2843 3465 2906 3517 ἀν
2942 3465 3035 3515 καὶ
3065 3467 3091 3515 6
3122 3464 3492 3532 γενναιότατος
3523 3464 3716 3535 ἤλπισε
3742 3481 3754 3494 ·
3788 3465 3912 3515 πείθ
3948 3494 3972 3502 -

2418 3575 2512 3626 μαι
2539 3557 2615 3619 δὲ,
2647 3557 2720 3618 ὡς
2750 3555 3053 3607 τελευταῖον
3094 3556 3185 3608 καὶ
3219 3556 3471 3623 μέγιστον
3523 3559 3618 3622 τῆς
3649 3554 3780 3618 ίδίας
3813 3555 3973 3607 ἀσθ-

2414 3650 2579 3713 νείας,
2617 3649 2707 3700 καὶ
2740 3648 2831 3700 τοῦ
2866 3648 3115 3717 θράσους,
3157 3649 3183 3700 6
3217 3649 3280 3717 τῇ
3326 3651 3390 3718 σῇ
3430 3650 3762 3718 γενναιότητι
3795 3651 3968 3718 ἐπαρ-

2416 3741 2528 3804 θεὶς
2562 3739 3002 3811 προσενεχθῆναι,
3057 3740 3378 3808 ἀείμνηστον
3412 3742 3500 3793 τὸν
3528 3742 3742 3809 ἔλεγχον
3772 3743 3932 3794 δώσει
3955 3761 3966 3771 ·

2417 3836 2507 3885 καὶ
2531 3833 2627 3901 τὴν
2660 3833 2756 3902 σὴν
2791 3831 3123 3901 στερρότητα
3161 3832 3553 3898 καταπλαγεὶς,
3585 3835 3675 3883 καὶ
3708 3833 3813 3885 τῶν
3865 3838 3974 3885 λοι-

2417 3923 2534 3974 πῶν
2563 3923 2964 3990 ὲκτραπήσεται
2993 3920 3091 3987 τὴν
3113 3923 3303 3989 πεῖραν
3323 3937 3338 3952 ·
3371 3919 3442 3981 ὡς
3470 3919 3584 3989 ἅμα
3622 3921 3713 3972 δύο
3761 3923 3828 3973 τά
3879 3927 3971 3992 μέ-

2417 4009 2574 4076 γιστά
2628 4024 2710 4068 σε,
2748 4007 2813 4059 δι’
2846 4007 2959 4069 ἑνὸς
3001 4008 3226 4074 ἀγῶνος,
3278 4009 3638 4076 κατορθῶσαι,
3683 4014 3973 4080 νικηφόρον

2416 4117 2474 4151 τε
2533 4099 2936 4170 ἀναρρηθῆναι·
2996 4099 3087 4151 καὶ
3119 4101 3226 4160 τοῖς
3261 4101 3506 4168 ἀδελφοῖς
3537 4104 3641 4154 τῶν
3665 4107 3970 4174 ἐπικρεμα-

2421 4191 2594 4260 μὲνων
2624 4192 2806 4244 κακῶν
2837 4191 2933 4258 τὴν
2965 4191 3282 4259 ὑπερϐολὴν,
3314 4193 3551 4256 καὶτοὺς
3576 4195 3802 4257 πολλοὺς
3828 4206 3848 4233 ³
3876 4199 3975 4248 πό-

2418 4301 2562 4347 νους,
2592 4284 2738 4345 ἰδίοις
2765 4283 2965 4345 ἄθλοις,
2997 4287 3267 4351 κουφίσαι.

770 4372 937 4427 victor
961 4374 1312 4442 proclanierc,
1361 4385 1473 4430 tum
1497 4385 1556 4430 ut
1582 4376 1837 4430 fratribus
1861 4375 2564 4444 malorumimpendentium
2633 4380 2909 4447 gravitate,
2950 4387 3004 4431 et
3067 4379 3274 4436 labores
3343 4379 3556 4443 multos,
3600 4379 3831 4448 propriis
3870 4382 3977 4432 tuis

768 4470 1147 4526 certaminibus
1169 4472 1409 4526 allevies.

1357 4558 1573 4615 EPIST.
1597 4559 1739 4616 XXI.

1446 4649 1652 4704 Eidem.

3008 4566 3228 4618 ΕΠΙΣΤ.
3256 4567 3384 4618 KA'.

3041 4653 3123 4718 Ίὶῖ)
3170 4653 3349 4718 αὐτῷ.

1975 4762 2236 4813 lontacut.
2271 4765 2372 4824 (ep.
2405 4763 2509 4823 HI,
2543 4778 2591 4826 p.
2628 4764 2758 4822 199).

839 4868 1140 4922 Generosos
1162 4869 1317 4938 plane
1336 4869 1561 4924 stadium
1580 4879 1884 4941 exspectat:
1910 4886 2069 4926 nemo
2087 4871 2315 4925 feminea

773 4957 1134 5011 teneritudine
1185 4959 1470 5023 emollitus,
1521 4959 1767 5014 introeat.
1817 4961 1968 5025 Quod
1999 4961 2041 5016 si
2085 4962 2206 5031 quis
2248 4961 2318 5016 sit

773 5047 861 5117 qui
888 5048 1165 5112 exsilierit,
1189 5051 1399 5103 recedat
1429 5051 1776 5119 quantocius;
1807 5054 1890 5106 vel
1925 5068 1953 5105 a
1974 5068 2068 5106 sua
2091 5062 2314 5106 senten-

775 5140 866 5203 tia,
897 5139 979 5193 vel
1008 5155 1035 5193 a
1067 5141 1464 5195 colluctatione.
1497 5143 1678 5212 Neque
1717 5145 1860 5198 enim
1887 5144 2095 5199 labores
2126 5145 2317 5198 talibus

774 5241 1094 5300 congruunt.
1134 5233 1238 5289 Sed
1275 5251 1448 5304 neque
1478 5237 1543 5290 ab
1576 5253 1706 5291 auro
1739 5239 1979 5293 onustis:
2018 5256 2114 5293 nec
2152 5241 2320 5292 ambi-

776 5324 918 5376 tione
965 5323 1180 5378 inflatis.
1240 5326 1469 5380 Omnino
1514 5330 1602 5397 qui
1646 5331 1920 5399 corporeis
1962 5331 2321 5401 voluptatibus

776 5412 964 5477 inhiat,
998 5424 1055 5468 ut
1086 5416 1214 5469 mihi
1255 5426 1359 5471 stat
1392 5421 1680 5486 sententia,
1723 5437 1789 5475 ne
1834 5437 1890 5476 se
1938 5432 2225 5492 componat
2257 5423 2322 5476 ad

777 5517 1073 5558 certamen:
1103 5506 1382 5579 velimego
1413 5510 1567 5581 longe
1595 5513 1878 5576 removeri,
1912 5514 1956 5567 si
1983 5529 2085 5566 non
2119 5529 2321 5583 prmve-

778 5596 881 5648 mat
909 5595 972 5656 is,
998 5604 1051 5648 et
1087 5595 1301 5665 impleat
1328 5609 1508 5654 votum
1541 5616 1738 5655 meum.

2497 4874 2760 4924 Γενναίων
2784 4872 2948 4935 ὅντως
2982 4871 3186 4941 ἀνδρῶν
3228 4873 3287 4924 τὸ
3325 4872 3532 4924 στάδιον
3557 4870 3753 4924 δεῖται·
3790 4873 3975 4942 μηδεὶς

2423 4968 2604 5018 είσίτω
2640 4965 2922 5035 θηλυδρίας
2949 4981 2963 4995 °
2995 4964 3059 5017 ἀν
3114 4964 3157 5016 δ’
3188 4965 3530 5034 εἰσεπήδησε,
3593 4964 3782 5016 θᾶττον
3846 4969 3978 5016 ἀπο-

2424 5062 2600 5128 στήτω
2621 5074 2634 5088 ο
2662 5059 2693 5127 ἦ
2725 5059 2821 5127 τῆς
2848 5057 3088 5125 γνώμης,
3122 5059 3152 5126 ἢ
3184 5058 3287 5109 τῶν
3320 5057 3729 5126 παλαισμάτων.
3769 5059 3844 5110 Οὐ
3873 5060 3976 5127 γὰρ

2425 5150 2531 5202 τῶν
2569 5151 2821 5202 τοιούτων
2851 5150 2899 5200 οί
2933 5151 3100 5202 πόνοι.
3141 5149 3297 5201 ’Λλλά
3332 5149 3450 5218 μηδ’
3484 5149 3510 5200 6
3544 5149 3725 5218 χρυσῷ
3754 5150 3847 5200 τὸν
3866 5149 3976 5219 βίον

2426 5240 2794 5310 βεϐαρημένος
2819 5254 2834 5269 ⁶
2893 5239 3012 5308 μηδ’
3052 5242 3078 5290 6
3109 5241 3241 5310 πρὸς
3289 5243 3446 5304 κενὰς
3477 5240 3628 5305 δόξας
3666 5243 3976 5308 ἀνεπτερω-

2423 5332 2601 5401 μένος.
2626 5332 2726 5383 Τὸν
2754 5330 2859 5401 γὰρ
2887 5333 3019 5402 πρὸς
3045 5332 3140 5393 τὰς
3171 5331 3261 5382 τοῦ
3292 5332 3537 5401 σώματος
3569 5332 3756 5400 ἡδονὰς
3776 5333 3975 5398 ἐπτοη-

2423 5423 2601 5491 μένον,
2652 5423 2761 5474 οὐδ’
2798 5423 3165 5476 ἀποδύσασθαι
3223 5425 3356 5495 πρὸς
3406 5425 3495 5475 τὴν
3523 5423 3708 5492 ἀγῶνα
3750 5423 3974 5490 νομίζω.

2432 5513 2588 5566 Ἀλλά
2624 5515 2717 5566 καὶ
2748 5514 2973 5585 εὔχομαι
3006 5517 3192 5588 πόρρω
3218 5517 3560 5580 καθεστάναι,
3593 5517 3640 5567 εἰ
3668 5515 3742 5587 μὴ
3776 5517 3979 5586 προλα-

2421 5604 2529 5655 ϐὼν
2561 5605 2874 5675 ἐπλήρωσεν
2906 5607 2963 5644 ι*
2989 5608 3189 5671 ἐκεῖνος
3220 5608 3314 5675 τὴν
3340 5608 3522 5677 εὐχήν.

2046 5713 2279 5771 VARI/l5
2333 5716 2731 5774 LECTIONES.

842 5831 856 5854 τ
888 5823 971 5871 III.
1010 5819 1293 5886 γεγονότα.
1378 5831 1395 5854 ³
1436 5823 1666 5876 πολλῶν.
1753 5829 1796 5860 ι’
1833 5825 2009 5896 ἡμῶν.
