4236 6436
845 558 1067 614 ΕΙΙΙΣΤ.
1109 557 1241 611 ΚΠ.

548 654 823 724 Εὐθυμίφ
842 651 1247 722 μητροπολίτῃ
1283 648 1576 716 Κατάνης.

1418 445 1946 507 EPISTOI.ARUM
1989 447 2216 508 LIBER
2264 447 2344 509 II.

3381 455 3484 522 838

2499 561 2718 620 EPIST.
2759 562 2924 621 XXII.

2264 651 2538 723 Euthymio
2567 653 2847 712 Cannensi
2878 659 3150 727 metropol.

1473 766 1739 816 Montacut.
1776 775 1879 828 (ep.
1917 765 2024 825 148,
2057 780 2106 829 p.
2138 766 2270 829 205).

323 878 581 934 Γενέσθαι
609 878 706 948 μὶν
734 876 759 929 ὲ
769 876 858 945 μοὶ
898 873 1112 945 σχολὴν,
1139 872 1278 926 ὥστε
1301 872 1369 926 τά
1398 870 1465 925 σά
1492 871 1816 942 διηγεῖσθαι,

236 974 563 1043 ἀπεῦχομαι
584 972 603 1007 ί
627 987 641 1001 ·
674 968 929 1037 γενέσθαι
961 967 1037 1033 δὲ,
1067 966 1206 1020 ὥστε
1236 966 1358 1036 μηδ’
1389 963 1642 1029 ἀκοῦσαι,
1672 981 1808 1037 προ-

240 1063 465 1127 έλαϐες.
496 1062 561 1115 Τί
588 1058 680 1115 οὖν
704 1061 901 1131 αίτιᾷς,
927 1058 1008 1111 ὅτι
1038 1056 1156 1128 μηδ’
1180 1056 1323 1127 ἅπερ
1352 1055 1815 1127 ἦλπισα,ῆκουσα·

239 1157 348 1211 καὶ
389 1158 471 1210 ὅτι
516 1154 674 1224 σιγὴν
720 1152 942 1223 ἐθέμην,
989 1144 1071 1214 οἷς
1125 1150 1258 1220 μηδὲ
1304 1150 1403 1218 τὴν
1433 1150 1599 1220 ἀκοὴν
1648 1149 1818 1220 ἡδέως

238 1244 485 1316 ἡνίῳξα.
521 1243 664 1297 Ἀλλ’
703 1243 773 1308 εί,
818 1242 951 1297 διότι
988 1240 1118 1304 ὅλως
1173 1240 1270 1311 τὴν
1309 1239 1474 1311 ἀκοὴν
1511 1238 1618 1294 τῶν
1645 1240 1819 1294 τοιού-

238 1350 360 1387 των
394 1333 695 1403 ὑπέμεινα,
744 1333 842 1401 τῆς
884 1330 1009 1400 περὶ
1050 1328 1236 1397 φίλους
1284 1327 1574 1399 ὀλιγωρίας
1604 1327 1820 1399 γραφὴν

244 1422 437 1492 ἔνοχος
470 1420 793 1491 γράφεσθαι·
826 1419 876 1473 τί
917 1420 982 1474 ἂν
1013 1420 1267 1490 δράσειαν
1315 1420 1361 1473 οί
1384 1417 1609 1473 τοιαῦτα
1637 1418 1823 1488 δεδρα-

246 1513 442 1576 κότες,
476 1513 541 1567 δι’
565 1507 639 1567 ὧν
674 1512 766 1566 καὶ
792 1512 915 1575 τοὺς
938 1512 1123 1579 φίλους
1155 1510 1251 1581 τῆς
1286 1508 1426 1580 ὐπὶρ
1456 1506 1632 1564 αὐτῶν
1661 1509 1717 1562 ἰν
1745 1508 1820 1579 τῷ

244 1606 436 1674 λέγειν
462 1604 772 1675 παρρησίας
792 1645 806 1669 ,
835 1602 1236 1674 ἀπεστέρησαν,
1278 1600 1375 1654 καὶ
1402 1600 1510 1654 τῶν
1540 1599 1817 1671 δυσμενῶς

248 1698 489 1767 ἑχόντων
535 1696 631 1757 τάς
669 1694 936 1762 γλώσσας,
970 1693 1029 1746 οὐ
1079 1692 1199 1745 καθ’
1232 1691 1441 1744 ἑαυτῶν
1480 1689 1657 1759 μόνον,
1692 1689 1814 1742 ἀλλὰ

248 1791 351 1844 καὶ
390 1788 510 1842 κατ’
538 1787 760 1841 ἐκείνων
787 1787 839 1839 οῖ
873 1802 1004 1839 ποτε
1043 1784 1148 1838 τῶν
1183 1780 1632 1853 πεπλησιακότων
1657 1775 1815 1851 ἦσαν,

248 1883 548 1954 ἠκόνησαν.
594 1881 657 1934 Τί
690 1875 783 1935 οὖν
812 1880 891 1932 δεῖ
919 1880 1128 1942 ποιεῖν;
1163 1877 1254 1930 σόν
1283 1878 1453 1940 ἔστιν,
1485 1869 1560 1944 (ῶ
1598 1873 1713 1937 πῶς
1758 1890 1816 1927 σε

251 1974 575 2045 προσείπω)
625 1974 717 2026 καὶ
769 1973 901 2042 ἡμῖν
950 1971 1089 2041 ὑπερ
1126 1970 1255 2031 σοῦ,
1309 1968 1408 2022 εἴθ’
1454 1968 1676 2039 δφελες,
1723 1966 1819 2039 τὴν

255 2068 589 2137 παρρησίαν,
615 2067 679 2136 ἦν
704 2064 941 2134 εἴχομεν,
968 2063 1276 2117 ἀποδοῦναι·
1304 2062 1394 2115 καὶ
1416 2060 1578 2132 μηδὲν
1601 2059 1816 2113 ἀκούειν

250 2160 417 2229 ἀηδὲς
450 2160 576 2228 περὶ
622 2157 714 2210 σοῦ
743 2174 757 2189 ·
791 2156 923 2210 ἀλλά
973 2159 1067 2209 καὶ
1099 2155 1221 2215 τοὺς
1267 2153 1450 2215 κακῶς
1480 2168 1537 2204 σε
1568 2150 1823 2218 λέγοντας

252 2250 370 2317 νῦν,
416 2250 799 2319 ὲπιστομίσαι,
855 2251 933 2312 είς
976 2248 1073 2318 τὴν
1105 2246 1336 2318 ἀρχαίαν
1375 2238 1827 2315 ἐπαναδραμόντᾶ

253 2344 609 2396 κατάστασιν.

844 2433 1065 2487 ΕΠΙΣΤ.
1103 2431 1228 2486 Kl".

454 2527 727 2595 Γεωργίῳ
763 2524 1167 2595 μητροπολίτῃ
1205 2519 1614 2591 Νικομηδείας.

1989 872 2119 926 Esse
2151 873 2280 927 mihi
2313 876 2503 940 otium,
2539 886 2599 931 ut
2625 892 2712 932 res
2750 884 2869 932 tuas
2901 894 3147 934 enarrem
3171 920 3184 942 ,
3219 891 3376 951 opto;
3426 896 3479 940 at

1918 976 1987 1016 ne
2019 978 2110 1017 eas
2130 962 2418 1033 intelligam
2436 966 2813 1035 prmveniendo
2842 968 3053 1022 cavisti.
3074 970 3208 1035 Quid
3235 977 3477 1026 causaris

1918 1070 2068 1125 ergo,
2099 1056 2241 1124 quod
2275 1072 2395 1127 qua:
2440 1073 2548 1111 non
2589 1061 2869 1129 sperabam
2892 1100 2906 1124 ,
2958 1061 3202 1128 audiam;
3241 1074 3295 1119 et
3332 1067 3476 1135 quod

1919 1147 2133 1202 silentio
2159 1150 2468 1216 texe’rimus,
2490 1166 2607 1219 quae
2633 1152 2805 1207 libens
2828 1152 2989 1207 fando
3015 1170 3119 1209 non
3143 1157 3480 1225 acciperem?

1918 1234 2071 1301 Quod
2105 1237 2147 1293 si
2179 1247 2379 1302 autem.
2409 1241 2532 1309 quia
2570 1240 2731 1295 fando
2768 1245 3072 1299 necessario
3106 1249 3321 1317 accepi.
3358 1251 3475 1318 dig-

1918 1343 2019 1383 nus
2052 1343 2169 1384 sum
2204 1332 2289 1384 cui
2330 1331 2501 1387 dicam
2539 1334 2807 1389 scribatur
2837 1344 3160 1408 contempta:
3203 1342 3471 1398 amicitiae.

1916 1421 2053 1487 Quid
2080 1432 2135 1476 et
2161 1423 2233 1477 illi
2269 1422 2485 1487 faciant,
2514 1426 2603 1494 qui
2630 1425 2752 1479 talia
2782 1426 3004 1493 iaciunt,
3038 1445 3155 1499 quae
3182 1440 3237 1486 et
3268 1433 3472 1489 amicos

1917 1511 2161 1568 libertate
2196 1516 2411 1583 privent
2437 1532 2533 1586 pro
2557 1518 2687 1588 ipsis
2717 1518 2952 1585 dicendi,
2980 1528 3034 1574 et
3058 1522 3345 1581 malevolas
3373 1526 3475 1580 lin-

1918 1618 2048 1673 guas
2081 1618 2189 1658 non
2231 1614 2436 1661 tantum
2469 1608 2521 1661 in
2550 1609 2713 1677 ipsos.
2739 1610 2832 1665 sed
2877 1610 2928 1664 in
2970 1627 3063 1667 eos
3088 1614 3248 1669 etiam
3281 1618 3476 1685 quibus

1916 1698 2042 1751 olim
2085 1700 2374 1754 utebantur
2402 1774 2408 1780 ε
2436 1700 2790 1765 familiariter,
2838 1716 3126 1760 exacuunt.
3171 1708 3307 1773 Quid
3349 1726 3476 1778 ergo

1916 1788 2259 1844 iaciendum?
2313 1790 2425 1847 Hoc
2481 1795 2545 1848 ad
2585 1804 2634 1848 te
2665 1806 2872 1865 spectat
2905 1799 2959 1866 (0
2997 1813 3105 1867 quo
3158 1810 3208 1854 te
3256 1802 3475 1856 nomine

1912 1879 2228 1948 compellem
2256 1882 2294 1949 ί)
2330 1892 2402 1941 et.
2435 1884 2561 1937 mihi
2591 1885 2889 1940 libertatem
2939 1888 3264 1954 condonare,
3313 1892 3355 1946 si
3422 1893 3473 1947 id

1914 1970 2193 2040 placuerit,
2222 1972 2347 2025 satis
2385 1972 2597 2028 abunde
2633 1975 2743 2042 jam
2777 1976 2903 2030 OIIIII
2936 1976 3133 2044 habui;
3170 1989 3225 2035 et
3252 1988 3310 2033 ut
3339 1982 3471 2034 nihil

1915 2064 1984 2118 de
2020 2072 2069 2117 te
2100 2063 2309 2117 audiam
2348 2066 2489 2134 quod
2520 2066 2739 2121 minime
2771 2069 2982 2138 placet;
3019 2072 3115 2126 sed
3144 2081 3198 2126 tu
3227 2074 3291 2126 ad
3327 2076 3471 2142 prio-

1924 2169 2036 2208 rem
2067 2154 2509 2210 constitutionem
2544 2159 2885 2225 revolvenda,
2928 2177 3113 2216 eorum
3153 2178 3246 2218 ora
3282 2164 3374 2233 qui
3423 2176 3472 2218 te

1916 2260 2060 2300 nunc
2086 2245 2344 2311 lacerant,
2380 2247 2673 2302 obturabis.

2470 2424 2680 2480 EPIST.
2730 2425 2911 2483 XXIII.

2186 2515 2401 2584 Georgio
2438 2522 2779 2588 metropolilw
2803 2521 3205 2578 Mcomedicmi.

1484 2632 1748 2683 Montacut.
1784 2625 1887 2692 (ep.
1921 2624 2029 2686 169,
2061 2641 2110 2691 p.
2140 2627 2268 2687 243).

330 2745 456 2801 Εἴθε
484 2763 571 2815 μοι
601 2744 710 2799 τῶν
737 2746 843 2800 σῶν
869 2739 935 2815 ἦν
964 2742 1224 2814 ὲνάμιλλα
1247 2741 1420 2811 λόγων
1448 2742 1515 2794 τά
1543 2740 1696 2810 ἔργα·
1723 2738 1818 2809 οὐχ

264 2837 349 2892 ἵνα
365 2835 517 2899 κλίος
551 2835 697 2899 ὀντες
721 2832 1077 2903 ἀκεστορίδων
1120 2830 1351 2902 Γαληνὸς
1384 2830 1476 2883 καὶ
1518 2828 1813 2898 Ἱπποκρά-

1997 2736 2207 2793 Utinam
2239 2751 2305 2791 ex
2343 2752 2495 2808 aequo
2530 2738 2708 2794 verbis
2752 2740 2856 2795 tuis
2889 2756 3050 2812 opera
3086 2758 3202 2799 mea
3249 2760 3473 2817 respon-

1922 2829 2131 2894 derent,
2164 2844 2270 2883 non
2304 2838 2362 2883 ut
2390 2831 2760 2886 Acestoridum
2792 2832 2979 2902 gloria,
3006 2832 3234 2890 Galenus
3263 2847 3316 2892 et
3346 2838 3475 2907 Ilip-

258 2942 361 2997 της
383 2964 397 2989 ,
434 2925 505 2991 ὼς
550 2926 708 2989 αὐτὸς
743 2925 887 2994 ἡμᾶς
920 2922 1151 2986 θειάζων
1182 2923 1431 2992 γράφεις,
1466 2916 1817 2983 ’Υπεξὶσταν-
1848 2930 1889 2989 C
1926 2938 1931 2991 ι

1799 2947 1817 2959 -
1848 2930 1889 2989 C
1926 2930 2189 2991 pocrates,
2221 2932 2278 2976 ut
2310 2932 2423 2976 tute
2463 2937 2550 2978 me
2581 2924 2839 2979 cucomiis
2860 2941 3059 2983 ornans
3093 2928 3303 2991 scribis.
3341 2930 3472 2983 mihi

259 3017 353 3070 ταί
389 3033 477 3088 μοι
513 3016 618 3069 τῶν
667 3016 965 3087 πρωτείων·
1002 3015 1106 3079 οςιδ’
1140 3014 1224 3066 ῖνα
1261 3012 1368 3065 τῶν
1412 3009 1815 3080 Ἀσκληπιαδῶν

260 3108 323 3160 τὸ
355 3108 493 3176 μέγα
520 3108 689 3177 ὄνομα
718 3106 793 3176 τῷ
817 3107 1068 3177 ἡμετέρῳ
1091 3101 1487 3173 καταχωσθείη·
1513 3099 1623 3154 ἀλλ’
1651 3100 1723 3162 ὼς
1752 3101 1815 3153 ἂν

264 3199 402 3269 εἴην,
431 3202 478 3251 εί
511 3201 604 3251 καὶ
643 3199 716 3268 μὴ
754 3198 886 3268 πρὸς
907 3196 1089 3267 ἕτερόν
1116 3212 1257 3258 τινα,
1295 3193 1407 3246 ἀλλ’
1437 3188 1525 3245 οὖν
1559 3194 1614 3243 εν
1644 3190 1816 3261 τούτῳ

262 3306 331 3357 γε
359 3289 436 3360 τῷ
468 3289 619 3359 μέρει
655 3288 823 3359 μικρά
851 3304 933 3351 τις
970 3286 1107 3341 κατά
1141 3284 1247 3337 τῶν
1277 3280 1598 3351 σωματικῶν
1632 3279 1815 3332 παθῶν

262 3384 376 3443 τοῖς
403 3382 571 3449 φίλοις
610 3380 705 3434 καὶ
744 3380 1024 3441 συνάθλοις
1050 3376 1353 3447 ἐπικουρία.

845 3475 1061 3531 ΕΠΙΣΤ.
1114 3476 1236 3528 ΚΔ’.

476 3567 747 3637 Θεοδώρῳ
788 3567 1191 3637 μητροπολίτῃ
1224 3564 1591 3628 Λαοδικείας.

1922 3014 2174 3067 cedentes
2200 3013 2399 3082 primas
2437 3014 2629 3069 darent
2670 3030 2771 3071 nec
2803 3026 2861 3070 ut
2900 3016 3087 3087 ingens
3123 3018 3255 3073 illud
3290 3016 3473 3074 Ascle-

1923 3104 2198 3173 piadarum
2224 3120 2422 3159 nomen
2452 3114 2635 3160 nostro
2671 3106 2886 3161 nomine
2913 3108 3253 3172 obrueretur.
3288 3110 3380 3164 sed
3414 3120 3472 3165 ut

1922 3203 2222 3264 praestetur,
2250 3194 2371 3248 licet
2397 3209 2501 3248 non
2533 3195 2597 3249 ad
2639 3196 2782 3251 aliud
2808 3196 3104 3266 quidpiam.
3142 3198 3328 3253 saltem
3372 3200 3474 3255 hac

1923 3286 1977 3340 in
2019 3294 2168 3355 parte
2217 3286 2466 3356 exiguum
2505 3287 2635 3356 quid
2686 3289 2862 3357 quoad
2904 3289 3149 3360 corporis
3195 3290 3473 3360 passiones

1921 3376 2107 3431 amicis
2138 3385 2190 3431 et
2219 3378 2535 3447 synatliletis
2565 3379 2845 3433 auxilium.

2472 3472 2686 3529 EPIST.
2730 3471 2896 3531 XXIV

2212 3564 2470 3617 Theodoro
2505 3565 2843 3634 metropolita
2878 3566 3189 3623 Laodiceno.

1479 3680 1742 3729 Montacut.
1778 3681 1877 3740 (ep.
1913 3678 2019 3738 171,
2051 3690 2101 3740 p.
2134 3677 2261 3741 ut).

349 3789 586 3862 Ἀρότρῳ
619 3791 732 3859 μὲν,
767 3789 839 3853 ὡς
885 3791 917 3860 ἠ
956 3789 1221 3860 παροιμία
1266 3789 1449 3859 φησὶν,
1480 3790 1774 3853 ἁκοντίζεις
1798 3828 1812 3853 ,

261 3879 388 3935 ἀντὶ
425 3881 515 3933 τοῦ
558 3883 832 3950 μετανοεῖν
853 3879 1262 3951 θρασυνόμενος.
1294 3880 1367 3933 Οὐ
1396 3879 1502 3948 γάρ
1535 3880 1813 3949 μετανοίας

261 3971 379 4026 ἀλλ’
410 3972 695 4035 ἀπονοίας,
748 3972 925 4041 ἑαυτῷ
967 3973 1074 4024 τῶν
1111 3973 1461 4041 ἐσφαλμένων
1506 3970 1813 4039 ἐπιτρέπειν

261 4062 363 4134 τὴν
396 4062 743 4135 συγγνώμην.
776 4064 838 4116 EI
866 4062 922 4115 δέ
956 4081 1036 4116 σοι
1068 4065 1158 4115 καὶ
1179 4063 1363 4133 ληρεῖν
1395 4061 1629 4129 δόξαιμι.
1662 4060 1812 4114 ἔσται

264 4170 351 4207 σοι
374 4153 472 4207 οὐκ
498 4154 574 4216 είς
604 4152 816 4221 μακρὰν
844 4153 905 4204 τὸ
930 4152 1312 4221 παροιμιῶδες,
1348 4151 1582 4221 συνεχῶς
1612 4152 1695 4204 ἐπ’
1722 4150 1814 4217 ερ-

266 4260 383 4312 γοις
410 4243 685 4315 ᾀδόμενον,
717 4244 873 4312 Ἀρτι
899 4241 998 4311 μῦς
1030 4242 1218 4313 πίττης
1246 4242 1481 4310 γεύεται.

842 4346 1059 4399 ΕΠΙΣΤ.
1104 4344 1227 4399 κε’.

408 4441 451 4492 Ε
461 4439 754 4508 ὺσχήμονι
800 4439 1241 4506 ἁοχιεπισκόπω
1277 4437 1649 4501 Καισαρείας.

1986 3789 2198 3848 Aratro,
2239 3788 2381 3857 quod
2407 3789 2704 3857 proverbiis
2733 3799 3043 3859 usurpatur,
3075 3789 3347 3860 jacularis,
3376 3790 3468 3861 qui

1918 3896 2039 3934 cum
2070 3880 2264 3935 debeas
2305 3880 2586 3948 paenitere,
2630 3882 2905 3936 audaciam
2946 3897 3125 3948 urges.
3168 3881 3277 3937 Nec
3316 3884 3459 3938 enim

1920 3973 2256 4042 pmnitentis,
2287 3972 2383 4027 sed
2429 3973 2747 4029 insanientis
2781 3986 2861 4029 est
2902 3975 3111 4029 sibimet
3156 3976 3466 4045 permittere

1917 4081 2157 4119 errorum
2175 4065 2637 4119 condonationem.
2662 4065 2814 4131 Quod
2831 4066 2875 4120 si
2894 4065 2990 4120 tibi
3008 4067 3192 4120 videro
3209 4067 3458 4127 delirare,

1913 4154 2041 4207 inte
2067 4145 2407 4222 proverbium
2446 4154 2589 4223 quod
2627 4170 2733 4207 non
2766 4146 2837 4207 ita
2889 4154 3089 4209 dudum
3124 4169 3263 4224 saepe
3296 4155 3467 4224 jacta-

1910 4254 2020 4298 tqu
2052 4244 2332 4314 quadravit
2376 4263 2387 4298 :
2418 4246 2531 4300 Mus
2554 4247 2757 4301 scilicet
2790 4247 2961 4315 picem
2992 4247 3243 4319 gustavit.

2476 4349 2686 4403 EPIST.
2732 4349 2894 4404 XXV.

2162 4436 2497 4492 Ense/remain
2529 4440 2779 4494 Caesarem
2808 4441 3205 4511 archiepiscopo.

1474 4548 1733 4597 Montacut.
1773 4548 1872 4609 (ep.
1908 4548 2016 4607 175,
2048 4562 2096 4611 p.
2128 4549 2260 4612 245).

337 4659 503 4714 Οὐδὲν
554 4658 880 4728 θαυμαστὸν,
940 4660 985 4709 εἰ
1039 4656 1110 4727 μὴ
1160 4660 1268 4719 τοῖς
1316 4658 1539 4719 δικαίοις
1583 4658 1815 4719 ἆπαντες

268 4750 576 4822 χαίρουσιν·
624 4749 737 4802 ἀλλ’
782 4751 953 4803 ἱκεῖνο
999 4747 1306 4818 θαυμαστὸν
1345 4749 1408 4801 ἂν
1454 4743 1520 4817 ἦν
1566 4749 1659 4801 καὶ
1698 4748 1815 4800 λίαν

268 4840 509 4905 ἐνδίκως,
546 4842 592 4893 εί
626 4841 823 4904 πάντες
866 4840 956 4893 ὑπ’
990 4839 1283 4909 ὀφθαλμοῖς
1313 4839 1409 4909 τῆς
1451 4838 1603 4907 δίκης
1634 4837 1815 4891 ἐπολι-

266 4933 504 4986 τεύοντο.
548 4932 846 5001 Ἀγαπητδν
888 4932 929 4985 δ’
960 4932 1112 5003 ἐμοὶ,
1150 4931 1251 4984 κᾶν
1281 4932 1328 4984 οί
1372 4930 1584 4992 πλείους
1629 4930 1815 5000 εἴησαν

268 5028 425 5095 (ὅπερ
457 5024 553 5076 οὐκ
583 5023 729 5094 ἐστὶ)
781 5023 918 5091 φίλοι
947 5023 1037 5075 τοῦ
1076 5023 1304 5076 δικαίου.
1338 5022 1545 5091 Μερίδα
1578 5021 1675 5090 μὲν
1707 5021 1814 5091 γὰρ

265 5119 454 5188 ὀλίγην
482 5116 589 5189 όρῶ
623 5117 893 5187 ῥέπουσαν
936 5118 1011 5180 είς
1035 5114 1393 5183 δικαιοσύνην,
1425 5116 1484 5167 τὸ
1528 5114 1585 5167 δὲ
1618 5112 1813 5182 πλῆθος

267 5212 585 5278 δπισύρεται
613 5209 644 5276 ἡ
670 5206 868 5260 ἀδικία.
900 5206 1027 5258 Ὅτε
1065 5204 1242 5257 τοίνυν
1273 5202 1443 5265 οὕτως
1470 5202 1581 5272 εχει
1609 5200 1777 5256 ταῦτα
1798 5241 1811 5266 ,

267 5302 320 5354 τί
354 5301 549 5371 δήποτε
585 5298 763 5361 ἀλύεις
794 5298 855 5351 σὺ
905 5297 998 5350 καὶ
1029 5296 1346 5365 ἀσχάλλεις,
1382 5295 1461 5347 ὅτι
1490 5293 1551 5346 τὸ
1587 5292 1810 5355 δίκαιον,

270 5385 352 5455 οἷς
386 5393 530 5445 εστιν
562 5390 775 5453 οἰκεῖον,
808 5388 1110 5458 ἀπονέμων,
1141 5386 1242 5439 ὑπδ
1271 5384 1377 5439 τῶν
1405 5384 1471 5437 τά
1503 5383 1683 5436 δίκαια
1724 5399 1810 5451 μι-

274 5482 508 5537 σούντων
541 5482 637 5552 τὴν
680 5481 798 5550 ἴσην
830 5480 985 5550 ῦόριν
1018 5479 1326 5549 ὑπομένεις.
1358 5474 1670 5529 Τοὺνάντιον
1709 5473 1814 5541 γὰρ

272 5573 437 5645 ἐχρῆν
468 5590 527 5626 σε
562 5570 969 5643 σκυθρωπάζειν
1012 5571 1101 5624 καὶ
1140 5569 1318 5640 ζητεῖν
1343 5566 1493 5620 λύσιν
1522 5565 1698 5635 εὑρεῖν
1722 5561 1813 5616 τοῦ

1986 4656 2174 4712 Mirum
2216 4674 2324 4712 non
2358 4669 2458 4721 est,
2499 4660 2541 4713 si
2575 4662 2732 4729 justis
2760 4660 3065 4715 hominibus
3088 4662 3321 4731 plerique
3349 4679 3462 4717 om-

1914 4763 2009 4803 nes
2042 4749 2181 4803 baud
2212 4750 2369 4819 plane
2406 4751 2757 4806 delectantur.
2792 4752 2922 4805 Illud
2952 4762 3126 4806 autem
3160 4755 3461 4809 mirandum

1912 4840 2100 4911 magis.
2130 4840 2172 4894 si
2223 4850 2474 4910 tanquam
2507 4843 2560 4896 in
2588 4857 2881 4912 conspecw
2908 4843 3148 4909 juStitim,
3184 4860 3371 4901 omnes
3407 4858 3463 4901 et

1914 4931 2107 4998 singuli
2138 4932 2261 4986 vitm
2286 4948 2499 4986 cursum
2532 4934 2834 4989 instituant.
2857 4933 2978 4987 Mihi
3014 4935 3207 4989 sullicit
3237 4937 3279 4989 si
3312 4938 3461 5005 plus—

1915 5020 2018 5075 culi
2056 5021 2193 5085 sint;
2228 5029 2284 5073 ut
2310 5031 2453 5075 certe
2496 5023 2651 5090 pauci
2702 5031 2827 5076 sunt
2868 5022 3017 5084 tales,
3062 5024 3153 5092 qui
3197 5025 3456 5091 justitiam

1914 5119 2308 5165 consectantur.
2343 5110 2552 5166 Partem
2576 5127 2704 5167 sane
2727 5127 2831 5166 non
2851 5127 3092 5183 magnam
3114 5114 3177 5167 ad
3197 5113 3457 5183 justitiam

1914 5202 2189 5257 colendam
2209 5216 2504 5271 propensos
2526 5203 2699 5265 video,
2722 5202 3121 5259 multitudinem
3150 5205 3213 5258 ad
3240 5219 3295 5257 se
3321 5206 3460 5274 rapit

1918 5292 2196 5362 iujustitia.
2224 5291 2347 5346 Hmc
2371 5292 2443 5346 ita
2473 5308 2530 5347 se
2557 5292 2775 5357 habere,
2812 5293 2937 5361 quid
2967 5301 3078 5346 tute
3108 5293 3338 5356 btesitas,
3366 5296 3454 5361 qui

1918 5398 2037 5437 cum
2074 5383 2216 5452 juste
2262 5383 2523 5451 justitiam
2568 5383 2654 5438 cui
2694 5384 2919 5438 debetur
2977 5383 3338 5441 administras.
3393 5385 3457 5435 τιιι

1919 5473 2021 5527 illis
2050 5473 2243 5542 quibus
2268 5474 2470 5543 justum
2510 5474 2651 5542 quod
2685 5484 2785 5535 est.
2821 5473 3061 5528 odiosum
3104 5483 3206 5538 est,
3259 5474 3457 5543 pariter

1920 5574 2161 5635 reportas
2199 5564 2599 5619 contumeliam.
2641 5564 2869 5621 Omnino
2899 5574 2947 5619 te
2976 5564 3155 5621 decuit
3188 5567 3459 5619 contrario

1567 5717 1795 5773 VARI/Ii
1834 5717 2232 5773 LEC'I'IONES.

388 5872 407 5907 ι
439 5865 752 5939 επεύκομαι.
