4236 6436
739 452 843 517 839
1883 444 2141 509 PHOTII
2183 440 2684 507 PATRIARCHIE
2721 443 2829 504 CP.
3864 440 3976 505 8ίο

740 563 901 620 modo
934 559 1188 616 alfectum
1222 573 1364 624 esse,
1408 565 1564 614 torvo
1587 554 1739 612 vultu
1779 570 1874 611 eos
1908 554 2137 620 intueri,
2165 562 2220 609 et
2254 553 2307 609 id
2334 552 2413 620 Α]

2299 553 2307 608 ι
2334 564 2383 620 Α
2410 551 2702 616 λυποῦντος
2744 554 2793 605 εἰ
2830 551 2880 606 οε
2921 551 3015 622 τῆς
3063 550 3217 624 δίκης
3246 550 3429 623 έχθροί
3472 568 3557 605 σοι
3586 552 3744 624 ῳίλην
3786 553 3972 624 έχαρί-

739 668 899 726 agere
929 651 1120 707 sedqu
1140 659 1199 705 ut
1226 649 1474 704 solamen
1501 647 1747 703 Invenias
1774 645 1919 701 illius
1934 643 2077 716 quod
2105 652 2157 699 te
2177 658 2307 699 con-
2405 663 2412 696 t

1184 659 1199 705 t
1226 649 1474 704 solamen
1501 647 1747 703 Invenias
1774 645 1919 701 illlus
1934 643 2077 716 quod
2105 652 2157 699 te
2177 658 2307 699 con-
2405 642 2561 710 ζοντο
2591 644 2857 715 γλῶσσαν.

739 746 1009 799 tristatum
1047 740 1253 804 reddet,
1288 739 1333 794 si
1360 738 1527 796 modo
1558 739 1740 793 hostes
1764 737 1856 807 qui
1884 752 1944 792 se
1978 737 2154 807 justus
2176 750 2303 807 pro-

741 836 975 900 fitentur,
1015 832 1250 903 linguam
1284 830 1381 886 tibi
1410 832 1639 886 amicam
1664 830 1848 902 largiri
1874 829 2092 885 vellent.

1298 942 1513 1000 EPIST.
1555 940 1753 997 XXVI.

996 1038 1163 1093 Paulo
1192 1037 1443 1099 Ccsorm
1472 1036 1859 1105 archiepiscopo
1887 1034 2054 1105 lapso.

2980 939 3201 995 eum.
3244 942 3391 1010 κεῖν.

2401 1032 2618 1096 Παύλῳ
2670 1033 2938 1104 γεγονότι
2979 1033 3431 1104 ἀρχιεεεισκόπῳ
3468 1029 3824 1100 Καισαρείας
3867 1031 3971 1084 καὶ

2957 1102 3392 1169 ἀποστήσαντι.

1958 1208 2226 1259 Μοηιαουι.
2263 1209 2364 1276 (ep.
2401 1213 2507 1276 175,
2537 1227 2584 1277 p.
2618 1214 2750 1279 262).

808 1322 1091 1379 Arcadiam
1133 1335 1220 1375 me
1248 1318 1482 1392 ﬂagitas,
1513 1318 1778 1389 quispiam
1816 1316 2042 1383 diceret,
2077 1331 2178 1371 nec
2219 1314 2305 1370 in-

2491 1320 2777 1391 Ἀρκαδίαν
2907 1321 3111 1385 αἰτεῖς,
3143 1322 3284 1374 εῖποι
3311 1320 3376 1375 ἄν
3419 1336 3539 1385 τις,
3581 1320 3675 1374 καὶ
3711 1318 3855 1389 μάλα
3891 1320 3968 1373 εί-

731 1414 896 1483 juria.
928 1411 1363 1483 proverbialiter.
1398 1412 1507 1482 Ego
1547 1420 1726 1465 autem
1771 1409 2023 1473 exhibeo,
2065 1408 2160 1465 sed
2192 1424 2302 1463 non

2299 1453 2302 1463 .
2407 1412 2605 1478 κότως,
2644 1415 3043 1485 παροιμιαστὴς
3073 1415 3237 1483 ἀνήρ·
3268 1413 3377 1482 ἐγὼ
3402 1414 3457 1467 δέ
3489 1430 3571 1468 σοι
3600 1412 3777 1473 δώσω.
3817 1414 3869 1465 si;
3903 1413 3972 1465 τὰ

734 1524 765 1561 e
813 1506 1073 1576 plaustro,
1100 1518 1257 1559 neca
1289 1502 1507 1574 Scythis
1543 1511 1848 1557 mutuatum
1901 1501 2157 1565 verbum,
2207 1500 2301 1556 sed
2402 1523 2407 1553 ι

2296 1504 2301 1556 l
2402 1504 2461 1570 ιε
2496 1503 2712 1575 ἁμάξης
2734 1542 2749 1571 ,
2791 1505 2910 1558 οὐδὲ
2950 1506 3049 1576 τὴν
3081 1506 3189 1560 ἀπὸ
3216 1506 3436 1558 Σκυθῶν
3466 1507 3642 1575 ῥῆσιν,
3675 1503 3788 1557 ἀλλ’
3820 1502 3969 1571 ἆπερ

733 1598 890 1667 quale
910 1605 1052 1651 amet
1076 1595 1333 1650 charitas.
1355 1593 1636 1664 Improbus
1653 1590 1906 1648 exstitisti
1927 1605 2050 1661 erga
2073 1590 2300 1657 amicos,

2296 1633 2300 1651 μ
2408 1594 2475 1648 ἂν
2505 1596 2649 1664 φιλεῖ
2687 1598 2718 1666 ἠ
2767 1595 3013 1666 ἁλήθεια’
3043 1598 3210 1659 κακὸς
3239 1598 3423 1664 έγένου
3459 1596 3630 1663 φίλοις
3653 1636 3665 1658 ,
3696 1595 3789 1647 καὶ
3821 1594 3969 1647 θείου

735 1691 931 1746 divina:
970 1688 1101 1759 legis
1130 1687 1390 1757 proditor,
1425 1686 1595 1740 hostis
1635 1685 1860 1755 proprias
1889 1682 2251 1738 confessionis
2280 1695 2298 1737 :
2333 1707 2372 1763 Β
2401 1704 2408 1721 ι

2286 1695 2298 1737 t
2333 1707 2372 1763 Β
2401 1686 2665 1756 προδότης
2692 1686 2976 1756 δόγματος.
3006 1686 3101 1739 καὶ
3120 1688 3217 1755 τῆς
3244 1686 3339 1755 σῆς
3365 1684 3651 1754 ὁμολογίας
3683 1684 3959 1753 πολέμιος·

735 1790 789 1836 et
840 1790 1016 1835 tamen
1064 1778 1264 1851 rogitas
1310 1792 1406 1831 cur
1447 1786 1500 1832 te
1557 1784 1617 1831 ut
1662 1774 1962 1845 improbum
2015 1773 2300 1844 diil‘ugiunt
2404 1798 2408 1827 ι

2292 1785 2300 1828 ι
2404 1773 2523 1831 εἶτα
2579 1776 2839 1847 διερωτᾷς
2881 1778 2934 1830 τί
2974 1778 3172 1847 δήποτέ
3216 1794 3273 1830 σε
3308 1779 3355 1829 oi
3404 1776 3647 1837 εὐσεϐεῖς
3688 1776 3763 1837 ὡς
3798 1776 3965 1843 έναγῆ

735 1872 999 1933 homines.
1028 1884 1127 1925 nec
1171 1883 1462 1941 congressu
1507 1882 1607 1923 suo
1646 1866 1925 1921 communi
1973 1863 2300 1937 dignantur?
2404 1892 2408 1919 ι

2295 1867 2300 1888 ⁵
2404 1866 2855 1937 ἀποστρέφονται,
2888 1867 3023 1938 μηδὲ
3063 1870 3159 1937 τῆς
3190 1868 3373 1936 κοινῆς
3411 1866 3685 1931 ἀξιοῦντες
3722 1868 3968 1937 προσρή-

733 1963 994 2018 Nimirum
1024 1962 1144 2017 ideo
1178 1963 1234 2034 (ο
1258 1976 1364 2031 quo
1393 1969 1445 2015 te
1476 1960 1766 2029 titulojure
1786 1958 2060 2029 designem
2083 1955 2122 2028 ι)
2152 1956 2298 2027 quod

2406 1973 2576 2023 σεωςς
2611 1949 2714 2023 (ὦ,
2741 1958 2793 2011 τί
2822 1975 2878 2012 σε
2905 1958 3127 2019 δικαίως
3158 1956 3437 2027 προσείπω
3457 1956 3495 2023 ς)
3524 1955 3750 2025 ιροσερὸν
3773 1954 3971 2023 ἡγοῦν-

630 2088 645 2101 ο
734 2056 971 2111 terribile
1016 2054 1367 2117 arbitrantur,
1403 2051 1493 2106 vel
1538 2065 1633 2121 per
1667 2050 1810 2105 salve
1851 2048 2293 2105 communionem

2403 2066 2492 2104 ται
2523 2050 2615 2104 κει)⁸
2660 2050 2722 2103 τὸ
2752 2050 2840 2104 διὰ
2862 2049 2955 2104 τοῦ
3010 2050 3241 2119 χαίρειν
3272 2046 3601 2116 κοινωνῆσαι
3639 2047 3748 2110 τοῖς
3782 2046 3967 2115 έργοις

738 2151 936 2205 habere
963 2163 1084 2203 cum
1118 2147 1377 2218 operibus
1407 2145 1513 2199 tuis
1542 2143 1742 2214 impiis.

1286 2247 1501 2305 EPIST.
1545 2245 1758 2303 XXVII.

1031 2342 1309 2398 Zacharias
1338 2340 1605 2407 metropol.
1633 2337 1993 2393 Chalcedonis.

2404 2159 2498 2196 σου
2519 2144 2630 2207 τοῖς
2657 2144 2929 2215 πονηροῖς.

2988 2248 3207 2301 ΕΙΠΣΤ.
3255 2250 3377 2302 KZ'.

2610 2340 2871 2409 Ζαχαρία
2898 2342 3306 2409 μητροπολίτῃ
3337 2338 3739 2407 Χαλκηδόνος.

1964 2446 2225 2500 Μοιιιεουι.
2260 2447 2365 2513 (ορ.
2400 2448 2505 2512 179,
2536 2465 2587 2515 p.
2619 2450 2749 2513 267).

801 2558 919 2615 Misi
946 2558 1039 2615 tibi
1069 2572 1311 2615 amaram
1338 2558 1633 2629 potionem,
1673 2557 2065 2628 preparatione
2114 2557 2299 2615 confe—

731 2654 1015 2723 ctioneque
1036 2667 1254 2719 novam,
1269 2651 1548 2707 stomacho
1571 2650 1953 2705 inservientem
1974 2649 2297 2716 roborando,

733 2746 800 2801 ab
847 2744 1034 2800 eadem
1066 2751 1179 2799 arte
1211 2758 1315 2814 qua
1362 2742 1510 2813 prius
1557 2740 1874 2812 profectam,
1925 2741 2016 2797 sed
2058 2751 2299 2813 tempore

2481 2561 2739 2633 Ἔπεμψά
2786 2578 2864 2616 σοι
2912 2563 3134 2635 πικρὰν,
3171 2565 3237 2635 τῇ
3285 2580 3343 2617 τε
3386 2567 3731 2637 κατασκευῇ,
3768 2564 3856 2618 καὶ
3905 2567 3969 2635 τῇ

2404 2650 2617 2723 έπινοίᾳ
2655 2652 2799 2705 νέαψ
2849 2654 2940 2706 καὶ
2972 2651 3219 2724 βοήθημα
3251 2654 3599 2725 στομαχικὸν,
3638 2655 3831 2725 τέχνης
3875 2656 3971 2722 μιν

2404 2744 2503 2814 τῆς
2551 2744 2754 2816 αὐτῆς,
2801 2744 3013 2816 ἡλικίας
3056 2746 3111 2799 δὲ
3159 2747 3555 2819 πρεσϐυτέρας.
3606 2748 3823 2804 Τούτων
3870 2751 3971 2820 τὴν

732 2836 1115 2908 antiquiorem.
1156 2834 1363 2891 Horum
1408 2832 1926 2889 medicamentorum
1963 2833 2113 2903 prius
2142 2848 2300 2889 mane
2331 2860 2373 2919 ο

2298 2857 2300 2883 ξ
2331 2860 2373 2919 C
2409 2839 2506 2908 μιν
2535 2837 2674 2909 ὑπὲρ
2711 2838 2921 2910 ἡμέραν
2959 2839 3153 2913 ὄρθρου
3195 2842 3633 2913 προσφερόμενος
3674 2842 3815 2897 κατὰ
3852 2861 3971 2915 τρι-

734 2929 960 2999 recipies
985 2941 1107 2982 cum
1150 2926 1308 2979 lurlia
1362 2932 1515 2994 parte
1565 2923 1683 2993 ejus
1711 2922 1853 2993 quod
1895 2938 2002 2977 una
2052 2922 2303 2999 mittitur,

733 3029 977 3075 sumatur
1003 3016 1056 3072 in
1096 3030 1233 3086 aqua
1267 3014 1444 3085 tepida
1475 3021 1568 3068 aut
1606 3012 1902 3073 melicrato.
1951 3019 2113 3082 prout
2142 3012 2306 3067 alter-

735 3121 914 3167 utrum
959 3108 1127 3179 magis
1166 3106 1309 3161 l'crre
1359 3103 1568 3175 possis:
1593 3112 1649 3158 et
1680 3111 1801 3172 post
1826 3103 1995 3156 amari
2026 3102 2166 3158 illius
2193 3115 2308 3157 me-

738 3199 1031 3258 dicamenti
1066 3198 1364 3269 potionem,
1398 3208 1580 3251 sumas
1609 3193 1837 3248 alterum
1867 3192 1990 3249 licet
2021 3206 2120 3263 per
2149 3207 2304 3248 men-

735 3308 850 3348 sem
884 3292 1150 3362 integrum
1174 3287 1574 3351 continuatum,
1600 3297 1767 3354 usque
1789 3282 1857 3339 ad
1886 3281 2042 3338 nucis
2069 3282 2306 3339 Pontice

735 3380 1115 3453 quantitatem,
1144 3377 1314 3433 ternis
1344 3389 1506 3447 porro
1535 3374 1675 3430 bolis
1705 3372 2055 3429 distributum
2083 3372 2300 3429 sumito.

738 3473 881 3527 Illam
914 3482 1039 3526 ante
1076 3469 1206 3526 solis
1240 3476 1513 3533 exortum,
1541 3465 1766 3522 alteram
1790 3464 1857 3520 ad
1887 3480 2135 3521 occasum
2170 3464 2303 3521 solis

736 3574 857 3635 post
881 3576 1109 3626 cmnam,
1135 3558 1397 3615 stomachi
1416 3558 1724 3615 cachexiam
1752 3557 1824 3613 ita
1848 3559 1901 3612 in
1915 3557 2105 3612 melius
2130 3555 2303 3613 refor-

736 3657 937 3720 mabis,
975 3664 1029 3709 et
1078 3650 1292 3707 aurium
1347 3651 1585 3706 dolorem
1629 3649 1862 3705 sedabis.
1920 3646 2037 3703 Non
2082 3663 2302 3720 possunt

734 3746 829 3804 tibi
856 3743 1167 3817 promittere
1203 3742 1419 3797 totalem
1450 3739 1786 3796 sanationem
1819 3758 1833 3795 :
1863 3755 1985 3795 nam
2018 3740 2191 3795 morbi
2215 3740 2301 3794 in-

738 3836 957 3894 veterati
989 3835 1079 3891 vis
1123 3835 1189 3891 ad
1223 3843 1435 3905 tempus
1479 3833 1642 3889 breve
1684 3841 1963 3887 sanantur.
2012 3831 2187 3902 Atque
2242 3840 2301 3887 ut

735 3932 881 3997 alibi,
912 3931 986 3987 ita
1022 3928 1287 4001 imprimis
1310 3928 1363 3982 in
1396 3926 1850 3998 promissionibus
1882 3925 2300 3981 medicamenta-

737 4023 875 4078 libus
904 4022 957 4077 id
988 4021 1131 4091 quod
1172 4020 1429 4091 turgescit
1472 4017 1869 4088 reprobandum
1918 4032 1930 4069 :
1980 4016 2074 4073 sed
2113 4017 2297 4071 divino

740 4114 893 4169 facile
952 4113 1227 4180 aspirante
1267 4111 1464 4165 auxilio
1511 4110 1812 4181 mitigatum
1878 4108 2045 4179 magis
2100 4116 2297 4163 statum

738 4202 1087 4272 consequeris
1125 4210 1181 4256 et
1212 4200 1602 4255 habitudinem.

1266 4312 1480 4368 EPIST.
1533 4313 1766 4368 XXVIII.

916 4406 1196 4474 Eulumpio
1229 4406 1614 4473 archiepiscopo
1652 4415 1699 4459 et
1730 4405 2106 4473 sceuopltylaci.

2408 2929 2671 3001 τημόριον
2698 2930 2793 2985 τοῦ
2837 2932 3143 2997 σταλέντος,
3180 2933 3332 2988 ὕδατι
3364 2933 3590 3006 χλιαρῷ,
3620 2936 3653 3006 ἢ
3687 2936 3782 2990 καὶ
3816 2937 3971 3005 μελι-

2406 3023 2615 3093 κράτῳ,
2641 3022 2716 3087 ὡς
2747 3022 2812 3078 ἂν
2839 3020 2871 3099 ᾖ
2905 3041 2987 3078 σοι
3016 3026 3382 3097 ἁλυπώτερον·
3406 3026 3469 3079 τὸ
3483 3027 3561 3091 δὲ,
3584 3028 3720 3095 μετὰ
3752 3029 3852 3099 τὴν
3872 3028 3974 3096 τῆς

2404 3117 2608 3187 πικρᾶς
2641 3117 2819 3178 πόσιν,
2843 3116 2965 3171 καθ’
2986 3117 3104 3171 ὅλον
3129 3118 3350 3189 ἡμερῶν
3387 3121 3553 3189 μῆνα,
3581 3119 3838 3173 Ποντικοῦ
3876 3137 3978 3173 κα-

2406 3205 2539 3280 ρύου
2574 3208 2715 3262 κατὰ
2747 3207 2977 3278 μέγεθος
2996 3247 3010 3273 ,
3060 3211 3116 3273 ές
3159 3210 3284 3280 τρία
3313 3210 3391 3281 τῷ
3421 3210 3613 3282 πληθει
3641 3210 3973 3281 λαμϐάνων·

2402 3294 2473 3348 τὰ
2504 3294 2624 3365 μιν,
2669 3294 2908 3366 ἡλιακῶν
2936 3296 3121 3365 αὐγῶν
3154 3300 3537 3371 πρωιαίτερον
3576 3299 3638 3353 τὸ
3678 3299 3736 3353 δι
3763 3300 3975 3366 λοιπὸν,

2402 3382 2660 3455 δυομένου
2706 3386 2801 3439 καὶ
2857 3386 3220 3442 έπιδείπνιον·
3258 3389 3417 3459 τήντε
3450 3390 3790 3460 στομαχικὴν
3831 3407 3972 3461 καχ-

2403 3474 2549 3540 εξίαν
2576 3478 2668 3529 επὶ
2697 3477 2756 3530 τὸ
2773 3475 2995 3548 ἄμεινον
3018 3477 3157 3543 ῑξεις
3192 3478 3593 3551 μεθισταμένην
3619 3497 3721 3547 σοι,
3758 3482 3852 3538 καὶ
3877 3482 3978 3553 τὴν

2403 3566 2496 3621 τοῦ
2510 3566 2645 3631 ὠτὸς
2664 3568 3041 3639 περιωδυνίαν.
3068 3571 3181 3624 Οὐκ
3203 3571 3268 3625 ἂν
3290 3571 3345 3626 δι
3368 3572 3531 3643 φαίην
3553 3575 3632 3637 είς
3655 3573 3975 3646 ἀπαλλαγὴν

2404 3653 2661 3726 παντελῆ·
2688 3654 2911 3727 βραχεῖά
2942 3674 2999 3711 τε
3028 3659 3136 3728 γὰρ
3164 3658 3434 3730 Θεραπεία
3464 3662 3839 3734 χρονιωτέρων
3872 3666 3973 3738 ητ-

2401 3744 2556 3799 τᾱται
2586 3746 2927 3817 νοσημάτων,
2968 3747 3063 3801 καὶ
3104 3746 3293 3821 ὥσπερ
3336 3750 3610 3821 πανταχοῦ
3636 3791 3651 3818 ,
3682 3752 3825 3807 οὕτω
3872 3756 3975 3825 μά-

2401 3834 2556 3891 λιστα
2582 3842 2699 3902 ταῖς
2724 3841 2992 3912 ἰατρικαῖς
3022 3841 3344 3913 ὑποσχέσεσι
3372 3846 3670 3919 νεμέσητον
3700 3847 3762 3901 τὸ
3795 3850 3961 3921 ὑπέρ-

2401 3946 2579 3999 ογκον.
2670 3930 2808 3985 Ἀλλ’
2858 3927 2950 3987 οὖν
3004 3933 3105 4005 τῆς
3156 3936 3266 3990 ἀνω
3302 3938 3511 4009 ῥοπῆς,
3557 3939 3637 4003 είς
3682 3940 3972 4011 εὐμένειαν

2400 4019 2611 4093 ὁρώσης
2636 4063 2650 4089 ,
2681 4025 2755 4086 τίς
2795 4023 2926 4079 πολὺ
2973 4026 3137 4098 ῥᾴονα
3182 4027 3689 4103 συγκαθισταμένην
3723 4048 3808 4086 σοι
3848 4032 3970 4088 διά-

2402 4111 2569 4167 θεσιν.

2982 4321 3201 4374 ΕΙΙΙΣΤ.
3239 4323 3370 4376 κη’.

2498 4410 2820 4476 Eii-lauda,»
2850 4411 3293 4480 ἁρχιεπισκόπῳ
3321 4416 3416 4469 καί
3444 4422 3878 4488 σκευοφύλακι.

1940 4518 2203 4571 Montacut.
2240 4522 2341 4584 (ep.
2371 4521 2478 4583 ιει,
2512 4536 2553 4586 ρ
2594 4524 2724 4586 273).

811 4624 1139 4678 Atlversatur
1192 4620 1377 4676 virtuti
1410 4621 1747 4692 improbitas,
1779 4637 1878 4677 nec
1916 4622 1966 4675 in
2013 4622 2304 4678 amicitiam

741 4716 1047 4770 coalescent
1080 4713 1366 4783 aliquando
1397 4731 1408 4767 :
1446 4723 1670 4783 utraque
1700 4714 1975 4784 proprium
2004 4715 2305 4786 subjectum

744 4808 924 4870 habet,
981 4814 1035 4860 et
1065 4805 1409 4875 amplectitur
1439 4805 1521 4860 cui
1561 4805 1815 4859 innititur
1848 4823 1859 4859 :
1912 4805 2023 4860 ﬂeri
2058 4820 2165 4862 non
2210 4821 2309 4877 po-

743 4908 849 4953 test
900 4905 977 4961 ut,
1026 4896 1281 4965 subjectis
1326 4894 1709 4965 pugnantibus.
1750 4908 1812 4949 ea
1865 4909 1981 4963 qua:
2028 4894 2302 4959 incubant,

746 4992 990 5048 inducias
1029 4998 1227 5061 agant:
1259 4990 1300 5045 si
1334 4990 1435 5044 hoc
1478 4990 1549 5044 ita
1595 5004 1653 5043 se
1688 4989 1847 5044 liabet
1881 4990 2060 5044 mirari
2102 4989 2231 5055 noli,
2260 4989 2305 5044 si

745 5086 809 5147 is.
848 5084 937 5153 qui
972 5082 1214 5137 minister
1239 5091 1318 5137 est
1360 5082 1673 5151 impietatis,
1700 5082 1896 5137 bellum
1923 5082 1989 5137 iis
2025 5082 2307 5138 denuntiat

746 5191 867 5229 cum
932 5190 1124 5245 magno
1166 5181 1331 5238 statu,
1361 5172 1449 5243 qui
1495 5172 1747 5227 virtutem
1796 5171 1897 5243 ipsi
1953 5186 2019 5226 ex
2078 5172 2304 5229 adverso

746 5265 1096 5324 constitutam
1122 5273 1529 5336 repraesentant.

1290 5377 1505 5433 EPIST.
1548 5376 1738 5433 XXIX.

1011 5470 1347 5526 Euschcmoni
1375 5472 1757 5538 archiepiscopo
1786 5466 2063 5524 Cursarem.

2478 4625 2664 4678 Ἔστιν
2688 4627 2928 4680 έναντίον
2967 4630 3031 4703 τῇ
3064 4628 3228 4701 ἀρετῇ
3257 4630 3289 4699 ἡ
3325 4630 3513 4689 κακία.
3546 4633 3638 4687 καὶ
3664 4634 3763 4687 οὐκ
3795 4637 3859 4687 ἂν
3888 4639 3963 4700 είς

2404 4714 2583 4795 φιλίαν
2616 4715 2914 4769 συνέλθοιεν
2936 4731 2949 4747 ·
2991 4719 3222 4789 ἑκατέρα
3258 4718 3314 4772 δι
3352 4720 3706 4795 ὑποκείμενον
3743 4729 3963 4792 οἰκεῖον,

2407 4802 2491 4871 έφ’
2518 4792 2561 4869 ᾧ
2586 4801 2812 4871 ἵδρυται,
2854 4803 3339 4875 καταλαμϐάνουσα
3367 4809 3478 4879 (zu
3498 4826 3510 4840 ·
3543 4792 3642 4865 οὐκ
3669 4812 3814 4868 εστιν
3849 4813 3963 4881 οὖν,

2409 4897 2717 4967 μαχομένης
2746 4898 2841 4967 τῆς
2876 4900 3271 4970 έφιδρυμένης,
3321 4904 3639 4959 σπένδεσθαι
3677 4910 3768 4961 τὸν
3808 4910 3965 4981 έδρα-

2403 4986 2561 5051 ζοντα
2598 5003 2611 5020 ·
2642 4990 2687 5042 εί
2716 4988 2771 5043 δὲ
2796 4987 2970 5056 τοῦτο,
2994 4990 3158 5061 μηδὲν
3177 4992 3484 5065 θαυμάζῃς,
3506 4996 3555 5049 εί
3582 4998 3608 5051 ό
3638 4998 3737 5067 τῆς
3768 5004 3965 5067 κακίας

2402 5079 2697 5151 ὑπηρέτης,
2738 5080 2875 5134 κατὰ
2906 5083 3010 5135 τῶν
3036 5083 3448 5155 ἀντιπρόσωπον
3466 5087 3613 5161 αὐτῷ
3642 5089 3737 5161 τὴν
3766 5093 3967 5165 ἀρετὴν

2402 5170 2869 5244 προόεσλημένων⁸
2913 5174 3054 5245 μέγα
3075 5176 3197 5229 πνεῖ
3221 5176 3281 5230 τὸ
3306 5177 3575 5249 πολέμιον.

2992 5376 3211 5432 ΕΠΙΣΤ.
3245 5374 3373 5431 KG’.

2571 5466 2916 5537 Εὐσχημόνι
2938 5466 3378 5538 ἀρχιεπισκόπῳ
3404 5467 3779 5535 Καισαρείας.

1954 5584 2213 5635 Montacut.
2251 5586 2351 5644 (ep.
2385 5582 2491 5646 186,
2523 5598 2570 5648 p.
2607 5583 2741 5645 274).

820 5686 1141 5757 Improbitas
1186 5687 1381 5757 (neque
1410 5687 1510 5743 hoc
1545 5687 1788 5743 videatur
1817 5689 1915 5745 tibi
1969 5688 2299 5759 paradoxum

752 5782 900 5851 quid.
932 5795 1050 5835 cum
1100 5779 1231 5835 satis
1261 5788 1483 5834 testatur
1514 5796 1696 5836 verum
1736 5783 2043 5852 quotidiana
2092 5798 2188 5853 per
2219 5782 2301 5835 vi-

755 5884 860 5925 tam
892 5871 1241 5941 experientia)
1277 5871 1449 5926 sinon
1490 5873 1608 5929 velo
1641 5873 1853 5929 virtutis
1899 5889 2137 5945 oppanso
2163 5875 2303 5929 vele-

2490 5686 2552 5740 'H
2594 5686 2761 5740 κακία
2798 5686 2913 5757 (καὶ
2944 5684 3108 5755 μηδέν
3140 5702 3219 5738 σοι
3263 5685 3401 5750 δόξει
3436 5687 3751 5755 παράδοξον,
3782 5691 3812 5761 η
3859 5695 3966 5762 γὰρ

2409 5779 2517 5833 τῶν
2559 5781 2615 5833 έν
2652 5778 2749 5849 βίῳ
2784 5780 2945 5849 πείρα
2982 5780 3159 5846 σαφῆς
3192 5779 3296 5831 τών
3332 5777 3588 5831 τοιούτων
3624 5780 3962 5851 διδάσκαλος)

2412 5874 2477 5927 ἂν
2512 5870 2643 5943 μηδὲ
2668 5870 2768 5941 τῆς
2793 5869 2991 5942 ἀρετῆς
3010 5869 3227 5925 ὑπέλθοι
3247 5872 3306 5926 τὸ
3338 5874 3541 5945 σχῆμα,
3574 5876 3801 5946 τάχιστα
3830 5877 3969 5931 διόλ-
