4236 6436
184 466 318 528 841
1366 460 1857 521 EPISTOLARU]

1753 458 1900 519 RUM
1938 458 2165 519 LIBER
2205 462 2286 520 ΙΙ.
3321 464 3426 527 849.

179 577 362 628 λυται
384 591 398 604 ⁸
434 575 508 643 μὴ
532 574 710 626 τοίνυν
742 575 937 642 ἀθύμει
962 574 1163 639 ταύτην
1180 571 1341 641 ὁρῶν,
1372 572 1435 623 τὸ
1460 572 1769 638 λεγόμενον,
1801 588 1844 629 ιι

1754 610 1769 632 ,
1801 588 1844 629 ιι
1874 576 1979 633 tur,
2010 571 2329 637 quantocius
2378 570 2689 639 dissipatur.
2728 569 2845 625 Noli
2893 574 3142 641 quocirca
3194 574 3426 645 despon-

174 668 387 736 γυμνῇ
407 669 471 735 τῇ
504 667 709 736 κεφαλῇ
728 666 1131 735 Θρασυνομένην
1166 664 1260 716 καὶ
1280 662 1494 732 ἁπηρυθ
1504 662 1773 732 ριασμένῳ

1758 680 1773 711 ι
1874 660 2001 713 dere
2029 662 2290 729 animum,
2323 664 2365 717 si
2410 666 2551 732 quod
2598 663 2703 717 diei
2740 665 2893 727 solet,
2920 676 3104 734 aperte
3152 668 3431 724 ctnudato

174 758 483 827 προσώπῳ
527 758 667 810 κατὰ
710 759 930 810 πάντων
982 756 1441 822 ἁσελγαίνουσαν·
1488 753 1687 823 βραχὺς
1745 756 1775 805 6

1757 756 1775 805 5
1868 752 2066 819 capite,
2119 755 2401 807 audaciam
2450 756 2592 808 illam
2645 755 2827 810 videas
2875 757 3315 827 insolescentem,
3372 770 3430 815 et

173 848 416 917 χρόνος,
450 851 542 901 καὶ
578 852 659 911 είς
715 849 1007 920 διαφθορὰν
1038 848 1207 917 αὐτὴν
1248 845 1389 915 ὕψει,
1417 847 1515 897 σὺν
1556 844 1774 913 μεγάλῳ

1753 862 1774 913 ρ
1867 840 1923 893 in
1953 854 2244 911 conspectu
2299 856 2486 899 contra
2514 862 2701 902 omnes
2744 863 2851 902 non
2900 850 3251 904 erubescente
3278 853 3426 907 vultu

173 944 322 1012 ἤχῳ
359 944 878 1016 καταστρέφουσαν·
952 943 1095 1012 ἔχεις
1118 942 1177 995 δὲ
1219 942 1311 995 καὶ
1341 939 1434 994 τδν
1482 940 1773 1009 Προφήτην

1753 956 1773 991 ν
1868 933 2257 990 lascivientem.
2298 937 2532 1007 Tempus
2557 940 2722 995 breve
2751 942 3094 1006 interveniet,
3134 958 3255 999 cum
3281 945 3426 1000 illam

175 1037 331 1102 ἐμοὶ
395 1054 457 1088 συ
467 1036 910 1106 μφθεγγόμενον
967 1033 1147 1089 Εῐδογ
1198 1034 1303 1088 τὸν
1354 1032 1543 1101 ἀσεσῆ
1589 1035 1771 1098 ὑπερ-

175 1129 551 1196 υψιούμενον
580 1130 677 1181 καὶ
714 1128 1119 1196 ἐπαιρόμενον,
1148 1127 1229 1193 ὡς
1254 1126 1360 1192 τὰς
1390 1124 1639 1191 κέδρους
1661 1121 1768 1176 τοῦ

178 1219 481 1281 Λιϐάνου.
512 1222 611 1273 καὶ
640 1220 941 1289 παρῆλθεν
956 1230 1006 1286 ³,
1042 1220 1141 1273 καὶ
1171 1219 1299 1273 ἰδοὺ
1344 1220 1456 1273 οὐκ
1476 1215 1586 1287 ἦν·
1637 1217 1764 1285 ἐξή-

176 1328 362 1377 τησα
395 1314 598 1379 αὑτὸν,
639 1314 732 1367 καὶ
773 1316 883 1380 οὺχ
920 1313 1133 1381 εὑρέθη
1170 1314 1205 1365 ό
1239 1312 1421 1376 τόπος
1456 1309 1662 1364 αὑτοῦ.

834 1553 1050 1605 ΕΠΙΣΤ.
1086 1555 1165 1606 Λ’.

424 1645 679 1712 Ζαχαρία
716 1647 1120 1713 μητροπολίτῃ
1168 1646 1535 1714 Ἀντιοχείας.

1875 1025 2086 1079 videbis
2120 1043 2245 1081 cum
2294 1031 2497 1099 ingenti
2526 1032 2704 1086 sonitu
2753 1034 2807 1086 in
2845 1034 3139 1101 perniciem
3180 1037 3427 1105 praecipi-

1875 1125 2063 1171 tatam.
2119 1122 2295 1189 Atque
2340 1121 2426 1175 hie
2459 1123 2588 1176 mihi
2628 1125 3054 1179 consentientem
3101 1126 3426 1197 Prophetam

1873 1204 2065 1261 habes.
2101 1208 2238 1274 Vidi,
2279 1211 2456 1265 aiebat
2502 1212 2608 1277 ille,
2645 1215 2859 1281 impium
2896 1215 2951 1266 in
2983 1216 3191 1269 sublimi
3222 1220 3427 1272 exalta-

1866 1309 2001 1364 tum,
2052 1311 2100 1355 et
2130 1311 2381 1370 tauquam
2414 1321 2441 1357 c
2498 1308 2659 1359 cedris
2701 1308 2888 1362 Libani
2931 1309 3165 1371 elatum;
3211 1323 3424 1377 printer-

1862 1391 2005 1444 ibam
2035 1408 2173 1457 vero,
2229 1403 2275 1445 et
2307 1411 2417 1447 ecre
2448 1412 2545 1449 non
2572 1407 2722 1451 erat:
2754 1403 3047 1469 qua'rebam
3084 1420 3219 1467 eum,
3247 1413 3292 1456 et
3326 1420 3425 1456 non

1872 1491 1945 1533 cst
1978 1483 2215 1536 inventus
2243 1485 2381 1538 locus
2415 1487 2527 1555 ejus
2565 1488 2602 1540 '.

2436 1576 2647 1631 EPIST.
2690 1577 2850 1631 XXX.

2144 1664 2416 1720 Zacltaria’
2447 1670 2782 1735 melropolitw
2809 1671 3140 1723 Antioclieno.

1427 1764 1691 1813 Hontacut.
1719 1768 1823 1830 (cp.
1846 1770 1949 1831 l9l,
1987 1788 2033 1835 p.
2062 1777 2191 1841 289).

298 1868 338 1916 Ο
373 1868 637 1937 μακάριος
666 1869 761 1922 καὶ
792 1869 932 1931 Οεῖος
967 1871 1197 1936 Παῦλος,
1224 1876 1253 1927 6
1279 1874 1388 1926 τῶν
1430 1875 1598 1928 ἐθνῶν
1628 1876 1763 1928 ἀπό·
1794 1887 1836 1939 Β
1935 1882 1971 1934 Β

1742 1904 1763 1914 -
1794 1887 1836 1939 Β
1935 1882 2130 1940 Beatus
2182 1897 2236 1942 ct
2278 1891 2494 1944 divinus
2546 1890 2761 1957 Paulus,
2824 1898 3063 1964 gentium
3122 1899 3415 1964 apostolus.

182 1958 409 2021 στολος,
447 1961 541 2011 καὶ
578 1961 676 2029 τῆς
707 1963 1027 2033 οἰκουμένης
1061 1965 1403 2031 διδάσκαλος,
1432 1970 1461 2019 ὁ
1482 1967 1573 2018 τὸν
1598 1968 1763 2036 γύρον

182 2052 413 2102 ἅπαντα
458 2052 558 2120 τῆς
600 2054 701 2120 γῆς
742 2054 1047 2123 περιλαϐὼν
1073 2055 1151 2126 τῷ
1178 2060 1515 2125 κηρύγματι,
1555 2051 1708 2120 οὗτος
1737 2062 1766 2112 6

180 2142 275 2209 τῷ
303 2143 537 2212 οὐρανίῳ
571 2144 874 2207 παιδευθεὶς
902 2145 1253 2216 διδασκαλείῳ
1274 2149 1369 2201 καὶ
1389 2149 1496 2201 τῶν
1521 2151 1764 2222 ἀπορρή-

181 2251 307 2285 των
334 2235 554 2287 ἐκείνων
575 2236 1070 2307 ῥημάτωνδπρῶτος
1093 2240 1438 2311 ἀνθρωπίνην
1458 2243 1625 2312 ἀκοὴν
1645 2245 1763 2295 ἐπι-

181 2326 377 2392 δείξας
417 2330 699 2396 κατήκοον,
743 2330 1009 2399 πολλαχοῦ
1037 2334 1161 2395 τοὺς
1192 2334 1438 2404 μαθητὰς
1480 2335 1581 2404 τῆς
1624 2336 1762 2406 μετὰ

183 2419 307 2469 τῶν
362 2418 576 2487 φαύλων
627 2419 907 2490 διατριϐῆς
956 2423 1267 2493 ἀπείργων,
1310 2425 1469 2487 αὐτὸς
1504 2427 1564 2478 ού
1602 2430 1761 2495 μόνον

187 2510 367 2578 συνῆν
390 2511 480 2561 καὶ
505 2513 978 2581 συνανεστρέφετο,
1002 2514 1138 2566 ἀλλὰ
1161 2517 1254 2567 καὶ
1272 2514 1394 2580 τοῖς
1420 2519 1663 2586 ἀνόμοις
1684 2520 1763 2586 ὡς

184 2602 423 2669 ἄνομος
437 2602 859 2658 συν-διετίθετο.
877 2606 943 2657 Τί
958 2606 1142 2673 τοῦτο;
1170 2610 1261 2677 Μὴ
1278 2618 1387 2679 γὰρ
1403 2609 1543 2682 ἆπερ
1559 2612 1761 2682 ἑτέροις

185 2696 527 2764 ἀπέτρεπεν,
558 2695 718 2757 αὐτὸς
742 2697 864 2749 καθ’
892 2697 1082 2768 ἡδονὴν
1130 2699 1422 2770 ἐπραττεν;
1448 2703 1481 2771 ἢ
1517 2703 1627 2754 τῶν
1656 2721 1759 2771 μα-

187 2785 382 2854 θητῶν
437 2787 533 2853 μὲν
562 2786 621 2837 τὸ
659 2787 897 2855 ἀσφαλὲς
922 2788 1198 2851 διετίθετο,
1232 2791 1410 2861 ἐαυτῷ
1433 2792 1490 2845 δὲ
1516 2794 1616 2861 τὴν
1640 2792 1761 2861 βλά-

188 2877 301 2946 ϐην
331 2878 642 2947 είσέφερεν;
680 2879 903 2949 ἢλήθην
935 2879 1073 2949 ἔχων
1104 2875 1178 2935 ὧν
1226 2882 1419 2944 ἄλλους
1458 2885 1759 2948 ἐπαίδευεν,

186 2968 359 3030 αὐτὸς
395 2969 649 3020 τάναντία
666 2970 923 3039 ἕστεργες
973 2973 1050 3041 μὴ
1081 2975 1290 3040 γένοιτο
1318 2974 1466 3027 Ῑὰλλ’
1505 2977 1762 3046 ἑκάτερον

186 3060 402 3112 τούτων
451 3061 694 3129 ἀκριϐῶς
742 3063 1119 3129 συνεπίστατο,
1168 3066 1263 3117 καὶ
1315 3066 1378 3117 τὸ
1422 3067 1542 3118 καθ’
1574 3068 1761 3123 ἑαυτὸν

186 3153 425 3217 τέλειον,
462 3154 558 3205 καὶ
628 3154 762 3222 πρὸς
814 3154 1012 3208 κακίαν
1062 3158 1485 3228 ἀμετακίνητον,
1526 3162 1757 3217 καὶτῶν

188 3332 383 3385 Ταῦτα
403 3332 458 3385 δὲ
498 3334 675 3396 καλῶς
728 3334 880 3397 εἰδὼς
906 3340 999 3390 καὶ
1027 3340 1498 3409 συνεπιστάμενος,
1530 3343 1754 3401 ἐκείνοις

193 3426 299 3495 μὲν
344 3428 440 3490 τὰς
468 3429 532 3480 ὲκ
563 3429 672 3480 τῶν
702 3428 1012 3495 ἐπισφαλῶς
1037 3428 1291 3497 βιούντων
1326 3430 1527 3499 βλαὸας
1560 3434 1753 3485 ἀνακό-

190 3534 349 3570 πτων
400 3519 489 3571 καὶ
536 3518 975 3588 ἁποκρουόμενος
1010 3520 1110 3587 τῆς
1156 3520 1273 3589 μετ’
1326 3522 1502 3574 αὐτῶν
1546 3523 1755 3593 διαίτης

191 3613 295 3665 καὶ
332 3613 675 3681 ἀναστροφῆς
696 3613 988 3666 διεκώλυεν
1005 3631 1019 3643 ·
1047 3615 1235 3667 ἑαυτὸν
1261 3616 1318 3667 δέ
1340 3618 1434 3668 καὶ
1457 3620 1535 3680 είς
1557 3619 1754 3687 μέσους

199 3706 387 3774 φέρων
427 3706 608 3772 ἠφίει,
657 3704 751 3756 καὶ
786 3706 1107 3775 ὁμορῤόφιος
1133 3708 1315 3769 αὐτοῖς
1342 3708 1623 3774 πολλάκις,
1663 3713 1755 3762 καὶ

190 3796 499 3865 ὁμοδίαιτος
537 3797 927 3864 ἐχρημάτιζεν
964 3798 1027 3849 οὐ
1063 3798 1246 3861 δεδίως
1282 3803 1566 3869 μετασχεῖν
1598 3801 1753 3872 κηλῖ-

189 3891 285 3951 δος
311 3888 411 3956 τῆς
449 3888 578 3957 παρ’
612 3890 817 3941 αὐτῶν·
844 3888 1060 3961 θαρῤὦν
1089 3891 1146 3943 δὲ
1174 3894 1265 3943 καὶ
1300 3893 1625 3961 μεταδώσειν
1654 3896 1754 3963 τῆς

191 3978 421 4047 ἐνούσης
443 3978 807 4048 καθαρότητος
821 3997 836 4013 ο
856 3980 998 4033 οὕτω
1017 3983 1303 4051 τοιγαροῦν
1317 3987 1345 4036 6
1362 3985 1519 4048 αὐτὸς
1534 3988 1751 4050 σκοπὸς,

191 4075 227 4140 ή
258 4070 368 4123 τῶν
408 4073 611 4139 ψυχῶν,
646 4074 805 4141 φημὶ,
851 4074 1111 4143 σωτηρία,
1139 4075 1227 4127 διὰ
1254 4077 1361 4128 τῶν
1390 4080 1644 4131 ἐναντίων
1678 4081 1754 4148 τῷ

196 4164 453 4232 μακαρίῳ
495 4164 689 4233 Παύλῳ
730 4165 1078 4233 ἐπεραίνετο’
1112 4166 1276 4219 αὑτοῦ
1342 4168 1440 4236 μὲν
1489 4170 1598 4221 τῶν
1653 4172 1753 4223 ούκ

193 4253 409 4318 εύαγῶς
458 4253 713 4321 βιούντων
759 4256 856 4324 τὴν
905 4256 1139 4322 σύνοδον,
1191 4259 1287 4313 ἐπὶ
1322 4259 1602 4329 διορθώσει
1645 4264 1752 4315 τῶν

196 4341 465 4394 συνόντων
507 4343 567 4393 οὐ
616 4347 1086 4413 παραιτουμένου·
1135 4349 1260 4410 τοὺς
1289 4350 1346 4401 δὲ
1381 4352 1625 4423 μαθητὰς
1654 4356 1752 4408 υύκ

194 4432 393 4493 ἐῶντος
425 4434 813 4503 παραπλησίως
836 4437 1111 4503 πράττειν,
1140 4439 1225 4490 ἵνα
1258 4441 1331 4508 μὴ
1364 4444 1596 4511 χρηστὸν
1622 4441 1750 4514 ἦθος

1801 3219 1824 3239 η
1860 3170 2123 3225 deteriora
2166 3192 2177 3225 :

188 3244 411 3295 πολλῶν
462 3244 520 3296 τὸ
556 3245 742 3307 ἀτελὲς
781 3249 873 3299 καὶ
904 3248 1040 3317 πρὸς
1076 3248 1144 3300 τὰ
1182 3251 1348 3320 χείρω
1386 3254 1750 3322 εύέμπτωτον.
1782 3225 1825 3279 (³

1865 1980 2049 2032 mundi
2085 1981 2293 2044 doctor,
2337 1984 2425 2052 qui
2459 1993 2597 2039 totos
2633 1995 2787 2039 terrae
2830 1990 3051 2058 angulos
3082 1992 3420 2057 praedicando

1863 2069 2280 2127 circumiitzille
2321 2076 2524 2130 ccelesti
2569 2078 2874 2147 magisterio
2928 2080 3168 2143 edoctus,
3224 2092 3278 2134 et
3334 2083 3419 2135 in-

1863 2164 2244 2217 enarrabilium
2292 2182 2599 2220 sermonum
2654 2170 2924 2238 princeps,
2960 2171 3221 2224 humanas
3264 2188 3420 2225 aures

1861 2255 2145 2310 audientes
2178 2258 2404 2321 habens,
2436 2261 2619 2313 multis
2654 2262 2704 2313 in
2746 2263 2878 2315 locis
2907 2262 3197 2331 discipulos
3222 2279 3250 2315 a
3287 2281 3420 2318 con-

1859 2348 2166 2401 versatione
2191 2349 2481 2418 impiorum
2511 2352 2820 2415 excludens,
2865 2369 2969 2407 non
3003 2363 3207 2407 tantum
3238 2371 3415 2409 versa-

1861 2444 1948 2487 tus
1967 2445 2048 2489 est
2072 2436 2185 2505 ipse
2210 2454 2330 2492 cum
2353 2441 2701 2509 ejuscemodi,
2724 2443 2814 2496 sed
2836 2453 2889 2495 ct
2909 2444 3017 2495 sine
3048 2445 3155 2515 lege
3184 2448 3421 2501 exsistet:-

1859 2528 1994 2580 tibus
2037 2531 2172 2582 velut
2214 2531 2362 2585 exlex
2425 2534 2647 2585 conviin
2674 2534 2716 2586 ’.
2772 2535 2909 2599 Quid
2948 2539 3179 2590 autem?
3231 2542 3312 2592 An
3362 2551 3421 2595 ut

1859 2619 1977 2687 ipse
2014 2619 2243 2673 libenter
2278 2633 2478 2691 ageret,
2534 2624 2676 2691 quod
2725 2625 2941 2693 reliquis
2984 2644 3089 2681 non
3137 2631 3421 2698 permisit?

1858 2724 1927 2761 an
1967 2711 2351 2780 discipulorum
2401 2716 2678 2768 securitati
2712 2726 2767 2768 ut
2795 2719 3122 2785 provideret,
3152 2721 3266 2789 ipse
3313 2723 3418 2777 sibi

1861 2806 2115 2860 damnum
2148 2810 2351 2863 creavit
2380 2810 2401 2862 ?
2425 2827 2491 2862 an
2540 2812 2739 2866 oblitus
2776 2829 2962 2867 eorum
2990 2831 3109 2884 quae
3138 2832 3420 2888 suggesse-

1862 2905 1961 2960 rat,
1998 2899 2116 2953 aliis
2150 2903 2413 2954 contraria
2449 2904 2663 2956 obivit?
2701 2905 2875 2959 absit!
2906 2914 3194 2976 utrumque
3220 2910 3421 2977 optime

1860 2999 2102 3053 noverat,
2126 3006 2181 3042 se
2211 2992 2594 3058 perfectionem
2630 3007 2938 3049 assecutum
2987 2998 3315 3052 immobilem
3352 3003 3415 3053 ad

1860 3081 2080 3143 malum,
2110 3081 2337 3135 aliorum
2383 3084 2821 3152 irnperfectiones
2866 3099 2918 3140 et
2947 3104 3107 3156 quam
3143 3090 3326 3144 labiles
3354 3093 3421 3145 ad

2235 3174 2425 3227 horum
2481 3177 2732 3231 conscius
2774 3187 2828 3231 et
2876 3179 3211 3249 intelligens,
3256 3183 3419 3236 disci-

1861 3265 1996 3331 pulis
2038 3266 2271 3320 inhibuit
2305 3284 2652 3338 congressum
2690 3281 2745 3325 et
2774 3274 3238 3327 conversationem
3297 3291 3422 3329 cum

1862 3356 2120 3424 improbis
2155 3400 2168 3421 ,
2222 3360 2521 3427 pra-cidens
2576 3377 2769 3431 nempe
2819 3364 3013 3417 damna
3060 3374 3116 3419 et
3161 3367 3422 3420 amoliens

1859 3447 2053 3499 exinde
2114 3445 2289 3501 futura
2325 3466 2337 3500 :
2365 3451 2599 3519 seipsnm
2633 3453 2842 3507 medius
2867 3454 3065 3515 intulit.
3100 3455 3200 3509 sub
3234 3458 3422 3510 eodem

1861 3553 2002 3607 saepe
2057 3548 2198 3591 tecto
2229 3555 2352 3593 cum
2403 3541 2489 3604 iis,
2544 3543 2817 3597 eteadem
2869 3560 3054 3600 mensa
3105 3546 3422 3603 familiarius

1860 3638 2145 3681 versatus:
2192 3646 2368 3698 neque
2416 3632 2560 3684 enim
2603 3634 2865 3689 maculam
2905 3637 2973 3690 ab
3012 3637 3076 3690 iis
3114 3640 3419 3693 metuebat:

1862 3718 1970 3770 imo
2000 3722 2523 3774 communicaturum
2558 3738 2614 3776 se
2636 3724 2914 3779 confidens
2931 3726 2998 3781 de
3029 3731 3260 3796 puritate
3290 3747 3418 3786 sua:

1861 3820 2019 3876 atque
2069 3810 2139 3862 ita
2178 3813 2465 3865 contrariis
2492 3815 2592 3866 viis
2616 3816 2678 3867 ad
2715 3816 2959 3869 eumdem
3001 3817 3159 3871 finem
3195 3832 3421 3875 conten-

1858 3901 2020 3953 debat
2066 3900 2282 3965 Paulus,
2326 3919 2427 3957 nec
2474 3905 2765 3958 declinavit
2814 3908 3121 3963 convictum
3176 3912 3421 3980 improbe

1858 3990 2173 4053 viventium,
2201 3992 2270 4045 ob
2300 3995 2692 4048 correctionem
2730 4011 2912 4049 secum
2950 4001 3296 4065 vcrsantinm,
3334 4019 3422 4071 pa-

1858 4082 1936 4133 ria
1959 4082 2241 4135 admittere
2272 4099 2376 4135 non
2406 4084 2589 4139 sinens
2626 4086 2933 4155 discipulos,
2972 4106 3041 4142 ne
3072 4091 3195 4143 boni
3242 4109 3420 4146 mores

1858 4175 2013 4227 malis
2041 4176 2538 4230 conversationibus
2567 4163 3067 4248 corrumperentur.
3115 4182 3232 4244 Quo
3292 4198 3416 4250 spe-

1858 4276 1986 4329 ctat,
2014 4267 2141 4334 quid
2162 4268 2276 4319 vult
2304 4268 2403 4322 sibi
2444 4270 2557 4322 haec
2589 4271 2762 4323 oratio
2790 4272 2811 4323 ?
2840 4282 2986 4325 certe
3009 4274 3165 4326 solvit
3184 4289 3212 4326 a
3244 4286 3416 4329 vestra

1858 4358 2183 4427 perfectione
2234 4360 2583 4427 quarstionem
2640 4363 3009 4430 propositam.
3042 4362 3173 4416 Nam
3206 4374 3264 4416 ut
3316 4366 3417 4417 im-

1857 4450 2079 4516 perfecti
2108 4450 2413 4503 facultatem
2439 4466 2545 4504 non
2573 4453 2839 4506 habebant
2868 4454 3034 4507 libere
3060 4469 3181 4508 cum
3213 4458 3414 4523 impro-

195 4524 393 4583 καιιαίς
420 4523 655 4591 ὁμιλίαις
689 4525 1157 4595 ἐνδιαφθείροιντο.
1185 4528 1327 4597 Πρὸς
1360 4531 1413 4582 τί
1443 4532 1501 4583 δέ
1530 4550 1619 4602 μοι
1651 4539 1751 4603 ἀφ·
1778 4564 1831 4622 D
1858 4541 1868 4593 1

1737 4565 1751 4574 -
1778 4564 1831 4622 D
1858 4541 1937 4594 bis
1968 4541 2225 4595 miscendi
2258 4556 2314 4595 se
2343 4556 2357 4593 :
2388 4551 2444 4595 at
2493 4542 2688 4598 Paulus
2750 4544 2951 4599 faciens
2989 4548 3130 4614 quod
3161 4549 3410 4615 prohibe—

192 4613 299 4682 ορᾷ
325 4616 351 4665 6
378 4612 551 4680 λόγος,
590 4614 684 4667 καὶ
712 4617 763 4665 τί
798 4615 1082 4684 βούλεται;
1120 4615 1157 4690 ἦ
1189 4619 1344 4687 δῆλον
1376 4623 1458 4675 ὅτι
1503 4627 1564 4678 τὸ
1612 4640 1759 4700 παρά

192 4705 296 4769 τῆς
319 4702 467 4768 ὑμῶν
497 4702 830 4771 τελειότητος
850 4705 1055 4758 διαλύει
1083 4710 1515 4777 προτεινόμενον.
1553 4718 1759 4795 Ὠσπερ

193 4793 306 4861 γὰρ
352 4794 451 4845 οὐκ
498 4790 565 4862 ἦν
612 4794 709 4861 μὲν
762 4800 871 4857 τοῖς
906 4797 1149 4850 ἀτελέσιν
1194 4803 1280 4851 ἐπ’
1309 4802 1552 4869 ἐξουσίας
1592 4790 1753 4882 ἔχειν,

198 4885 341 4950 μετὰ
362 4885 470 4935 τῶν
499 4886 715 4951 φαύλων
750 4888 1217 4958 συναναφύρεσθαι
1235 4907 1249 4920 ⁸
1278 4893 1495 4959 Παῦλος.
1511 4898 1566 4951 δὲ
1588 4906 1757 4972 πράτ-

192 4991 325 5034 των,
352 4974 485 5042 ὂπερ
523 4978 750 5044 ἀπεῖργε
772 5017 786 5038 ,
820 4979 910 5030 καὶ
952 4980 1447 5053 διοικονομούμενος
1497 4997 1753 5067 κατεφαί-

193 5083 337 5124 νετο,
371 5067 661 5136 κερδαίνων
692 5070 886 5136 μᾶλλον
916 5072 976 5136 ἐξ
1000 5066 1074 5125 ὧν
1098 5075 1274 5138 ἄλλοις
1316 5078 1525 5151 ὑπῆρχε
1557 5086 1617 5137 τὸ
1637 5089 1759 5139 ἐπι-

194 5155 413 5224 ζημιον·
459 5157 599 5209 οὕτω
640 5162 743 5229 χρὴ
781 5162 874 5212 καὶ
916 5166 1040 5232 περὶ
1064 5166 1156 5216 τοῦ
1202 5167 1480 5237 διορισμοῦ
1507 5174 1603 5240 τῆς
1639 5193 1759 5245 τρι-

194 5244 348 5305 ετίας
391 5244 717 5312 λογίζεσθαι,
753 5252 819 5317 ἢν
853 5252 946 5302 ἐπὶ
968 5253 1075 5305 τῶν
1092 5257 1423 5324 προσιόντων
1465 5262 1541 5329 τῷ
1576 5244 1760 5331 μονάδι

195 5332 303 5401 βίῳ
329 5336 356 5384 6
393 5336 625 5404 ἀκριϐὴς
656 5338 807 5405 λόγος
838 5340 1143 5408 διωρίσατο.
1179 5344 1315 5407 Τοὺς
1361 5347 1459 5415 μὲν
1495 5350 1603 5419 γὰρ
1632 5354 1761 5405 πολ-

194 5422 321 5486 λοὺς
360 5428 449 5477 καὶ
488 5426 772 5495 δεομένους
802 5433 1258 5502 προκαθάρσεως,
1296 5437 1513 5506 ἄμεινον
1553 5441 1761 5499 ἐκεῖθεν

276 5577 456 5633 'Psal.
483 5596 665 5647 xxxvr,
709 5585 798 5639 55.
874 5588 937 5641 ’l
976 5591 1099 5645 Cor.
1134 5610 1209 5658 ix,
1251 5596 1338 5650 2i.

1857 4630 1967 4693 bat,
2000 4643 2051 4682 et
2077 4634 2216 4698 quod
2262 4630 2437 4685 facere
2463 4634 2802 4695 cernebatur,
2856 4644 2914 4687 ut
2959 4635 3294 4689 lucrifaccrct
3324 4653 3407 4701 co,

1855 4723 1997 4789 quod
2025 4722 2140 4773 aliis
2187 4722 2442 4775 damnum
2489 4733 2735 4778 crearet:
2772 4727 2843 4778 ita
2877 4737 3086 4793 oportet
3111 4737 3165 4780 et
3206 4729 3271 4781 de
3319 4731 3386 4782 tri

1857 4814 1985 4865 enni
2029 4815 2401 4879 exploratione
2443 4824 2679 4869 statuere
2721 4857 2735 4879 ,
2784 4832 2943 4885 quam
3001 4818 3190 4871 statuit
3228 4830 3411 4873 exacta

1856 4904 2134 4972 disciplina
2174 4921 2297 4973 erga
2332 4905 2683 4960 monasticam
2717 4908 3107 4975 professionem
3140 4909 3406 4963 facturos:

1855 4996 2071 5056 multos,
2131 5005 2314 5063 utpote
2342 4996 2713 5063 purificatione
2746 4999 3062 5068 indigentes,
3092 5001 3281 5053 melius
3329 5012 3412 5053 est

1855 5085 2035 5138 subire
2090 5086 2232 5137 illam
2276 5086 2695 5154 explorationem
2727 5105 2741 5151 ;
2774 5098 2829 5141 at
2874 5089 2965 5156 qui
2996 5104 3056 5142 se
3083 5089 3233 5157 prius
3280 5107 3412 5159 pur-

1854 5187 2038 5245 gautes
2089 5177 2251 5231 vitam
2306 5178 2492 5231 ineunt
2543 5180 2984 5249 philosopliicam,
3032 5196 3141 5235 non
3188 5199 3411 5238 necesse

1856 5270 2054 5322 habent
2104 5271 2324 5339 praecise
2360 5272 2487 5325 illud
2527 5284 2738 5342 tempus
2768 5276 3053 5329 observare
3083 5294 3095 5329 :
3149 5279 3408 5345 quemad-

1855 5358 2072 5412 modum
2127 5360 2180 5412 in
2207 5360 2275 5413 iis
2304 5363 2396 5428 qui
2424 5362 2562 5417 hanc
2594 5364 2759 5419 vitam
2812 5365 3118 5434 instituunt,
3144 5368 3307 5421 multa
3356 5378 3411 5422 et

1859 5464 2051 5518 magna
2087 5451 2387 5507 differentia
2430 5453 2722 5521 invenitur,
2773 5466 2827 5510 et
2866 5456 3075 5512 diversa
3124 5468 3408 5529 eapropter

1531 5728 1761 5784 VARUE
1790 5729 2077 5786 LECTION
2087 5728 2186 5783 ES.

392 5870 479 5921 Ia.
525 5889 599 5924 πα
609 5874 821 5943 ρῆλθον.

442 5966 707 6029 Parnm.
751 5968 861 6028 Gn.
894 5967 1018 6029 Cll.

3092 5977 3172 6039 27
