4236 6436
836 407 944 468 843

1967 407 2222 470 mem
2264 403 2756 466 enuntiem
2797 363 2902 467 ep.

3961 408 4086 470 8M

833 517 1131 586 exploratio
1186 519 1534 572 conceditur:
1588 520 1657 573 ita
1689 519 1903 586 etquod
1938 533 2031 572 eos
2054 518 2239 587 tangit,
2290 517 2378 584 qui
2418 529 2452 578 Α
2486 533 2506 566 τ

2418 529 2452 578 Α
2486 515 2580 585 τὴν
2613 515 2932 585 δοκιμασίαν
2960 515 3337 586 ἐπιδέχεσθαι·
3369 517 3485 570 ὅσοι
3516 518 3573 570 δὲ
3613 518 3811 581 αὐτοὺς
3834 534 4078 586 προκα-

835 616 1221 674 prchonuntur
1268 617 1319 661 et
1342 608 1710 662 informationi
1741 609 1964 660 aliorum
1994 608 2382 676 przeficiuntur,

840 712 943 749 non
975 700 1161 752 eadem
1193 700 1476 768 prudentia
1503 712 1595 754 aut
1645 701 1869 754 facultas
1896 699 2174 752 erudiendi
2205 708 2385 751 osten-

834 789 992 842 datur
1042 791 1332 858 :quocirca
1362 802 1638 862 praestaret
1672 801 1730 846 ut
1773 791 2146 861 simpliciores,
2185 790 2314 843 nihil
2355 807 2384 843 a

835 896 934 935 suo
960 882 1174 951 ingenio
1208 882 1425 951 faciant,
1450 886 1542 941 sed
1571 886 1747 940 omnia
1785 892 1964 955 agant,
1995 883 2217 938 canonis
2239 882 2384 952 judi-

834 973 978 1025 cium
1023 974 1296 1030 intuentes
1324 987 1378 1030 et
1417 992 1482 1030 eo
1520 978 1890 1031 collimantes:
1921 976 2190 1044 praepositi
2236 991 2383 1037 vero,

831 1061 944 1128 qui,
994 1061 1078 1116 vel
1137 1078 1235 1132 per
1279 1081 1460 1120 rerum
1499 1065 1856 1120 humanarum
1905 1065 2290 1134 experientiam
2333 1074 2387 1117 et

832 1153 1168 1216 exercitium,
1203 1157 1284 1210 vel
1314 1173 1410 1227 per
1449 1159 1670 1228 gratiam
1714 1169 1768 1212 et
1795 1158 2117 1226 adjutorium
2151 1157 2383 1221 caaleste,

833 1242 966 1296 satis
1011 1243 1255 1298 instructi
1312 1257 1441 1301 sunt
1499 1249 1564 1301 ad
1613 1247 2027 1302 discernendum
2073 1246 2297 1300 affectus
2334 1255 2388 1299 et

835 1334 1216 1401 dispositiones
1249 1337 1723 1399 admittendorum,
1773 1339 1861 1402 iis,
1893 1348 1949 1392 ut
1973 1353 2090 1392 mea
2125 1338 2229 1392 fert
2264 1353 2388 1392 sen-

842 1425 1029 1488 tentia,
1062 1440 1170 1479 non
1202 1438 1284 1482 est
1315 1443 1451 1498 Opus
1499 1440 1558 1484 ut
1599 1431 1815 1484 triennii
1866 1432 2128 1487 terminus
2167 1433 2386 1501 przecise

835 1515 1108 1584 expleatur
1132 1516 1423 1584 injunetus,
1471 1534 1572 1574 nec
1595 1535 1624 1573 a
1661 1522 1841 1590 regula
1871 1523 2084 1576 deficiet
2135 1525 2385 1586 multum,

833 1606 920 1672 qui
951 1607 1025 1660 sic
1075 1607 1418 1675 judicaverit,
1440 1611 1629 1679 judicii
1656 1623 1710 1665 et
1735 1614 2076 1668 conscientiae
2125 1617 2386 1684 cujusque

833 1693 1068 1746 calculus
1125 1705 1178 1748 et
1231 1698 1504 1763 discretio,
1547 1701 1599 1753 in
1629 1703 1692 1756 iis
1720 1705 1808 1773 qui
1839 1706 2018 1758 omnia
2045 1705 2112 1758 ad
2158 1707 2384 1759 salutem

831 1786 1206 1842 administrare
1249 1791 1435 1844 volunt
1461 1801 1514 1846 et
1556 1796 1774 1864 gratiam
1807 1797 1872 1850 de
1895 1797 2032 1851 caalo
2064 1796 2284 1867 insuper
2326 1815 2386 1852 ac

2487 608 2779 676 θάραντες,
2824 609 2992 670 οὕτως
3048 611 3183 677 πρὸς
3230 609 3322 660 τὸν
3363 608 3650 677 φιλόσοφον
3693 609 3808 677 βίον
3851 609 4084 661 διαϐαι-

2486 699 2684 762 νοῦσιν,
2696 702 2794 752 οὐκ
2810 700 3110 768 ἀναγκαίαν
3124 699 3304 770 ἔχουσι
3320 700 3418 770 τὴν
3439 702 3628 770 ὁμοίαν
3648 704 3869 770 παρατή
3879 720 3989 771 ρησ
4002 719 4079 754 ιν.

2487 792 2692 861 Ὥσπερ
2736 791 2792 843 δὲ
2842 793 2936 844 ἐπὶ
2962 791 3067 844 τῶν
3110 791 3441 860 προσιόντων
3479 793 3547 861 τῇ
3585 791 3865 860 φιλοσόφῳ
3915 791 4081 842 πολι-

2483 883 2603 952 τεία
2624 882 2812 952 ταύτῃ,
2843 881 3012 950 πολλὴ
3043 881 3134 932 καὶ
3161 879 3370 950 μεγάλη
3393 879 3687 950 καθορᾶται
3710 881 3743 950 η
3775 879 4031 949 διαφορὰ
4057 919 4075 944 ,

2487 973 2578 1023 καὶ
2621 972 2708 1024 διὰ
2742 969 2910 1034 ,τοῦτο
2963 969 3216 1039 διάφορος
3259 969 3619 1039 συγχωρεῖται
3659 971 3694 1038 ἡ
3739 969 4074 1038 δοκιμασία,

2485 1062 2623 1113 οὓτω
2650 1061 2743 1111 καὶ
2774 1059 2859 1112 ἐπ’
2887 1059 3066 1111 αὐτῶν
3085 1058 3190 1110 τῶν
3221 1059 3697 1128 προτεταγμένων,
3720 1060 3815 1113 καὶ
3848 1064 4078 1130 καταρο

2489 1153 2765 1223 ῥυθμίζειν
2805 1154 2928 1213 τοὺς
2971 1151 3164 1214 ἄλλους
3190 1150 3526 1221 ἀξιωμένων,
3553 1153 3650 1221 οὐχ
3669 1155 3702 1222 η
3725 1153 3864 1222 αὑτὴ
3897 1152 4077 1204 δύνα-

2490 1261 2580 1311 μις
2625 1243 2716 1295 καὶ
2757 1243 2919 1310 σοφία
2966 1243 3060 1295 τοῦ
3107 1243 3480 1310 παιδαγωγεῖν
3530 1244 3922 1296 ἐπιδείκνυται.
3969 1247 4070 1296 Διὸ

2486 1335 2610 1394 τοὺς
2657 1333 3018 1402 ἀπλούστερόν
3068 1350 3182 1394 πως
3228 1333 3602 1402 διακειμένους
3635 1333 3840 1402 βέλτιον
3874 1336 3942 1386 ἂν
3974 1335 4070 1403 εἴη

2491 1425 2653 1494 μηδὲν
2695 1427 2824 1495 παρ’
2861 1425 3065 1476 ἑαυτῶν
3113 1427 3507 1492 προσεπινοεῖν,
3559 1425 3736 1478 πάντα
3772 1426 3829 1478 δὲ
3883 1433 4069 1496 πράτ-

2487 1532 2599 1566 τειν
2647 1515 2780 1584 πρὸς
2822 1515 2916 1584 τὴν
2964 1514 3058 1567 τοῦ
3106 1516 3326 1576 κανόνος
3365 1515 3545 1585 κρίσιν
3586 1515 3912 1584 ἀφορῶντας
3963 1518 4071 1567 καὶ

2488 1605 2903 1668 ἀπευθύνοντας.
2922 1606 3074 1659 Ὅσοι
3095 1607 3150 1658 δὲ
3179 1607 3286 1657 τῶν
3307 1609 3739 1677 προεστηκότων,
3763 1609 3925 1662 τοῦτο
3956 1611 4067 1677 μὲν

2487 1695 2594 1746 τῶν
2637 1697 2988 1765 ἀνθρωπίνων
3043 1696 3206 1764 πείρᾳ
3253 1697 3420 1764 πολλῇ
3473 1698 3567 1748 καὶ
3629 1701 4067 1770 συγγυμνασίᾳ·

2487 1785 2639 1836 τοῦτο
2665 1785 2720 1838 δὲ
2750 1789 2814 1854 τῇ
2850 1785 3051 1838 ἄνωθεν
3108 1791 3286 1856 χάριτι
3341 1791 3434 1840 καὶ
3479 1789 3804 1860 ἐπικουρία,
3855 1793 4069 1849 ἱκανῶς

829 1878 1148 1945 sapientiam
1189 1894 1509 1951 acceperunt
1533 1863 1599 1940 ab
1625 1889 1956 1957 experientia
1987 1910 1999 1943 :
2028 1901 2082 1944 et
2109 1863 2234 1960 quid
2288 1891 2386 1944 itn-
2417 1863 2458 1917 Β
2490 1875 2502 1924 1

2417 1863 2458 1917 Β
2490 1873 2677 1943 ἑλαχον
2705 1876 2907 1943 κρίνειν
2953 1893 3010 1928 τε
3049 1877 3142 1928 καὶ
3184 1876 3476 1945 διακρίνειν
3504 1879 3601 1940 τὰς
3632 1880 3808 1948 ὁρμάς
3841 1899 3928 1946 τε,
3963 1885 4069 1933 καὶ

832 1968 1018 2033 primis
1043 1985 1218 2024 causae
1267 1975 1551 2028 mutationi
1592 1976 1749 2043 favet,
1791 1991 1843 2033 et
1873 1982 2084 2036 veniam
2129 1993 2383 2046 meretur,

831 2057 991 2124 hujus
1024 2061 1282 2127 temporis
1334 2065 1655 2119 necessitate
1695 2069 2151 2138 constringantur,
2183 2069 2236 2122 in
2279 2086 2386 2138 quo

827 2148 1058 2201 volucres
1108 2161 1154 2202 et
1199 2153 1394 2221 vulpes,
1427 2157 1467 2207 si
1503 2157 1583 2208 vis
1611 2157 1740 2226 lupi,
1789 2159 2070 2225 dracones,
2117 2161 2381 2230 pardales,

831 2249 910 2306 et,
943 2249 1001 2292 ut
1026 2243 1188 2296 verbo
1221 2245 1413 2311 dicam,
1433 2247 1682 2302 belluinis
1713 2252 1950 2306 moribus
1976 2253 2220 2307 homines
2247 2271 2383 2323 prae-

829 2332 950 2394 diti,
973 2334 1208 2390 illustres
1239 2347 1291 2389 et
1320 2339 1524 2407 amplas
1553 2340 1740 2394 domos
1762 2343 2016 2406 incolunt,
2047 2345 2384 2400 ctlicentiam

826 2426 927 2478 sibi
956 2439 1254 2490 assumunt,
1286 2431 1544 2499 quidquid
1569 2432 1830 2501 placuerit
1860 2437 2046 2504 agendi
2079 2452 2091 2483 :
2130 2437 2380 2507 discipuli

830 2531 956 2570 vero
986 2528 1039 2571 et
1098 2519 1394 2575 imitatores
1427 2521 1544 2576 Filii
1590 2525 1824 2580 hominis
1898 2545 1999 2580 non
2029 2530 2248 2582 habeant
2298 2531 2383 2582 ubi

828 2611 1076 2664 reclinant
1105 2615 1279 2680 capita
1310 2615 1350 2679 ³,
1373 2630 1474 2669 nec
1503 2617 1663 2671 ullius
1691 2619 1765 2671 rei
1797 2635 1953 2672 usum
1985 2619 2233 2685 liberum,
2265 2621 2380 2675 sine

827 2714 935 2766 quo
977 2700 1084 2753 vita
1139 2717 1247 2754 non
1281 2714 1363 2757 est
1408 2705 1606 2760 vitalis.
1657 2706 1704 2761 ls
1735 2707 1824 2776 qui
1859 2711 2019 2762 rebus
2071 2712 2385 2765 necessariis

829 2789 1094 2858 privatur,
1122 2793 1210 2859 qui
1242 2809 1343 2848 nec
1387 2796 1553 2849 libere
1585 2813 1763 2852 aerem
1800 2799 2005 2868 spirare
2035 2802 2382 2869 permittitur,

827 2883 1099 2951 quomodo
1153 2887 1220 2938 ad
1265 2885 1533 2958 integrum
1580 2891 1890 2956 triennium,
1922 2893 2172 2946 virtutem
2205 2893 2384 2946 addis-

825 2989 950 3030 cere
975 2977 1219 3032 volentes
1246 2990 1548 3048 prmstruet,
1570 2993 1622 3037 et
1651 2984 1962 3038 exercitium
1987 2985 2092 3038 illis
2120 2985 2386 3039 describet

827 3068 1072 3122 ascetiea:
1130 3069 1368 3123 futurae?
1397 3072 1590 3127 suﬂicit
1635 3075 1719 3128 vel
1775 3090 2093 3143 quocunque
2121 3076 2278 3128 modo
2320 3077 2385 3129 de

828 3160 1065 3228 nequitia
1096 3162 1374 3230 multiplici
1399 3175 1700 3219 extractum
1724 3167 1845 3220 vitae
1875 3167 2257 3236 philosophiae
2297 3183 2385 3222 co-

829 3252 1029 3318 pulare.
1084 3252 1182 3306 Ubi
1212 3255 1314 3306 erit
1341 3255 1468 3309 illud
1519 3258 1988 3325 phrontisterium,
2041 3259 2093 3311 in
2123 3275 2230 3326 quo
2290 3275 2386 3326 per

830 3343 1120 3394 triennium
1164 3344 1285 3412 quis
1317 3346 1516 3398 versari
1571 3347 1754 3415 possit,
1791 3363 1913 3400 cum
1953 3348 2150 3416 passim
2197 3347 2386 3401 diffusa

829 3435 900 3486 sit
952 3437 1302 3503 persecutio:
1357 3454 1478 3492 cum
1510 3455 1613 3494 nec
1657 3441 1712 3494 in
1752 3441 2047 3504 montibus,
2095 3442 2384 3511 speluncis,

829 3536 984 3578 terra:
1037 3526 1394 3582 foraminibus
1425 3530 1542 3583 sine
1573 3532 1854 3585 vexatione
1902 3533 2084 3586 vivere
2113 3533 2216 3601 piis
2262 3549 2385 3601 per-

828 3618 1112 3670 mittatur?
1137 3618 1240 3672 Ubi
1271 3620 1402 3672 ordu
1443 3630 1497 3674 et
1529 3622 1866 3690 obsequium,
1910 3623 2105 3691 quibus
2138 3623 2384 3677 monachi

830 3705 1037 3759 labores
1081 3709 1344 3761 asceticos
1387 3709 1640 3775 subeunt,
1670 3726 1791 3764 cum
1833 3720 2074 3766 torrente
2124 3714 2385 3766 malorum

827 3805 935 3848 tam
989 3796 1192 3866 ingenti
1246 3799 1426 3851 omnia
1476 3801 2094 3868 corripiantur?Rebus
2144 3818 2273 3856 sane
2320 3803 2385 3857 ad

825 3886 1156 3940 voluntatem
1191 3888 1501 3954 fluentibus,
1537 3906 1636 3944 nec
1679 3893 1852 3960 aliqua
1888 3904 2110 3961 urgente
2144 3897 2383 3947 necessi-

827 3985 965 4039 tate,
1014 3989 1255 4032 exactam
1300 3980 1638 4050 disciplinam
1685 3983 2036 4052 impediente,
2081 3993 2378 4052 prznstaret,

823 4067 1035 4133 opinor,
1069 4068 1293 4122 formam
1325 4072 1691 4141 pnescriptam
1721 4074 2021 4141 cuicunque
2051 4075 2334 4127 observare
2368 4091 2380 4124 :

826 4159 920 4211 sed
951 4175 1070 4211 cum
1099 4160 1149 4211 in
1181 4162 1463 4228 proverbio
1483 4171 1564 4215 est
1595 4181 1605 4214 :
1630 4162 1784 4216 Retro
1810 4165 2050 4231 ﬂumina,
2070 4167 2242 4217 omnia
2269 4167 2386 4216 sub-

825 4267 969 4302 versa
991 4253 1112 4315 sint,
1150 4253 1341 4306 melius
1385 4254 1563 4317 fuerit,
1597 4255 1650 4307 in
1681 4267 1939 4324 quantum
1980 4267 2061 4310 est
2109 4257 2382 4326 possibile,

824 4351 879 4391 ct
927 4340 980 4392 in
1033 4353 1291 4409 quantum
1323 4361 1410 4396 res
1447 4346 1668 4413 patitur,
1707 4348 1933 4400 salutem
1988 4349 2178 4416 quovis
2228 4349 2385 4402 modo

825 4445 1134 4497 procurare,
1188 4450 1347 4500 quam
1403 4436 1543 4488 nudo
1589 4438 1790 4490 nomini
1840 4447 2038 4492 exacta:
2091 4438 2384 4507 disciplina:

2491 1967 2585 2027 τὰς
2632 1966 2896 2028 διαθέσεις
2945 1967 3051 2020 τῶν
3092 1968 3527 2037 εἰσαγουμένων·
3591 1972 3797 2034 τούτοις
3838 1975 3944 2026 οὐκ
3995 1976 4066 2025 ἂν

2491 2059 2572 2126 εἴη
2610 2057 2741 2109 πολὺ
2782 2058 2877 2126 τῆς
2921 2057 3212 2126 εὐθύτητος
3274 2059 3700 2128 ἀπολειπόμενον
3745 2065 4066 2132 κριτήριον,

2489 2143 2662 2216 οἶμαι,
2677 2148 2780 2200 κᾶν
2800 2150 2827 2200 ὁ
2848 2149 2942 2217 τῆς
2957 2149 3193 2218 τριετίας
3208 2149 3267 2202 οὐ
3296 2152 3814 2221 συμπαρεκτείνοιτο
3833 2154 4061 2222 χρόνος,

2489 2241 2521 2308 ἡ
2555 2240 2652 2308 τῆς
2679 2239 2880 2300 οἰκείας
2906 2239 3128 2308 γνώμης
3153 2241 3242 2291 καὶ
3268 2239 3624 2310 συνειδήσεως
3647 2241 3826 2311 ψῆφος
3845 2245 3943 2294 καὶ
3964 2245 4065 2296 ἐπὶ

2489 2333 2554 2402 τῇ
2599 2330 2705 2382 τῶν
2750 2329 3049 2401 ἀνθρώπων
3103 2331 3342 2401 σωτηρία
3373 2332 3433 2383 ού
3466 2333 3624 2400 μόνον
3664 2335 3866 2385 σκοπὲν
3912 2336 4063 2386 τιθεο

2494 2423 2692 2490 μένοις,
2720 2422 2854 2474 ἀλλά
2879 2422 2972 2474 καί
3001 2423 3157 2492 χάριν
3185 2422 3410 2488 ἄνωθεν,
3443 2423 3536 2475 καὶ
3561 2425 3749 2492 σοφίαν
3779 2426 3838 2490 ἐξ
3857 2431 4061 2496 ἐμπει-

2494 2515 2612 2583 ρίας
2632 2515 3032 2586 προσειληφόσι.
3054 2516 3161 2567 Καὶ
3184 2516 3242 2567 τὸ
3265 2515 3330 2586 δὴ
3357 2516 3608 2586 μέγιστον
3635 2521 3726 2570 καὶ
3753 2521 4061 2588 ἀναγκαιό-

2490 2624 2643 2659 τατον
2674 2608 2752 2669 είς
2787 2607 3075 2676 μεθάθεσιν
3101 2607 3296 2671 αἰτίας,
3338 2609 3431 2661 καὶ
3454 2611 3782 2680 παραίτησιν
3810 2611 4062 2678 συγγνώ-

2494 2719 2618 2770 μης,
2650 2702 2678 2752 ὁ
2716 2701 2902 2771 παρὼν
2933 2700 3118 2769 καιρὸς
3139 2741 3151 2762 ,
3180 2701 3254 2762 ὡς
3300 2702 3366 2753 τὰ
3399 2701 3498 2769 μὲν
3546 2702 3785 2755 πετεινὰ
3817 2705 3915 2756 καί
3951 2703 4062 2767 τὰς

2490 2793 2830 2861 ἀλώπηκας,
2860 2795 2906 2846 εἰ
2939 2793 3114 2863 βούλει
3143 2793 3199 2844 δὲ
3227 2793 3320 2844 καί
3372 2793 3498 2855 τοὺς
3542 2793 3758 2859 λύκους,
3791 2796 3886 2848 καὶ
3933 2798 4062 2856 τοὺς

2489 2885 2805 2954 δράκοντας,
2846 2885 2939 2937 καὶ
2978 2885 3076 2947 τὰς
3116 2883 3427 2952 παρδάλεις,
3460 2884 3554 2936 καὶ
3585 2884 3770 2947 ἁπλῶς
3799 2888 3928 2947 τοὺς
3962 2889 4061 2950 οης-

2493 2975 2808 3046 ριοτρόπους
2829 2975 2936 3028 τῶν
2958 2975 3256 3044 ἀνθρώπων
3273 2975 3550 3044 λαμπραῖς
3577 2977 3672 3026 καὶ
3699 2978 4060 3044 περιφανέσιν

2491 3066 2685 3126 οἰκίαις
2731 3063 3112 3131 ἐγκατοικίζει,
3164 3065 3255 3118 καὶ
3296 3066 3474 3116 πᾶσαν
3520 3066 3702 3126 αὐτοῖς
3745 3067 4063 3136 ἐλευθερίαν

2492 3155 2746 3224 πράττειν
2779 3155 2814 3208 ἃ
2854 3155 2919 3208 ἂν
2955 3155 3175 3216 ἕλοιντο,
3217 3156 3480 3225 παρέχει⁶
3523 3158 3634 3218 τοῖς
3682 3155 3738 3207 δὲ
3788 3157 4061 3226 μαθηταῖς

2487 3247 2578 3297 καὶ
2598 3246 2858 3314 μιμηταῖς
2873 3244 2963 3295 τοῦ
2988 3243 3113 3296 Υἱοῦ
3135 3242 3226 3296 τοῦ
3252 3243 3560 3312 ἀνθρώπου,
3580 3245 3704 3298 οὐδ’
3721 3245 3750 3296 ἓ
3756 3263 3888 3313 χειν
3906 3247 4059 3298 ὅπου

2489 3336 2687 3388 κλῖναι
2715 3335 2828 3402 τὴν
2847 3334 3142 3403 κεφαλὴν,
3161 3335 3268 3387 οὐδ’
3286 3329 3359 3388 ὧν
3379 3335 3505 3387 ἀνευ
3528 3337 3647 3388 οὐδὲ
3665 3337 3761 3406 ζῇν
3795 3338 3942 3390 ἔστιν
3972 3341 4058 3388 οὐ·

2487 3427 2910 3497 δενδς,οὑδεμίαν
2925 3426 3104 3480 ἄδειαν
3119 3427 3421 3495 ἐπιτρέπει.
3435 3426 3558 3490 Πῶς
3581 3423 3695 3491 οὖν,
3714 3429 3742 3479 ὁ
3758 3429 3852 3480 καί
3879 3429 4058 3481 αὐτῶν

2489 3517 2599 3570 τῶν
2632 3518 2944 3585 ἀναγκαίων
2970 3517 3427 3587 ἀπεστερημένος,
3448 3518 3540 3570 καί
3553 3518 3686 3586 μηδὲ
3719 3521 3866 3589 σπᾷν
3889 3520 4059 3575 ἀδεῶς

2487 3609 2576 3660 τὸν
2592 3608 2728 3678 ἀέρα
2746 3624 3062 3677 συγκεχωρη
3072 3607 3247 3675 μένος,
3263 3607 3348 3675 ἐφ’
3366 3607 3460 3659 ὅλα
3472 3608 3598 3678 τρία
3623 3608 3719 3677 ἐτη
3745 3609 3839 3661 τὸν
3863 3610 4057 3677 μαθεῖν

2488 3699 2738 3752 ἐθέλοντα
2783 3697 2882 3767 τὴν
2920 3698 3118 3767 ἀρετὴν
3152 3698 3596 3768 προκαταρτίσει,
3623 3699 3717 3750 καὶ
3752 3701 4054 3768 γυμνάσιον

2489 3790 2633 3860 αὐτῷ
2661 3791 2758 3860 τῆς
2794 3789 3090 3860 μελλούσης
3131 3790 3414 3858 ἀσκήσεως
3453 3789 3845 3858 προδιαχήσεις
3892 3792 4052 3855 Ἀγα-

2488 3883 2658 3951 πητὺν
2685 3882 2792 3948 γὰρ
2817 3883 2908 3932 καὶ
2935 3881 3232 3950 ὁτῳδήποτε
3270 3881 3456 3947 τρόπῳ
3499 3879 3597 3947 τῆς
3645 3878 3845 3945 πολλῆς
3906 3880 4052 3943 ἐξελ-

2489 3973 2656 4034 κύσας
2682 3989 2743 4039 γε
2773 3971 2990 4033 κακίας,
3021 3973 3088 4040 τῇ
3131 3971 3403 4040 φιλοσόφῳ
3443 3968 3694 4038 δυνηθείη
3736 3967 3850 4037 ζωῆ
3901 3971 4046 4021 ὲνδε-

2493 4065 2718 4133 σμῆσαι.
2753 4063 2861 4115 Ποῦ
2883 4063 2990 4132 γὰρ
3019 4062 3079 4114 τὸ
3143 4062 3572 4131 φροντιστήριον,
3603 4061 3660 4111 ἐν
3686 4054 3729 4126 ᾧ
3755 4062 3789 4128 ἡ
3815 4061 3910 4112 τοῦ
3934 4078 4049 4129 τρι-

2489 4157 2638 4219 ετοῦς
2678 4157 2867 4226 χρόνου
2896 4154 3162 4224 διατριϐὴ,
3182 4153 3395 4206 ἅπαντα
3427 4152 3518 4204 τοῦ
3549 4152 3788 4220 διωγμοῦ
3814 4155 4046 4205 καταλα-

2487 4246 2807 4308 ϐόντος,κα“ι
2851 4233 2987 4296 οὐδὲ⁰
3005 4247 3114 4306 τοῖς
3170 4243 3376 4312 ὄρεσιν,
3433 4241 3465 4310 ἢ
3515 4243 3628 4302 τοῖς
3685 4241 3986 4308 σπηλαίοις,
4017 4244 4044 4300 ἢ

2485 4338 2604 4397 ταῖς
2658 4336 2815 4396 ὀπαῖς
2861 4334 2961 4401 τῆς
3004 4333 3105 4400 γῆς
3152 4330 3576 4400 ἀνεπηρεάστως
3620 4333 3904 4398 παροικεῖν
3924 4333 4044 4392 tot;

2489 4425 2730 4486 εὐσεϐεῖς
2775 4422 3205 4492 συγχωροῦντοςς
3239 4419 3342 4472 ποῦ
3391 4419 3447 4471 δὲ
3490 4420 3522 4485 ἡ
3562 4417 3696 4486 ἄλλη
3741 4419 3894 4480 τάξις
3951 4423 4040 4470 καὶ

825 4526 1169 4592 adhaerendo,
1223 4530 1524 4597 proditores
1554 4533 1852 4584 animarum
1903 4533 2274 4594 humanarum,
2331 4541 2384 4584 et
2417 4533 2498 4586 D‘

2366 4541 2384 4584 ι
2417 4533 2459 4586 ι)
2489 4515 2795 4576 ἀκολουθία,
2825 4513 2943 4566 καθ’
2986 4514 3050 4582 ἢν
3084 4513 3143 4564 τὸ
3176 4511 3458 4581 μοναδικὺν
3487 4509 3610 4570 τοὺς
3637 4513 3736 4578 τῆς
3761 4510 4037 4578 ἀσκήσεως

824 4618 990 4669 malos
1050 4619 1446 4687 dispensatores
1478 4621 1688 4688 prodire
1746 4640 1758 4673 :
1808 4623 2058 4690 quocirca
2119 4620 2382 4689 archiepi-

827 4707 1061 4772 sc0palis
1093 4710 1267 4760 vestra
1298 4709 1556 4776 perfectio
1586 4723 1707 4761 cum
1735 4709 1960 4762 sufliciat
1983 4709 2222 4776 judicare
2268 4723 2386 4776 qua:

821 4797 1167 4859 conveniunt.
1204 4809 1256 4852 et
1297 4808 1639 4867 tempestates
1685 4800 1813 4853 istas
1855 4799 2164 4852 consideret
2209 4801 2386 4853 omnia

829 4893 1011 4939 contra
1040 4889 1439 4940 accurationem
1464 4898 1861 4956 promoventes.
1891 4887 2111 4940 omnino
2139 4887 2206 4939 ad
2240 4896 2387 4939 tuum

828 4976 1084 5044 judicium
1136 4992 1246 5030 rem
1302 4978 1559 5048 integram
1593 4977 1935 5032 deferendam
1968 4978 2160 5041 sentio,
2208 4985 2264 5028 ut
2323 4990 2384 5030 ca

826 5065 993 5117 facias
1014 5075 1332 5132 potestatem
1360 5067 1766 5132 sanctificando,
1798 5083 1917 5136 qua:
1938 5066 2264 5122 conscientia
2290 5065 2381 5118 tibi

835 5169 989 5223 pura,
1014 5165 1105 5208 aut
1131 5157 1308 5224 potius
1335 5157 1565 5225 Spiritus
1617 5158 1782 5226 gratia
1834 5174 1930 5227 per
1985 5157 2377 5210 immaculatatn

819 5244 1204 5298 conscientiam
1236 5257 1452 5315 operata
1489 5249 1831 5318 suggesserit.

2483 4605 2738 4658 ὑπεδύετο
2763 4605 2956 4665 πόνους
2975 4644 2988 4666 ,
3039 4604 3293 4654 ἁπάντων
3312 4601 3388 4668 τῷ
3416 4598 3658 4668 τοσούτῳ
3683 4599 3914 4665 ῥεύματι
3938 4600 4038 4650 τῶν

2482 4694 2665 4746 κακῶν
2725 4691 3184 4759 συγκεχυμένων;
3237 4688 3357 4739 Τῶν
3414 4689 3512 4756 μὲν
3558 4690 3666 4756 γὰρ
3708 4689 4038 4755 πραγμάτων

2484 4787 2624 4840 κατὰ
2663 4785 2787 4855 ῥοῦν
2845 4785 3186 4854 φερομένων,
3228 4783 3316 4834 καί
3354 4781 3622 4852 μηδεμιᾶς
3669 4783 4036 4850 περιστάσεως

2484 4880 2582 4948 τὴν
2620 4878 2901 4948 ἀκρίϐειαν
2937 4874 3427 4945 παραποδιζούσης,
3458 4874 3679 4942 ἄμεινον
3700 4869 3852 4942 οἶμαι
3882 4875 4034 4928 παντὶ

2489 4972 2614 5031 τοὺς
2650 4970 2902 5031 τεθέντας
2937 4965 3296 5034 φυλάττεσθαι
3342 4965 3542 5026 τύπους
3562 4980 3577 4994 ⁶
3601 4966 3756 5018 ’Δνω
3779 4963 3848 5016 δὲ
3865 4980 4034 5017 ποτα-

2485 5062 2632 5130 μῶν,
2680 5061 2753 5122 ῶς
2787 5062 2819 5128 ὴ
2866 5058 3151 5126 παροιμία,
3207 5056 3445 5109 πάντων
3492 5054 4028 5122 ἀνατετραμμένων,

2488 5153 2602 5213 πῶς
2637 5152 2734 5202 οὐκ
2785 5150 3003 5218 ἄμεινον
3029 5189 3043 5211 ,
3087 5149 3208 5200 καθ’
3244 5148 3366 5199 ὅσον
3400 5140 3512 5199 οἶόν
3553 5163 3611 5197 τε
3633 5185 3648 5208 ,
3688 5149 3783 5198 καὶ
3807 5148 3872 5212 ἐφ
3914 5148 4029 5198 δεον

2484 5243 2752 5312 ἐγχωρεῖ,
2794 5240 2891 5309 τὴν
2953 5239 3098 5290 τῶν*
3123 5238 3393 5307 σωτηρίαν
3461 5237 3946 5304 διεικονομεῖσθαι,
3998 5238 4026 5305 ἢ

813 5330 952 5397 ψιλῷ
1008 5331 1084 5399 τῷ
1111 5333 1208 5398 τῆς
1269 5333 1551 5401 ἀκριϐείας
1608 5335 1829 5403 ὀνόματι
1873 5333 2357 5405 περικαθημένους,
2398 5331 2658 5401 προδότας
2685 5327 2870 5396 ψυχῶν
2913 5325 3264 5394 ἀνθρωπίνων
3327 5323 3420 5375 καὶ
3459 5326 3660 5384 κακοὺς
3713 5326 4020 5392 οἰκονόμους

815 5421 1255 5490 ἀπελεγχθῆναις,
1293 5424 1368 5476 διὸ
1397 5425 1490 5478 καὶ
1519 5425 1613 5495 τὴν
1661 5427 1928 5497 ὑμετέραν
1958 5426 2342 5496 ἀρχιερατικὴν
2379 5423 2709 5489 τελειότητα,
2759 5419 2946 5487 ἱκανήν
2991 5432 3050 5468 τε
3088 5410 3248 5468 οὖσαν
3312 5413 3516 5484 κρίνειν
3574 5413 3642 5466 τά
3686 5412 3876 5466 δέοντα
3917 5414 4024 5464 ἐπιτ

884 5581 904 5610 ³
946 5579 1130 5633 Matth.
1170 5595 1284 5647 vm,
1322 5582 1408 5638 20.

2081 5689 2309 5746 VARIA‘J
2355 5686 2752 5745 LECTIONES.

889 5816 912 5840 ν
945 5809 1005 5857 ἵσ
1078 5808 1282 5859 ἑαυτῶν
