4236 6436
164 439 322 504 845

1358 442 1888 503 EPISTOLARUM
1927 441 2158 503 LIBER
2197 441 2281 500 II.

3314 439 3419 506 846

153 555 481 622 στάμενος,
550 553 767 606 καὶτὸν
828 556 1017 625 καιρὸν
1056 555 1195 624 ὀρῶν
1229 555 1483 609 τάναντία
1517 558 1691 610 πάντα
1732 555 1833 625 τῆς
1869 555 2152 625 ἀκριϐείας
2199 553 2689 622 ἀναφθεγγόμενον,
2728 552 2855 622 ὅλην
2908 550 3003 603 ἐπὶ
3040 551 3121 604 σοὶ
3159 549 3251 603 τοῦ
3295 570 3417 621 προ-

150 644 445 711 κειμένου
479 643 574 713 τὴν
630 644 808 711 κρίσιν
838 646 1126 715 ἀνατίθημι
1180 648 1361 699 ἐκεῖνα
1426 647 1683 717 πράττειν
1734 648 1834 715 τὴν
1901 646 2150 710 ἐξουσίαν
2199 646 2437 717 ἀφιερῶν
2491 644 2634 717 ἅπερ
2682 646 2748 697 ἂν
2792 645 2851 697 τὸ
2878 642 3115 711 καθαρὸν
3145 645 3413 714 συνειδὸς,

156 738 396 801 μᾶλλον
440 740 495 791 δὲ
532 741 563 808 ὴ
601 740 693 792 τοῦ
741 742 894 808 ἀγίου
972 744 1281 812 Ilva-Juno;
1338 744 1493 812 χάρις
1540 739 1625 794 διὰ
1657 740 1748 794 τοῦ
1786 741 2026 811 καθαροῦ
2095 741 2389 799 συνειδότος
2452 739 2748 809 ὲνεργοῦσα
2778 738 3107 807 ἐπιτρέψειν.

790 856 1011 908 ΕΠΙΣΤ.
1053 858 1176 908 ΛΑ’.

408 942 680 1011 Θεοδώρῳ
725 948 1132 1014 μητροπολίτῃ
1180 947 1542 1012 Λαοδικείας.

2401 850 2618 905 EPIST.
2662 850 2852 903 XXXI.

2165 943 2420 996 Theodoro
2446 943 2785 1009 metr0polilw
2808 938 3126 998 Laodicensi.

1416 1056 1682 1103 Montacut.
1720 1057 1822 1114 (ep.
1850 1053 1956 1111 194,
1992 1066 2038 1112 p.
2066 1051 2196 1110 295).

255 1156 482 1225 Μελέτη
516 1156 614 1226 μὲν
646 1160 826 1228 μήτηρ
854 1160 1149 1230 εὐπραξίας
1173 1177 1184 1188 ⁸
1212 1161 1354 1230 ὁρμὴ
1386 1161 1429 1212 δ’
1458 1162 1751 1230 ἀπερίσκε-

160 1259 329 1306 πτος
375 1246 540 1312 ἔγγὺς
588 1248 885 1316 ἁμαρτίας.
929 1251 1003 1301 Οὐ
1047 1250 1153 1318 χρὴ
1202 1250 1487 1319 τοιγαροῦν
1525 1251 1756 1316 ἀφέντας

164 1336 246 1387 τὸ
302 1337 649 1404 βουλεύεσθαι
695 1343 780 1392 ἐπ’
814 1342 989 1393 ἐκεῖνο
1027 1343 1275 1412 δραμεῖν,
1302 1344 1369 1394 δι’
1400 1334 1460 1393 οῦ
1493 1342 1627 1410 μετά
1665 1340 1756 1392 τοῦ

171 1426 392 1494 μηδὲν,
430 1421 504 1479 ὧν
549 1432 916 1501 σπουδάζομεν
952 1434 1135 1486 ἀνύειν
1182 1436 1274 1487 καὶ
1320 1434 1502 1496 ἀνοίας
1541 1434 1758 1502 ἔλεγχον

166 1518 530 1589 ἁλισκόμεθα
561 1521 811 1585 διδόντες.

783 1698 1003 1752 ΕΠΙΣΤ.
1047 1700 1167 1751 AB’.

422 1790 767 1857 Ἀμφιλοχίῳ
815 1792 1220 1857 μητροπολίτῃ
1271 1791 1540 1851 Κυζῒκου.

1922 1156 2203 1210 Meditatio
2242 1164 2413 1209 mater
2448 1164 2531 1207 est
2572 1154 2904 1223 operationis
2948 1162 3128 1217 rectae,
3178 1154 3412 1223 impetus

1854 1248 2175 1316 improvisus
2204 1262 2327 1299 cum
2361 1254 2595 1313 peccam-
2620 1246 2805 1298 haeret.
2838 1245 3105 1309 Quocirca
3168 1245 3411 1310 neglecto

1854 1339 2085 1392 consilio
2138 1354 2245 1391 non
2292 1345 2505 1404 oportet
2549 1337 2600 1387 in
2663 1336 2791 1389 illud
2844 1350 3186 1404 procurrere,
3247 1336 3411 1397 unde,

1858 1440 2217 1499 praeterquam
2269 1428 2409 1496 quod
2457 1427 2589 1479 nihil
2636 1443 2821 1479 eorum
2878 1427 3239 1494 perﬁciemus,
3294 1442 3414 1494 quae.

1861 1523 2100 1575 studiose
2124 1521 2433 1589 sategimus,
2473 1520 2799 1587 insipientia:
2850 1520 3062 1587 culpam
3116 1521 3412 1573 incurrisse

1858 1610 2174 1663 videbimur.

2397 1700 2615 1754 EPIST.
2659 1697 2870 1752 XXXII.

2156 1791 2194 1843 Α
2208 1790 2513 1859 mphilochio
2541 1793 2878 1859 metropolita:
2916 1793 3105 1863 Cyzici.

1410 1904 1672 1954 Montacut.
1708 1906 1809 1968 (ep.
1842 1903 1948 1961 198,
1983 1919 2029 1965 p.
2066 1904 2194 1964 295).

275 2003 340 2054 Ἡ
384 2002 563 2054 δικαία
590 2001 778 2062 πειθὼ,
806 2004 865 2053 οὐ
901 2004 999 2071 τῆς
1043 2004 1135 2056 τοῦ
1178 2005 1425 2072 λέγοντός
1453 2007 1567 2058 ἐστι
1595 2007 1753 2058 δυνά-
1784 2015 1823 2067 Β

175 2112 363 2162 μεως,
404 2095 600 2162 μᾶλλον
647 2094 679 2163 ἢ
720 2094 818 2162 τῆς
847 2095 939 2146 τοῦ
980 2096 1271 2159 ἀκούοντος
1298 2098 1602 2159 διαθέσεως.
1652 2100 1757 2150 Οὐ-

176 2186 331 2238 κοῦν
361 2188 460 2238 οὐκ
502 2185 609 2253 ἐγὼ
636 2188 843 2255 κινήσω
868 2187 1076 2253 γέλωτα
1112 2189 1202 2241 τὸν
1232 2188 1429 2258 ἀπειθῆ
1460 2190 1753 2252 νουθετῶν,

171 2277 233 2326 εἰ
279 2276 353 2344 μὴ
382 2277 571 2337 πείσω,
598 2276 714 2327 ἀλλ’
746 2278 773 2328 ὁ
802 2277 1063 2339 ἀπειθῶν,
1102 2279 1213 2331 εἴθε
1245 2280 1474 2346 γέλωτα,
1515 2280 1647 2333 ἀλλά
1680 2281 1753 2349 μὴ

176 2369 289 2419 λαὶ
313 2367 411 2435 τὴν
440 2370 672 2437 ἐσχάτην
702 2369 907 2420 ἐκεῖθεν
943 2371 1292 2442 προσοφλήσῃ
1331 2373 1618 2443 τιμωρίαν.

786 2506 1003 2561 ΕΠΙΣΤ.
1046 2507 1166 2559 AI".

401 2596 668 2661 Γεωργίῳ
693 2597 1095 2663 μητροπολίτῃ
1125 2598 1529 2665 Νικομηδείας.

1925 2004 2073 2057 Justa
2107 2004 2384 2073 persuasio
2423 2020 2530 2055 non
2560 2015 2665 2056 tam
2709 2005 2951 2073 procedit
2995 2020 3022 2056 a
3050 2004 3278 2058 dicentis
3325 2005 3410 2059 Γαι-

1854 2098 2072 2159 cultatc,
2117 2113 2275 2165 quam
2322 2096 2673 2164 dispositione
2729 2096 3021 2147 audientis.
3077 2094 3211 2147 Nolo
3240 2096 3409 2149 risum

1854 2204 2071 2241 movere.
2122 2188 2407 2241 indocilem
2443 2188 2760 2249 informans,
2815 2190 2855 2237 si
2912 2203 3017 2239 non
3068 2202 3406 2253 persuasero,

1852 2279 1944 2331 sed
1971 2277 2218 2340 indoelis,
2290 2277 2495 2329 utinam
2545 2276 2710 2329 risum
2746 2277 3114 2330 tantummodo
3146 2278 3407 2343 incurrat,

1850 2382 2028 2424 etnon
2060 2373 2112 2424 in
2144 2370 2324 2423 futuro
2350 2384 2602 2438 supremo
2635 2369 2896 2438 supplicio
2924 2369 3066 2422 luat!

2399 2504 2616 2559 EPIST.
2658 2504 2892 2559 XXXIII.

2159 2600 2376 2667 Georgio
2411 2599 2749 2665 metropolita'
2776 2599 3106 2651 Nicomedia’.

1410 2708 1671 2756 Montacut.
1701 2709 1803 2769 (ep.
1835 2709 1939 2769 199,
1966 2725 2011 2771 p.
2050 2711 2181 2768 292i).

261 2808 323 2859 Εἰ
368 2807 522 2875 δῆλόν
552 2811 719 2870 ἐστιν,
770 2810 843 2871 ὡς
872 2813 922 2862 εί
960 2828 1041 2873 τις
1088 2810 1346 2872 νουθετεῖ,
1382 2812 1539 2880 δόξης
1578 2814 1750 2880 θήραν

179 2900 751 2968 πραγματευόμενος,
808 2902 954 2966 ἄξιός
995 2904 1108 2954 ἐστι
1164 2903 1403 2972 μεγάλης
1458 2903 1748 2972 μέμψεως

178 2991 343 3041 οὐδὲν
373 2992 556 3043 καινὸν
585 2993 691 3044 οὐδ’
721 2993 1039 3046 ἀνέλπιστον
1083 2997 1241 3056 εἴτις
1270 2995 1533 3047 νουθετῶν
1572 2996 1753 3057 κακῶς

1918 2812 1971 2863 Si
2023 2821 2168 2878 patet
2223 2812 2371 2873 illud,
2407 2810 2549 2879 quod
2600 2810 2641 2862 si
2684 2809 2807 2877 quis
2846 2808 3128 2862 consilium
3181 2810 3291 2867 dat.
3340 2816 3404 2863 ut

1850 2904 2070 2973 gloriam
2109 2912 2353 2965 venetur,
2403 2902 2824 2970 reprehensione
2855 2900 3131 2953 acerbiore
3166 2900 3360 2968 dignus
3389 2920 3401 2953 :

1849 2998 1941 3051 sed
1973 2997 2113 3065 quod
2140 2998 2260 3064 quis
2281 3012 2377 3064 pro
2406 2996 2633 3049 consilio
2663 2996 2787 3049 dato
2814 2995 2953 3048 male
2981 2996 3182 3056 audiat,
3213 3006 3267 3048 et
3309 2996 3405 3048 de;

181 3082 380 3135 ἀκούει
428 3084 519 3135 καὶ
552 3083 886 3153 διασύρεται.
922 3087 1021 3139 Διὰ
1062 3086 1240 3151 τοῦτο,
1273 3087 1394 3155 μηδ’
1432 3088 1592 3147 αὐτὸς
1625 3087 1755 3139 θαυο
1849 3105 1854 3139 1

1729 3118 1755 3131 ο
1849 3089 2074 3149 ridetur,
2108 3104 2207 3140 nec
2231 3102 2451 3147 novum,
2484 3102 2585 3139 nec
2617 3088 3046 3154 inexspectatum
3086 3098 3191 3141 est.
3252 3088 3402 3153 Quo-

186 3172 409 3243 μάσης,
466 3177 513 3227 εί
573 3175 872 3244 Πετρώνιος
930 3178 1342 3245 νουθετούμενος
1392 3180 1859 3263 τραχυτέρουςϐ‹

1728 3196 1752 3240 ς
1780 3206 1821 3263 C
1854 3183 1993 3235 circa
2025 3181 2206 3233 mirari
2251 3179 2457 3239 desine,
2490 3179 2533 3232 si
2566 3177 2852 3233 Petronius
2883 3180 3190 3233 admonitus
3244 3196 3400 3250 aspe-

180 3263 382 3329 λόγους
410 3266 549 3317 κατά
592 3268 690 3334 τῆς
719 3268 815 3335 σῆς
859 3269 1050 3335 ἀφίησι
1085 3270 1415 3338 τελειότητος
1440 3287 1453 3299 ³
1491 3271 1624 3338 μηδὲ
1665 3271 1751 3323 διά

179 3356 379 3407 ’τούτου
432 3359 563 3425 μήτε
594 3359 693 3426 τῆς
732 3362 811 3421 εἰς
859 3362 1095 3421 ἐκεῖνον,
1139 3362 1273 3429 μήτε
1306 3363 1401 3429 τῆς
1450 3364 1528 3424 εἰς
1562 3364 1750 3424 ἄλλους

180 3444 544 3514 ἐφειλομένης
590 3446 829 3517 ὑπερορᾷ
879 3449 1275 3517 παραινέσεως.
1340 3451 1487 3502 Ἐπεὶ
1529 3451 1749 3519 δόξομεν

182 3538 255 3587 ἂν
310 3538 415 3605 πρὸ
455 3537 678 3589 ἐκείνων
717 3539 869 3590 αὐτοὶ
922 3542 1147 3603 ἑαυτοὺς
1196 3541 1373 3605 ἀξίους
1431 3544 1750 3610 ἀποφαίνειν

181 3630 599 3697 ἐπιτιμήσεως.
658 3632 751 3682 καὶ
796 3630 892 3699 τὴν
946 3632 1137 3699 ἄλογον
1186 3635 1363 3686 αὐτῶν
1403 3636 1621 3705 μομφὴν
1671 3638 1751 3699 εἰς

183 3720 365 3771 αἰτίαν
397 3723 708 3785 μεταποιεῖν
737 3721 1031 3789 ἀξιόλογον.

770 3846 994 3901 ΕΠΙΣΤ.
1036 3849 1154 3904 ΛΔ’.

179 3951 232 4001 Γ
234 3951 455 4015 εωργίῳ
516 3950 920 4021 μητροπολίτῃ
989 3953 1409 4018 Νικομηὸείης,
1464 3959 1738 4021 τελευτή-

251 4036 475 4091 σαντος
507 4016 665 4091 αἱ·τῲ
694 4016 767 4091 ἐνί
806 4020 878 4091 τῇ
908 4016 1188 4087 ὑπερορῖᾳ
1243 4016 1549 4089 κλὴρικοῦ,
1594 4016 1740 4091 [reret

248 4089 366 4153 τὴν
394 4086 719 4155 γενομένην
743 4086 835 4137 ἐπ’
860 4086 1027 4153 αὐτῷ
1057 4092 1161 4142 τοῦ
1192 4086 1740 4162 πρεσδυτέιρουσκεθ

248 4162 541 4212 οοτονίαν.

241 4176 541 4226 ροτονιαν.

1847 3275 2077 3329 rioribus
2132 3271 2312 3323 verbis
2358 3280 2502 3322 tuam
2544 3271 2929 3338 perfectionem
2988 3273 3198 3340 excepit
3246 3291 3258 3325 ε
3310 3273 3403 3326 sed

1843 3368 1953 3421 noli
2014 3375 2071 3418 tu
2122 3365 2320 3417 idcirco
2369 3363 2802 3417 exhortationem
2841 3364 3103 3427 debitam,
3165 3365 3247 3417 vel
3274 3381 3399 3433 erga

1845 3459 2021 3517 illum,
2082 3455 2165 3508 vel
2224 3454 2389 3506 alium
2456 3453 2745 3507 omittere.
2780 3453 2855 3507 Ita
2905 3454 3049 3506 enim
3101 3454 3402 3507 videbimur

1845 3564 1943 3601 nos
1983 3547 2101 3613 ipsi,
2132 3545 2445 3613 priusquam
2472 3544 2543 3596 illi
2580 3544 2631 3597 id
2660 3544 2877 3606 faciant,
2911 3546 3100 3614 dignos
3130 3547 3386 3600 exhibere

1848 3635 2290 3705 reprehensione.
2326 3644 2379 3686 et
2409 3633 2797 3686 incusationem
2828 3634 3064 3700 ipsorum
3114 3634 3243 3687 alias
3298 3636 3398 3688 mi-

1845 3728 1989 3779 nime
2017 3724 2389 3778 rationabilem
2424 3724 2476 3776 in
2513 3724 2882 3777 rationabilem
2913 3724 3312 3778 transformarc.

2366 3856 2582 3912 EPIST.
2624 3857 2866 3910 XXXIV.

1844 3966 2062 4030 Georgio
2124 3964 2527 4030 metropolitano
2588 3964 2903 4017 Nicomedia:
2964 3966 3111 4033 cujus
3180 3967 3393 4018 CIN‘II‘NS

1913 4050 2125 4103 peregre
2168 4036 2304 4085 diem
2359 4035 2617 4085 clauserat
2668 4045 2983 4094 extremam,
3022 4044 3135 4102 post
3182 4038 3392 4086 anima—

1914 4105 2102 4155 tionem
2126 4106 2286 4170 ipsius
2313 4107 2382 4155 ad
2408 4108 2832 4171 presbyteramni.

1407 4275 1665 4325 Montacut.
1696 4279 1796 4340 (ep.
1826 4281 1935 4335 201,
1960 4297 2006 4343 p.
2038 4283 2167 4343 29h).

265 4378 597 4448 Ἐὁουλόμην
647 4377 904 4447 ἀπαρχῆς
949 4376 1048 4445 τῆς
1096 4377 1426 4445 σκυθρωπῆς
1478 4379 1733 4445 ἀγγελίας

177 4475 293 4543 (ὡς
344 4474 453 4526 εῐθε
492 4475 565 4543 μὴ
613 4473 803 4540 ὄφελεν
848 4474 1000 4542 ὲμοῖς
1038 4472 1171 4523 ὠσὶν
1218 4472 1519 4541 ἐπελθεῖν),
1554 4472 1731 4539 λόγοις

1909 4384 2202 4451 Cupiebam
2247 4383 2314 4436 ab
2357 4394 2577 4450 accepto
2618 4397 2800 4435 amaro
2852 4383 3061 4444 nuntio,
3102 4386 3243 4451 quod
3280 4387 3387 4440 uti-

1841 4487 1966 4524 nam
2018 4471 2071 4523 in
2135 4486 2285 4523 meas
2338 4487 2498 4524 aures
2548 4487 2656 4524 non
2683 4471 2942 4532 venisset,
2981 4474 3389 4529 consulentibus

173 4568 571 4637 παρακλήσεως
631 4567 690 4618 τὸ
746 4568 803 4618 ἐν
860 4568 942 4617 σοὶ
994 4567 1258 4635 πραΰνειν
1300 4566 1494 4633 ἄλγος,
1541 4568 1632 4618 καὶ
1672 4566 1731 4618 τὸ
1764 4564 1807 4617 D
1835 4582 1846 4604 τ

1709 4566 1731 4618 b
1764 4564 1807 4617 D
1835 4565 2013 4617 verbis
2068 4564 2309 4617 dolorem
2363 4573 2513 4616 tuum
2565 4564 2829 4633 mitigare,
2867 4572 2919 4616 et
2950 4565 3144 4631 quibus
3169 4581 3382 4633 possem

173 4659 378 4711 λυποῦν
421 4660 693 4727 ἀφαιρεῖν,
736 4652 821 4719 αἷς
861 4658 988 4726 ἐνῆν
1024 4676 1112 4725 μοι
1154 4658 1534 4726 παρηγορίαις.
1581 4658 1732 4710 Ἐπεὶ

171 4751 227 4802 δὲ
279 4753 396 4810 ταῖς
444 4751 585 4811 ἴσαις
639 4750 796 4810 αὐτὸς
834 4749 920 4817 (οὐ
961 4749 1066 4816 γὰρ
1098 4748 1161 4800 ἂν
1195 4751 1400 4816 είποιμι
1432 4750 1589 4801 πλέον
1614 4765 1628 4777 ⁸
1670 4750 1728 4800 οὐ

171 4842 273 4909 τὴν
300 4840 576 4908 ἀλήθειαν,
617 4842 713 4909 τὴν
771 4840 815 4890 δ’
846 4839 1104 4890 ἀπιστίαν
1143 4839 1557 4906 εὐλαϐούμενος,
1604 4856 1729 4891 κατ-

171 4931 456 5001 ετεινόμην
483 4932 769 4999 ἀλγηδόσιν
791 4971 805 4995 ,
837 4933 928 4983 καὶ
962 4932 1059 4999 τὴν
1096 4930 1273 5001 ψυχὴν
1304 4932 1553 4999 χαλεπῶς
1592 4932 1726 4983 ἔπα-

174 5025 339 5093 σχον)
404 5023 741 5092 ἀμϐλύτερος
804 5041 915 5085 πως
967 5024 1230 5092 κατέστην
1289 5024 1488 5091 ἐτέρων
1556 5024 1727 5084 λῦπας

171 5117 447 5183 ἀφαιρεῖν,
483 5109 555 5166 ὧν
586 5115 747 5175 αὐτὸς
777 5114 1118 5183 παραμύθιον
1166 5115 1261 5181 οὐχ
1290 5113 1556 5184 εὕρισκον.
1602 5115 1725 5181 Ὀψὲ

168 5209 225 5261 δὲ
255 5208 347 5259 καὶ
380 5206 531 5276 μόλις
560 5209 683 5270 τοὺς
710 5209 995 5275 λογισμοὺς
1025 5207 1344 5272 ἀνενεγκὼν,
1380 5209 1594 5259 κάκεῖνο
1622 5208 1724 5275 πρὸ

168 5301 279 5351 τῶν
320 5300 492 5351 ἄλλων
532 5299 873 5368 ἐνθυμηθεὶς,
898 5299 971 5361 ὡς
1002 5300 1080 5350 ὃτι
1114 5299 1440 5367 περίεστινὴ
1469 5300 1723 5366 ἀρχιερα-

167 5389 297 5456 τικὴ
331 5390 423 5441 καὶ
452 5390 583 5456 ἁγία
608 5391 723 5459 χεὶρ
758 5390 934 5457 ἐκείνη
960 5390 1073 5451 (καὶ
1102 5390 1313 5457 περιείη
1340 5406 1399 5455 γε
1427 5389 1517 5440 ἐπὶ
1542 5390 1717 5446 πλέον,

165 5479 199 5548 ἢ
253 5478 375 5529 ὅσον
420 5478 738 5544 διεγέγονεν,
792 5480 824 5547 ἡ
859 5478 1128 5539 τοιούτους
1160 5480 1289 5546 ἡμῖν
1326 5477 1720 5530 διαπλάττουσα

166 5569 263 5619 καὶ
310 5568 680 5637 διαμυρφοῦσα
733 5570 857 5629 τοὺς
904 5570 999 5637 τῆς
1042 5570 1192 5638 ἱερᾶς
1243 5569 1396 5637 ἡμῶν
1448 5569 1719 5637 ὑπηρέτας

166 5658 474 5723 ἀγιστίας),
502 5659 579 5709 ἔτι
628 5658 825 5725 μᾶλλον
879 5659 1141 5728 ἐγενόμην
1189 5658 1459 5726 ἐμαυτοῦ,
1495 5662 1585 5710 καὶ
1624 5658 1716 5710 τοῦ

165 5749 451 5815 δυσφορεῖν
484 5748 863 5816 ὑπερανέσχον,
917 5753 1011 5800 καὶ
1051 5749 1182 5817 πρὸς
1214 5749 1310 5815 τὴν
1341 5748 1504 5817 αὐτὴν
1537 5750 1719 5799 λοιπὸν

164 5838 403 5890 διάθεσιν
434 5840 531 5908 τὴν
587 5841 852 5908 ὑμετέραν
894 5839 1173 5907 μεθέλκειν
1218 5840 1491 5909 ἐθάρρησα
1524 5840 1717 5891 τελειό-

1834 4656 2039 4709 solatiis
2080 4654 2420 4707 aﬂIictionem
2476 4665 2620 4708 tuam
2672 4655 2864 4707 lenire.
2914 4655 2982 4707 At
3014 4670 3134 4708 cum
3191 4657 3383 4711 iisdem

1831 4760 1930 4813 ego
1961 4747 2072 4812 ipse
2100 4746 2344 4797 hebetior
2366 4761 2538 4798 essem
2572 4746 2814 4799 redditus
2834 4746 2989 4799 malis
3019 4762 3119 4799 nec
3152 4748 3380 4801 aliorum

1833 4836 2079 4889 tristitias
2110 4836 2425 4896 auferendo,
2460 4852 2578 4889 cum
2610 4838 2723 4904 ipse
2756 4838 2889 4890 meis
2936 4838 3183 4891 solatium
3230 4855 3380 4906 repe-

1831 4928 1935 4980 rire
1960 4929 2238 4995 nequirem
2267 4947 2277 4980 :
2316 4929 2383 4980 ita
2447 4930 2590 4980 enim
2640 4940 2744 4981 tam
2785 4945 2992 4982 mecum
3022 4940 3137 4983 erat
3168 4947 3377 4995 revera,

1828 5033 1896 5071 ne
1946 5020 2071 5085 quid
2110 5019 2320 5087 gravius
2367 5018 2539 5071 dicam
2594 5036 2605 5071 ε
2638 5035 2735 5072 nec
2767 5035 2956 5073 vereor
2978 5035 3046 5073 ne
3092 5021 3223 5074 ﬁdes
3248 5023 3374 5074 mi"

1827 5126 1933 5162 non
1973 5112 2305 5167 adhibeatur.
2341 5111 2433 5178 qui
2476 5112 2750 5165 veritatem
2797 5112 2916 5165 dico
2954 5130 2967 5165 :
3000 5120 3143 5165 certe
3186 5130 3377 5167 eaeru-

1826 5200 2005 5253 eiabar
2049 5201 2323 5253 doloribus
2358 5212 2448 5253 :et
2505 5203 2681 5254 animo
2743 5203 2880 5256 male
2928 5202 3153 5256 alfeetus
3204 5219 3373 5258 eram.

1824 5291 2065 5359 Cumque
2096 5308 2212 5345 sero
2248 5308 2308 5345 ac
2332 5293 2416 5345 vix
2449 5294 2660 5345 tandem
2706 5295 2771 5346 ad
2816 5296 3053 5348 animum
3083 5296 3369 5359 redieram,

1828 5383 1955 5436 illud
1984 5383 2245 5451 imprimis
2263 5384 2559 5454 cogitabam
2600 5402 2611 5435 :
2648 5385 2819 5437 adhuc
2850 5396 3126 5454 superstes
3177 5397 3256 5440 est
3284 5403 3370 5439 ar-

1822 5472 2231 5541 chiepisc0palis
2279 5482 2333 5526 et
2387 5484 2566 5526 saneta
2612 5474 2699 5527 illa
2739 5489 2930 5526 manus
2961 5474 3035 5541 (et
3072 5475 3160 5528 diu
3196 5475 3369 5528 adhuc

1823 5564 2056 5631 supersit
2080 5578 2290 5631 precor,
2320 5580 2436 5633 quae
2471 5566 2606 5619 tales
2632 5566 2785 5619 nobis
2802 5566 3022 5636 deﬁngit
3043 5574 3095 5619 et
3125 5566 3369 5620 eﬂormat

1818 5651 2125 5705 sacerdotes
2143 5668 2322 5706 rerum
2347 5654 2692 5708 administros
2720 5656 3019 5722 sacrarum)
3044 5657 3213 5725 magis
3243 5672 3359 5710 me-

1821 5742 2107 5809 metipsum
2148 5742 2413 5811 recollegi,
2445 5758 2543 5797 nec
2573 5745 2797 5797 ulterius
2828 5744 3059 5813 graviter
3086 5746 3324 5813 patiebar
3349 5784 3363 5807 ,

1821 5845 1870 5886 et
1908 5835 1970 5887 ad
2002 5832 2240 5887 eamdem
2287 5850 2495 5888 mecum
2545 5836 2949 5904 dispositionem
2978 5838 3365 5909 perfectionem
