4236 6436
771 388 870 452 847

775 519 1005 563 vestram
1048 507 1191 561 volui
1245 503 1509 558 deducere

771 602 905 657 mihi
965 599 1284 654 occurrebat
1317 613 1331 648 :
1367 605 1547 648 tamen
1607 593 1790 648 nescio
1829 590 1957 660 quid
1987 591 2111 644 novi
2146 605 2338 660 passus

773 708 938 747 sum:
979 691 1282 745 membrum
1342 687 1613 740 divulsum
1675 683 2049 747 abstraliitur;
2111 683 2203 735 sed
2230 680 2339 734 Deo

773 784 1006 846 dicatur,
1039 791 1092 834 et
1119 795 1218 834 nos
1239 779 1331 847 qui
1357 794 1452 847 per
1481 777 1648 830 Deum
1674 775 1879 830 divitiis
1899 774 2003 828 illis
2039 774 2339 828 abundavi-

769 887 912 935 mus,
975 871 1047 923 illi
1099 868 1365 939 primitias
1406 866 1603 920 oﬂ‘erre
1659 865 1988 919 debebamus
2042 881 2053 915 :
2115 863 2334 932 antiqua

770 964 854 1016 lex
914 962 1030 1015 ham
1085 960 1314 1021 obtinet,
1350 968 1409 1012 ut
1450 972 1628 1011 rerum
1655 957 2012 1026 pretiosarum
2066 955 2336 1025 primitias

775 1053 947 1107 datori
1001 1061 1056 1106 et
1093 1049 1368 1106 communi
1413 1047 1645 1102 Domino
1703 1047 1992 1103 oﬂ‘eramus
2051 1065 2064 1101 :
2113 1061 2335 1115 germen

771 1145 1110 1214 praeclarum,
1147 1151 1199 1196 et
1258 1141 1466 1196 fructus
1517 1141 1698 1195 ferens
1751 1149 1993 1193 maturos
2029 1138 2333 1191 diﬂ'ractnm

768 1247 893 1290 est:
928 1236 1020 1289 sed
1051 1242 1230 1287 manet
1270 1233 1443 1297 radix,
1499 1232 1818 1302 germinabit
1868 1231 2048 1284 denuo
2086 1244 2198 1283 non
2247 1230 2334 1283 in-

775 1325 970 1378 feriora
993 1340 1006 1375 :
1048 1325 1093 1377 si
1137 1323 1182 1376 is
1206 1323 1298 1392 qui
1351 1323 1560 1375 ablatus
1590 1331 1674 1374 est
1699 1335 1932 1375 mmrore
1959 1319 2175 1382 alliciat,
2201 1336 2332 1389 pro-

768 1417 1028 1487 germinet
1055 1416 1210 1479 alios,
1259 1424 1314 1468 ut
1353 1430 1420 1468 ne
1455 1415 1522 1466 ita
1555 1414 1772 1467 demum
1816 1414 2033 1468 tristitia
2071 1413 2336 1482 percella-

771 1519 876 1573 tur,
915 1507 959 1560 si
989 1524 1166 1562 ramos
1200 1507 1458 1576 quosdam
1485 1506 1550 1559 ad
1571 1521 1627 1559 se
1656 1507 1946 1559 transferat
1971 1505 2328 1571 hortulanus;

769 1599 863 1652 sed
916 1615 1012 1668 per
1055 1600 1382 1666 reliquorum
1435 1598 1854 1650 oblectationem
1915 1597 2074 1650 ablati
2111 1613 2331 1651 sensum

767 1692 1142 1746 absconditum
1187 1690 1375 1744 voluit.
1417 1689 1564 1742 Abiit
1610 1690 1864 1757 prmclara
1914 1698 1969 1742 et
2003 1690 2333 1744 admirabilis

767 1784 983 1837 virtutis
1034 1783 1243 1851 imago;
1292 1783 1384 1836 sed
1445 1783 1587 1836 idem
1640 1784 1815 1851 pictor
1867 1798 2085 1835 manum
2154 1781 2332 1836 adhuc

1929 381 2191 442 ΡΗΟΤῘΙ
2237 380 2737 442 ΡΛΤΒΙΛΗΟΗᾹΞ
2783 383 2891 443 CP.

1569 518 1583 552 :
1627 499 1715 554 ubi
1747 509 1924 552 tamen
1961 498 2179 552 absurdi
2209 498 2338 566 quid
2369 506 2413 558 Α
2441 514 2606 567 τηταο
2643 499 2735 552 καί
2781 517 2836 553 τι
2877 500 2985 572 γὰρ
3015 500 3242 556 ἐνενόουι

2369 506 2413 558 Α
2441 514 2606 567 τηταο
2643 499 2735 552 καί
2781 517 2836 553 τι
2877 500 2985 572 γὰρ
3015 500 3256 556 ἐνενόουν
3293 504 3404 558 τῶν
3429 506 3818 578 ἀτοπωτερωνο
3862 509 3914 560 τί
3954 511 4019 561 δε

3900 397 4025 461 848

2438 588 2547 641 τῶν
2600 589 2933 660 καινοτέρων
2985 592 3352 662 πεπόνθαμεν,
3387 595 3488 645 οὐκ
3546 589 3700 646 οἶδα·
3752 596 4023 667 ἀφῃρέθη

2443 680 2625 749 μέλος,
2685 681 2822 734 ἀλλά
2855 681 2975 752 Θεῷ
3026 683 3367 754 ἀφιέρωται’
3426 685 3539 737 ἀλλ’
3585 687 3841 757 ἀπαρχὴν
3898 688 4025 740 ἔδει

2437 773 2653 841 δοθῆναι
2693 773 2802 825 τῶν
2839 773 3042 838 καλῶν,
3075 768 3149 828 ῶν
3177 777 3386 830 ἐκεῖθεν
3429 777 3828 846 ἐπλουτίσαμεν
3853 795 3868 809 ο
3909 782 4022 848 ἀρ-

2437 867 2589 934 χαῖος
2611 859 2765 928 οὗτος
2811 868 2973 936 νόμος
3008 868 3261 938 ἀπαρχὰς
3307 868 3414 920 τῶν
3442 868 3639 938 τιμίων
3668 869 3746 940 τῷ
3779 869 3924 937 δωτῆ
3938 888 4021 939 ρι,

2439 958 2530 1008 καὶ
2583 956 2747 1027 κοινῷ
2799 959 3128 1029 προσφέρειν
3168 961 3431 1032 Δεσπότῃ.
3487 959 3694 1022 Κλάδος
3733 959 4020 1028 εὐθαλὴς,

2437 1049 2528 1101 καὶ
2557 1049 2765 1118 καρπὸν
2793 1048 2995 1118 ὡραῖον
3025 1050 3230 1119 φέρων,
3261 1051 3594 1122 περιῄρηται
3619 1068 3634 1083 ο
3667 1043 3781 1106 ἀλλ’
3812 1053 3848 1118 ὴ
3887 1051 4022 1121 ῥίζα

2439 1141 2620 1209 μένειο
2658 1143 2792 1194 οῐσει
2824 1142 2988 1219 πάλιν
3029 1144 3127 1196 οὐκ
3161 1143 3439 1197 ἐλάττονα.
3473 1145 3535 1198 El
3568 1145 3624 1196 δέ
3657 1143 3816 1197 πλέον
3848 1147 3876 1196 ὁ
3906 1161 4022 1195 πε-

2440 1235 2769 1305 ριῃρημένος
2794 1234 2972 1298 λυπεῖ,
3008 1235 3354 1303 βλαστανέτω
3382 1237 3476 1288 καὶ
3505 1235 3753 1298 πλείονας
3772 1252 3786 1266 ο
3816 1237 3904 1289 ἵνα
3936 1236 4020 1305 μὴ

2435 1325 2595 1377 πάλιν
2650 1323 2762 1394 ἐχοι
2817 1325 3070 1394 χαλεπῶς
3121 1326 3305 1392 ἀλγεῖν
3355 1326 3449 1378 τοῦ
3508 1327 3818 1395 φυτοκὸμου
3871 1327 4022 1394 πρὸς

2435 1415 2628 1468 ἑαυτόν
2682 1434 2804 1468 τινα
2848 1416 2957 1469 τῶν
3006 1415 3214 1469 κλάδων
3252 1417 3653 1485 λαμϐάνοντος,
3701 1417 3816 1470 ἀλλ’
3847 1419 3906 1469 ἐν
3943 1421 4018 1487 τῇ

2433 1507 2543 1558 τῶν
2587 1507 3031 1578 ὑπολειπομένων
3080 1508 3291 1577 τέρψει,
3331 1509 3425 1560 τοῦ
3467 1509 3824 1579 ἀφῃρημένου
3876 1508 4018 1559 λαν-

2435 1597 2615 1651 θάνειν
2653 1600 2773 1668 ἔχοι
2803 1599 2900 1670 τὴν
2947 1599 3316 1667 συναίσθησιν.
3379 1599 3709 1668 Ἀπῆλθέν.ή
3742 1599 3883 1668 καλὴ
3916 1600 4022 1650 καὶ

2435 1686 2715 1756 θαυμασία
2739 1691 2838 1757 τῆς
2872 1689 3072 1760 ἀρετῆς
3096 1689 3288 1741 εἰκών*
3316 1689 3430 1742 ἀλλ’
3453 1691 3481 1741 ό
3513 1691 3754 1758 γραφεὺς
3791 1690 3874 1740 ἔτι
3909 1692 4022 1756 τὴν

2434 1783 2591 1848 χεῖρα
2637 1783 2814 1844 κινεῖ,
2864 1781 2959 1833 καὶ
3007 1781 3209 1852 γράψει
3261 1799 3324 1848 γε
3361 1781 3614 1844 πάντως,
3651 1783 3886 1850 ἐραστὴς
3936 1783 4020 1832 ὣν

769 1890 1022 1928 exercere
1060 1883 1256 1943 potest.
1290 1883 1343 1927 et
1374 1874 1464 1942 qui
1498 1873 1783 1941 praclaras
1824 1873 1942 1941 ejus
1968 1873 2122 1927 dotes
2155 1873 2335 1943 dilige-
2368 1870 2406 1924 Β
2435 1889 2442 1902 ι

2368 1870 2406 1924 Β
2435 1867 2528 1922 τοῦ
2558 1868 2724 1922 καλοῦ
2745 1910 2759 1934 ,
2808 1869 2990 1922 οὐκέτι
3040 1870 3205 1939 μίαν,
3249 1870 3385 1924 ἀλλὰ
3420 1870 3513 1922 καὶ
3543 1868 3817 1930 πλείονας.
3869 1869 4018 1919 Ἀλλ’

770 1965 883 2030 bat,
919 1964 1275 2033 proculdubio
1323 1964 1504 2033 plures
1554 1963 1686 2017 tales
1734 1963 1994 2032 imagines
2044 1962 2330 2019 describet.

769 2057 840 2110 At
899 2057 1030 2108 mihi
1063 2056 1278 2126 quidem
1308 2055 1431 2107 mali
1485 2055 1806 2109 medicinam
1842 2054 1967 2108 l‘acit
1995 2055 2174 2122 istud;
2202 2066 2334 2125 puto

769 2148 1065 2218 quemlibet
1117 2148 1430 2218 religiosum
1453 2148 1746 2217 prudenter
1793 2157 2145 2216 sumpturum
2181 2166 2194 2201 :
2236 2150 2330 2203 sed

767 2239 1021 2294 Ecclesia:
1043 2255 1258 2308 corpus,
1287 2240 1350 2293 ad
1380 2241 1520 2308 quod
1549 2241 1721 2294 voeati
1753 2256 1962 2306 sumus,
1990 2257 2097 2295 non
2114 2243 2330 2312 opinor,

771 2331 1239 2401 ipsejnstiticabis,
1266 2346 1372 2384 non
1402 2347 1520 2386 esse
1539 2333 1635 2385 tibi
1678 2335 2068 2402 compassionis
2085 2336 2332 2390 solatium

770 2425 1162 2494 archiprzesuli.
1219 2424 1352 2478 Nam
1390 2424 1519 2494 quid
1548 2424 1671 2478 est?
1720 2435 1849 2479 ante
1875 2436 2090 2496 tempus
2120 2427 2332 2481 aufere-

770 2517 930 2573 batur
961 2534 974 2569 :
1002 2527 1056 2571 et
1094 2516 1235 2586 quis,
1276 2532 1477 2586 quaeso,
1518 2517 1710 2572 melius
1743 2517 1810 2572 de
1833 2518 2163 2587 temporibus
2184 2519 2331 2589 judi-

771 2625 917 2671 care,
952 2617 1007 2663 et
1044 2608 1232 2662 eadem
1282 2609 1569 2662 observare
1627 2609 1797 2671 novit,
1830 2625 1989 2678 quam
2024 2609 2090 2673 is,
2127 2611 2216 2679 qui
2244 2627 2331 2664 se-

770 2703 1005 2757 cundum
1055 2702 1320 2755 rationem
1368 2711 1424 2755 et
1467 2703 1715 2756 ordinem
1776 2703 2044 2772 disposuit
2111 2704 2334 2757 omnia?

771 2792 878 2846 Sed
905 2801 1090 2862 raptus
1114 2801 1196 2846 est
1247 2793 1302 2845 in
1351 2800 1509 2845 aetate
1552 2791 1785 2861 vigente,
1819 2802 1872 2846 et
1902 2793 1992 2861 qui
2019 2793 2154 2847 tales
2188 2794 2332 2847 exsi-

770 2893 942 2951 stunt,
965 2883 1260 2938 certamina
1289 2883 1524 2937 subeunt
1560 2884 1781 2937 viriliter
1809 2902 1822 2936 :
1854 2900 2042 2938 verum
2078 2885 2146 2939 ad
2172 2900 2332 2940 sene-

771 2986 978 3033 etulem
1030 2993 1202 3047 usque
1231 2977 1480 3047 protendi
1515 2975 1966 3045 interruptionem
2019 2978 2333 3048 plerumque

778 3070 1112 3124 fortitudinis
1161 3079 1439 3139 operatur.
1480 3069 1561 3122 Ad
1590 3069 1845 3124 virtutem
1877 3070 2162 3124 nobiscum
2193 3085 2332 3125 con-

770 3160 1023 3216 currebat
1057 3178 1069 3212 :
1104 3175 1213 3214 non
1252 3169 1467 3230 oportet
1499 3160 1764 3226 invidere,
1798 3161 1842 3214 si
1888 3161 2126 3215 stadium
2168 3176 2328 3216 suum

2436 1963 2558 2030 ἐμοὶ
2594 1963 2691 2032 μὲν
2725 1961 2880 2014 τοῦτο
2913 1962 3015 2031 τῆς
3049 1963 3286 2034 ἀθυμίας
3319 1964 3609 2034 φάρμακον
3634 1977 3647 1991 °
3678 1957 3833 2032 οἶμαι
3868 1963 3911 2014 δ’
3948 1963 4020 2014 av

2435 2053 2566 2106 αὐτὸ
2598 2054 2780 2107 λαϐεῖν
2812 2054 3104 2125 προθύμως
3129 2097 3144 2120 ,
3177 2056 3272 2107 καὶ
3303 2055 3412 2107 τῶν
3457 2053 3830 2106 εὐσεϐούντων
3880 2053 4021 2104 ἕκα-

2437 2163 2559 2197 στον
2579 2161 2594 2177 ο
2627 2146 2689 2197 τὸ
2721 2146 2776 2198 δὲ
2802 2148 2978 2199 κοινὸν
3009 2147 3108 2216 τῆς
3151 2146 3477 2216 Ἐκκλησίας
3499 2186 3514 2211 ,
3547 2146 3632 2214 ἐφ’
3655 2138 3699 2211 ᾧ
3729 2161 3792 2212 γε
3824 2161 4017 2212 παρα-

2435 2234 2769 2304 κεκλήμεθα,
2800 2237 2902 2289 οὐκ
2930 2238 2998 2291 ἀν
3041 2239 3161 2307 οὐχὶ
3194 2237 3514 2301 δικαιῶσαις
3555 2237 3647 2289 καὶ
3673 2237 3839 2299 αὐτὸς
3863 2279 3876 2298 ,
3912 2237 4018 2287 καὶ

2433 2327 2532 2396 τῆς
2567 2329 2664 2396 σῆς
2700 2329 3090 2399 ἀρχιερατικῆς
3125 2328 3468 2399 συμπαθείας
3504 2328 3577 2400 μὴ
3611 2328 3865 2396 γενέσθαι
3899 2346 4016 2380 πα-

2437 2419 2721 2488 ράκλησιν.
2748 2420 2812 2472 Τί
2837 2421 2978 2492 γὰρξς
3012 2421 3117 2491 πρὸ
3147 2421 3294 2492 ὦρας
3324 2421 3538 2491 ἀπῆρεν
3562 2437 3576 2452 ·
3611 2422 3701 2473 καὶ
3729 2421 3810 2483 τίς
3843 2423 4011 2490 ἀκρε-

2431 2510 2688 2581 6έστερος
2729 2513 2879 2583 ὥρας
2938 2515 3223 2583 συντηρεῖν
3267 2513 3360 2566 καὶ
3414 2514 3640 2584 κρίνειν,
3679 2514 3774 2566 τοῦ
3829 2515 4014 2567 πάντα

2432 2601 2573 2670 λόγῳ
2619 2603 2714 2656 καὶ
2766 2603 2943 2674 εἱρμῷ
2979 2603 3271 2671 τάξαντος;
3312 2604 3451 2658 Ἀλλ’
3487 2607 3543 2658 ἐν
3573 2607 3721 2675 ἀκμῇ
3758 2605 3859 2676 τῆς
3888 2608 4012 2676 ἡλι-

2434 2694 2586 2758 κίας,
2617 2696 2665 2746 οί
2701 2695 2928 2747 τοιοῦτοι
2966 2697 3091 2758 τοὺς
3128 2695 3322 2760 ἄθλους
3350 2697 3613 2764 γενναίως
3647 2700 3874 2768 φέρουσι
3900 2715 3914 2728 ο
3947 2699 4012 2749 τὸ

2433 2782 2489 2835 δὲ
2519 2786 2598 2845 είς
2637 2787 2813 2854 γῆρας
2842 2785 3246 2857 παραταθῆναι,
3281 2789 3513 2858 ἐγκοπὴ,
3557 2791 3624 2842 τὰ
3665 2789 3856 2854 πολλὰ,
3905 2795 3968 2841 ﬁ
3982 2809 4009 2854 ς

2435 2875 2640 2945 πολλῆς
2665 2877 2986 2931 καθίσταται
3015 2879 3410 2950 γενναιότητος.
3440 2882 3742 2952 Σύνδρομος
3769 2879 3838 2954 ἦν
3869 2883 4011 2952 πρὸς

2433 2968 2668 3038 ἀρετήν·
2705 2969 2765 3020 οὐ
2811 2970 2915 3039 χρὴ
2948 2968 3163 3036 φθονεῖν
3208 2973 3257 3023 εί
3294 2971 3356 3024 τὸ
3377 2972 3599 3025 ’στάδιον
3642 2974 4013 3044 προκατείλη-

2434 3077 2553 3127 φεν.
2599 3059 2739 3113 Ἀλλ’
2769 3057 2838 3132 ἦν
2874 3060 2983 3114 τῶν
3017 3061 3281 3132 θλιδερῶν
3303 3064 3675 3133 παραμύθιονο
3707 3066 3767 3117 οὐ
3795 3066 4005 3118 συναπσ

2431 3151 2562 3220 ἦρεν
2602 3152 2731 3213 τοὺς
2790 3152 2981 3220 λόγους
3021 3154 3120 3224 τῆς
3159 3155 3590 3226 παρακλήσεως·
3624 3158 3717 3208 καὶ
3746 3157 3908 3211 πλέον
3949 3159 4008 3211 δὲ

770 3254 921 3323 prior
947 3252 1261 3306 confecerit.
1294 3254 1362 3306 At
1407 3252 1645 3307 solamen
1683 3263 1800 3307 erat
1834 3253 2140 3323 urgentium
2196 3253 2329 3307 allli-
2359 3239 2402 3295 (ἶ
2435 3245 2443 3294 ¹

2359 3239 2402 3295 C
2435 3244 2586 3296 ἔσται
2620 3244 2744 3310 νῦν,
2793 3240 2874 3309 οἷς
2903 3263 2962 3299 τε
2992 3246 3080 3299 διὰ
3121 3245 3236 3315 βίου
3275 3247 3543 3317 ἀνδρικῶς
3571 3249 4002 3320 ἐνεκαρτέρησε,

770 3343 1008 3397 ctionum
1047 3360 1060 3396 :
1093 3345 1188 3397 sed
1248 3358 1348 3396 nec
1378 3359 1568 3397 omnes
1595 3359 1779 3397 secum
1833 3344 2053 3397 abstulit
2090 3345 2337 3398 consola-

772 3436 935 3489 tionis
963 3436 1152 3490 modos
1179 3455 1191 3488 :
1215 3437 1324 3488 imo
1353 3435 1537 3504 plures
1567 3450 1712 3489 nunc
1750 3445 1991 3504 praestat,
2019 3445 2076 3490 et
2110 3436 2333 3504 quidem

771 3526 946 3595 primo
993 3541 1090 3596 per
1140 3540 1427 3596 generosas
1473 3526 1596 3579 vitm
1637 3526 1880 3581 actiones
1923 3527 2206 3581 :secundo
2241 3542 2336 3590 per

774 3617 1216 3672 intercessionem
1247 3618 1386 3687 apud
1417 3616 1584 3670 Deum
1609 3634 1625 3683 ;
1655 3625 1845 3686 utpote
1869 3617 1981 3688 jam
2007 3617 2243 3671 vicinior
2284 3617 2333 3671 ei

770 3710 963 3774 factus,
995 3720 1050 3764 et
1075 3711 1295 3765 cceleste
1320 3710 1694 3779 adjumentum
1722 3710 1776 3764 in
1808 3719 1991 3779 partes
2023 3725 2330 3773 assumens,

769 3815 893 3854 cum
926 3799 994 3853 ad
1047 3799 1492 3864 succurrendum,
1523 3809 1635 3854 tum
1686 3799 1752 3854 ad
1801 3800 2213 3854 vindicandum.
2243 3799 2330 3853 Si-

773 3890 883 3943 lent
943 3889 1087 3942 labra
1129 3907 1141 3942 :
1203 3889 1438 3942 clamant
1477 3889 1739 3943 actiones.
1774 3889 1983 3960 Lingua
2030 3897 2194 3954 tacet,
2233 3890 2328 3942 sed

770 3992 957 4036 contra
987 3981 1163 4052 legum
1186 3981 1476 4037 violatores
1501 3984 1619 4051 ejus
1650 3983 2058 4053 redargutiones
2089 3982 2329 4052 ipsorum

771 4075 997 4128 consilia
1049 4085 1311 4145 perpetuo
1341 4074 1632 4145 ﬂagellant,
1683 4085 1738 4130 et
1777 4076 2086 4146 religiosum
2141 4089 2330 4144 quem-

773 4164 900 4217 libet
954 4165 1020 4218 ad
1063 4165 1476 4221 oblectationem
1515 4167 1751 4220 excitant
1822 4176 1876 4220 et
1936 4166 2326 4222 fortitudinem.

771 4255 914 4322 Quid
943 4259 1164 4313 tandem
1197 4258 1294 4312 ?in
1327 4257 1720 4328 persecutione,
1753 4257 2065 4323 amictione,
2091 4258 2325 4322 miseria,

778 4352 949 4405 vitam
984 4351 1196 4405 clausit.
1240 4352 1309 4404 At
1343 4350 1459 4404 haec
1483 4365 1570 4404 me
1600 4365 1940 4418 summopere
1956 4349 2324 4402 consolantur.

773 4442 892 4496 Non
928 4443 1075 4495 enim
1104 4441 1336 4496 delictiis
1364 4441 1583 4495 amuere
1613 4441 1762 4494 illum
1791 4441 1993 4505 decuit,
2024 4442 2116 4510 qui
2142 4441 2207 4496 ad
2240 4457 2326 4495 re-

773 4549 937 4604 gnum
969 4533 1228 4587 caelorum
1269 4533 1578 4598 anhelabat,
1606 4542 1661 4588 et
1685 4533 1827 4586 illam
1857 4533 1931 4586 ibi
1976 4533 2126 4587 adire
2159 4533 2328 4587 hatre-

769 4625 988 4679 ditatem
1014 4623 1183 4677 voluit
1218 4621 1573 4678 :luctatorem
1610 4624 1892 4692 quiescere
1926 4639 2036 4677 non
2058 4624 2326 4684 decebat;

769 4728 872 4767 nec
900 4712 1178 4766 certamini
1234 4713 1563 4767 destinatum
1616 4713 1672 4766 in
1703 4713 2030 4767 umbraculis
2077 4714 2327 4768 arborum

768 4803 1002 4874 paradisi
1035 4803 1314 4869 recubare,
1343 4819 1406 4857 ac
1437 4805 1645 4857 dulcem
1678 4819 1928 4858 somnum
1964 4820 2159 4874 capere
2195 4823 2208 4857 :
2235 4806 2328 4860 sed

771 4896 910 4948 inter
925 4895 1241 4958 certamina,
1275 4910 1369 4963 per
1404 4895 1799 4958 tribulationes,
1826 4896 1967 4949 inter
2006 4911 2328 4966 persequen-

773 4983 908 5034 tium
930 4982 1134 5052 gladios
1161 4984 1428 5052 explorari
1459 4983 1643 5038 decuit
1669 5003 1682 5037 :
1715 4995 1771 5039 et
1814 4985 1891 5039 sic
1919 4987 2206 5056 approbari
2251 4988 2324 5042 ab

771 5075 1092 5143 agonotheta
1115 5116 1129 5138 ,
1185 5076 1381 5130 sudore
1423 5077 1729 5131 madentem
1787 5093 1817 5132 e
1839 5078 2244 5146 colluctatione,
2272 5090 2327 5135 et

770 5167 849 5218 sic
874 5166 940 5219 de
968 5182 1147 5232 cursu,
1181 5167 1456 5222 laboribus
1485 5170 1988 5235 anhelum,felicem
2014 5172 2321 5240 pradicari:

772 5255 820 5306 id
841 5255 985 5322 quod
1035 5272 1130 5324 ego
1164 5256 1378 5311 coronis
1408 5258 1766 5325 praetulerim:
1806 5274 1930 5312 nam
1973 5275 2186 5312 coronae
2231 5260 2326 5314 do-

772 5356 966 5400 nantur
1000 5348 1067 5399 ab
1103 5349 1398 5402 atlilotlteta
1435 5365 1447 5399 :
1492 5349 1604 5404 haec
1647 5351 1904 5404 certantis
1959 5351 2169 5405 labores
2215 5351 2326 5405 cla-

769 5447 919 5489 mant
946 5451 1001 5490 et
1040 5438 1324 5493 lemniscos
1357 5457 1368 5489 :
1397 5440 1540 5493 inter
1565 5442 1770 5495 medias
1814 5451 1867 5495 et
1900 5443 2016 5496 illas
2050 5453 2324 5497 extremas

769 5529 1196 5595 persecutiones.
1257 5529 1424 5582 abivit
1471 5531 1535 5582 ad
1595 5540 1994 5584 coronatorem.
2054 5532 2324 5595 Quorsum

769 5619 913 5671 enim
945 5619 1000 5671 in
1031 5620 1294 5673 inlinitam
1317 5621 1614 5690 agonistam
1634 5620 1827 5675 durare
1859 5622 2115 5690 oportuit,
2141 5637 2204 5676 ac
2218 5637 2326 5676 non

768 5709 949 5761 statim
993 5699 1171 5779 potius
1205 5711 1291 5763 illa
1352 5712 1609 5780 consequi
1638 5722 1858 5781 propter
1886 5727 1948 5766 ea
1982 5727 2103 5781 quae
2138 5721 2327 5781 pertu-

767 5798 848 5864 lit,
887 5811 939 5855 et
974 5802 1048 5856 sic
1074 5802 1395 5858 obduravit:
1421 5803 1659 5858 hostium
1685 5819 1816 5859 sane
1843 5815 1967 5859 vota
1997 5803 2129 5857 mihi
2180 5803 2325 5858 istud

2436 3338 2528 3388 καὶ
2573 3339 2696 3398 ταῖς
2724 3337 2859 3405 πρὸς
2887 3337 2946 3389 τὸ
2978 3336 3132 3390 Θεῖον
3164 3338 3499 3404 ἐντεύξεσιν·
3534 3339 3628 3391 ᾰτε
3657 3340 3720 3410 δὴ
3747 3340 4004 3409 πλησιαί-

2434 3443 2592 3496 τερον
2611 3426 2869 3494 γεγονὼς,
2901 3429 2994 3481 καὶ
3017 3427 3114 3497 τὴν
3135 3428 3346 3481 ἐκείθεν
3369 3430 3541 3482 ἕλκων
3569 3431 3772 3500 μᾶλλον
3802 3435 4002 3502 ῥοπὴν,

2434 3520 2513 3579 εἰς
2544 3517 2861 3586 ἐπικουρίαν
2894 3519 2987 3571 καὶ
3014 3519 3315 3589 ἐκδίκησιν.
3356 3521 3490 3591 Σιγᾷ
3528 3521 3595 3573 τὰ
3643 3523 3795 3592 χείλη
3818 3538 3833 3553 ⁸
3867 3523 4005 3576 ἀλλὰ

2435 3609 2636 3678 βοῶσιν
2666 3611 2720 3662 αί
2749 3609 2977 3681 πράξεις
3000 3628 3013 3641 ·
3047 3613 3080 3681 ή
3115 3610 3336 3680 γλῶσσα
3365 3613 3502 3677 τέως
3536 3614 3732 3683 ἠρεμεῖ
3755 3630 3769 3644 ·
3804 3613 3919 3667 ἀλλ’
3953 3616 4003 3667 οἱ

2434 3701 2576 3754 κατά
2605 3701 2712 3753 τῶν
2747 3701 3216 3771 παρανομούντων
3242 3702 3450 3772 ἐλεγχοι
3479 3704 3658 3756 αὐτῶν
3687 3704 3735 3756 τ’
3778 3706 4002 3758 ἐκείνων

2431 3795 2558 3856 τοὺς
2593 3792 2888 3864 λογισμοὺς
2919 3794 3166 3848 ἀθάνατα
3201 3795 3544 3866 μαστιγοῦσι,
3584 3799 3676 3850 καὶ
3701 3799 3809 3852 τῶν
3842 3801 4003 3852 εὐσε-

2433 3886 2669 3941 ϐούντων
2697 3888 2925 3940 ἕκαστον
2947 3929 2960 3950 ,
2992 3889 3071 3952 είς
3104 3887 3372 3959 θυμηδίαν
3415 3891 3510 3942 καὶ⁹
3556 3892 3808 3961 ἀνδρείαν
3852 3894 4000 3948 διαν-

2433 3977 2672 4030 ιστῶσιν.
2721 3978 2786 4030 Τί
2834 3977 3046 4044 λοιπόν;
3101 3980 3160 4032 ἐν
3201 3980 3460 4051 διωγμοῖς
3522 3983 3614 4035 καὶ
3648 3983 3860 4053 θλίψεσι
3907 3990 4001 4040 καὶ

2428 4070 2826 4140 ταλαιπωρίαις
2857 4071 2947 4123 τὸν
3002 4071 3112 4141 βίον
3169 4073 3422 4128 ἀπέλιπε.
3477 4075 3549 4127 Τὸ
3595 4077 3854 4144 μέγιστόν
3908 4096 3998 4146 μοι

2430 4161 2606 4228 λέγεις
2633 4163 2998 4233 παραμύθιον.
3032 4165 3106 4216 Οὐ
3135 4165 3243 4235 γὰρ
3277 4165 3383 4217 ἔδει
3409 4169 3618 4236 τρυφᾷν
3653 4169 3743 4220 τὸν
3775 4171 3875 4238 τὴν
3904 4171 4002 4238 βαι

2433 4252 2637 4306 σιλείαν
2685 4253 2792 4305 τῶν
2840 4253 3083 4324 οὐρανῶν
3126 4255 3525 4326 ἐπιζητοῦντα,
3558 4260 3652 4312 καὶ
3689 4260 3780 4311 τὸν
3820 4263 3997 4314 ἐκεῖσε

2430 4346 2629 4413 κλῆρον
2655 4343 2937 4398 διώκοντα.
2979 4347 3093 4399 Οὐκ
3134 4345 3242 4399 ἔδει
3273 4348 3363 4400 τὸν
3392 4348 3633 4419 ἀθλητὴν
3662 4352 3956 4419 ἡσυχάζειν
3978 4372 3990 4382 ·

2428 4435 2547 4488 οὐδὲ
2578 4436 2667 4488 τὸν
2693 4435 2996 4505 ἀγωνιστὴν
3018 4437 3122 4490 ὐπὸ
3157 4440 3336 4502 σκιαῖς
3369 4440 3463 4494 καὶ
3489 4439 3728 4511 δένδροις
3755 4444 3849 4495 καὶ
3886 4462 3994 4497 πα-

2435 4525 2701 4596 ραδείσοις
2757 4527 3133 4580 ἀνεκεκλίσθαι
3175 4529 3269 4580 καὶ
3321 4530 3733 4584 ἀναπαύεσθαιο
3774 4533 3889 4584 ἀλλ’
3937 4537 3999 4586 ἐν

2434 4617 2617 4686 μέσοις
2645 4617 2749 4669 ἔδει
2783 4619 2896 4682 τοῖς
2938 4619 3162 4687 ἀγῶσιν,
3191 4621 3248 4672 ἐν
3277 4621 3462 4684 αὐτοῖς
3497 4624 3608 4684 τοῖς
3649 4629 3994 4694 πειρασμοῖς,

2427 4707 2485 4758 ἐν
2527 4707 2675 4776 μέσῳ
2727 4708 2826 4777 τῆς
2856 4708 2964 4760 τῶν
3010 4709 3318 4764 διωκόντων
3356 4713 3666 4781 μιαιφονίας
3705 4714 3995 4784 δοκιμάζε-

2429 4802 2573 4860 σθαι,
2620 4801 2780 4853 καλὸν
2814 4805 3213 4875 ἐμφανισθῆναι
3253 4806 3332 4877 τῷ
3377 4806 3706 4876 ἀγωνοθέτη,
3776 4810 3994 4877 ἱδρῶσιν

2427 4891 2735 4960 ἀθλητικοῖς
2769 4894 2850 4948 ἔτι
2898 4899 3394 4969 περισταζόμενον·
3449 4900 3715 4971 μακάριον
3763 4901 3991 4972 ὀφθῆναι

2426 4983 2532 5036 τῶν
2562 4983 2779 5055 δρόμων
2812 4987 2906 5040 καὶ
2951 4989 3212 5058 καμάτων
3244 4991 3634 5060 ἀσθμαίνοντα.
3668 4991 3839 5045 Τοῦτο
3886 4995 3991 5047 τῶν

2427 5076 2705 5144 στεφάνων
2738 5077 2849 5145 ἐγώ
2880 5097 3021 5150 φημι
3054 5081 3487 5154 μακαριώτερον.
3514 5084 3586 5135 Τὸ
3612 5085 3709 5152 μὲν
3733 5085 3842 5155 γάρ
3876 5087 3990 5139 ἐστι

2426 5166 2517 5218 τοῦ
2553 5167 2840 5221 ἀθλοθέτου
2866 5213 2881 5236 ,
2932 5172 2992 5223 τὸ
3021 5173 3075 5225 δὲ
3114 5175 3213 5241 τῆς
3244 5174 3338 5226 τοῦ
3381 5175 3784 5246 ἀγωνιζομένου
3825 5195 3989 5230 σπου-

2425 5257 2518 5326 δῆς
2549 5259 2641 5310 καὶ
2671 5260 3092 5331 εὐδοκιμήσεως.
3131 5265 3218 5316 Ἐν
3256 5267 3389 5336 αὐτῇ
3419 5269 3560 5336 μέσῃ
3598 5270 3665 5338 τῇ
3693 5267 3801 5321 τῶν
3827 5267 3990 5335 διωγ-

2429 5349 2542 5418 μῶν
2590 5351 2764 5420 ἀκμῇ,
2802 5355 2936 5422 πρὸς
2983 5355 3072 5406 τὸν
3116 5356 3436 5427 στεφοδότην
3465 5357 3799 5428 ἀπέδραμεν.
3832 5360 3898 5411 Τί
3935 5361 3990 5412 δὲ

2426 5443 2706 5512 ἀπέραντα
2762 5445 2988 5513 κάμνειν
3042 5446 3262 5500 ἐϐούλου
3294 5449 3384 5501 τὸν
3427 5450 3731 5519 ἀγωνιστὴν
3767 5450 3863 5502 καὶ
3919 5453 3990 5520 μὴ

2425 5532 2606 5601 τάχιον
2656 5536 2838 5602 τυχεῖν
2886 5536 2969 5605 ἐφ’
3019 5531 3063 5604 ᾧ
3129 5537 3301 5592 ταῦτα
3354 5539 3692 5611 διεκαρτέρει
3744 5542 3840 5593 καὶ
3889 5544 3992 5594 ὐπ-

2427 5627 2648 5696 έιρερεν;
2671 5627 2911 5698 Ἐχθρῶν
2933 5631 3098 5701 εὐχήν
3123 5648 3211 5702 μοι
3237 5631 3436 5700 λέγεις,
3454 5632 3566 5686 ἀλλ’
3589 5634 3712 5702 οὐχὶ
3735 5636 3989 5704 πρόνοιαν

2427 5715 2595 5782 φίλων
2621 5732 2634 5744 ·
2689 5718 2810 5771 οὐδὲ
2862 5720 3053 5785 πόνον,
3109 5723 3230 5775 οὐδὲ
3289 5722 3456 5777 ἔλεον.
3525 5723 3746 5794 Ἐξῆλθε
3798 5727 3991 5778 κοινῶν

2427 5807 2686 5876 ὀμμάτων
2726 5809 2786 5861 τὸ
2815 5812 2992 5865 κοινὸν
3023 5812 3118 5882 τῆς
3155 5813 3478 5884 Ἐκκλησίας
3509 5816 3700 5885 τέκνον
3719 5857 3735 5880 ,
3768 5821 3796 5870 ὁ
3830 5820 3990 5888 κα)ρς
