4236 6436
209 452 347 518 849

1377 448 1902 512 EPISTOLARUM
1944 445 2170 507 LIBER
2212 446 2289 504 ll.

3334 440 3440 504 850

211 570 365 635 ἐμοὶ
396 568 489 620 καὶ
519 568 609 621 τοῦ
638 569 773 622 Θεοῦ
798 569 1077 640 ἄνθρωπος
1096 588 1107 601 ‘
1148 570 1265 623 ἀλλ’
1291 572 1367 632 εἰς
1390 569 1647 638 οὐρανὸν,
1682 566 1793 620 ἀλλ’
1823 572 1863 625 Λ

1771 566 1793 618 .’
1823 572 1863 625 Λ
1894 580 2099 629 narras,
2128 580 2235 616 non
2266 562 2507 632 pavidam
2535 561 2828 613 amicorum
2853 574 3058 621 curam.
3096 573 3197 611 nec
3249 558 3444 611 tolera-

212 660 322 719 εἰς
350 659 438 711 τὸν
466 660 641 711 κοινὸν
687 660 985 727 Δεσπότην,
1014 660 1148 713 άλλά
1178 660 1294 730 μετρ
1324 660 1570 726 ἀγγέλων
1602 656 1792 726 χορεύ-

218 767 371 815 σων,
418 752 531 802 ἀλλ’
560 752 858 821 ίερουργός.
898 751 964 802 Ὢ
995 751 1165 820 πόσην
1194 745 1347 818 εῦρον
1380 754 1435 802 ἐν
1474 749 1647 817 τούτῳ
1686 765 1794 800 πα-

219 840 525 907 ραψυχήνῐ
569 840 714 893 Ἔδει
762 842 887 909 γὰρ,
935 840 1041 891 ἔδει
1089 840 1179 891 καὶ
1211 839 1309 907 τὴν
1345 838 1500 908 ἡμῶν
1544 838 1795 907 ἀπαρχὴν

220 931 382 1000 ὑπὲρ
426 931 572 998 ἱερᾶς
608 929 797 999 δόξης,
843 930 937 981 καὶ
984 931 1162 999 νόμων
1219 931 1375 998 ἱερῶν
1418 930 1791 998 διωκομένων,

224 1022 531 1092 ἱερουργὸν
564 1021 682 1090 Θεῷ
731 1022 1165 1091 προσταχθῆναι·
1205 1021 1501 1091 ίερουργὸς,
1549 1022 1795 1090 ἐμφράτ-

218 1128 349 1162 των
380 1111 517 1179 μετά
537 1110 777 1172 πλείονος
797 1112 894 1179 τῆς
925 1109 1236 1182 παρρησίας
1268 1111 1506 1180 στόματα
1534 1109 1792 1180 βεϐήλων,

222 1203 338 1253 καὶ
383 1201 614 1269 χαλινῶν
641 1202 888 1269 γλώσσας
919 1202 1051 1253 κενά
1090 1202 1453 1271 ἐπισταμένας
1482 1215 1506 1241 ι
1534 1218 1548 1232 ’
1589 1204 1793 1271 ἱερουρ-

220 1293 359 1358 γὸς,
394 1293 495 1345 κᾶν
543 1293 616 1362 μὴ
645 1294 704 1345 τὸ
735 1294 949 1362 ἀνίερον
985 1292 1240 1364 βούλοιτο.
1274 1293 1339 1345 Τί
1390 1294 1501 1359 ἐτι;
1547 1292 1795 1361 Ἐπήνθει

224 1383 392 1453 αὐτῷ
424 1384 490 1437 τὰ
520 1386 611 1455 τῆς
642 1385 844 1454 ἀρετῆς
892 1386 1106 1439 ἅπαντα
1125 1400 1137 1415 ·
1170 1384 1259 1438 διὰ
1287 1384 1440 1437 τοῦτο
1467 1385 1574 1454 γὰρ
1604 1384 1795 1436 θᾶττον

224 1477 323 1537 εἰς
382 1476 481 1544 τὴν
542 1477 856 1547 ἀμάραντον
901 1478 1267 1547 ἀπεφοίτησεν
1318 1476 1413 1529 τοῦ
1469 1476 1793 1547 παραδείσου

224 1567 541 1633 πολιτείαν,
576 1568 661 1621 ἵνα
692 1569 857 1638 μηδὲν
877 1569 1024 1637 αὐτῷ
1051 1570 1158 1621 τῶν
1190 1566 1636 1638 κατορθωθέντων
1662 1569 1797 1620 ἀπο-

227 1663 514 1731 μαρανθῇ.
554 1662 615 1713 Εί
665 1662 772 1730 γάρ
804 1660 975 1723 οὐδεὶς
1022 1660 1130 1713 ἀπὸ
1176 1659 1348 1731 ῥύπου
1394 1658 1653 1728 καθαρὸς,
1686 1658 1795 1711 οὐδ’

225 1752 307 1804 ἂν
332 1751 513 1820 ἡμέρα
546 1753 641 1821 μία
662 1754 689 1804 ὁ
715 1752 825 1822 βίος
855 1751 1040 1816 αὐτοῦ,
1073 1753 1102 1805 ὀ
1128 1751 1318 1805 θᾶττον
1344 1751 1435 1804 τὸν
1462 1750 1672 1805 δίαυλον
1698 1750 1793 1805 τοῦ

227 1840 373 1921 βίουο
389 1836 639 1908 ἐξελθὼν,
669 1843 730 1896 τὸ
765 1843 1015 1895 πλεῖστον
1042 1842 1180 1912 ἔφθη
1202 1842 1296 1895 τοῦ
1320 1841 1490 1913 ῥύπου
1518 1841 1793 1912 ἐκφυγών.

1899 670 2075 713 torum
2107 656 2653 711 commiserationem.
2692 654 2771 705 Ab
2802 652 2973 705 oculis
3017 651 3259 703 omnium
3316 650 3445 706 abiit

1896 750 2146 820 publicus
2178 747 2430 801 Ecclesise
2485 746 2625 799 ﬁlius
2652 763 2663 796 :
2688 744 2974 813 praeclarus
3003 743 3089 795 ille
3116 742 3227 805 Dei,
3266 751 3319 794 et
3346 756 3444 793 no—

1895 854 2008 899 ster
2050 845 2209 896 homo
2250 860 2260 895 :
2303 841 2394 895 sed
2424 843 2477 893 in
2501 842 2685 901 eteius,
2715 840 2781 892 ad
2800 853 3136 893 communem
3162 836 3443 889 Dominum

1896 937 2046 997 abiit,
2072 936 2162 988 sed
2189 934 2383 986 choros
2424 948 2544 985 cum
2582 931 2785 1000 angelis
2824 930 3317 989 concelebraturus,
3350 928 3443 980 sed

1895 1027 2163 1081 sacerdos.
2210 1025 2319 1094 Ego
2358 1033 2536 1076 autem
2581 1034 2841 1092 quantum
2875 1023 2927 1073 in
2967 1020 3069 1073 hoc
3121 1034 3229 1072 uno
3270 1018 3443 1072 solatii

1895 1119 2180 1173 adinvenil
2217 1117 2293 1172 lta
2329 1117 2474 1170 enim
2509 1132 2603 1183 par
2627 1115 2723 1168 fuit
2757 1123 2816 1167 ut
2850 1112 3098 1166 sacerdos
3138 1111 3247 1165 Deo
3280 1110 3447 1165 offer-

1898 1221 2063 1274 retur,
2107 1210 2466 1279 primitiarum
2512 1208 2647 1269 loco,
2679 1203 3119 1273 divinislegibus,
3186 1218 3284 1271 pro
3351 1200 3446 1253 Dei

1896 1303 2059 1373 gloria
2104 1318 2286 1371 passus
2345 1300 2771 1370 persecutionem
2812 1318 2824 1353 :
2867 1297 3114 1353 sacerdos
3168 1306 3345 1350 autem
3380 1296 3445 1359 is,

1895 1394 1985 1463 qui
2016 1410 2136 1447 cum
2188 1394 2353 1446 multa
2383 1392 2626 1445 libertate
2654 1390 2891 1459 profanis
2918 1388 3223 1443 hominibus
3257 1403 3317 1441 os
3350 1387 3446 1441 ob-

1896 1495 2102 1540 struere
2130 1494 2325 1553 potest,
2358 1494 2412 1537 et
2445 1484 2656 1537 frenum
2691 1482 2910 1551 injicere
2958 1480 3151 1550 linguis
3181 1480 3446 1533 meditan-

1896 1577 2028 1629 tium
2066 1591 2201 1628 vana
2234 1594 2246 1628 :
2278 1574 2548 1635 sacerdos,
2593 1573 2764 1627 velint
2798 1572 2971 1625 nolint
3018 1571 3249 1639 profani.
3309 1570 3446 1635 Quid

1898 1667 2154 1721 ulterius?
2192 1664 2397 1720 Virtute
2453 1665 2676 1718 ﬂorebat
2709 1665 2964 1732 undique.
2986 1662 3247 1726 Quocirca
3290 1662 3449 1715 citius

1897 1760 2023 1813 hinc
2057 1758 2221 1812 abivit
2266 1758 2332 1810 ad
2386 1756 2886 1809 immarcescibilem
2930 1753 3161 1823 paradisi
3188 1752 3447 1820 politiam,

1897 1859 1955 1903 ut
1975 1865 2044 1903 ne
2077 1848 2207 1918 quid
2236 1848 2311 1901 illi
2337 1863 2367 1901 a
2392 1846 2553 1901 rectis
2582 1846 2739 1900 factis
2772 1845 3148 1899 defloresceret
3180 1843 3264 1897 :si
3302 1842 3447 1896 enim

224 1934 432 1987 Κοινὸν
458 1931 525 2005 ἦν
544 1934 652 1988 τῶν
679 1934 1046 1987 εὐσεϐούντων
1074 1936 1350 2005 στήριγμα
1373 1952 1387 1965 ·
1416 1934 1577 1987 καλὸν
1612 1934 1793 1995 αὐτοῖς
1827 1931 1868 1957 ⁸³
1896 1972 1897 1981 η

1776 1952 1793 1995 :
1827 1931 1868 1957 ⁸³
1896 1941 2073 1995 denuo
2104 1940 2173 1994 sit
2199 1955 2229 1993 a
2250 1938 2500 1993 sordibus
2524 1953 2711 2007 purus,
2753 1952 2820 1991 ne
2854 1936 3069 2005 quidem
3096 1935 3138 1987 si
3169 1935 3252 1987 vel
3291 1934 3449 1987 unius

222 2024 566 2077 ἀπολέλοιπε
588 2026 787 2079 κανόνα
814 2027 907 2079 καὶ
939 2025 1107 2078 τύπον
1136 2028 1195 2076 ἐν
1218 2028 1329 2089 τοῖς
1352 2026 1489 2094 ὐπέρ
1515 2025 1792 2087 εὐσεϐείας

224 2116 420 2178 πόνοις
441 2117 500 2168 τὸ
516 2116 613 2186 ζῇν
637 2116 894 2171 ἐκλιπών.
918 2117 1033 2168 Οὐκ
1053 2110 1190 2167 εἶδεν
1212 2116 1309 2184 τὴν
1320 2115 1419 2178 τῆς
1449 2116 1789 2186 Ἐκκλησίας,

226 2208 379 2276 ὑπὲρ
418 2202 486 2278 ἦς
528 2208 767 2277 ἐνήθλει,
800 2210 1273 2263 ἀποκατάστασιν·
1328 2208 1415 2261 διὰ
1462 2207 1617 2260 τοῦτο
1666 2208 1791 2260 ἀκε-

226 2301 423 2368 ραίους
454 2300 661 2354 ἐκεῖθεν
696 2301 808 2371 ἔχει
828 2302 935 2355 τῶν
964 2304 1141 2355 πόνων
1170 2302 1295 2366 τούς
1321 2300 1564 2371 μισθούς.
1588 2300 1660 2352 Τὸ
1683 2299 1789 2369 γάρ

224 2390 351 2442 ἀνθ’
378 2384 451 2444 ὧν
472 2391 793 2458 ἀγωνίζεταί
816 2410 921 2457 τις,
954 2393 1289 2464 εὐφροσύνης
1325 2392 1555 2445 ἐνταῦθα
1588 2394 1789 2461 τυχεῖν,

226 2481 596 2551 ὑποτέμνεται
617 2483 715 2553 τῆς
738 2485 942 2537 ἐκεῖθεν
975 2486 1373 2555 μακαριότητος
1400 2484 1498 2547 τὰς
1538 2483 1788 2553 ἀμοιϐάς.

226 2575 352 2628 Οὐκ
382 2569 488 2626 εἶδε
518 2577 617 2645 τὴν
661 2576 1102 2629 ἀποκατάστασιν
1158 2576 1435 2646 αἰσθητοῖς
1471 2575 1789 2647 ὀφθαλμοῖς,

227 2668 349 2720 ἀλλ’
384 2669 482 2738 ὀρᾷ
512 2669 627 2721 νυνὶ
656 2672 767 2729 τοῖς
804 2672 1037 2739 νοητοῖς’
1098 2669 1211 2724 ἀλλ’
1253 2672 1382 2734 ἴσως
1412 2670 1791 2740 πλησιαίτερον

228 2757 473 2825 γεγονὼς
505 2758 638 2811 Θεοῦ
661 2802 675 2823 ,
707 2760 931 2830 ταύτην,
966 2761 1078 2822 τοῖς
1127 2762 1183 2811 ἐν
1215 2759 1461 2829 αἰσθήσει
1495 2759 1791 2829 στρεφομέ-

229 2866 366 2912 νοις,
403 2852 480 2903 ἔτι
515 2849 579 2903 ἀν
628 2851 734 2919 ἆρα
780 2850 1053 2921 συμφέρον
1084 2852 1412 2921 ἐπιταχυνεϊ.
1448 2852 1599 2921 Ἔχει
1625 2851 1794 2918 τάφος

230 2941 295 2991 τὸ
336 2942 528 3009 σῶμα,
579 2942 693 2994 ἀλλ’
726 2943 967 3018 οὐράνιοι
1008 2943 1237 3011 θάλαμοι
1275 2944 1375 3010 τὴν
1408 2942 1619 3012 ψυχήν·
1655 2944 1688 3012 ἡ
1724 2941 1794 3013 γῆ

230 3031 335 3100 τὴν
360 3032 527 3097 κόνιν,
555 3032 667 3087 ἀλλ’
707 3032 1045 3102 Ἀϐραμιαῐοι
1074 3034 1260 3087 κόλποι
1284 3034 1345 3086 τὸ
1366 3033 1599 3104 πνεῦμα.
1625 3034 1796 3086 Φίλων

236 3124 528 3192 ἐστερήθη,
566 3124 679 3177 ἀλλ’
712 3118 837 3194 εὗρε
865 3125 990 3188 τοὺς
1018 3126 1295 3195 κρείττους
1315 3141 1329 3154 ·
1365 3126 1585 3195 εὑρήσει
1618 3125 1673 3177 δὲ
1704 3126 1795 3177 καὶ

237 3214 334 3276 οὓς
367 3216 516 3267 ἔλιπε
570 3216 685 3284 μετ’
736 3217 933 3283 ὀλίγον,
965 3216 1030 3269 ἂν
1076 3217 1152 3285 τῷ
1186 3213 1323 3269 εἶναι
1370 3216 1622 3285 μείνωσιν
1658 3218 1795 3285 φίλοι
1823 3243 1865 3303 C

238 3306 399 3360 Θεοῦ.
458 3308 698 3377 Ἐχθρῶν
746 3308 965 3376 ἐξῆλθεν
1012 3308 1301 3371 ἐπιϐουλὰς
1331 3309 1623 3378 αἰσθητῶν,
1667 3326 1795 3377 νοη-

238 3397 371 3460 τῶν,
407 3397 667 3467 φανερὰς,
717 3397 973 3463 ὑφάλους,
1018 3397 1235 3463 ἔξωθεν,
1288 3396 1453 3459 ἔνδον,
1502 3396 1669 3458 ἀῖδεῖς
1706 3396 1796 3447 ὐπ’

239 3486 455 3557 ἐνέδρᾳ.
494 3483 677 3550 Εἷδεν,
722 3489 769 3540 εί
822 3488 914 3540 καὶ
963 3488 1037 3550 ὡς
1070 3489 1128 3541 ἐν
1174 3487 1419 3557 ἐσόπτρῳ
1455 3484 1648 3557 (τοῦτο
1690 3487 1797 3556 γὰρ

240 3582 419 3646 ἔγωγε
444 3579 503 3630 τὸ
530 3580 585 3630 ἐν
612 3581 721 3641 τοίς
743 3578 1100 3647 θεοπέμπτοις
1124 3577 1350 3647 ὀνείροις
1376 3579 1506 3649 ὀρῶ)
1532 3578 1566 3630 ἃ
1591 3578 1794 3640 ἐπόθει,

244 3668 339 3720 καὶ⁵
381 3661 454 3720 ὧν
517 3668 868 3731 ἀδιαλείπτως
912 3668 1181 3738 ἐγλίχετο·
1218 3664 1299 3730 οἷς
1330 3668 1426 3738 τὴν
1476 3669 1655 3737 ψυχὴν
1704 3669 1798 3721 ἀν⁹

242 3758 551 3827 επτέρωτο,
603 3760 697 3810 καὶ
740 3759 876 3827 πρὸς
906 3758 941 3812 ἃ.
974 3759 1067 3810 καὶ
1093 3755 1170 3827 τῷ
1201 3759 1383 3827 σκήνει
1436 3755 1797 3825 βαρυνόμενος

242 3850 552 3920 ἀνεφέρετο.
597 3845 747 3903 Εἷδεν
795 3850 885 3901 τὸν
940 3848 1204 3902 καλοῦντα
1232 3849 1492 3912 Βασιλέα,
1526 3848 1648 3909 τοὺς
1690 3849 1795 3900 ὐπ-

242 3941 641 4009 ηρετουμένους
666 3942 921 4011 φαιδροὺς
950 3941 1209 4007 ἀγγέλους
1237 3943 1299 4009 τῇ
1322 3939 1526 4007 κλήσει,
1551 3940 1639 3990 τὸν
1658 3938 1798 4008 ἱερὸν

244 4033 452 4083 ἐκεῖνον
502 4032 594 4082 καὶ
645 4031 897 4100 βεϐήλοις
936 4029 1207 4097 ἄψαυστον
1254 4031 1347 4082 καὶ
1389 4030 1632 4094 ἀθέατον,
1672 4033 1728 4082 ἐν
1755 4024 1798 4097 ᾧ

244 4121 638 4189 παρεπέμπετο
674 4123 831 4191 χορὸν
866 4126 965 4191 τήν
998 4122 1269 4190 ἄφραστον
1296 4122 1508 4190 ἐκείνην
1536 4124 1628 4174 καὶ
1672 4123 1794 4174 ἀτε-

243 4207 501 4276 λεύτητον
530 4209 683 4273 δόξαν
710 4213 805 4263 καὶ
830 4211 1063 4279 τρυφήν.
1099 4211 1159 4261 Ὢ
1188 4210 1454 4275 γλυκείων
1481 4213 1796 4276 ἀπόλαυσις,

244 4300 342 4350 καὶ
391 4299 497 4369 πρὸ
540 4301 637 4369 τῆς
684 4300 1050 4362 ἀπολαύσεως,
1084 4300 1403 4370 θεαμάτωνο
1438 4300 1483 4353 ῶ
1526 4304 1799 4371 μακαρίας

242 4390 549 4459 ἀποδημίας
567 4408 579 4419 ·
609 4391 654 4443 ὦ
686 4392 841 4458 ἀξίας
866 4391 1238 4460 θαυμάζεσθαι
1264 4410 1277 4423 ·
1306 4393 1419 4445 ἀλλ’
1439 4394 1559 4462 οὐχὶ
1592 4394 1797 4465 δάκρυα

245 4481 639 4548 προκαλεῖσθαι
692 4481 1011 4551 ζηλοῦσθαι,
1074 4484 1194 4552 οὐχὶ
1249 4483 1593 4537 πενθεῖσθαι’
1664 4487 1798 4553 μετά

1891 2029 1995 2084 diei
2026 2029 2257 2099 spatium
2280 2028 2541 2089 vinceret,
2572 2036 2717 2081 certe
2743 2026 2835 2095 qui
2861 2026 3099 2079 diuulum
3134 2026 3253 2077 vita:
3286 2039 3452 2093 quan-

1892 2121 2062 2174 tocius
2089 2118 2339 2181 excessit,
2375 2118 2634 2187 plurimas
2662 2118 2755 2172 ille
2780 2118 2964 2170 sordes
3002 2116 3187 2169 abluit.
3230 2114 3451 2171 Pietatis

1888 2221 2005 2265 erat
2050 2226 2338 2264 commune
2388 2210 2658 2278 quoddam
2711 2209 3132 2262 stabilimentum
3169 2227 3181 2261 :
3225 2208 3451 2277 przecla-

1890 2321 2002 2359 ram
2026 2305 2155 2373 ipsis
2172 2304 2429 2373 regulam,
2458 2310 2512 2355 et
2534 2300 2755 2355 formam
2781 2301 3017 2369 reliquit,
3039 2300 3128 2369 qui
3164 2302 3215 2352 in
3247 2300 3453 2368 patieno

1890 2397 1959 2452 do
1996 2412 2093 2466 pro
2126 2396 2324 2465 pietate
2353 2396 2582 2448 excessit
2618 2409 2649 2448 e
2706 2393 2834 2447 vita.
2877 2392 3128 2447 Ecciesiae
3162 2392 3323 2455 illius,
3357 2407 3452 2461 pro

1890 2504 1996 2559 qua
2017 2488 2260 2551 certavit,
2288 2486 2676 2541 restitutionem
2706 2500 2813 2539 non
2838 2484 2970 2538 vidit
3003 2500 3016 2537 :
3047 2484 3318 2552 quocirca,
3353 2486 3453 2538 im-

1891 2576 2200 2646 permistam
2257 2576 2498 2629 laborum
2569 2574 2873 2627 mercedem
2938 2572 2991 2626 in
3063 2572 3213 2627 cmlis
3269 2573 3447 2626 habet.

1890 2668 2022 2722 Nam
2066 2669 2110 2723 si
2166 2669 2623 2722 oblectamentum
2682 2666 2926 2719 laborum
2985 2664 3070 2718 hic
3115 2675 3450 2734 perceperat.

1892 2762 2197 2829 privaretur
2223 2758 2570 2814 beatitudinis
2600 2758 2797 2812 ibidem
2830 2757 3183 2811 retributione
3226 2775 3238 2810 :
3286 2756 3453 2810 oculis

1896 2851 2169 2905 sensitivis
2198 2850 2642 2904 restaurationem
2665 2862 2773 2901 non
2810 2848 2943 2901 vidit
2974 2865 2987 2900 :
3022 2847 3115 2901 sed
3151 2847 3453 2900 intellectus

1895 2943 2067 2999 oculis
2092 2958 2235 2997 nunc
2261 2943 2533 3007 intuetur;
2587 2950 2772 3009 utpote
2821 2939 2932 2993 Deo
2994 2940 3223 2994 vicinior
3259 2939 3452 2998 factus,

1896 3052 1962 3091 eo
1983 3050 2272 3105 properare
2298 3044 2352 3087 et
2389 3033 2493 3087 illis
2521 3032 2810 3093 conducet,
2846 3031 2934 3100 qui
2966 3033 3143 3084 adhuc
3172 3040 3457 3084 versantur

1896 3126 1950 3179 in
1990 3124 2354 3180 sensibilibus.
2388 3123 2598 3192 Corpus
2654 3124 2959 3191 sepulcrum
2995 3123 3253 3187 continet,
3285 3122 3457 3176 thala-

1897 3218 1969 3270 mi
1998 3227 2174 3271 autem
2214 3216 2462 3270 coalestes
2490 3214 2743 3279 animam,
2779 3215 3052 3284 pulverem
3092 3214 3255 3268 habet
3295 3223 3457 3275 terra,

1899 3310 2143 3378 spiritum
2175 3325 2301 3361 vero
2335 3309 2487 3362 sinus
2535 3308 2764 3360 Abraha:
2798 3323 2811 3359 :
2865 3306 3177 3374 privabatur
3247 3305 3454 3365 amicis,

1899 3400 2095 3467 reperit
2130 3400 2395 3462 meliores,
2441 3409 2496 3453 et
2535 3414 2671 3466 quos
2729 3399 3034 3466 dereliquit.
3065 3396 3206 3450 haud
3233 3396 3323 3450 diu
3353 3396 3457 3449 erit

1898 3508 2019 3545 eum
2063 3508 2250 3546 rursus
2294 3492 2551 3554 inveniet,
2581 3492 2625 3543 si
2683 3489 3101 3559 permanserint,
3157 3497 3297 3541 statu
3327 3503 3455 3556 quo,

1898 3582 2055 3635 amici
2078 3581 2170 3635 Dei
2220 3597 2233 3632 :
2265 3581 2500 3634 hostium
2532 3579 2754 3633 insidias
2775 3578 2943 3633 evasit
2984 3578 3339 3639 sensibilium,
3375 3578 3453 3631 iu-

1901 3672 2307 3734 tellectualium,
2339 3680 2574 3740 apertas,
2606 3671 2864 3734 occultas,
2893 3672 3154 3734 internas,
3183 3681 3453 3727 externas.

1898 3762 2208 3815 manifestas
2245 3772 2299 3815 et
2326 3761 2692 3815 clancularias.
2726 3758 2871 3814 Vidit
2910 3761 3016 3823 hic,
3049 3761 3141 3814 sed
3166 3770 3222 3813 ut
3250 3760 3303 3812 in
3336 3775 3458 3828 spe-

1898 3854 2017 3905 culo
2045 3852 2207 3919 (quod
2231 3862 2284 3904 et
2312 3866 2410 3920 ego
2434 3866 2529 3919 per
2547 3850 2755 3903 somnia
2779 3866 2807 3903 a
2840 3850 2952 3903 Deo
2984 3850 3224 3902 immissa
3251 3850 3452 3916 video),

1898 3956 2017 4007 quae
2057 3939 2328 4006 cupiebat,
2382 3947 2436 3991 et
2489 3938 2746 3991 continue
2768 3938 3078 4001 anhelabat,
3113 3938 3307 4006 quibus
3337 3939 3454 3991 ani-

1900 4044 2001 4082 mze
2034 4028 2179 4081 dedit
2206 4030 2336 4091 alas,
2364 4030 2429 4081 ad
2457 4045 2575 4097 qua:
2606 4029 2727 4081 licet
2768 4028 3115 4081 tabernaculo
3150 4044 3456 4096 praegrava—

1901 4128 1985 4173 tus
2037 4118 2330 4172 ferebatur.
2386 4117 2532 4172 Vidit
2570 4120 2767 4188 Regem
2810 4128 3185 4178 .annuentem,
3236 4118 3460 4189 angelos

1899 4209 2139 4264 claritate
2162 4211 2484 4278 conspicuos
2511 4210 2860 4264 administros
2888 4210 3207 4274 vocationis,
3241 4225 3452 4263 sacrum

1900 4300 2068 4362 illum,
2096 4301 2337 4370 profanis
2358 4301 2637 4362 intactum,
2663 4309 2716 4355 et
2737 4301 3056 4355 invisibilem
3082 4302 3280 4365 locum,
3315 4301 3459 4354 inex-

1900 4392 2195 4461 plicabilem
2214 4392 2433 4461 gloriam
2462 4400 2516 4444 et
2535 4392 2948 4447 oblectationem
2977 4392 3454 4453 interminabilem,

1898 4500 2005 4553 quo
2034 4483 2471 4537 transferebatur.
2515 4485 2639 4537 Haac
2687 4492 2773 4537 est
2801 4484 3104 4537 dulcedinis
3161 4484 3367 4548 fruitio,
3403 4494 3457 4537 et

243 4573 512 4642 λαμπρῶν
559 4575 823 4643 ἐνταφίων
878 4574 985 4628 τῶν
1028 4574 1291 4643 οὐρανίων
1348 4575 1511 4646 ἀνέϐη
1566 4577 1783 4629 πυλῶν·
1823 4579 1863 4632 D
1893 4593 1916 4627 v

1771 4594 1783 4607 '
1823 4579 1863 4632 D
1893 4576 2115 4629 visionis
2140 4576 2281 4629 illius
2307 4585 2430 4628 ante
2456 4574 2762 4628 fruitionem
2792 4593 2804 4627 :
2843 4584 3008 4637 certe,
3041 4590 3296 4628 excessus
3321 4573 3444 4627 felix

246 4665 388 4732 μετά
433 4664 688 4733 λαμπρᾶς
716 4665 811 4734 τῆς
853 4666 1129 4736 λαμπάδος
1157 4668 1253 4719 οὐκ
1282 4668 1441 4738 ἐλαίῳ
1484 4670 1629 4739 μόνῳ
1668 4688 1788 4739 φαι-

242 4753 597 4823 δρυνομένης,
632 4754 767 4806 ἀλλά
808 4754 902 4807 κατ⁹
953 4760 1061 4818 τοῖς
1094 4758 1199 4809 ἀπὸ
1224 4758 1328 4809 τῶν
1358 4758 1531 4809 ἄθλων
1580 4761 1793 4830 ἱδρῶσιν

242 4843 642 4913 ἀρδευομένηςε
679 4844 739 4896 οὐ
792 4846 1089 4917 παρθενεία
1139 4848 1269 4918 μόνῃ
1311 4849 1791 4918 λαμπρυνομένης,

242 4934 381 4987 ἀλλά
435 4935 529 4986 καὶ
574 4934 868 5005 ἱερωσύνης
913 4937 1178 5007 ἀξιώματι
1236 4939 1623 5010 κλεῖζομένης·
1677 4942 1797 4992 οὐδέ

242 5026 452 5086 τούτοις
494 5025 671 5093 μόνον,
707 5026 839 5078 ἀλλὰ
869 5030 961 5080 καὶ
989 5032 1107 5091 ταῖς
1135 5030 1322 5092 ἄλλαις
1358 5032 1580 5099 ἀρεταῖς
1610 5032 1673 5084 δι’
1714 5025 1789 5085 ὧν

243 5116 307 5167 τὸ
335 5116 550 5185 δαψιλὲς
580 5119 674 5169 καὶ
728 5119 949 5172 ἀένναον
989 5120 1084 5189 τῆς
1122 5121 1457 5190 φωτοχυσίας
1504 5122 1798 5175 κατεπλου-

243 5208 422 5278 τίσθη.
454 5209 638 5261 Ταῦτά
689 5228 777 5279 μοι
808 5213 995 5279 γέγονε
1023 5212 1376 5282 ψυχαγωγία,
1409 5218 1581 5269 ταῦτα
1622 5234 1797 5287 παρα-

250 5300 470 5367 μύθιον,
506 5302 705 5371 μᾶλλον
734 5302 789 5355 δὲ
828 5304 933 5357 ἀπὸ
966 5307 1061 5374 τῆς
1098 5306 1447 5375 παραμυθίας
1499 5306 1799 5375 ἀρξάμενα,

246 5393 327 5453 είς
364 5396 733 5464 πνευματικὴν
767 5395 1095 5466 μετέστησεν
1134 5397 1467 5467 εὐφροσύνην
1508 5398 1598 5451 καὶ
1629 5396 1793 5463 ἀγαλ-

247 5482 445 5535 λίασιν.
495 5484 676 5538 Ταῦτα
728 5486 823 5537 καὶ
877 5490 941 5557 τῇ
996 5490 1060 5557 σῇ
1111 5489 1466 5559 ἀρχιερατικῇ
1506 5489 1797 5555 τελειότητι

247 5574 482 5642 γινέσθω
533 5579 627 5629 καὶ
660 5580 1000 5650 παραμυθία,
1040 5582 1131 5635 καὶ
1182 5584 1352 5653 χαρᾶς
1389 5582 1480 5636 καὶ
1536 5581 1799 5651 θυμηδίας

1892 4677 1941 4721 ct
1971 4666 2332 4727 admirandus,
2360 4680 2467 4718 non
2486 4665 2728 4735 lacrymis
2744 4665 3097 4727 decoraudus,
3127 4666 3217 4719 sed
3239 4666 3457 4719 aemula-

1895 4760 2039 4812 tione
2067 4756 2388 4825 operandus,
2420 4771 2525 4808 non
2551 4754 2830 4823 lugendus.
2873 4754 3071 4807 lllustri
3092 4756 3252 4807 modo
3278 4765 3458 4807 tumu-

1894 4850 2033 4902 latus
2091 4847 2339 4899 emlestes
2380 4847 2533 4899 sedes
2567 4845 2827 4906 ascendit,
2853 4861 2974 4899 cum
3002 4846 3246 4913 lampade
3295 4846 3457 4909 clara,

1897 4955 2002 4991 non
2026 4938 2143 4991 oleo
2164 4946 2371 4990 tantum
2390 4936 2708 5000 illuminata,
2732 4937 2822 4989 sed
2841 4936 3149 4989 certaminis
3173 4936 3459 4989 sudoribus

1897 5033 2191 5093 dillluente,
2216 5046 2324 5082 non
2386 5029 2495 5082 sola
2521 5030 2827 5097 virginitate
2856 5030 3087 5092 exculta,
3145 5029 3237 5081 sed
3278 5044 3457 5081 sacer-

1895 5120 2054 5175 dotali
2082 5119 2338 5189 dignitate
2354 5133 2565 5187 quoque
2588 5119 2811 5181 diffusa;
2835 5133 2936 5172 nec
2966 5119 3083 5171 istis
3111 5119 3259 5177 solis,
3293 5119 3386 5171 sed
3406 5127 3459 5170 ct

1896 5212 2012 5265 aliis
2035 5212 2319 5265 virtutibus
2347 5211 2486 5264 unde
2510 5210 2850 5264 abundantia
2885 5210 3139 5279 perennis
3170 5210 3347 5262 effuso
3377 5210 3455 5260 lu-

1900 5306 2041 5357 mine
2072 5304 2319 5357 dilatatur
2350 5322 2361 5355 :
2396 5304 2507 5357 luec
2538 5311 2662 5356 sunt
2694 5302 2807 5364 illa,
2839 5317 2958 5370 quae
2991 5302 3229 5354 animum
3275 5317 3455 5354 meum

1905 5396 2150 5450 reficiunt
2186 5413 2199 5460 ;
2232 5397 2342 5449 haec
2374 5410 2493 5463 quae
2537 5394 2884 5449 consolantur
2914 5411 2925 5445 :
2984 5394 3091 5446 imo
3130 5392 3307 5460 potius
3335 5392 3459 5443 hinc

1910 5489 2062 5543 initio
2089 5488 2470 5543 consolationis
2498 5487 2760 5547 derivato,
2790 5487 2855 5538 ad
2884 5486 3214 5555 spiritualem
3250 5484 3455 5537 refere-

1910 5583 2064 5637 batur
2090 5580 2501 5637 oblectationem
2524 5579 3025 5649 exaltationemquc.
3054 5576 3178 5632 llzrc
3206 5586 3261 5631 et
3313 5586 3457 5629 tuam

1525 5736 1748 5790 V.\l‘il.l£
1776 5735 2150 5792 LECIIONLS

324 5838 353 5871 ι
378 5832 467 5888 ισ.
494 5838 742 5906 μελετᾷν.
