4236 6436
770 402 868 471 851

1887 403 2142 464 ΡΗΟΤΙΙ
2182 403 2678 465 PATRIARCH/E
2719 409 2825 467 CP.

3875 417 3994 482 852

770 515 1275 586 arcliiepisc0palem
1316 513 1699 586 perfectionem
1755 512 1996 566 solentur
2042 533 2054 566 :
2093 513 2208 567 haec
2264 514 2320 566 in
2347 514 2443 583 Αὐ

2316 555 2320 566 .
2347 526 2396 583 Α
2422 513 2693 579 ὑπόθεσις,
2723 515 2830 585 ὅσῳ
2868 515 2960 567 καὶ
2996 517 3194 584 μᾶλλον
3234 521 3313 580 εἰς
3350 519 3446 590 τὴν
3488 522 3584 592 σὴν
3614 524 3802 594 ἀνήκει
3834 525 3989 578 διδα-

770 607 947 676 gaudii
960 614 1012 658 et
1026 605 1403 660 consolationis
1419 611 1789 673 argumentum
1806 601 2016 664 cedant,
2036 616 2207 669 eoque
2219 615 2330 653 ma-

772 697 850 764 gis
885 695 1028 764 quod
1057 705 1158 749 tuae
1175 695 1470 764 disciplina:
1491 708 1633 748 cura:
1661 691 2069 746 etinstructioni
2088 685 2324 744 translati

775 787 905 840 hinc
940 787 1080 840 illius
1104 803 1187 840 res
1220 787 1472 854 pneclare
1500 785 1624 837 olim
1651 792 1812 852 gesta:
1848 783 2044 836 ascribi
2071 782 2320 836 debeant.

1312 874 1523 928 EPIS'I‘.
1564 871 1778 925 XXXV.

1039 966 1378 1019 Euschemoni
1410 966 1660 1019 Cmarea:
1690 965 2086 1032 archiepiswpo.

2428 603 2651 656 σκαλίαν
2693 608 2785 659 καὶ
2831 606 3096 677 σπουδὴν,
3145 611 3214 662 τὰ
3250 610 3343 663 τοῦ
3376 615 3736 682 μεταστάντος
3782 634 3990 669 κατνιο-

2425 695 2668 765 θώματα.

2998 874 3216 931 ΕΠΙΣΤ.
3262 878 3384 933 Ab".

2580 964 2924 1033 Εὐσχήμονι
2963 967 3408 1036 ἀρχιεπισκόπῳ
3440 975 3810 1042 Καισαρείας.

1978 1071 2243 1120 Montacut.
2276 1073 2378 1134 (ep.
2411 1069 2518 1127 202,
2544 1082 2590 1130 p.
2616 1069 2747 1126 299).

836 1176 1084 1247 Suscepit
1129 1176 1345 1245 quidam
1391 1177 1730 1245 prophetam,
1771 1186 1862 1229 aut
1901 1176 2171 1244 justorum
2216 1174 2311 1227 ali-

766 1280 946 1334 quem,
974 1281 1038 1318 eo
1066 1266 1206 1332 quod
1267 1266 1462 1318 multos
1488 1267 1635 1318 illum
1685 1264 2020 1317 admirationi
2052 1265 2312 1317 habentes

765 1355 1034 1417 observat,
1057 1353 1145 1422 qui
1178 1369 1239 1406 ex
1273 1354 1359 1405 illa
1390 1369 1483 1406 sua
1516 1352 1900 1415 admiratione,
1944 1351 2169 1420 gloriam
2203 1365 2310 1402 non

765 1444 1088 1498 mediocrem
1117 1444 1467 1496 venabantur.
1498 1443 1647 1495 Alius
1694 1459 1844 1510 spem
1888 1443 2142 1509 concipit,
2168 1441 2309 1509 quod

763 1535 907 1587 etali
963 1534 1322 1602 susceptione,
1371 1533 1568 1586 eximia
1619 1532 1921 1586 divitiarum
1979 1530 2309 1584 aliluentium

763 1630 913 1696 ecpia
947 1628 1242 1681 abundabit
1283 1645 1294 1678 :
1324 1627 1406 1679 vel
1437 1636 1635 1680 statum
1661 1626 1891 1693 aliquem
1937 1624 2137 1677 bonum
2187 1639 2309 1677 cor-

760 1721 1001 1788 poralem
1026 1729 1404 1787 consequetur.
1443 1720 1510 1771 At
1540 1733 1702 1771 nemo
1735 1717 1893 1786 plane
1934 1717 2182 1777 istorum,
2224 1716 2310 1768 vel

760 1811 1021 1876 propheta:
1052 1809 1333 1860 mercedem
1363 1817 1745 1875 consequetur,
1778 1807 1858 1860 vel
1881 1807 2013 1874 justi
2039 1806 2137 1858 viri
2163 1807 2312 1858 retri-

759 1900 1038 1954 butionem.
1069 1899 1200 1963 Quis
1223 1907 1396 1951 autem
1436 1908 1750 1968 recepturus
1781 1913 1897 1950 eam
1932 1897 2054 1950 est?
2080 1895 2128 1950 Is
2151 1897 2310 1949 nimi-

759 2005 900 2054 rum,
932 1991 1043 2060 qui,
1071 1991 1212 2059 quod
1243 1991 1336 2043 Dei
1354 2004 1559 2053 servus,
1588 1989 1918 2057 etpropheta
1947 1988 2067 2057 quis
2088 1989 2310 2041 exsistat

760 2084 887 2147 (hoc
913 2084 1054 2136 enim
1087 2083 1196 2135 vult
1226 2082 1372 2146 illud,
1396 2081 1462 2133 In
1491 2082 1695 2134 nomine
1717 2083 1994 2149 prop/tetw,
2021 2080 2073 2132 in
2107 2079 2309 2132 nomine

752 2176 929 2244 justi),
957 2185 1006 2228 et
1031 2189 1137 2226 non
1159 2172 1537 2242 cauponando,
1570 2172 1651 2224 vel
1676 2172 2014 2224 commodum
2044 2169 2308 2238 captando

756 2253 972 2334 recipit,
1030 2274 1083 2318 et
1119 2279 1224 2332 quo
1279 2273 1452 2332 potest
1492 2262 1752 2330 obsequio
1774 2278 1894 2314 eam
1921 2262 2246 2324 demeretur,
2278 2275 2307 2313 e

759 2372 894 2428 pura
939 2355 1266 2409 conscientia
1312 2362 1365 2407 et
1396 2357 1626 2407 honesto
1684 2353 1884 2406 animo.
1913 2352 2090 2416 Certe,
2118 2351 2309 2422 dignus

759 2448 980 2501 omnino
1008 2447 1126 2500 talis
1161 2447 1338 2500 divina
1363 2446 1736 2507 retributione,
1763 2453 1819 2497 et
1863 2443 2304 2497 redhostimento.

759 2539 890 2592 lllud
915 2553 1093 2606 porro,
1138 2537 1422 2589 Mercedem
1440 2537 1593 2605 justi,
1624 2537 1906 2589 mercedem
1939 2535 2199 2602 prop/tene
2223 2552 2306 2586 re-

759 2631 908 2696 cipiet
938 2629 980 2694 ⁸,
1012 2629 1276 2697 duplicem
1317 2628 1476 2680 habet
1507 2628 1828 2680 sententiam
1866 2644 1878 2678 :
1912 2626 1996 2679 vel
2026 2626 2167 2678 enim
2194 2626 2308 2678 sin-

759 2737 897 2775 cerae
928 2720 1310 2789 hospitalitatis
1340 2729 1394 2774 et
1425 2735 1571 2788 pura:
1602 2718 1903 2772 mercedem
1935 2717 2009 2770 illi
2025 2717 2304 2785 recipient,

759 2821 908 2866 certo
940 2811 1156 2871 certius,
1178 2811 1269 2879 qui
1302 2811 1618 2880 prophetam
1661 2809 1743 2863 vel
1776 2810 1980 2877 justum
2010 2807 2306 2876 recipiunt:

2497 1171 2741 1237 Ἐδέξατό
2765 1189 2848 1235 τις
2880 1176 3185 1246 προφήτην,
3219 1177 3250 1247 ἧ
3279 1178 3414 1239 ὃλως
3443 1179 3562 1231 τινα
3587 1181 3695 1233 τῶν
3720 1182 3974 1247 δικαίων,

2413 1266 2493 1316 ὃτι
2535 1263 2762 1326 πολλοὺς
2794 1260 2900 1319 εἶδε
2945 1265 3035 1318 τὸν
3065 1267 3233 1338 ἄνδρα
3267 1269 3659 1338 θαυμάζοντας,
3696 1274 3786 1324 καὶ
3816 1274 3976 1339 δόξαν

2413 1355 2473 1405 οὺ
2527 1355 2725 1424 μικρὰν
2774 1355 2838 1408 ὲκ
2879 1355 2972 1408 τοῦ
3019 1356 3295 1426 θαυμάσαι
3329 1360 3694 1430 θηράσαντας.
3747 1363 3974 1433 Ἕτερος

2414 1450 2574 1503 πάλιν
2605 1450 2824 1512 ἐλπίδας
2855 1450 3086 1519 τρέφων,
3116 1448 3191 1511 ὠς
3217 1450 3279 1500 ἐκ
3319 1450 3416 1518 τῆς
3444 1451 3708 1520 ὑποδοχῆς
3737 1451 3972 1504 πλούτου

2411 1541 2784 1609 περιϐαλεῖται
2814 1540 3189 1609 λαμπρότητα,
3222 1540 3255 1609 ἡ
3284 1557 3426 1602 τινος
3450 1540 3612 1610 ἄλλης
3652 1543 3970 1612 σωματικῆς

2410 1629 2705 1691 εὐπαθείας
2763 1628 3124 1693 ὲπιτεύξεται.
3159 1628 3346 1690 Οὐδεὶς
3379 1629 3629 1698 οὐδαμῶς
3674 1632 3783 1682 τῶν
3817 1633 3974 1700 εἰρη-

2413 1719 2587 1788 μένων
2615 1719 2738 1771 οὐτε
2769 1719 3074 1786 προφήτου
3109 1719 3357 1786 μισθὸν,
3387 1717 3511 1770 οὔτε
3545 1723 3704 1786 τινὸς
3732 1720 3972 1775 δικαίου

2408 1808 2687 1875 λήψεται.
2724 1808 2821 1867 Τίς
2849 1807 2903 1859 δὲ
2935 1806 3195 1876 λήψεταις
3240 1808 3296 1860 '0
3326 1807 3390 1859 δι’
3415 1810 3545 1861 αὐτὸ
3575 1811 3634 1862 τὸ
3659 1807 3795 1864 εἶναι
3825 1829 3964 1881 προ-

2409 1900 2584 1969 φήτην
2616 1898 2708 1951 καὶ
2738 1899 2870 1951 Θεοῦ
2917 1898 3250 1968 θεράποντα·
3283 1899 3475 1970 (τοῦτο
3509 1901 3615 1967 γάρ
3651 1903 3815 1963 ἐστιν,
3866 1905 3972 1966 Elg-

2410 1991 2595 2058 ὄνομα
2635 1989 2961 2058 προφήτου,
3011 1988 3105 2042 καὶ
3141 1991 3226 2054 εἰς
3270 1990 3454 2056 ὄνομα
3499 1989 3791 2059 δικαίου·)
3830 1993 3969 2044 ἀλλὰ.

2413 2081 2535 2150 μηδ’
2582 2081 2934 2151 ὲμπορίαν,ῆ
2972 2080 3228 2148 τοιαύτην
3261 2080 3382 2132 τινὰ
3429 2079 3617 2149 χρείαν
3664 2081 3753 2133 τὸν
3797 2082 3969 2152 ἄνδρα

2408 2174 2712 2241 δεχόμενος,
2755 2175 2848 2224 καὶ
2878 2174 2977 2244 τὴν
3005 2171 3232 2242 δυνατὴν
3257 2171 3552 2242 θεραπείαν
3574 2173 3652 2234 εἰς
3681 2174 3842 2226 αὑτὸν
3870 2190 3973 2227 κα-

2410 2265 2665 2336 θαρότητι
2707 2265 2932 2334 καρδίας
2963 2266 3056 2317 καὶ
3099 2265 3360 2334 σπουδαία
3390 2263 3581 2334 γνώμῃ
3613 2265 3968 2335 ἐνδεικνύμε-

2409 2375 2515 2420 νος.
2561 2357 2738 2423 Ἀξιος
2767 2357 2873 2426 γὰρ
2907 2357 2980 2418 ὼς
3021 2356 3232 2426 ἀληθῶς
3279 2356 3426 2421 ἄξιος
3462 2357 3490 2410 ὁ
3542 2355 3781 2420 τοιοῦτος
3818 2358 3970 2420 θείας

2407 2447 2747 2519 ἁντιμισθίας
2783 2448 2876 2501 καὶ
2918 2448 3254 2510 ἀντιδόσεως.
3305 2447 3377 2500 Τὸ
3419 2447 3506 2511 δὲ,
3555 2448 3783 2502 Μισθὸν
3820 2463 3970 2516 προ-

2409 2539 2619 2607 φήτου,
2653 2538 2749 2591 καὶ
2791 2539 3012 2608 μισθὸν
3044 2538 3274 2591 δικαίου
3311 2538 3591 2606 λήψεται,
3624 2539 3805 2608 διττὴν
3853 2540 3968 2610 ἔχει

2408 2631 2504 2699 τὴν
2529 2629 2763 2682 διάνοιαν
2781 2647 2793 2660 ο
2823 2630 2855 2699 ἢ
2885 2628 2989 2697 γὰρ
3016 2631 3098 2681 ὅτι
3124 2629 3220 2698 τῆς
3252 2628 3573 2697 εἰλικρινοῦς
3601 2630 3694 2680 καὶ
3721 2630 3968 2698 καθαρᾶς

2410 2722 2706 2791 φιλοξενίας
2735 2722 2823 2774 τὸν
2868 2721 3078 2786 μισθὸν,
3108 2721 3155 2772 oi
3185 2721 3308 2783 τοὺς
3339 2720 3639 2790 προφήτας,
3671 2722 3762 2772 καὶ
3802 2720 3967 2780 ὅλως,

2409 2811 2461 2863 οῖ
2498 2829 2644 2874 τινας
2678 2812 2785 2863 τῶν
2831 2810 3052 2863 δικαίων
3083 2809 3485 2878 ὑποδεχόμενοι,
3519 2809 3734 2872 παντως
3767 2827 3832 2876 γε
3869 2811 3971 2880 λή-

761 2918 860 2955 nec
893 2901 1098 2954 honore
1136 2901 1225 2954 illo
1283 2900 1480 2969 privari
1513 2908 1755 2968 possunt,
1780 2899 1869 2967 qui
1900 2899 2089 2968 dignos
2119 2912 2176 2952 se
2219 2913 2312 2966 per
2339 2929 2382 2990 Ε
2413 2905 2434 2972 q

2290 2913 2312 2949 ι·
2339 2929 2382 2990 C
2413 2905 2620 2972 ψονται,
2649 2905 2741 2956 καὶ
2766 2905 2864 2956 οὐκ
2891 2903 3034 2956 ἔστιν
3063 2903 3258 2964 αὐτοὺς
3286 2901 3392 2953 τῶν
3413 2901 3587 2971 γερῶν
3611 2901 3963 2973 στερηθῆναι,

758 3009 846 3048 res
883 3009 914 3047 a
967 3008 1024 3047 se
1061 3003 1237 3063 gestas
1286 2991 1684 3062 praestiterunt;
1747 2990 1830 3045 vel
1854 2991 1994 3059 quod
2025 2991 2169 3044 illam
2197 3005 2306 3043 non

757 3087 1022 3154 recipient
1076 3085 1389 3153 simpliciter
1432 3084 1735 3138 mercedem
1781 3083 2176 3151 hospitalitatis,
2214 3081 2308 3135 sed

757 3177 989 3228 similem
1018 3184 1111 3228 aut
1141 3175 1400 3243 aequalem
1445 3174 1605 3244 justis
1633 3183 1688 3228 et
1719 3173 2010 3243 prophetis.
2055 3173 2308 3241 Magnum

757 3266 886 3334 quid
915 3263 1248 3333 hospitalitas
1278 3273 1357 3317 est
1385 3281 1397 3316 :
1433 3278 1675 3333 magnam
1703 3264 1961 3316 conducet
1985 3265 2308 3325 mercedem,

755 3357 1042 3426 imprimis,
1080 3356 1123 3408 si
1151 3355 1362 3409 honesti
1395 3366 1449 3408 et
1497 3354 1668 3422 legem
1706 3353 1798 3406 Dei
1863 3361 2131 3406 sectantes
2171 3353 2308 3405 reci-

755 3450 994 3519 piantur.
1048 3447 1196 3500 Hanc
1243 3455 1300 3500 tu
1350 3447 1612 3498 rationem
1645 3445 1688 3498 si
1717 3455 1860 3498 recte
1891 3444 2207 3505 institueris,
2245 3458 2307 3496 ac

754 3549 974 3608 propter
1022 3553 1220 3593 nomen
1277 3552 1339 3591 ac
1370 3537 1582 3590 titulum
1624 3551 1899 3589 servorum
1946 3533 2061 3598 Dei,
2100 3550 2206 3587 non
2238 3534 2305 3586 ob

755 3630 911 3682 aliam
973 3629 1134 3681 ullam
1184 3643 1398 3681 causam
1443 3627 1677 3695 hospitio
1729 3627 2051 3696 susceperis,
2106 3629 2305 3682 oraculi

753 3718 1057 3790 Evangelici
1087 3728 1321 3774 mentem
1355 3722 1586 3785 tenebis,
1651 3720 1794 3774 unde
1816 3720 2154 3774 commodum
2185 3735 2303 3789 per-

753 3811 965 3878 cipies:
1007 3810 1133 3864 felix
1178 3811 1419 3865 omnium
1477 3811 1644 3880 magis
1689 3811 1776 3864 illa
1810 3809 2104 3876 beatitudo,
2143 3825 2302 3880 quam

753 3916 872 3969 qua:
902 3901 1079 3956 verbis
1106 3901 1304 3971 poterit
1330 3901 1449 3954 ullis
1469 3900 1747 3970 explicari.

1287 4014 1503 4068 EPIST.
1547 4013 1781 4069 XXXVI.

1102 4106 1266 4159 Paulo
1297 4107 1634 4172 metropolitw
1665 4105 1948 4160 Laodiceae.

2415 2991 2489 3050 ὧν
2517 2997 2695 3062 ἀξίους
2741 2998 2964 3058 ἑαυτοὺς
2987 3037 3002 3060 ,
3033 2994 3100 3048 δι’
3132 3012 3207 3048 ων
3247 2994 3508 3064 ἔπραξαν,
3544 2993 3784 3058 ἔδειξανο
3819 2994 3852 3061 ἦ
3883 2994 3966 3047 ὅτι

2414 3087 2506 3140 καὶ
2536 3079 2678 3139 οὗτοι
2723 3087 2820 3156 οὐχ
2871 3086 3056 3149 ἁπλῶς
3107 3083 3294 3154 μισθὸν
3329 3084 3653 3152 φιλοξενίας,
3705 3082 3839 3136 ἀλλὰ
3871 3083 3966 3134 τὸν

2415 3180 2526 3230 ἴσον
2555 3177 2647 3230 καὶ
2685 3177 2867 3245 ὅμοιον
2895 3180 3006 3239 τοίς
3035 3181 3336 3246 προφήταις
3367 3176 3465 3228 καὶ
3493 3175 3718 3237 δικαίοις
3758 3173 3961 3242 ἀπολήο

2411 3269 2622 3336 ψονται.
2653 3269 2809 3334 Μέγα
2837 3268 2944 3338 γὰρ
2983 3268 3272 3336 φιλοξενία,
3301 3270 3396 3320 καὶ
3444 3264 3705 3334 μεγάλους
3741 3263 3967 3332 μισθοὺς

2414 3356 2770 3426 προξενοῦσα,
2811 3358 2902 3408 καὶ
2952 3357 3183 3426 μάλιστα
3233 3356 3535 3408 σπουδαίων
3581 3354 3822 3423 ἀνδρῶν,
3873 3355 3966 3405 καὶ

2405 3450 2542 3518 ὑπὲρ
2584 3447 2740 3498 θείων
2773 3447 2949 3515 νόμων
2981 3447 3322 3513 διωκομένων
3351 3446 3417 3514 ἦν
3450 3447 3512 3497 σὺ
3544 3443 3823 3512 κατορθῶν
3869 3443 3966 3493 καὶ

2404 3540 2484 3602 είς
2533 3539 2700 3606 ὄνομα
2732 3537 2865 3590 Θεοῦ
2901 3537 3277 3607 θεραπόντων,
3331 3536 3470 3589 ἀλλὰ
3523 3536 3596 3604 μὴ
3642 3535 3710 3588 δι’
3739 3535 3870 3587 ἄλλο
3909 3551 3964 3585 τι

2401 3629 2526 3689 τοὺς
2560 3627 2723 3679 αὑτοῦ
2757 3626 2974 3692 ξενίζων
3017 3628 3220 3695 φίλους,
3261 3627 3461 3697 μᾶλλόν
3489 3642 3548 3677 τε
3582 3626 3838 3692 συνήσεις
3871 3624 3964 3674 τὸν

2402 3719 2753 3786 εὐαγγελικὸν
2799 3719 3044 3787 χρησμὸν
3068 3758 3082 3782 ,
3110 3719 3362 3771 κάκεῖθεν
3393 3719 3645 3786 εὑρήσεις
3672 3717 3731 3768 τὸ
3772 3714 3965 3783 κέρδος

2410 3808 2487 3876 (ὣ
2535 3809 2999 3879 μακαριότητοςε)
3049 3810 3180 3862 πολὺ
3230 3810 3414 3878 μεῖζον
3462 3808 3494 3876 ἢ
3541 3807 3680 3860 κατὰ
3708 3806 3966 3876 διήγησιν

2409 3902 2587 3954 λόγου.

2987 4011 3208 4065 eum.
3241 4013 3378 4078 aq".

2664 4105 2877 4172 Παύλῳ
2899 4104 3304 4172 μητροπολίτῃ
3333 4104 3695 4171 Λαοδικείας.

1965 4216 2227 4264 Montacut.
2258 4215 2360 4277 (ep.
2393 4214 2501 4275 206,
2534 4230 2581 4278 p.
2615 4215 2745 4278 304).

825 4316 1152 4386 Deiatigatus
1195 4333 1312 4371 sum
1357 4332 1578 4371 serenos
1623 4317 1738 4371 dies
1779 4316 2133 4379 numerando,
2174 4317 2300 4370 dum
2329 4321 2382 4382 D

757 4419 909 4462 tuum
936 4410 1224 4462 adventum
1257 4418 1557 4478 exspectem
1588 4410 1712 4462 :sed
1744 4408 1958 4474 sudum,
1985 4417 2044 4461 ut
2076 4408 2307 4470 videtur,

2480 4319 2743 4383 Ἐκαμον,
2767 4316 2864 4378 τὰς
2887 4315 3068 4377 εὐδίας
3089 4316 3431 4385 ἁναμετρῶν,
3461 4317 3554 4369 καὶ
3573 4317 3668 4387 τὴν
3691 4315 3790 4386 σὴν
3810 4335 3970 4388 περι-

2406 4409 2735 4478 ϐλεπόμενος
2772 4407 2954 4476 ἄφιξιν
2975 4422 2988 4434 ·
3017 4406 3150 4470 ἀλλ’,
3181 4407 3254 4468 ὡς
3288 4405 3452 4469 ἔοικε,
3493 4407 3758 4476 χειμῶνες
3790 4425 3872 4460 σοι
3912 4413 3968 4460 αἱ

757 4509 1047 4568 tempestas
1074 4501 1165 4553 tibi
1199 4500 1508 4568 fuitzquem
1537 4515 1665 4570 ergo
1697 4501 1983 4554 terminum
2013 4499 2309 4554 sortientur
2404 4515 2427 4550 ε

2295 4514 2309 4552 r
2404 4498 2571 4550 εὐδίαι
2600 4495 2903 4564 γεγόνασιν.
2936 4496 3028 4558 Ei;
3070 4497 3218 4547 ποῖον
3246 4489 3338 4547 οὖν
3381 4494 3487 4565 ἄρα
3529 4495 3698 4564 πέρας
3740 4496 3812 4548 τὰ
3856 4497 3968 4549 τῶν

756 4600 1098 4658 tempestates
1131 4601 1255 4644 tute.

1270 4698 1484 4752 EPIST.
1525 4697 1785 4751 XXXVII.

1102 4791 1272 4845 Paulo
1308 4793 1642 4860 metropolitte
1671 4793 1953 4847 Laodicew.

2406 4591 2682 4659 χειμώνων
2714 4605 2793 4644 σοι
2821 4587 3279 4657 ἁποκριθήσεται;

2994 4693 3212 4747 ΕΠΙΣΤ.
3244 4695 3359 4746 ΛΖ’.

2661 4789 2871 4850 Παύλῳ
2899 4789 3303 4855 μητροπολίτῃ
3339 4785 3702 4850 Λαοδικείας.

1967 4906 2228 4954 Montacut.
2267 4908 2364 4964 (ep.
2392 4902 2500 4962 2L5,
2523 4915 2569 4960 p.
2596 4901 2726 4961 517;.

826 5006 880 5059 Si
914 5007 1080 5059 hiems
1104 5022 1212 5060 non
1243 5017 1375 5070 erat,
1396 5007 1460 5059 de
1476 5023 1578 5075 qua
1597 5007 1806 5060 dicebat
1829 5005 2099 5073 Servator,
2122 5007 2301 5071 Orate,

755 5115 814 5150 ne
840 5100 960 5167 fuga
986 5108 1148 5150 vestra
1182 5114 1272 5164 per
1292 5098 1508 5150 hiemem
1543 5097 1632 5165 ﬁat
1652 5100 1692 5160 ⁵,
1717 5099 2002 5152 verborum
2028 5098 2079 5151 in
2108 5107 2158 5151 te
2186 5099 2301 5151 hie-

755 5207 891 5242 rneni
926 5191 1250 5242 concitarem
1281 5207 1292 5241 :
1323 5189 1436 5241 Non
1480 5190 1603 5244 novi
1634 5205 1754 5258 ego.
1801 5190 1975 5243 dicam
2019 5206 2167 5243 more
2200 5191 2304 5243 mi-

754 5278 898 5330 nime
919 5278 1098 5339 amici,
1130 5287 1232 5329 tam
1270 5278 1612 5348 longinquam
1648 5278 2157 5348 peregrinationem,
2184 5295 2304 5347 qua:

752 5369 970 5440 pmpius
1004 5369 1242 5430 accedat,
1283 5371 1348 5422 ad
1381 5371 1587 5438 antiqui
1633 5372 1775 5424 illius
1832 5371 1978 5425 corvi
2006 5370 2183 5439 fugam
2218 5372 2302 5424 in-

751 5471 959 5510 cusare.
999 5455 1091 5508 Sin
1135 5457 1233 5510 alae
1264 5457 1356 5510 tibi
1402 5459 1580 5511 adsint
1622 5471 1800 5519 castae,
1830 5474 1976 5524 pura:
2020 5469 2074 5511 et
2104 5458 2301 5512 velocis

752 5548 1032 5612 columbae,
1075 5563 1287 5602 sartum.
1334 5559 1529 5603 tectum
1574 5566 1813 5602 amorem
1879 5551 2072 5614 habeo,
2129 5551 2298 5604 hiems

752 5639 906 5710 plane
941 5641 1090 5695 nihili
1137 5652 1240 5705 est,
1278 5658 1376 5696 nec
1414 5644 1540 5711 quid
1587 5643 1728 5696 aliud
1769 5659 1927 5713 grave
1967 5662 1976 5695 :
2019 5645 2100 5698 sin
2146 5645 2296 5699 colli-

819 5802 841 5832 δ
880 5801 1064 5856 Matth.
1113 5820 1160 5867 χ,
1197 5804 1279 5855 il.
1365 5807 1383 5832 ⁸
1418 5804 1578 5856 Marc.
1623 5820 1736 5867 λιιι,
1787 5805 1867 5856 18.

2481 5005 2536 5054 ΕΞ
2581 5003 2653 5072 μὴ
2682 5002 2884 5072 χειμὼν
2929 4997 3015 5075 ἦν,
3066 5002 3192 5070 περὶ
3224 4995 3284 5054 οὗ
3327 5004 3355 5053 ὁ
3396 5001 3585 5069 Σωτὴρ
3616 5001 3822 5066 ἔλεγεν,
3854 5001 3967 5052 εὗ-

2408 5099 2584 5165 χεσθε
2608 5096 2692 5163 μὴ
2725 5095 2993 5163 γενέσθαι
3021 5095 3134 5160 τὴν
3160 5093 3362 5162 φυγὴν
3390 5093 3556 5162 ὑμῶν
3587 5094 3655 5146 ἐν
3683 5092 3926 5160 χειμῶνι
3951 5109 3965 5124 ·

2406 5188 2646 5257 χειμῶνα
2677 5188 2740 5239 ἄν
2771 5205 2851 5238 σοι
2887 5187 3057 5252 λόγων
3095 5186 3318 5248 δικαίως
3349 5185 3609 5255 ἐπέγειρα
3631 5201 3644 5213 ”
3677 5185 3776 5236 οὐκ
3810 5179 3928 5236 οἴδα
3949 5224 3962 5244 ,

2406 5279 2492 5329 τὸν
2527 5277 2713 5346 ἄφιλον
2751 5276 2858 5346 ἐρῶ
2894 5277 3093 5344 τρόπον
3123 5276 3156 5344 ἦ
3195 5275 3294 5343 τὴν
3322 5274 3463 5327 οῦτω
3506 5274 3724 5342 μακρὰν
3756 5273 3962 5340 ἀποδη-

2413 5371 2559 5440 μίαν,
2591 5371 2683 5422 καὶ
2711 5368 2801 5421 τοῦ
2841 5367 3066 5420 παλαιοῦ
3110 5369 3338 5437 κόρακος
3372 5369 3578 5419 ἐκείνου
3615 5366 3781 5431 ἐγγυς
3809 5366 3964 5430 γενέο

2410 5461 2530 5512 σθαι
2574 5462 3022 5530 φιλονικήσασαν,
3061 5457 3398 5528 αἰτιώμενος.
3467 5457 3605 5508 Ἀλλ’
3649 5459 3696 5506 εἱ
3753 5455 3852 5522 μὲν
3905 5455 3961 5505 τί.

2407 5554 2602 5620 πτερόν
2656 5569 2734 5604 σοι
2772 5552 2868 5618 τῆς
2904 5552 3070 5619 ἁγνῆς
3117 5550 3207 5600 καὶ
3257 5549 3503 5618 καθαρᾶς
3554 5548 3646 5598 καὶ
3693 5545 3958 5612 ἀξυπάρθυ

2408 5646 2749 5716 πτριστερᾶς,
2798 5645 3028 5713 ἔρρωται
3069 5645 3162 5712 τῆς
3202 5643 3439 5710 ἀγάπης,
3468 5638 3618 5691 οὐδὲν
3653 5638 3682 5689 ὁ
3715 5639 3957 5709 χειμὼν,
