4236 6436
225 381 333 443 853

1371 375 1898 438 EPISTOLARUM
1940 377 2167 439 LIBER
2204 380 2283 439 Ιῐ.

3339 386 3439 449 SM

220 491 410 557 ὥσπερ
433 486 554 540 οὐδέ
584 503 635 538 τι
664 485 808 538 ἄλλο.
840 483 903 536 Ei
928 483 984 537 δέ
1014 500 1143 537 τινα
1167 482 1411 551 θραῦσιν,
1446 485 1557 537 ἀλλ’
1591 485 1689 537 οὐκ
1716 484 1780 537 ἂν
1811 491 1854 548 Α
1883 504 1893 541 ε

1765 503 1780 537 ι
1811 491 1854 548 Α
1883 488 2087 543 sionem
2128 499 2181 543 et
2209 488 2616 553 aniractionem,
2642 493 2781 559 quod
2828 508 2933 547 non
2969 503 3119 561 puto,
3155 496 3283 548 I.|ud
3325 513 3438 564 pcr-

221 578 502 647 πεισθείην
554 578 748 640 ἐκεῖνο,
807 574 1096 639 πεπόνθοι,
1140 575 1351 643 ἀνάγκη
1399 576 1547 627 κάτω
1604 579 1784 643 μένειν

220 673 328 734 ἕως
364 670 426 722 ἂν
457 670 484 719 ὁ
511 669 710 734 τάρσος
747 666 907 719 πάλιν
956 664 1159 719 ἀνωθεν
1191 665 1463 734 βλαστήσῃ
1486 704 1501 727 ,
1534 667 1629 717 καὶ
1662 666 1782 736 μηδ’

219 765 278 814 ἐν
300 763 451 831 εὑδίᾳ
476 762 611 831 προς
641 761 786 830 ἡμᾶς
814 759 1257 828 μετεωρίζεσθαι.
1299 760 1437 811 Ἀλλ’
1463 758 1671 829 ἔρρωσό
1697 777 1784 829 μοι

218 854 313 905 τὸν
354 854 495 905 θεῖον
536 852 712 921 ἔρωτα
753 850 952 921 μᾶλλον
997 852 1089 902 ἐπὶ
1120 853 1233 913 τοῖς
1263 852 1546 921 προτέροις
1590 868 1786 921 πτερο-
1828 890 1831 893 λ

220 947 457 1016 φυῶν,ἥ
503 948 627 1009 τοὺς
673 945 913 1015 ἀρχῆθεν
944 946 1037 997 καὶ
1084 944 1264 1006 καλῶς
1309 944 1785 1015 προδεδλημένους

220 1040 456 1107 τάρσους
487 1036 726 1106 ῥαθυμίᾳ
749 1036 1226 1106 περιθραυόμενος.

815 1149 1037 1201 ΕΠΙΣΤ.
1071 1150 1200 1201 All'.

481 1243 696 1305 Παύλῳ
716 1241 1125 1309 μητροπολίτῃ
1151 1238 1516 1303 Λαοδικείας.

1882 580 2009 647 peti,
2046 594 2266 633 necesse
2298 590 2382 634 est
2423 580 2673 635 deorsum
2703 591 2760 635 ut
2800 582 3086 646 consistas,
3119 584 3290 638 donec
3341 587 3438 639 ala:

1882 671 2239 733 excreverint,
2277 682 2329 725 et
2368 688 2435 725 ne
2463 672 2530 726 ad
2578 689 2676 726 nos
2717 672 2955 735 advoles,
2992 690 3062 728 ne
3111 689 3205 743 per
3245 676 3437 729 sudum

1882 762 2117 830 quidem.
2147 762 2251 815 Sed
2278 763 2475 826 valeas,
2511 763 2603 818 Dei
2640 779 2883 818 amorem
2914 765 3083 835 magis
3113 765 3291 819 adhuc
3327 781 3437 818 ma-

1883 854 2066 922 gisque
2096 852 2423 920 adurgendo,
2455 856 2630 922 potius
2654 870 2813 923 quam
2840 864 2899 907 ut
2926 855 3023 908 ala:
3053 871 3173 923 quae
3198 856 3264 909 ab
3290 855 3443 908 initio

1891 944 2087 1011 optimc
2118 954 2463 997 excrcverant
2515 962 2608 1013 per
2645 947 2944 999 socordiam
2994 946 3188 998 collisa:
3233 946 3411 1000 diﬂrin

1893 1043 2105 1102 gantur.

2396 1146 2615 1200 EPIST.
2662 1148 2944 1201 XXXVIII.

2225 1237 2391 1291 Paulo
2418 1238 2724 1292 Laodicensi
2764 1242 3097 1308 metropolita:

1448 1337 1708 1386 Montacut.
1746 1338 1844 1397 (ep.
1881 1336 1990 1393 220,
2027 1350 2072 1396 p.
2105 1335 2235 1395 328).

297 1433 434 1486 Οὖτε
472 1434 596 1495 τοὺς
640 1434 696 1484 ἐν
737 1433 912 1499 λόγοις
958 1433 1274 1503 ἀγνώμονας
1323 1436 1628 1503 εὐεργετεῖν
1674 1431 1787 1488 οἶδα
1822 1446 1861 1497 Β
1961 1432 1970 1485 l

1778 1455 1787 1487 ι
1822 1446 1861 1497 Β
1961 1432 2066 1485 Nec
2095 1432 2413 1485 benefacere
2446 1431 2602 1484 dictis
2630 1431 2905 1499 improbos
2934 1434 3067 1494 scio,
3090 1434 3211 1486 licet
3235 1436 3317 1501 (ut
3340 1444 3451 1487 tute

225 1527 392 1595 λόγῳ,
434 1526 634 1595 καίπερ
676 1528 733 1578 ὲν
764 1528 877 1588 τοῖς
910 1526 1089 1588 ἄλλοις
1120 1527 1232 1593 (ώς
1269 1526 1334 1579 ἂν
1378 1528 1537 1589 αὐτὸς
1589 1527 1785 1595 φαίης)

227 1613 659 1684 φιλοσοφώτερον
682 1615 812 1667 αὐτὸ
833 1615 1136 1685 θεωρήσας,
1154 1616 1275 1669 οὔτε
1297 1617 1649 1678 σολοικίζουσι
1675 1615 1788 1685 (νῦν

228 1708 338 1775 γάρ
386 1706 587 1758 εἴποτε
612 1746 625 1766 ,
661 1708 849 1776 καιρὸς
882 1708 971 1759 καὶ
1004 1707 1096 1759 τοῦ
1135 1708 1354 1775 παῖξαι)
1406 1709 1640 1778 συνήθης
1671 1710 1788 1778 εἰμὶ

228 1797 534 1849 πείθεσθαιο
578 1797 681 1860 ἓως
710 1798 775 1850 ἂν
806 1794 899 1851 οὖν
929 1799 1237 1868 εὐχάριστοι
1273 1800 1370 1868 μὲν
1400 1802 1451 1852 oi.
1481 1800 1791 1869 ἀγνώμονες

228 1892 594 1944 καταστῶσιν·
632 1894 679 1944 οί
706 1893 760 1944 δὲ
788 1894 912 1955 τοὺς
942 1895 1139 1956 καλοὺς
1170 1898 1311 1963 κακῇ
1343 1898 1591 1966 προφορᾷ
1620 1896 1795 1965 ῥημά-

227 2000 341 2035 των
368 1983 697 2050 αἰκιζόμενοι
728 1983 941 2051 λόγους,
980 1984 1202 2037 Ἐλλάδα
1230 1987 1472 2053 γλῶτταν
1498 1988 1595 2056 τῆς
1628 1988 1796 2054 ἀμου-

232 2074 356 2134 σίας
383 2073 713 2136 ἀλλάξωνται
736 2114 751 2138 ,
779 2075 877 2127 οὐκ
906 2076 971 2127 ἀν
999 2075 1138 2128 ἑκών
1164 2094 1227 2144 γε
1260 2074 1398 2131 εἶναι
1427 2078 1534 2132 τῶν
1566 2082 1662 2149 τῆς
1699 2083 1796 2149 ρη.

228 2163 420 2233 τορίας
442 2165 638 2217 καινῶν
669 2166 979 2235 μυστηρίων
1006 2168 1247 2231 ἐπόπτας
1273 2170 1602 2239 ποιήσωμαι’
1626 2172 1707 2223 διὸ
1732 2172 1795 2224 σὺ

236 2254 338 2321 μὲν
367 2254 462 2322 τὴν
490 2254 732 2320 γλῶτταν
775 2255 1044 2317 Ἀττικαῖς
1075 2257 1324 2325 μελέταις
1344 2299 1359 2322 ,
1385 2262 1412 2311 ὁ
1447 2259 1502 2310 δὲ
1529 2260 1618 2321 σὸς
1646 2258 1796 2327 φίλος

234 2346 657 2415 εὐγνωμοσύνης
687 2347 930 2409 τελεταῖς
951 2390 965 2413 ,
998 2348 1096 2417 τὴν
1126 2349 1350 2419 γνώμην
1392 2351 1659 2421 καθάρας,
1703 2353 1799 2404 σὺν

236 2436 359 2507 Θεῴ
390 2438 550 2505 φάναι
578 2438 849 2504 τεύξοισθε
880 2440 986 2492 τῶν
1016 2439 1382 2511 ποθουμένων.

837 2649 1057 2702 ΕΠΙΣΤ.
1090 2649 1208 2702 AG'.

473 2743 734 2810 Ζαχαρία
747 2743 1149 2810 μητροπολίτῃ
1174 2738 1574 2809 Χαλκηδόνος.

1892 1524 2142 1587 allirmas)
2165 1522 2253 1590 qui
2285 1523 2450 1590 magis
2473 1522 2845 1591 philosophice
2868 1539 2979 1575 rem
3002 1525 3378 1591 complecteris
3396 1527 3445 1577 iu

1895 1612 2011 1665 aliis
2041 1628 2054 1664 :
2088 1627 2262 1679 neque
2279 1611 2639 1666 solmcismum
2668 1612 3073 1666 admittentibus
3096 1614 3262 1681 (nunc
3286 1616 3450 1676 enim,

1898 1703 1939 1755 si
1971 1702 2127 1766 alias,
2158 1702 2371 1755 occasio
2400 1701 2611 1770 jocandi
2655 1702 3010 1769 ministratur)
3038 1704 3168 1757 mihi
3213 1704 3265 1757 in
3308 1721 3457 1757 more.

1901 1793 2116 1861 ponitur
2158 1794 2532 1861 obtemperare
2564 1810 2577 1843 ι
2612 1794 2849 1861 quandiu
2882 1794 3013 1863 grati
3050 1796 3331 1858 exsistant,
3366 1796 3454 1863 qui

1894 1893 2022 1938 sunt.
2051 1894 2156 1938 tam
2190 1899 2447 1953 perverse
2480 1884 2679 1949 atl‘ecti,
2710 1893 2767 1938 ut
2795 1894 2850 1938 et
2881 1885 3018 1938 male
3047 1886 3320 1953 productis
3342 1901 3455 1938 vcr-

1899 1976 1981 2031 bis
2015 1978 2314 2031 orationem
2346 1977 2567 2043 lazdant,
2599 1979 2671 2031 ita
2712 1988 2770 2031 ut
2816 1979 3045 2048 linguam
3082 1978 3319 2033 Graecam
3354 1981 3455 2032 illi.

1889 2068 2039 2121 terati
2076 2078 2403 2136 permutent,
2459 2070 2601 2123 haud
2646 2085 2745 2139 ego
2778 2070 3004 2123 libenter
3034 2071 3313 2123 admittam
3359 2086 3454 2124 eos

1893 2174 2153 2213 novorum
2180 2159 2458 2213 rhetorica:
2487 2162 2867 2230 mysteriorum
2894 2171 3141 2230 epoptas.
3173 2161 3252 2214 Tu
3288 2163 3457 2231 igitur

1892 2251 2125 2320 linguam
2149 2259 2295 2304 tuam
2324 2253 2729 2307 Atticismorum
2756 2255 3215 2317 meditationibus,
3247 2257 3458 2310 amicus

1892 2349 2073 2395 autent
2108 2352 2229 2395 tuus
2270 2343 2424 2397 bona:
2461 2344 2831 2415 dispositionis
2867 2346 3161 2416 mysteriis,
3194 2348 3286 2400 ubi
3336 2349 3454 2400 anis

1896 2446 2040 2483 mum
2078 2434 2453 2501 purgaveritis,
2482 2450 2603 2490 cum
2640 2434 2785 2489 bono
2813 2434 2923 2489 Deo
2953 2436 3362 2504 consequemini
3404 2436 3457 2489 id

1898 2519 2039 2589 quod
2071 2522 2477 2591 concupiscitis.

2441 2656 2657 2710 EPIST.
2694 2657 2930 2711 XXXIX.

2144 2747 2185 2800 Ζ
2191 2749 2417 2802 acharia:
2448 2750 2787 2817 metropolitw
2815 2749 3178 2804 Chalcedonis.

1465 2858 1726 2906 Montacut.
1756 2862 1853 2921 (ep.
1878 2861 1987 2921 221,
2022 2875 2068 2921 p.
2104 2863 2241 2925 529.)

315 2957 546 3027 Γράφεις
567 2960 712 3028 ἡμᾶς
753 2954 996 3025 γραφὴν,
1027 2956 1092 3024 ἢν
1122 2953 1226 3005 κᾶν
1260 2952 1447 3022 ἐτέρου
1481 2953 1801 3023 γράφοντος,

242 3050 452 3109 δίκαιος
495 3048 651 3109 αὐτὸς
685 3042 826 3117 ἦσθα
856 3045 1046 3098 τοῦτον
1093 3043 1308 3096 διώκειν
1344 3045 1530 3097 ἀδίκου
1570 3050 1801 3116 γραφῆς·

1974 2956 2155 3011 Dicam
2181 2960 2336 3012 nobis
2363 2960 2633 3024 inscribis,
2656 2976 2818 3029 quam
2849 2962 2892 3015 si
2921 2962 3066 3015 alius
3090 2960 3463 3029 inscripserat:

1902 3048 1970 3103 de
2006 3050 2099 3103 lite
2132 3051 2328 3118 injuste
2373 3052 2632 3104 intentata
2664 3052 2812 3104 illum
2856 3068 2965 3105 non
3000 3052 3270 3105 immerito
3305 3065 3465 3104 accu-

246 3141 342 3191 κιιὶ
365 3140 591 3207 γράφεις
621 3137 932 3203 ἀπολογίαν,
973 3136 1197 3203 μηδενός
1231 3152 1288 3186 σε
1314 3134 1599 3197 διώξαντος
1631 3136 1801 3205 δίκην·
1835 3177 1874 3231 C
1909 3157 1919 3193 ε

1793 3154 1801 3164 ·
1835 3177 1874 3231 C
1909 3156 2084 3206 sares;
2115 3151 2167 3195 et
2205 3143 2502 3211 apologiam
2547 3144 2739 3197 scribis
2765 3145 2919 3207 diem,
2956 3158 3079 3196 cum
3112 3151 3163 3196 te
3194 3157 3353 3195 nemo
3380 3156 3466 3195 ac—

248 3232 341 3282 καί
380 3246 460 3281 τοι
499 3228 791 3296 συγγνώμη
838 3229 982 3278 πᾶσα
1034 3228 1126 3276 καὶ
1155 3224 1436 3290 ἀπολσγία,
1485 3226 1677 3294 μακρῷ
1731 3225 1807 3294 τῷ

252 3321 438 3388 μέτρω
458 3320 555 3387 τῆς
583 3318 909 3386 κατηγορίας
947 3316 1222 3382 διέστηκεν
1244 3330 1255 3341 ·
1300 3316 1357 3365 οὐ
1387 3314 1493 3381 γάρ
1522 3314 1686 3375 ἐστιν,
1712 3315 1811 3367 οὐκ

246 3414 395 3462 ἐστιν
437 3409 584 3461 ἔλεον
615 3410 784 3460 αἰτεῖν
808 3447 822 3470 ,
852 3406 946 3458 καὶ
970 3406 1125 3471 λόγον
1158 3405 1505 3473 ἀδικημάτων
1538 3405 1807 3465 ἀπαιτεῖν,

249 3501 393 3553 ὣστε
435 3500 507 3569 μὴ
540 3500 801 3567 πρότερον
832 3498 1009 3550 αἰτίαν
1043 3496 1212 3565 ἔχωνο
1242 3491 1399 3565 εὗρες
1436 3496 1811 3564 ἀπολογούμετ

251 3610 361 3655 νος,
417 3591 483 3643 δι’
542 3584 616 3642 ὧν
670 3592 896 3643 σεαυτὸν
965 3590 1319 3658 μακροτάτων
1381 3589 1553 3655 λόγων
1608 3587 1815 3650 ἔδειξας

250 3682 556 3751 χρεώστην·
578 3681 677 3732 οὐκ
699 3680 1111 3747 ὲπεκαλεσάμην
1132 3680 1287 3739 ὅλως·
1316 3680 1409 3729 καὶ
1438 3679 1543 3730 τῶν
1563 3676 1814 3729 Αἰσώπου

251 3774 426 3840 λόγων
455 3773 606 3825 οὐδὲν
650 3771 1019 3841 μετριωτέραν
1056 3770 1167 3839 ὁρῶ
1208 3771 1304 3838 τὴν
1342 3769 1653 3835 ἀπολογίαν.
1703 3770 1814 3837 Οὐχ

250 3864 520 3931 ἥμαρτον,
547 3858 701 3929 οἶμαι
750 3862 844 3912 καὶ
876 3861 984 3911 τῶν
1019 3861 1097 3918 εἰς
1144 3858 1439 3927 Σωκράτην
1478 3858 1815 3926 ἐμπαροινη-

257 3959 465 4009 σάντων
514 3956 1003 4025 ἀναισχυντοτέραν
1033 3954 1144 4024 ὁρῶ
1180 3954 1282 4023 τὴν
1317 3953 1647 4022 κατηγορίαν
1676 3970 1689 3984 ο
1722 3955 1817 4003 καὶ

256 4050 396 4118 ὑπὲρ
430 4048 525 4117 μὲν
556 4048 751 4100 σαυτοῦ
792 4049 869 4108 είς
901 4046 1039 4117 ἀέρα
1068 4046 1238 4114 δέρων
1269 4045 1607 4107 ἐπύκτευσας
1632 4086 1645 4109 ,
1692 4044 1816 4096 καθ’

258 4143 416 4211 ἡμῶν
464 4141 518 4192 δὲ
560 4143 683 4205 ὀξὺν
738 4140 834 4208 μὲν
880 4140 973 4191 καὶ
1025 4138 1252 4207 σφοδρὸν
1289 4138 1377 4189 τὸν
1428 4138 1661 4206 δρόμον,
1701 4136 1815 4188 ἀλλ’

260 4231 532 4300 ἐπισφαλῆ
589 4234 682 4285 καὶ
742 4230 976 4283 ἀναίτιον
1043 4229 1380 4297 διηγώνισαι.
1426 4229 1489 4281 Ἢ
1544 4229 1651 4297 γὰρ
1708 4228 1816 4282 τῶν

258 4325 491 4377 ἐπαίνων
534 4323 761 4393 αὔξησις
796 4325 855 4376 οὐ
905 4324 1064 4392 μόνον
1106 4324 1257 4375 οὐδὲν
1287 4323 1701 4393 παραιτεῖσθαι,
1743 4318 1819 4377 ὧν

262 4412 563 4483 ὑδρίσμεθα
590 4453 603 4477 ,
633 4413 769 4465 ἀλλά
796 4414 888 4464 καὶ
914 4413 1005 4463 ἐπὶ
1042 4412 1100 4463 τὺ
1132 4412 1316 4479 μεῖζον
1353 4412 1473 4478 ἄγει
1510 4412 1578 4463 τὰ
1620 4413 1819 4482 ἐγκλή-

1911 3240 2094 3294 cuset;
2125 3241 2269 3285 certe
2305 3234 2457 3285 venia
2486 3248 2645 3299 quam
2674 3233 2982 3303 longissime
3020 3233 3086 3287 ab
3124 3234 3467 3286 accusatione

1912 3325 2263 3391 distinguitur
2307 3342 2317 3375 :
2359 3340 2464 3377 non
2522 3332 2699 3392 potest
2734 3324 3157 3378 misericordiam
3193 3333 3466 3391 expetere,

1912 3415 2003 3483 qui
2034 3415 2292 3467 rationem
2326 3417 2492 3485 exigit
2524 3424 2755 3484 accepta:
2787 3417 3019 3485 injuriaa,
3050 3415 3151 3469 nisi
3178 3416 3327 3484 prius
3350 3431 3469 3468 rea-

1914 3512 2026 3555 tum
2056 3512 2417 3556 contraxerat.
2468 3503 2547 3556 Tu
2592 3505 2890 3573 apologiam
2928 3505 3287 3567 contexendo,
3319 3520 3469 3556 reum

1918 3603 1967 3645 te
1997 3592 2199 3658 prodis,
2225 3601 2279 3645 et
2318 3594 2648 3662 longissima:
2684 3595 2909 3647 rationis
2941 3591 3229 3647 reddenda:
3261 3591 3472 3643 debito-

1915 3700 2049 3737 rem.
2089 3683 2323 3738 Omnino
2361 3694 2412 3738 te
2461 3702 2568 3738 non
2614 3688 2900 3755 appellavi,
2956 3685 3255 3755 apologiam
3301 3684 3470 3737 nihilo

1916 3775 2327 3828 moderatiorem
2377 3775 2563 3844 JEsopi
2612 3778 2807 3830 fabulis
2856 3777 3059 3830 video:
3096 3776 3286 3844 opinor
3328 3775 3470 3828 haud

1918 3867 2149 3935 deliqui,
2200 3868 2597 3921 accusationem
2647 3868 2945 3921 institutam
2979 3868 3138 3919 video
3176 3866 3472 3919 vehemen-

1919 3960 2131 4023 tiorem,
2162 3974 2322 4026 quam
2361 3958 2573 4011 illorum
2604 3969 2737 4023 erat,
2761 3959 2851 4027 qui
2884 3959 2936 4010 in
2970 3959 3245 4012 Socratem
3277 3958 3472 4011 debac-

1917 4050 2233 4104 chabantur.
2279 4051 2358 4103 Tu
2400 4066 2527 4119 ergo
2567 4066 2746 4103 aerem
2788 4051 3083 4103 verberans
3132 4064 3229 4117 pro
3278 4051 3469 4116 teipso,

1918 4149 2197 4193 concertas
2232 4141 2487 4194 adversus
2512 4156 2617 4203 me,
2646 4156 2808 4194 cursu
2837 4140 3027 4201 veloci,
3056 4140 3149 4193 sed
3178 4134 3386 4191 lubrico
3416 4148 3472 4192 et

1920 4232 2124 4284 incerto
2167 4230 2489 4283 contendisti
2539 4230 2713 4283 valide
2749 4248 2759 4282 :
2794 4230 3160 4283 laudationum
3207 4229 3469 4297 siquidem

1920 4321 2283 4375 excreseeutia
2316 4338 2419 4374 non
2455 4321 2614 4373 modo
2636 4320 2769 4372 nihil
2795 4328 3014 4373 excusat
3042 4320 3393 4373 contumelias
3422 4321 3473 4372 in

1921 4426 2006 4464 me
2028 4412 2217 4479 iactas,
2243 4412 2335 4465 sed
2359 4412 2728 4465 accusationes
2758 4412 3029 4465 institutas
3059 4411 3286 4480 adauget
3333 4408 3473 4463 Con-

263 4520 428 4572 ματα.
476 4504 739 4556 Πίπτουσι
774 4503 869 4572 μὲν
911 4502 1019 4569 γὰρ
1053 4502 1311 4570 γεωργοὶ,
1340 4502 1431 4553 καὶ
1470 4501 1693 4579 ναῦται,
1725 4502 1818 4554 καὶ
1851 4518 1893 4572 ο
1921 4519 1936 4557 t

1801 4502 1818 4553 ί
1851 4518 1893 4572 ο
1921 4503 2111 4557 cidunt
2144 4503 2340 4568 coloni,
2380 4513 2558 4557 nauta:
2580 4542 2594 4566 ,
2646 4502 2877 4565 milites,
2928 4518 3198 4571 caupones
3226 4519 3237 4553 :
3264 4502 3309 4555 si
3354 4502 3474 4569 quis

264 4596 616 4665 στρατιῶται,
681 4595 775 4646 καὶ
836 4593 1272 4661 παλιγκάπηλοι·
1327 4594 1438 4645 ἀλλ’
1477 4594 1569 4648 ὲάν
1620 4610 1705 4656 τις
1756 4594 1817 4645 τὸ

262 4686 484 4737 ἐκείνων
517 4685 715 4753 πτῶμα
773 4686 911 4754 φίλῳ
941 4685 1196 4755 ἀληθείας
1222 4684 1512 4753 περιάπτοι
1537 4724 1551 4747 ,
1593 4684 1626 4753 ἢ
1657 4700 1818 4753 στρα-

261 4776 430 4845 τηγῷ,
466 4776 499 4845 ἢ
529 4778 775 4845 ἀρχιερεῖ
803 4777 959 4841 Θεοῦ,
1000 4777 1032 4846 ἢ
1075 4777 1257 4837 ἁπλῶς
1297 4776 1448 4845 ἀνδρὶ
1475 4777 1583 4829 τῶν
1612 4776 1817 4828 πολλῶν

262 4867 380 4927 ταῖς
405 4866 629 4934 ἀρεταῖς
650 4865 711 4917 τὸ
735 4866 1009 4936 ἐξαίρετον
1026 4866 1223 4935 ἔχοντι,
1253 4867 1434 4934 βαϐαὶ,
1460 4867 1641 4935 ἡλίκον
1669 4860 1818 4927 οὗτος

261 4954 349 5007 διὰ
397 4957 645 5025 μηχανῆς
683 4957 1102 5019 κατασκευάζων
1136 4957 1421 5023 ἀποφαίνει
1452 4956 1510 5007 τὸ
1538 4955 1815 5025 ἀτόπημα.

265 5046 423 5100 Οὕτω
450 5051 564 5110 τοῖς
592 5050 853 5115 ἐπαίνοις,
880 5050 954 5112 ώς
981 5049 1238 5102 ἀνωτάτω
1265 5051 1443 5117 φέρων
1468 5050 1635 5117 ἡμᾶς.
1659 5052 1737 5112 εἰς
1764 5052 1821 5101 τὸ

267 5138 565 5207 βαθύτατον
610 5141 839 5211 ἔρριψας
860 5157 872 5170 °
926 5141 1123 5211 ἄνδρας
1155 5142 1481 5210 ἐπηρεάζειν
1516 5142 1660 5209 ἡμᾶς
1684 5181 1697 5204 ,
1730 5144 1822 5193 καὶ

265 5230 453 5292 κακῶς
492 5234 663 5283 ποιεῖν
684 5272 699 5296 ,
734 5232 1086 5302 αἰτιώμενος,
1121 5229 1200 5294 οἷς
1242 5232 1393 5283 οὐδὲν
1423 5232 1599 5294 αἰτίας
1634 5232 1820 5285 διαπέ-

265 5339 509 5391 πρακται
529 5338 542 5351 ’
582 5324 674 5375 καὶ
699 5324 818 5376 τότε
857 5325 1159 5393 συμφοραῖς
1185 5323 1421 5393 μυρίαις,
1454 5324 1628 5376 καὶτὸ
1657 5323 1821 5392 βαρύ-

266 5430 450 5473 τατον,
475 5415 614 5483 ὑπὲρ
636 5415 906 5483 ἀληθείας,
928 5416 1243 5485 περιαντλου
1254 5415 1462 5482 μένους,
1486 5415 1579 5467 καὶ
1597 5416 1820 5479 πάντας,

270 5505 379 5554 τῶν
416 5504 602 5557 παθῶν
631 5504 708 5575 τῷ
742 5506 992 5574 μεγέθει,
1016 5507 1109 5559 καὶ
1140 5508 1333 5567 αὐτοὺς
1365 5508 1488 5568 τοὺς
1517 5505 1826 5574 ἐπιτιθεμέ-

273 5610 399 5655 νους
428 5597 506 5656 εἰς
531 5595 677 5649 ἔλεον
707 5597 979 5659 ἕλκοντας.
1010 5598 1101 5660 Τίς
1134 5602 1242 5666 γὰρ
1274 5601 1299 5650 ὁ
1333 5602 1441 5659 τοῖς
1470 5598 1823 5666 τηλικούτοις,

272 5681 337 5735 οὐ
366 5682 505 5750 λέγω
534 5683 739 5754 θλίψεις
782 5687 1027 5750 ἐπινοῶν,
1058 5687 1190 5739 ἀλλά
1223 5688 1295 5755 μὴ
1333 5686 1424 5739 καὶ
1457 5687 1653 5754 σφόδρα
1696 5702 1824 5753 καμ-

278 5773 566 5845 πτόμενος,
590 5778 689 5832 οὐκ
717 5778 913 5845 ἄδικος,
948 5780 1042 5832 οὐκ
1068 5781 1233 5848 om,
1265 5781 1322 5832 ού
1346 5779 1431 5830 τὸν
1466 5779 1581 5831 ’,οὖν
1617 5782 1704 5830 καὶ
1732 5780 1825 5846 τὴν

1919 4610 2105 4649 eorum
2126 4594 2304 4663 lapsus
2318 4604 2441 4647 ante
2462 4594 2734 4648 veritatem
2764 4602 2929 4658 amat,
2956 4594 3077 4647 duci
3098 4593 3181 4647 vel
3202 4593 3474 4647 sacerdoti

1921 4686 2014 4740 Dei
2040 4686 2324 4755 appendat,
2361 4695 2452 4739 aut
2475 4686 2773 4753 cuicunque
2805 4685 3002 4737 virtute
3028 4684 3303 4753 praastanti
3331 4683 3471 4743 viro,

1921 4791 2090 4844 papas,
2125 4790 2284 4843 quam
2314 4776 2603 4828 absurdum
2633 4775 2720 4828 ille
2762 4783 2816 4828 et
2856 4775 3216 4835 machinatur,
3272 4784 3324 4826 et
3364 4790 3477 4825 ma-

1921 4867 2126 4919 chinari
2162 4867 2499 4933 convincitur
2523 4884 2537 4919 :
2584 4874 2641 4919 tu
2667 4867 2745 4920 sic
2774 4865 3024 4919 laudibus
3051 4880 3137 4918 me
3169 4865 3223 4917 in
3247 4865 3476 4917 sublime

1922 4957 2172 5013 efferens.
2206 4955 2258 5008 in
2292 4956 2616 5024 profundum
2639 4957 2856 5025 mergis,
2876 4970 3106 5009 causans
3123 4969 3208 5007 me
3226 4955 3477 5007 homines

1923 5049 2182 5102 conviciis
2215 5050 2421 5103 allicere
2465 5058 2520 5101 et
2562 5050 2617 5102 in
2664 5065 2728 5103 eo
2774 5048 3109 5111 malefacere,
3158 5048 3249 5115 qui
3294 5055 3475 5102 tamen

1925 5151 2075 5194 extra
2123 5141 2332 5209 culpam
2390 5155 2528 5204 sum,
2573 5141 2663 5209 qui
2711 5140 3011 5193 innumeris
3059 5138 3472 5200 calamitatibus.

1926 5232 2067 5300 quod
2101 5232 2285 5285 dolens
2315 5232 2453 5294 dico,
2479 5246 2578 5300 pro
2606 5230 2834 5285 veritate
2876 5229 3186 5289 exhaurior,
3225 5230 3315 5297 qui
3357 5244 3471 5281 om-

1925 5326 2075 5379 nium
2111 5325 2387 5393 passiones
2420 5326 2678 5392 gravitate
2702 5325 2947 5386 vicerim,
2980 5333 3034 5377 et
3060 5324 3204 5391 ipsos
3228 5322 3474 5374 inimicm

1927 5416 2058 5468 mihi
2098 5415 2419 5468 insultantes
2469 5417 2520 5467 in
2564 5416 2985 5470 misericordiam
3030 5414 3287 5467 ﬂcxerim.
3345 5413 3476 5478 Quis

1930 5508 2141 5572 talibus,
2167 5523 2274 5561 non
2306 5508 2476 5564 dicam
2509 5510 2821 5563 alllictiones
2844 5508 3174 5577 excogitans,
3195 5522 3299 5558 nun
3325 5505 3476 5557 valde

1930 5600 2253 5661 inllectctur,
2285 5600 2327 5652 si
2370 5600 2624 5668 injustus,
2654 5601 2872 5664 crudus,
2919 5600 3171 5658 crudelis,
3219 5599 3476 5651 burbarm

1931 5703 2035 5739 non
2068 5687 2152 5748 sit,
2189 5688 2230 5739 si
2263 5705 2365 5741 non
2391 5706 2601 5741 onmem
2634 5690 2704 5741 illi
2742 5689 3055 5741 rationalem
3097 5699 3150 5741 et
3184 5690 3474 5740 humanum

1930 5792 2147 5831 sensum
2173 5787 2403 5847 potestas
2433 5795 2539 5833 non
2568 5778 2993 5847 esspcctoravit?
3020 5776 3093 5831 ita
3126 5781 3212 5840 sit,
3240 5778 3473 5844 inquies,
