4236 6436
245 336 357 398 857

1393 334 1931 398 EPISTOLARUM
1967 336 2198 398 LIBER
2236 338 2319 399 II.

3369 334 3473 398 858

241 444 470 518 κότερον
507 446 894 517 ἀναμάθωμεν.
932 446 1055 499 Ὀτι
1084 446 1141 500 δὲ
1173 446 1366 501 ούδένα
1394 447 1523 501 ποτὲ
1555 445 1665 499 τῶν
1696 447 1810 500 πὼ-
1836 452 1914 508 At

1797 477 1810 489 -
1836 449 1999 518 Aqui
2039 449 2329 505 absolverit
2364 462 2489 503 eum
2534 445 2787 501 cui-talis
2833 459 2998 500 scena
3042 443 3297 509 obvenit,
3342 461 3470 516 pro-

241 557 379 595 ποτε
422 540 723 612 ἀνθρώπων
751 541 784 609 ή
835 539 1074 609 τοιαύτη
1100 533 1290 595 παιδιά
1332 540 1489 609 δίκης
1516 539 1808 611 ἐρρύσατο,

240 634 342 686 καὶ
374 633 603 703 μάλιστα
631 633 698 686 ἂν
735 631 1272 702 διαϐεϐαιωσαίμηνο
1305 634 1396 685 καὶ
1422 632 1499 695 ὡς
1530 632 1629 685 οὐκ
1660 633 1809 685 ἐστὶν

239 724 419 787 ossa;
444 725 561 777 τῶν
594 723 1014 793 ἡμαρτηκότων,
1042 724 1106 776 ὲκ
1140 721 1236 776 τοῦ
1276 722 1513 787 παίζειν,
1548 722 1623 786 ὡς
1651 721 1808 785 ἀλλος

243 817 347 885 μὲν
376 816 639 886 ἥμαρτεν,
670 814 824 877 ἀλλος
856 814 911 866 δὲ
946 815 1045 877 τὰς
1076 817 1266 879 ποινὰς
1306 816 1407 869 ούκ
1447 815 1564 869 ἔστι
1604 815 1811 879 δίκαιος

240 907 487 975 ὑπέχειν,
528 906 602 976 μὴ
652 903 931 970 δεδωκὼς,
962 905 1028 968 ἀς
1051 900 1251 975 ὦφλεν,
1294 907 1526 970 εὐθύνας
1550 923 1563 936 ·
1597 907 1659 959 ού
1702 890 1827 978 μὴν

236 998 360 1051 ἀλλ’
398 997 519 1051 οὐδὲ
551 998 661 1051 τῶν
701 999 993 1068 κρινόντων
1026 1000 1111 1067 είη
1145 997 1211 1052 ἀν
1239 1016 1322 1061 τις
1352 998 1508 1063 ὅλως,
1538 998 1597 1062 ὃς
1624 999 1805 1070 ἀφῆκε

238 1090 336 1140 τὸν
362 1089 619 1157 τοιαύτην
642 1089 849 1159 σκηνὴν
869 1089 987 1142 ἀντὶ
1008 1089 1101 1142 τοῦ
1129 1090 1334 1143 στένειν
1358 1091 1442 1157 ἐφ’
1468 1085 1548 1154 οἷς
1568 1090 1806 1160 ἥμαρτε,

240 1179 676 1250 προϐεϐληκότα.
709 1182 818 1234 Καί
859 1198 971 1251 μοι,
1009 1182 1148 1252 πρὸς
1184 1182 1354 1252 αὐτῆς
1380 1182 1558 1253 δίκης,
1595 1182 1690 1236 καὶ
1731 1182 1809 1234 ίε-

242 1272 358 1340 ρῶν
381 1272 639 1341 ἀληθείας
665 1273 887 1341 όργίων,
911 1272 1073 1341 ῥίψας
1100 1272 1197 1344 τὴν
1220 1272 1443 1343 σκηνὴν,
1470 1273 1567 1325 καὶ
1590 1274 1657 1326 τά
1678 1273 1810 1327 δντα

239 1361 417 1429 λέγων
465 1362 621 1432 (ἐμοὶ
674 1362 786 1429 γὰρ
837 1361 1038 1430 μᾶλλον
1071 1361 1402 1433 οἰκειότερον
1445 1361 1590 1431 ήπερ
1629 1361 1809 1425 ἀλλοις

236 1454 467 1507 τοιαῦτα
497 1454 844 1522 προτείνειν),
872 1453 982 1523 ἀρα
1011 1455 1213 1523 φήσαις
1236 1454 1324 1519 ἂν,
1360 1454 1551 1522 ὲνοχῆς
1575 1454 1699 1506 εἶπε
1725 1452 1804 1507 δι-

237 1547 405 1609 καίας
432 1546 594 1608 αὐτὸς
615 1557 665 1607 ι,
701 1549 813 1611 τὸν,
845 1545 898 1597 εί
922 1562 1026 1608 τις,
1058 1545 1197 1616 ὑπὲρ
1234 1538 1309 1599 ὧν
1340 1544 1614 1613 ἐξυϐρίσοι
1634 1585 1649 1607 ,
1679 1545 1809 1597 ταύ-

235 1654 344 1707 την
381 1638 479 1703 τὴν
519 1637 616 1705 σὴν
658 1637 1091 1704 προϐαλλόμενον
1132 1636 1533 1703 δικαιολογίαν;
1566 1637 1677 1689 ἀλλ’
1708 1644 1809 1690 ουκ

239 1730 313 1782 ἂν
342 1728 526 1797 φαίης,
580 1727 689 1780 οὐδ’
721 1728 787 1780 ἀν
813 1728 1001 1796 φαίης.
1044 1727 1205 1781 Ἀλλά
1247 1728 1421 1781 ταῦτα
1452 1728 1551 1798 μὲν
1574 1768 1590 1792 ,
1627 1728 1715 1782 ἵνα
1745 1745 1805 1781 τε

241 1821 323 1889 μὴ
353 1788 610 1889 suaepr
654 1788 986 1888 ὀρκωθέντες
1034 1818 1192 1889 σιγᾷν
1214 1858 1229 1881 ,
1276 1820 1372 1872 καὶ
1402 1788 1471 1872 si
1499 1788 1668 1890 ψεύδη
1701 1820 1809 1890 πρὸ
1839 1788 1881 1843 Β

236 1912 342 1976 τῆς
381 1909 636 1980 ἀληθείας
685 1911 869 1977 τιμᾷν·
904 1910 999 1962 καὶ
1032 1910 1118 1962 ἴνα
1170 1910 1369 1979 μᾶλλον
1419 1911 1688 1981 ἐπιγνῷς,
1734 1913 1811 1975 ὡς

241 1998 415 2067 ἡδέως
451 2016 542 2059 τε,
594 1999 686 2051 καὶ
729 2000 790 2052 ού
832 1999 1154 2069 παρέργως,
1188 2002 1287 2069 τὴν
1322 2000 1421 2070 σὴν
1472 2002 1812 2071 ἀνελεξάμην

240 2090 552 2159 ἐπιστολήν·
587 2090 652 2143 δι’
674 2090 702 2143 ὅ
728 2090 821 2143 καὶ
844 2091 944 2161 τήν
972 2092 1070 2161 σὴν
1106 2091 1496 2161 γραμματικὴν
1526 2092 1812 2159 ἀκρίϐειαν

240 2177 527 2247 ⁸ἔιεαραινῶ,
579 2178 772 2249 μηκέτι
822 2178 883 2231 τὸ
936 2179 1085 2251 ῥῆμα
1141 2179 1301 2233 τοῦτο
1352 2179 1537 2251 δοτικῇ
1586 2182 1812 2235 συντάσ-

246 2286 366 2322 σειν
384 2308 399 2329 ,
432 2270 567 2339 πλὴν
596 2273 646 2323 εἰ
693 2273 859 2340 μήπω
895 2273 1398 2343 περιπεποιημένην
1422 2274 1456 2343 ή
1484 2272 1661 2327 ἔννοια
1688 2274 1814 2328 σύν-

243 2362 404 2427 ταξιν
448 2362 741 2432 ἀπαιτοίηο
773 2364 893 2415 τότε
938 2364 1048 2433 γὰρ
1087 2363 1262 2428 ἔξεστι
1298 2365 1392 2417 καὶ
1432 2366 1566 2434 πρὸς
1596 2365 1813 2436 δοτικὴν

244 2451 574 2515 ἀποδιδόναι,
594 2451 863 2523 δηλοῦντα
886 2454 965 2525 τῷ
986 2455 1149 2525 λόγῳ,
1168 2456 1243 2520 ὡς
1273 2456 1391 2526 ούχί
1421 2473 1480 2510 σε
1504 2460 1811 2525 παραινεῖν,

246 2544 436 2612 ἕτερον
462 2544 516 2597 δὲ
548 2545 633 2599 διά
663 2548 761 2616 τῆς
796 2548 1203 2617 παραινέσεως,
1230 2550 1293 2603 τό
1322 2566 1407 2603 σοι
1444 2550 1615 2603 ποιῶν
1646 2567 1814 2621 κεχα-

253 2635 539 2705 ρισμένον,
566 2641 849 2709 προῆγμαι
890 2639 1130 2708 βελτιοῦν
1150 2657 1164 2670 ο
1196 2642 1293 2695 καὶ
1334 2642 1398 2714 δὴ
1428 2643 1523 2697 καὶ
1552 2644 1613 2697 τὸ
1639 2645 1817 2713 δίκην

250 2726 356 2795 ὑφ’
384 2727 589 2795 ἐτέρου
645 2730 1077 2797 εὶσπράττεται,
1104 2735 1226 2787 ἀντὶ
1266 2734 1362 2787 τοῦ
1405 2729 1541 2803 ,παρ’
1577 2735 1780 2804 ἐτέρου
1798 2776 1816 2801 ,

252 2820 723 2889 παραφυλακτέον.
774 2822 1030 2894 Βάρϐαρα
1067 2825 1296 2896 μὲνγὰρ
1319 2826 1381 2879 ού
1424 2827 1567 2894 λέγω
1596 2828 1664 2882 τὰ
1707 2844 1818 2881 τοισ-

251 2909 417 2965 αὖτα’
450 2912 758 2984 βαρϐαρικά
784 2915 869 2981 δὲ,
906 2918 1003 2969 καὶ
1026 2919 1188 2982 αὐτὸς
1216 2922 1468 2991 συνήσεις
1498 2923 1815 2993 ἐπιστήσας

253 3006 294 3060 ἃ
323 3006 415 3059 καὶ
438 3009 537 3078 τὴν
568 3011 857 3080 ἐπιστολήν
881 3013 1210 3084 κεκαλλιεπη
1220 3016 1387 3085 μένην
1411 3013 1597 3083 οὖσαν,
1632 3018 1819 3072 ὑπενό-

1910 548 2094 610 pterea
2123 541 2266 610 quod
2300 539 2479 595 doleat
2518 554 2578 593 se
2622 552 2873 609 peccasse
2909 555 2923 592 :
2952 537 3085 607 quin
3117 545 3169 591 te
3202 552 3329 606 rego
3377 554 3475 608 per

1904 633 2169 702 justitiam
2216 634 2405 703 ipsam,
2434 647 2531 701 per
2577 645 2729 685 sacra
2756 628 2998 684 veritatis
3026 628 3174 699 orgia
3198 669 3212 694 ,
3242 629 3468 685 detrahe

1906 729 2051 785 hanc
2087 741 2326 790 scenam,
2364 740 2474 779 rem
2509 733 2566 778 ut
2594 731 2676 779 est
2706 722 2927 777 enuntia
2953 724 3120 790 (certe
3163 719 3335 791 magis
3363 724 3469 778 mei

1910 820 2135 874 interest
2178 833 2339 886 quam
2379 815 2603 869 aliorum
2654 815 2793 869 hanc
2824 813 3188 867 conditionem
3224 812 3466 882 oﬂ'erre),

1911 912 2074 981 igitur
2093 910 2241 965 dices
2265 912 2407 979 juste
2428 917 2580 962 reatu
2607 906 2776 962 teneri
2808 906 2957 960 illum
3000 904 3115 975 qui,
3139 922 3236 975 pro
3264 906 3471 961 calum-

1908 1004 2015 1057 niis
2044 1018 2075 1057 a
2123 1018 2180 1057 se
2223 1000 2458 1059 inﬂictis.
2495 1010 2643 1055 tuam
2679 1000 2819 1054 hanc
2866 1000 2921 1053 in
2965 998 3203 1053 medium
3235 999 3471 1068 proferet

1909 1094 2344 1158 accusationem;
2372 1092 2466 1148 sed
2490 1107 2558 1147 ne
2589 1092 2787 1146 dixeris
2816 1091 2888 1145 ita
2910 1132 2923 1151 ,
2957 1091 3085 1145 licet
3125 1090 3195 1143 ita
3241 1090 3462 1144 dixeris.

1909 1188 2039 1242 Haec
2075 1194 2254 1240 autem
2287 1184 2570 1248 hactenus,
2602 1198 2671 1238 ne
2699 1183 2881 1238 videar
2905 1181 3185 1251 adjuratus
3224 1182 3463 1241 siluisse.

1908 1290 1965 1334 et
1988 1276 2326 1332 mendacium
2357 1276 2654 1345 praetulisse
2683 1273 2916 1336 veritati,
2936 1283 2991 1327 et
3010 1282 3067 1327 ut
3096 1273 3278 1327 adhuc
3299 1273 3468 1343 magis

1908 1385 2168 1442 agnoscas
2196 1383 2356 1439 quam
2396 1368 2634 1437 jucunde
2663 1382 2764 1421 nec
2792 1364 3156 1435 perfunctorie
3184 1362 3467 1433 epistolam

1911 1470 2056 1515 tuam
2087 1460 2328 1530 legerim,
2362 1458 2415 1513 in
2446 1474 2547 1528 qua
2575 1458 3032 1528 grammaticalem
3057 1465 3204 1510 tuam
3246 1468 3468 1509 accura-

1912 1552 2110 1605 tionem
2128 1550 2307 1613 laudo,
2328 1550 2637 1619 neutiquam
2660 1549 2759 1603 hoc
2779 1550 3001 1603 verbum
3030 1548 3210 1602 dativo
3238 1546 3469 1614 conjun-

1910 1644 2166 1713 gendum,
2206 1642 2309 1697 nisi
2338 1642 2427 1719 ubi
2458 1655 2650 1695 sensus
2678 1640 2923 1711 syntaxin
2962 1639 3203 1708 requirat
3235 1638 3468 1692 circum-

1909 1732 2216 1786 locutionis.
2260 1729 2468 1784 Licebit
2504 1730 2577 1783 ita
2641 1743 2765 1782 cum
2818 1728 3015 1797 dativo,
3048 1728 3306 1797 iungere,
3350 1740 3469 1779 ser-

1910 1840 2069 1879 mone
2094 1824 2315 1884 docens,
2347 1821 2489 1891 quod
2526 1835 2632 1873 non
2664 1828 2722 1873 ut
2751 1828 2801 1873 te
2824 1819 3055 1883 laudem,
3090 1818 3182 1873 sed
3212 1824 3272 1871 ut
3304 1816 3468 1870 alium

1910 1925 2001 1970 tua
2034 1930 2196 1970 causa
2224 1913 2502 1968 meliorem
2540 1909 2758 1964 reddam
2792 1949 2808 1973 ,
2845 1907 2908 1961 Et
2946 1916 3094 1962 certe
3135 1905 3266 1960 illud
3314 1906 3469 1974 δίκην

1911 2008 2000 2076 ὑφ’
2023 2006 2210 2073 ἑτέρου
2231 2004 2612 2073 εἰσπράττεται
2641 2014 2739 2068 pro
2766 2000 2894 2069 παρ’
2926 1998 3137 2069 ἑτέρου,
3167 1996 3467 2051 cavendum

1910 2110 1995 2157 est
2022 2100 2221 2164 dicere;
2247 2096 2473 2152 barbara
2494 2110 2602 2149 non
2636 2094 2824 2148 dixero
2856 2089 3161 2158 huiusmodi
3190 2098 3245 2142 at
3273 2088 3469 2142 barba-

1910 2194 2042 2257 rica,
2085 2206 2207 2260 qua
2252 2189 2554 2258 epistolam,
2581 2185 2725 2255 quod
2772 2182 3067 2253 intelligere
3114 2190 3289 2251 potes,
3336 2179 3471 2233 alias

1909 2283 2157 2340 scitulam
2182 2280 2567 2335 adulterarum.
2596 2276 2699 2332 Sed
2720 2276 2834 2331 haec
2853 2274 3134 2328 hactenus.
3186 2272 3293 2342 Ego
3325 2280 3471 2325 certe

1910 2390 2091 2431 meum
2130 2372 2441 2428 Zachariam
2469 2386 2579 2426 non
2617 2384 2761 2423 nunc
2798 2368 3027 2439 primum
3056 2364 3279 2433 incipio,
3330 2364 3472 2433 Deus

1913 2468 2154 2533 meliora,
2177 2466 2262 2522 vel
2294 2480 2537 2537 parcere.
2559 2464 2638 2518 vel
2659 2477 2769 2517 non
2796 2460 3022 2515 ulterius
3045 2457 3237 2530 punire
3258 2456 3469 2517 desino,

1912 2577 2014 2617 nec
2040 2560 2185 2632 quod
2216 2560 2434 2614 morbos
2452 2566 2509 2613 et
2538 2558 2818 2627 passiones
2854 2555 3141 2617 declinem,
3178 2551 3471 2607 fortunam.

1913 2663 1970 2710 et
1991 2652 2345 2716 calamitates,
2387 2649 2611 2705 insidias
2638 2657 2695 2703 et
2736 2646 3003 2717 nequitias
3047 2642 3342 2699 Phalaridis
3370 2640 3476 2696 illis

1914 2763 2025 2802 non
2055 2746 2237 2801 minus
2268 2742 2681 2808 tolerabiliores,
2724 2740 2820 2795 sed
2849 2739 3110 2793 animitus
3151 2736 3475 2791 insidentem

1915 2849 1971 2896 et
1995 2839 2275 2909 antiquum
2300 2835 2551 2891 aﬂectum
2574 2847 2919 2895 conservans,
2944 2829 3302 2898 amicitiaque
3348 2842 3478 2898 ergo

1915 2947 2051 2987 mea:
2082 2932 2306 2985 sincerae
2356 2937 2413 2983 et
2450 2942 2600 2998 pura
2627 2941 2738 2981 non
2766 2925 2987 2988 oblitus,
3006 2932 3058 2977 et
3082 2930 3479 2991 paternomore

1917 3021 2235 3092 amplector,
2272 3027 2329 3073 et
2355 3032 2511 3074 sacro
2543 3025 2805 3071 veneratu
2858 3015 3036 3070 foveo.
3071 3015 3192 3069 Non
3235 3012 3378 3083 quod
3400 3020 3480 3066 -ιο

256 3101 433 3154 θευεν.
478 3103 616 3155 Ἀλλ’
648 3104 741 3156 ἐπὶ
785 3105 1037 3159 τοσοῦτον
1068 3109 1166 3177 μὲν
1197 3126 1386 3164 ταυτα.
1434 3110 1574 3179 Ἐγὼ
1613 3112 1672 3165 δὲ
1710 3113 1816 3165 Ζα-
1842 3122 1887 3182 c
1919 3129 1929 3167 ι

1808 3141 1816 3153 -
1842 3122 1887 3182 α
1919 3112 2130 3172 scribis.
2157 3109 2325 3164 errori
2356 3107 2584 3178 pristino
2607 3105 2892 3166 insultans,
2914 3121 3102 3160 verum
3130 3120 3254 3161 cum
3280 3103 3481 3158 immo-

256 3195 453 3262 χαρίαν
495 3194 586 3247 τὸν
618 3195 747 3265 ἐμὸν
787 3196 885 3249 ούκ
917 3198 1215 3267 ἀρχόμενος
1248 3199 1363 3264 νῦν,
1403 3202 1605 3270 ἄπαγε,
1640 3204 1816 3272 φείδε-

259 3282 408 3349 σθαι,
447 3284 565 3336 οὐδὲ
595 3285 687 3338 τοῦ
718 3286 965 3349 κολάζειν
1004 3291 1383 3361 πεπαυμένος,
1410 3293 1530 3345 οὐδὲ
1565 3293 1818 3363 δυσωπη-

259 3372 374 3436 θεὶς
415 3375 600 3435 νόσους
634 3378 728 3429 καὶ
774 3378 917 3449 πάθη
955 3380 1051 3432 καὶ
1078 3380 1247 3451 τύχας
1296 3382 1390 3436 καὶ
1437 3384 1817 3454 περιστάσεις,

258 3466 368 3518 οὐδ’
396 3466 684 3532 ἐπιϐουλάς
714 3486 773 3522 τε
808 3472 899 3523 καὶ
928 3471 1201 3537 κακώσεις
1235 3475 1431 3545 μικροῦ
1460 3477 1558 3540 τάς
1585 3478 1820 3549 Φαλάρι-

256 3557 347 3619 δος
386 3559 741 3630 ἀνεκτοτέρας
772 3562 1074 3627 δεικνύσας,
1108 3564 1241 3617 ἀλλά
1279 3567 1379 3635 τὴν
1416 3567 1654 3637 ἔμφυτον
1696 3568 1819 3639 ἐμοὶ

259 3650 355 3703 καὶ
384 3651 616 3720 ἀρχαίαν
643 3653 922 3716 διασώζων
945 3656 1169 3726 γνώμην
1191 3697 1205 3718 ,
1236 3659 1330 3711 καὶ
1356 3659 1417 3713 τὸ
1457 3659 1695 3729 καθαρὸν
1725 3659 1818 3714 καὶ

260 3742 533 3813 ἀκήρατον
565 3746 695 3814 περὶ
726 3748 853 3809 τοὺς
899 3748 1065 3817 ἐμοὺς
1110 3750 1209 3803 οὐκ
1242 3751 1660 3821 ἑπιλελησμὲνος
1693 3750 1816 3819 φίλ-

262 3850 413 3903 τρον,
446 3834 539 3887 καὶ
564 3836 1002 3905 περιπτύσσομαι
1028 3840 1330 3905 πατρικῶς,
1360 3844 1451 3895 καὶ
1480 3841 1819 3909 ὶναγκαλίζο⁹

1924 3211 2038 3256 tum
2062 3207 2467 3269 permanentem
2499 3195 2720 3266 diligam
2759 3205 2814 3249 et
2857 3195 2912 3249 in
2944 3194 3243 3250 visceribus
3276 3191 3479 3247 Christi

1922 3292 2175 3361 recipiam
2212 3305 2333 3346 cum
2365 3289 2557 3359 gaudio
2594 3288 2964 3351 accedentem,
3005 3289 3074 3341 ita
3119 3287 3296 3341 omnia
3336 3284 3482 3354 peri-

1922 3384 2042 3439 cula
2071 3385 2139 3439 de
2166 3381 2380 3438 sublimi
2409 3381 2670 3451 despicio.
2705 3396 2807 3436 nec
2847 3380 3170 3451 tragicarum
3213 3376 3484 3433 narratio-

1922 3490 2051 3529 num
2086 3488 2224 3528 onus
2263 3478 2541 3533 onustum,
2577 3486 2766 3524 verum
2802 3478 3036 3523 mentem
3079 3466 3385 3536 propriam,
3426 3473 3480 3516 et

1923 3566 2159 3620 animam
2191 3564 2535 3619 tenebrarum
2579 3560 2820 3616 materiae
2868 3560 3199 3621 immersam,
3248 3556 3484 3610 defaeca-

1926 3665 2055 3720 tam,
2100 3657 2154 3709 in
2207 3670 2315 3725 quo
2371 3655 2635 3710 stabilitas
2685 3652 2811 3705 vitae
2859 3650 3150 3705 immobilis
3203 3648 3483 3710 consistat,

1925 3746 2207 3817 splendido
2248 3761 2372 3801 cum
2414 3754 2671 3817 apparatu
2716 3745 2843 3799 hinc
2874 3740 3346 3798 transmittendam
3389 3752 3488 3807 op-

1927 3850 2056 3897 tem.
2093 3838 2161 3893 ad
2194 3836 2465 3903 caelestem
2500 3851 2754 3891 coronam
2786 3835 3173 3903 recipiendam.

266 3944 366 3997 μαι
416 3927 775 3997 ἱεροπρεπῶς⁸
811 3927 934 3982 οὒτε
976 3930 1054 3999 τῷ
1106 3930 1274 3984 παλαι
1317 3933 1592 4001 σφαλέντι,
1622 3932 1697 3996 ὡς
1749 3934 1814 3985 σὺ
1853 3931 2115 4002 γράφεις,
2146 3926 2516 3997 ἐπεμϐαίνων,
2555 3926 2649 3979 καὶ
2688 3924 2778 3977 τδν
2844 3924 3093 3978 ἄσειστον
3156 3921 3489 3989 διαμεμενη-

265 4022 402 4073 κότα
452 4021 691 4091 στέργων
738 4021 833 4074 καὶ
883 4023 1364 4092 κατασπαζόμενος
1402 4024 1458 4077 ἑν
1494 4025 1820 4094 σπλάγχνοις
1857 4020 2092 4093 Χριστοῦ
2150 4021 2245 4073 καὶ
2267 4020 2490 4089 δέχομαι
2521 4018 2837 4088 προσίοντα,
2873 4014 3101 4084 χαίρων,
3156 4014 3249 4065 καὶ
3280 4012 3486 4073 πάντας

266 4110 541 4172 κινδύνους
579 4113 879 4181 ὑπερορῶν,
910 4114 971 4165 ού
1004 4115 1275 4183 τραγικῶν
1308 4117 1437 4184 ἡμίν
1466 4115 1817 4187 διηγημάτων
1846 4116 2047 4181 ἄγοντα
2078 4114 2296 4183 φόρτον,
2325 4109 2460 4163 ἀλλά
2496 4110 2587 4163 τὸν
2647 4109 2847 4161 οἰκεῖον
2888 4104 3010 4157 νοῦν
3030 4143 3045 4168 ,
3080 4102 3174 4157 καὶ
3233 4102 3333 4172 τὴν
3361 4102 3489 4154 ἑαυ-

265 4202 362 4254 τοῦ
382 4202 578 4271 ψυχὴν.
611 4203 911 4271 προστύλου
950 4206 1127 4274 πάσης
1156 4205 1348 4275 ἀχλύος
1378 4207 1609 4278 φέροντα
1650 4206 1922 4278 καθαράν·
1956 4207 2013 4257 ἐν
2054 4198 2176 4276 ᾖτδ
2222 4201 2437 4271 βέϐαιόν
2500 4217 2561 4253 τε
2638 4200 2734 4252 καὶ
2773 4195 3169 4266 ἀμετακίνητον
3212 4193 3298 4247 διὰ
3375 4191 3491 4263 βίου

269 4296 459 4366 ἔχοντά
506 4312 563 4348 τε
596 4296 688 4349 καὶ
728 4297 1111 4367 ἱδρυσάμενον,
1160 4304 1269 4365 τοῖς
1302 4302 1506 4355 ἐκεῖθεν
1537 4303 1820 4372 στεφάνοις
1851 4300 2124 4371 λαμπρὸν,
2151 4298 2415 4368 λαμπρῶς
2450 4295 2682 4366 εὔχομαι
2715 4290 3209 4362 παραπεμφθῆναι·

866 4407 1089 4461 ΕΠΙΣΤ.
1123 4409 1211 4462 Μ’.
1858 4403 1905 4458 D

522 4499 736 4562 Παύλῳ
762 4500 1171 4567 μητροπολίτῃ
1216 4500 1579 4567 Λαοδικείας.

1491 4612 1750 4661 Montacut.
1779 4613 1880 4675 (ep.
1913 4612 2022 4670 222,
2052 4626 2102 4675 p.
2128 4611 2257 4671 552).

2521 4403 2741 4459 EPIST.
2788 4403 2900 4456 XL.

2280 4499 2451 4553 Paulo
2480 4497 2818 4565 metropolitaz
2846 4495 3142 4549 Laodicew.

346 4709 408 4760 Oi
445 4707 705 4776 δράπεται
727 4747 743 4773 ,
772 4706 897 4769 τούς
925 4724 1054 4760 ποτε
1092 4708 1190 4777 τὴν
1223 4708 1419 4779 πρᾶξιν
1448 4710 1827 4779 αἰτιωμένους,

276 4799 554 4860 πείθοντες
583 4797 1032 4867 συνδραπετεύειν
1055 4841 1071 4865 ,
1100 4801 1159 4852 ού
1193 4800 1350 4869 μόνον
1380 4800 1609 4865 ούδενὺς,
1639 4794 1714 4854 ὧν
1750 4804 1831 4855 al-

278 4892 521 4953 τιῶνται,
554 4892 822 4958 ἀφίενται,
858 4892 991 4943 ἀλλὰ
1020 4893 1111 4944 καὶ
1144 4891 1335 4961 διπλῆς
1362 4893 1538 4955 αἰτίας
1570 4894 1708 4960 σφᾶς
1734 4894 1832 4947 αύ-

278 4982 424 5043 τούς,
460 4980 657 5049 μᾶλλον
681 4981 736 5033 δὲ
776 4982 1083 5051 πολλαπλῆς
1110 4983 1324 5052 ἐνόχους
1369 4983 1725 5040 δεικνύουσιν.
1755 4986 1830 5038 Οὐ

279 5070 387 5138 γάρ
439 5071 472 5140 ή
530 5070 782 5124 κοινωνία
834 5069 928 5124 τοῦ
990 5072 1317 5142 ἀδικήματος
1369 5072 1467 5143 τὴν
1520 5074 1831 5145 ἐλευθερίαν

280 5161 725 5230 πραγματεύεται
751 5160 829 5230 τῷ
861 5161 1202 5232 κατάρχοντι,
1236 5163 1348 5216 ἀλλ’
1387 5165 1418 5232 ή
1448 5164 1556 5216 τῶν
1592 5166 1832 5235 παραζη-

281 5252 515 5305 λούντων
567 5254 828 5322 μίμησις,
874 5252 1099 5323 αύξησίς
1146 5257 1292 5308 ἐστιν
1336 5256 1688 5325 ἀδυσώπητος
1740 5255 1836 5309 τοῦ

282 5340 516 5409 ἐξαρχῆς
555 5340 922 5410 ἀδικήματος,
958 5341 1268 5406 λιποταξίου
1303 5343 1460 5413 δίκην
1500 5344 1711 5413 δφλων,
1747 5346 1837 5398 καὶ

282 5432 479 5500 φυγάς.
512 5431 604 5483 καὶ
642 5433 878 5502 ἀρχηγὸς
898 5472 912 5495 ,
947 5436 1039 5484 καὶ
1069 5433 1270 5486 πείθων
1300 5433 1491 5496 ἀλλους
1526 5434 1833 5505 μιμεῖσθαι,

284 5524 375 5575 καὶ
401 5524 461 5575 τὸ
504 5522 818 5594 βαρύτερον,
853 5525 947 5578 καὶ
970 5526 1093 5588 τοὺς
1117 5526 1258 5590 ὅσοις
1283 5522 1349 5597 ἦν
1393 5528 1425 5597 ἡ
1449 5526 1672 5595 τοιαύτη
1702 5527 1834 5596 πρᾶ-

2008 4710 2262 4783 Fugitivi,
2296 4707 2562 4763 actionem
2592 4704 2735 4758 illam
2773 4701 3063 4772 aliquando
3100 4700 3485 4769 vituperantes,

1940 4820 2047 4857 una
2077 4816 2258 4856 secum
2299 4815 2417 4854 esse
2450 4796 2700 4867 fugitivos
2724 4794 3007 4849 induxere.
3055 4791 3131 4845 illi
3175 4806 3285 4845 non
3336 4792 3495 4845 modo

1936 4894 2089 4950 liberi
2121 4901 2247 4946 sunt
2274 4891 2343 4945 ab
2382 4889 2467 4942 illa
2496 4888 2682 4955 culpa,
2712 4883 2805 4938 sed
2837 4882 3037 4952 duplici
3088 4897 3146 4937 se
3182 4892 3275 4936 aut
3304 4882 3494 4936 multi-

1937 4987 2059 5057 plici
2103 4994 2254 5039 reatu
2290 4982 2581 5053 praedicant
2614 4978 2783 5033 teneri
2817 4994 2831 5030 :
2864 4976 2985 5031 Non
3015 4974 3159 5029 enim
3190 4976 3496 5031 communi-

1936 5080 2079 5134 catio
2119 5077 2328 5145 injuria:
2362 5073 2661 5127 libertatem
2700 5077 2954 5142 procurat
2988 5083 3105 5123 eam
3146 5067 3494 5137 auspicandi,

1942 5168 2036 5224 sed
2066 5166 2290 5220 imitatio
2327 5162 2465 5216 male
2489 5161 2760 5232 agentium
2782 5157 2837 5212 in
2869 5158 3191 5212 immensum
3216 5166 3495 5225 acceptum

1942 5259 2175 5316 crimen;
2210 5270 2332 5310 nam
2370 5254 2615 5307 desertor
2642 5249 2867 5311 ordinis,
2896 5247 3175 5318 fugitivus,
3222 5245 3495 5316 princeps.

1941 5361 1997 5406 et
2025 5350 2285 5405 inducens
2310 5346 2444 5399 alios
2483 5353 2586 5406 est,
2617 5350 2672 5395 et
2710 5341 2851 5412 quod
2881 5340 3099 5411 gravius
3144 5347 3248 5402 est,
3277 5352 3371 5393 eos
3407 5337 3498 5407 qui

1943 5442 2027 5495 illa
2059 5448 2293 5510 patrare,
2321 5436 2632 5507 priusquam
2670 5433 3091 5504 captivarcntur,
3122 5430 3454 5500 dejerasscnt
3482 5445 3495 5481 :

1944 5530 2142 5586 γίιιοείε
2171 5539 2369 5593 autem,
2395 5528 2608 5591 vidcsis,
2638 5527 2875 5597 inquam.
2901 5525 3030 5580 quin
3050 5522 3290 5581 videritis
3318 5522 3498 5593 potius

1534 5645 1764 5703 VARIA‘J
1808 5643 2203 5703 LECTIONES.

363 5762 386 5785 λ
432 5750 513 5803 ϊσ.
549 5746 684 5803 εἶναι
714 5750 891 5802 αὐτόν.
