4236 6436
797 383 905 448 859
1921 380 2183 443 PHOTII
2217 379 2470 441 PATRIl

2348 379 2719 442 ,‘RIARCH/E
2771 380 2880 440 CP.
3899 371 4021 434 860

781 507 973 549 omnes
1002 490 1275 562 (comitem
1325 489 1492 553 enim,
1525 489 1754 552 consilii,
1786 488 1922 559 fuga:
1952 499 2054 542 tua:
2080 489 2331 543 comitem
2365 500 2406 551 Α
2438 489 2454 553 ξ

2365 500 2406 551 Α
2438 489 2538 556 ξις,
2579 491 2708 560 πρὶν
2733 483 3317 555 ὑπανδραποδισθῆναι,
3353 483 3496 551 μέγα
3523 484 3725 554 ὅρκιον.
3758 481 3904 551 Ὅρα
3941 481 4021 550 δὴ

780 584 984 637 socium
1025 582 1258 650 adjungo
1286 580 1627 649 discipulum)
1663 579 1790 647 quid
1820 580 1894 632 sis
1918 580 2179 640 dicturus.
2214 594 2338 632 cum
2438 582 2453 633 l

2438 581 2641 643 λοιπὸν,
2687 581 2806 650 δρα,
2862 577 3059 647 μᾶλλον
3101 576 3158 628 δὲ
3202 576 3456 645 συνορᾶτε
3503 574 3727 644 (δίδωμι
3771 577 3880 642 γὰρ
3930 591 4031 625 σοι

781 675 919 727 ratio
944 675 1021 727 tui
1065 675 1186 726 lacti
1218 689 1248 725 a
1278 683 1330 726 te
1353 674 1614 742 exigetur.
1641 671 1746 724 Sed
1768 673 1884 725 vale
1911 690 1924 726 :
1950 686 2050 724 nec
2079 671 2337 738 deinceps
2439 685 2454 719 ι

2439 666 2691 719 κοινωνὸν
2717 666 2814 730 τῆς
2847 664 3038 732 βουλῆς
3073 663 3164 714 τὸν
3206 664 3427 731 γνήσιον
3466 665 3565 732 τῆς
3608 666 3785 731 φυγῆς
3835 661 4024 731 μαθη-

779 765 986 836 fugitivi
1027 766 1264 817 animum
1305 772 1646 831 mentemque
1686 763 1825 824 fove,
1882 779 1982 815 nec
2024 763 2157 816 alios
2227 777 2332 814 una
2438 775 2452 807 ι

2438 758 2556 826 τὴν)
2589 757 2707 809 τίνα
2740 755 2952 825 μέλλεις
2975 754 3134 821 λόγον
3159 753 3319 822 ἔχειν,
3346 753 3432 805 ὅτε
3456 771 3514 806 σε
3539 753 3648 806 τῶν
3674 752 4027 822 τηλικούτων

779 857 966 927 fugere
994 854 1192 909 allicito
1221 873 1234 908 :
1266 864 1321 908 et
1353 854 1586 908 terribile
1615 854 1875 922 judicium
1910 855 2060 915 illud,
2092 869 2153 906 ac
2185 853 2339 906 inde-
2439 867 2452 899 η

2439 850 2538 911 τὰς
2565 847 2791 909 εὐθύνας
2831 845 3119 915 βουληθείη
3153 845 3251 914 μὲν
3289 845 3621 915 πράττεσθαι
3647 845 3698 896 δ.
3743 843 3885 896 Ἀλλ’
3928 845 4029 913 ἒῤ-

781 950 1049 1012 clinabile,
1087 950 1223 1002 ultra
1263 947 1734 1001 comminationem
1775 963 1882 1000 non
1921 947 2196 1015 procedet.
2444 963 2454 1011 ι

2444 945 2606 1011 ῥωσο’
2639 942 2732 994 καὶ
2779 941 2973 1010 μηκέτι
3018 941 3152 1009 μήτε
3189 941 3251 991 σὺ
3291 939 3564 1009 δραπέτην
3599 938 3688 1006 έχε
3719 937 3991 1004 λογισμὸν
4020 982 4034 999 ,

785 1042 921 1109 μήτε
969 1039 1319 1110 δραπετεύειν
1371 1038 1562 1100 ἄλλους
1619 1037 1882 1105 ὑπόθελγε
1910 1053 1922 1064 °
1984 1039 2077 1088 καὶ
2125 1037 2191 1088 τὰ
2244 1037 2343 1103 τῆς
2380 1034 2618 1102 ἀφύκτου
2651 1033 2742 1086 καὶ
2765 1032 3001 1101 φοϐερᾶς
3031 1033 3186 1099 δίκης
3219 1034 3296 1092 εἰς
3325 1031 3489 1100 μόνας
3547 1030 3779 1092 ἀπειλὰς
3841 1028 4038 1082 διαλέ-

781 1126 957 1185 λυται.

1308 1244 1522 1299 EPlST.
1562 1245 1698 1298 XLI.

1029 1337 1304 1391 Zachariae
1329 1337 1670 1406 metropolitaz
1704 1335 2060 1390 Chalcedonis.

3035 1235 3257 1288 ΕΠΙΣΤ.
3297 1235 3432 1286 MA'.

2671 1327 2935 1394 Ζαχαρία
2959 1322 3378 1393 ιμητροπολίτῃ
3409 1320 3812 1386 Χαλκηδόνος.

2006 1447 2268 1496 Montacut.
2305 1447 2405 1506 (ep.
2442 1442 2555 1501 223,
2585 1455 2635 1501 p.
2661 1439 2790 1499 535).

857 1550 1070 1613 Inveni,
1098 1550 1312 1618 Opinor,
1347 1550 1627 1618 sanguinis
1682 1550 2027 1614 ablationem,
2069 1550 2196 1603 licet
2261 1565 2356 1617 per

785 1648 1052 1702 :estatem,
1105 1639 1180 1691 tui
1208 1640 1454 1706 corporis
1503 1639 1800 1692 habitudini
1849 1654 2158 1708 congruam.
2201 1637 2355 1702 Quod

2547 1540 2738 1615 Εὗρον,
2780 1537 2955 1610 οἶμαι,
3001 1539 3098 1610 τὴν
3151 1538 3244 1590 τοῦ
3281 1539 3512 1607 αἵματος
3561 1537 3873 1607 ἀφαίρεσιν,
3935 1537 4040 1588 καὶ

2464 1637 2649 1706 θερίας
2680 1635 2863 1703 ούσης,
2888 1635 2953 1701 τῇ
2992 1631 3084 1682 τοῦ
3118 1629 3362 1698 σώματός
3409 1647 3500 1680 σου
3539 1629 3772 1680 διαθέσει
3812 1632 4038 1696 συμφέ-

786 1731 1036 1800 quamvis
1080 1730 1150 1783 sit
1173 1740 1362 1783 contra
1390 1731 1700 1798 Opinionem
1737 1731 2070 1784 medicorum
2092 1731 2184 1799 qui
2209 1746 2354 1784 nunc
2391 1764 2431 1816 Β

2353 1772 2354 1779 η
2391 1764 2431 1816 Β
2467 1745 2679 1796 ρουσαν.
2709 1727 2771 1779 Εἰ
2801 1725 2856 1776 δὲ
2885 1722 3032 1792 παρὰ
3055 1720 3210 1784 δόξαν
3247 1723 3362 1773 ἐστὶ
3383 1721 3492 1772 τῶν
3528 1719 3621 1771 νῦν
3654 1721 4026 1782 ἐπιπολαζόν-

788 1820 991 1887 ubique
1023 1819 1324 1884 abundant,
1367 1829 1580 1873 nonest
1622 1821 1950 1888 paradoxum
1987 1834 2188 1877 tamen.
2223 1821 2356 1875 Nam

785 1924 855 1962 ne
872 1910 1007 1964 alios
1059 1911 1297 1977 ipsorum
1340 1926 1552 1964 errores
1586 1926 1897 1979 persequar,
1938 1913 2134 1980 quibus
2169 1912 2359 1981 hippa-

787 2001 864 2055 ris
895 2002 1121 2054 habetur
1166 2003 1484 2070 polygonum
1514 2020 1528 2066 ;
1557 2005 1742 2057 seselis
1772 2045 1786 2067 ,
1821 2005 2132 2058 lierculeum
2195 2021 2360 2073 pana-

785 2105 879 2145 ces
901 2133 916 2155 ,
946 2091 1036 2158 qui
1069 2091 1380 2145 batracbion
1405 2109 1625 2161 parvum
1650 2095 2015 2148 chelidoniqu
2044 2105 2272 2164 putant;
2304 2106 2360 2150 et

784 2197 886 2251 pro
907 2183 1085 2252 peplio
1113 2184 1442 2255 titliymallus
1463 2187 1723 2253 habetur;
1751 2189 1947 2258 quibus
1995 2191 2358 2259 potamogiton

786 2274 1228 2342 estleimonium;
1274 2285 1327 2330 et
1365 2279 1515 2346 niger
1549 2280 1875 2335 ebamzeleon
1917 2293 2166 2351 tanquam
2185 2283 2356 2348 albus;

788 2366 879 2434 qui
905 2382 1000 2435 pro
1037 2383 1300 2422 anemone
1329 2370 1613 2438 proferunt
1637 2387 1979 2441 argemonem
2015 2391 2028 2439 ;
2064 2375 2205 2444 apud
2224 2391 2360 2445 quos

789 2457 1015 2512 inﬁnita:
1039 2459 1326 2513 herbarum
1364 2465 1571 2530 species
1588 2473 1642 2517 et
1674 2473 1880 2518 natura:
1913 2467 2210 2536 peregrinis
2231 2469 2359 2521 sub-

790 2550 1036 2603 serviunt
1059 2552 1412 2619 temporibus,
1446 2553 1652 2617 usibus,
1676 2556 1988 2610 nominibus
2023 2576 2036 2610 :
2071 2573 2192 2611 nam
2238 2574 2359 2627 qua:

786 2639 898 2708 jam
956 2641 1084 2702 dixi,
1117 2658 1226 2710 pra:
1251 2644 1498 2698 manibus
1552 2655 1699 2709 sunt,
1745 2662 1862 2715 qua:
1909 2648 2024 2702 sine
2065 2649 2359 2717 quaestione

791 2739 939 2783 certa
963 2731 1232 2785 debebant
1261 2748 1380 2786 esse
1419 2733 1502 2787 vel
1550 2735 1638 2796 iis,
1667 2736 1756 2804 qui
1782 2753 1812 2790 a
1851 2748 2007 2806 portu
2036 2739 2358 2794 medicinam

794 2818 1114 2873 salutarunt.
1142 2820 1283 2885 Quid
1336 2823 1619 2887 mirum,si
1674 2825 2036 2892 phlebotomia
2073 2828 2169 2881 tibi
2227 2844 2360 2881 cou-

793 2913 999 2966 ducens
1031 2915 1098 2967 ab
1129 2915 1230 2968 illis
1265 2915 1554 2983 deputetur
1595 2917 1766 2969 aliena
1796 2917 1819 2969 ?
1859 2918 1938 2970 Tu
1994 2918 2039 2973 si
2072 2920 2356 2974 consilium

799 3021 978 3058 meum
1002 3007 1305 3070 admiseris,
1351 3023 1472 3060 cum
1498 3010 1639 3063 bono
1687 3009 1815 3074 Deo,
1867 3011 2079 3066 illorum
2131 3013 2354 3082 pudore,

795 3097 1126 3166 experientia
1159 3098 1501 3167 proluturum
1564 3100 1828 3155 invenies.

1352 3378 1568 3434 EPIST.
1602 3379 1764 3433 XLII.

1069 3471 1307 3525 Michaeli
1366 3473 1635 3542 Milylenes
1683 3475 2044 3541 metropolilw.

2465 1835 2569 1869 των
2605 1815 2821 1884 ἰατρῶν,
2857 1811 3154 1881 παράδοξον
3199 1811 3373 1864 οὐδέν.
3419 1803 3512 1870 Οἷς
3541 1810 3647 1878 γὰρ
3689 1810 3775 1861 ἵνα
3827 1810 3905 1879 μὴ
3937 1810 4040 1860 νὺν

2466 1909 2563 1970 τὰς
2604 1907 2766 1967 ἄλλας
2799 1904 2976 1957 αὐτῶν
3028 1903 3156 1970 περὶ
3200 1901 3297 1971 τὴν
3343 1902 3541 1970 τέχνην
3593 1901 3932 1970 ἁμαρτάδας,
3986 1904 4042 1952 οἰ

2468 2015 2559 2066 μοι
2585 1997 2747 2064 λέγω,
2782 1995 2894 2047 ἀλλ’
2939 1993 3194 2061 ίππουρὶς
3229 1992 3328 2061 μὲν
3365 1991 3644 2060 νομίζεται
3691 1991 3753 2042 τὸ
3800 1991 4038 2056 πολύγο-

2464 2106 2553 2142 νον
2581 2105 2595 2119 ·
2644 2087 2849 2148 σέσελις
2881 2084 2937 2136 δὲ
2973 2084 3034 2136 τὸ
3075 2082 3366 2153 ἡράκλειον
3397 2083 3667 2142 πίνακεςο
3719 2083 3812 2134 καὶ
3849 2076 3937 2133 οἷα
3967 2082 4036 2148 δὴ

2467 2179 2757 2250 βατράχιον
2791 2179 2850 2230 τὸ
2875 2176 3095 2247 μικρὸν,
3131 2175 3376 2245 κρίνεται
3418 2172 3739 2243 χελιδόνιονο
3785 2174 3882 2225 καὶ
3911 2175 4038 2225 ἀντι

2469 2272 2567 2342 μὲν
2599 2269 2846 2334 πεπλίου,
2891 2267 3216 2336 τιθύμαλλος
3237 2283 3252 2299 ο
3288 2266 3363 2327 ὠς
3417 2267 3826 2333 ποταμογείτων
3858 2265 3937 2325 δὲ,
3971 2265 4037 2314 τδ

2464 2363 2778 2430 λειμώνιον’
2811 2360 2906 2412 καὶ
2931 2361 2958 2411 ὁ
2997 2357 3096 2427 μὲν
3149 2355 3318 2425 μέλας
3350 2356 3678 2425 χαμαιλέων,
3716 2355 3792 2416 ὼς
3836 2354 4035 2416 λευκίς

2467 2449 2948 2522 παραλαμϐάνεται
2973 2463 2988 2478 ⁸
3028 2446 3148 2501 ἀντὶ
3177 2446 3234 2499 δὲ
3288 2446 3385 2516 τῆς
3423 2445 3724 2514 ἀνεμώνης,
3768 2446 3802 2513 ἠ
3852 2445 4031 2512 ἀργε-

2468 2543 2655 2612 μώνη·
2702 2541 2796 2594 κα)⁸
2828 2538 3035 2609 μυρίων
3120 2537 3295 2590 ἄλλων
3335 2537 3521 2604 φύσεις
3565 2535 3802 2604 βοτανῶν
3857 2535 4034 2598 ξένοις

2465 2630 2794 2702 ὑπηρετοῦσι
2846 2631 2937 2682 καὶ
2976 2631 3206 2698 καιροῖς,
3243 2627 3338 2679 καὶ
3381 2627 3612 2696 χρείαις,
3647 2627 3742 2680 καὶ⁵
3771 2627 4028 2693 ὀνόμασι.

2466 2724 2670 2794 (Ταῦτα
2698 2721 2760 2791 δὴ
2786 2720 2955 2772 ταῦτα
2986 2719 3054 2770 τὰ
3105 2719 3390 2788 πρόχειρα,
3433 2719 3526 2769 καὶ
3567 2716 3602 2770 ἃ
3639 2717 3774 2785 μηδὲ
3822 2719 3934 2778 τοῖς
3970 2721 4028 2768 ἐν

2475 2815 2767 2886 προθύροις
2802 2811 3048 2882 ἰατρικῆς
3087 2810 3359 2879 προσῆκον
3393 2804 3460 2878 ἦν
3505 2811 3560 2860 ὲν
3620 2809 4031 2877 ἀμφισϐητήσει

2465 2905 2862 2973 καθίστασθαι.)
2935 2904 2998 2955 Τί
3062 2901 3372 2969 θαυμαστὸν
3443 2901 3542 2952 κᾶν
3591 2902 3623 2970 ὴ
3677 2899 4030 2967 φλεϐοτομία,

2463 2996 2725 3066 χρειώδης
2770 2995 2904 3048 οὖσά
2961 3011 3064 3058 σοι,
3129 2993 3338 3055 τούτοις
3388 2993 3667 3063 νομισθείη
3723 2992 4028 3056 ξενίζουσα,

2466 3087 2624 3148 αὐτὸς
2647 3086 2702 3136 δὲ
2738 3085 2834 3154 τὴν
2867 3083 3172 3153 συμϐουλὴν
3202 3083 3508 3150 δεχόμενος,
3534 3083 3629 3133 σὺν
3674 3081 3789 3150 Θεῷ
3815 3082 4028 3150 Σωτῆρι

2384 3145 2427 3204 c
2467 3145 2649 3246 φάναι,
2688 3145 2803 3228 καὶ·
2830 3145 3181 3243 τὸν-ἔλεγχον
3232 3145 3472 3238 ἐκείνων,
3502 3177 3565 3242 τῇ
3601 3145 3783 3242 πείρᾳ,
3823 3176 3918 3225 καὶ
3955 3145 4024 3224 ⁷τὸ

2467 3269 2553 3322 σὸν
2587 3267 2834 3337 εὑρήσεις
2864 3265 3071 3336 κέρδος.

3039 3379 3262 3433 ΕΠΙΣΤ.
3308 3380 3437 3432 MB’.

2714 3471 2956 3541 Μιχαὴλ
2979 3473 3388 3542 μητροπολίτῃ
3421 3470 3788 3535 Μιτυλήνης.

2013 3586 2271 3633 Moutacut.
2303 3584 2404 3644 (ep.
2437 3583 2546 3644 223,
2573 3597 2623 3644 p.
2652 3583 2787 3644 εει).

864 3681 994 3746 Quae
1023 3689 1080 3734 tu
1099 3696 1290 3750 passus
1313 3697 1371 3736 es
1396 3697 1425 3735 a
1455 3685 1914 3752 persecutoribus,
1959 3686 2048 3738 alii
2101 3685 2240 3738 forte
2267 3699 2360 3736 ex-

795 3773 990 3825 cedere
1028 3773 1280 3825 solatium
1336 3773 1543 3837 dicent,
1605 3790 1703 3844 ego
1731 3790 1853 3828 cum
1889 3785 1976 3829 tua
2035 3776 2172 3828 bona
2205 3777 2363 3830 venia

796 3863 1022 3914 dixerim
1063 3862 1217 3915 laude
1247 3863 1394 3914 omni
1425 3863 1630 3931 majora
1660 3877 1778 3916 esse
1822 3881 1836 3916 :
1887 3874 2187 3931 opportune
2237 3879 2364 3933 ergo

795 3951 1245 4007 considerandum
1278 3961 1362 4005 est
1394 3964 1577 4005 utrum
1611 3953 1752 4006 inter
1797 3969 1890 4007 eos
1931 3954 2062 4006 velis
2094 3969 2214 4008 esse
2264 3955 2357 4024 qui

796 4042 1164 4105 miseratione,
1197 4057 1263 4094 an
1330 4041 1585 4094 felicitate
1604 4044 1965 4111 excipiuntur.
1996 4041 2052 4095 Si
2070 4060 2190 4097 cum
2212 4055 2364 4114 grato

796 4133 977 4186 animo
1000 4133 1218 4201 patiaris
1241 4133 1371 4201 (scio
1389 4134 1532 4202 quod
1554 4135 1631 4188 sic
1653 4133 1918 4203 patieris),
1944 4136 2171 4204 optarim
2189 4135 2367 4190 adhuc

796 4223 964 4291 magis
1015 4231 1228 4276 tuarum
1269 4223 1580 4291 passionum
1624 4235 1678 4278 et
1729 4240 2048 4278 coronarum
2097 4227 2362 4294 particeps

797 4314 914 4366 lieri
951 4331 963 4366 :
1001 4313 1105 4376 sin,
1131 4313 1274 4383 quod
1335 4313 1614 4382 deprecor,
1676 4330 1774 4368 nec
1800 4315 2018 4368 ell‘eram
2049 4333 2061 4379 ;
2097 4317 2221 4383 quia
2273 4332 2359 4370 me

798 4405 1026 4473 ineptire
1054 4421 1368 4472 persuasum
1407 4405 1580 4458 habeo
1606 4421 1622 4471 ;
1652 4405 1824 4459 dicam
1851 4407 2156 4459 communia
2186 4407 2365 4462 denuo

797 4496 908 4550 sint
953 4506 1044 4551 tua
1101 4512 1312 4551 mecum
1377 4499 1694 4562 certamina,
1779 4497 2366 4567 remunerationesque.

798 4587 948 4643 Vale.

1294 4674 1513 4729 EPIST.
1550 4674 1733 4729 XLIII.

1178 4767 1418 4821 Michacli
1453 4765 1791 4834 metropolita:
1823 4766 2117 4837 Mitylenes.

2535 3681 2616 3733 Τὰ
2650 3681 2746 3750 μὲν
2777 3683 2854 3743 είς
2885 3681 2943 3732 σὲ
2969 3680 3076 3732 τῶν
3100 3680 3400 3732 διωκόντων
3445 3677 3612 3748 πάθη,
3653 3679 3810 3740 ἄλλος
3852 3683 3918 3734 ἄν
3941 3698 4028 3746 τις

2460 3771 2602 3823 εἴποι
2633 3771 2800 3839 μείζω
2838 3771 3190 3842 παραμυθίας
3216 3787 3230 3800 ·
3263 3770 3372 3836 ἐγὼ
3419 3770 3474 3821 δὲ
3535 3769 3628 3822 σοῦ
3686 3773 4016 3840 βουλομένου

2461 3862 2624 3931 φαίην
2647 3861 2712 3914 ἂν
2735 3861 2903 3930 μείζω
2936 3860 3228 3928 εὐφημίας.
3264 3860 3406 3928 Ὦρα
3436 3855 3528 3912 οὖν
3577 3861 3898 3913 ἐπισκοπεῖν
3938 3880 4019 3925 σε,

2461 3954 2687 4020 πότερον
2736 3953 2801 4006 ἂν
2833 3952 2970 4003 ἕλοιο
2999 3951 3107 4003 τῶν
3157 3951 3360 4021 σφόδρα
3419 3950 3776 4019 ὲλεουμένων,
3827 3953 3860 4020 ἦ
3908 3953 4018 4004 τῶν

2465 4048 2666 4118 σφόδρα
2700 4045 3174 4116 μακαριζομένων,
3208 4042 3366 4098 εἶναι.
3405 4047 3500 4098 Ἂν
3535 4048 3632 4116 μὲν
3664 4051 3774 4114 γὰρ
3802 4050 4028 4118 εὐχαρί-

2464 4155 2601 4201 στως
2628 4139 2812 4207 φέρεις
2851 4135 2985 4207 (οἶδα
3008 4137 3051 4189 δ’
3103 4138 3184 4189 ὅτι
3216 4137 3446 4206 φέροις),
3503 4136 3730 4207 εὔχομαί
3764 4155 3856 4190 σου
3914 4139 4022 4190 τῶν

2465 4233 2761 4298 στεφάνων,
2799 4231 2893 4281 καὶ
2925 4230 3032 4280 τῶν
3063 4227 3269 4290 παθῶν,
3311 4229 3403 4279 ἐπὶ
3442 4227 3600 4280 πλέον
3656 4228 4015 4296 κοινωνῆσαι·

2467 4321 2533 4372 ἂν
2561 4321 2603 4372 δ’
2633 4322 2766 4389 ὅπερ
2816 4319 3123 4387 ἀπεύχομαι
3150 4359 3163 4382 ,
3195 4317 3309 4369 ἀλλ’
3355 4319 3453 4369 οὐκ
3482 4318 3548 4370 ἂν
3589 4317 3700 4386 ἐρῶ
3729 4334 3742 4346 ·
3797 4320 3890 4370 καὶ
3921 4319 4026 4387 γὰρ

2467 4410 2768 4478 πέπεισμαι
2827 4409 3313 4478 ματαιολογήσειν·
3353 4406 3434 4459 διό
3487 4423 3578 4475 μοι
3631 4406 3792 4458 πάλιν
3831 4409 4022 4474 εἴησαν

2470 4502 2642 4564 κοινὰ,
2677 4501 2771 4553 καὶ
2793 4503 2844 4552 οἱ
2871 4496 3046 4564 ἆθλοι,
3073 4500 3164 4552 καὶ
3199 4499 3267 4550 τὰ
3294 4496 3518 4550 ἔπαθλα.
3565 4498 3836 4569 Ἔρρωσο.

3051 4673 3273 4726 ΕΙΙΙΣΤ.
3309 4669 3438 4725 MI".

2713 4765 2952 4834 Μιχαὴλ
2986 4763 3386 4832 μητροπολίτῃ
3410 4761 3776 4828 Μιτυλήνης.

2012 4879 2272 4928 Montacut.
2300 4881 2401 4943 (ep.
2431 4881 2539 4942 227,
2576 4896 2624 4944 p.
2662 4881 2794 4943 538).

867 4963 1016 5017 Alius
1043 4970 1254 5031 Optaret
1277 4972 1485 5017 tuarum
1520 4979 1844 5018 coronarum
1882 4965 2237 5034 participare;
2269 4967 2360 5021 sed

799 5068 904 5106 non
937 5062 1054 5106 tuas
1075 5053 1371 5122 passiones,
1395 5070 1457 5109 ac
1498 5071 1595 5124 pro
1617 5056 1812 5123 pietate
1845 5057 2135 5110 certamina
2154 5056 2360 5111 subire:

798 5143 933 5196 mihi
987 5143 1314 5197 honorandae
1346 5153 1473 5198 sunt
1522 5146 1803 5213 passiones
1854 5156 1976 5210 tuae,
2023 5146 2147 5200 licet
2201 5162 2361 5201 nemo

799 5250 963 5287 manu
996 5245 1208 5290 evtenta
1234 5237 1395 5305 capiti
1431 5253 1550 5290 meo
1581 5253 1832 5291 coronam
1870 5239 2130 5307 imponat.
2171 5238 2360 5292 Virum

802 5332 1088 5392 tantopere
1136 5329 1497 5382 aemulandum
1524 5341 1578 5382 et
1607 5330 1836 5393 felicem,
1869 5339 1976 5384 tam
2005 5331 2263 5385 illustrem
2315 5342 2367 5384 ct

803 5418 1159 5484 conspicuum
1211 5419 1266 5472 in
1320 5420 1449 5488 ipsis
1514 5421 1812 5488 pathemasi
1864 5423 2198 5491 despondere
2261 5437 2364 5475 non

807 5508 961 5563 decet
981 5511 1448 5566 animum.Rerum
1473 5513 1617 5566 enim
1649 5515 2015 5583 priesentium,
2049 5515 2175 5570 licet
2206 5515 2363 5583 legis-

2541 4968 2728 5030 Ἀλλος
2759 4967 2822 5020 ἄν
2851 4983 2933 5028 τις
2959 4951 3178 5034 ηὔξαιτο
3205 4965 3388 5032 τυχεῖν
3423 4959 3700 5026 στεφάνων
3733 4956 3840 5007 τῶν
3893 4959 4017 5020 σῶν,

2465 5059 2591 5112 ἄνευ
2621 5058 2710 5110 τού
2731 5058 2797 5108 τὰ
2835 5059 2902 5109 σὰ
2931 5056 3096 5124 πάθη,
3128 5056 3220 5107 καὶ
3253 5054 3375 5114 τοὺς
3409 5051 3532 5111 σοὺς
3567 5048 3701 5116 ὑπὲρ
3740 5045 4017 5108 εὐσεϐείας

2467 5148 2680 5210 ἄθλους,
2731 5147 3002 5199 ὑπελθεῖν.
3049 5145 3201 5212 Ἐμοὶ
3228 5143 3283 5194 δὲ
3322 5141 3481 5210 τίμια
3517 5139 3586 5189 τὰ
3650 5135 3889 5202 παθητὰ
3931 5136 4014 5198 σὰ,

2467 5240 2568 5292 κᾶν
2600 5239 2762 5308 μήπω
2783 5253 2862 5298 τις
2885 5236 3135 5288 ἐκτείνων
3163 5234 3258 5302 τὴν
3291 5233 3467 5301 χεῖρα,
3495 5227 3790 5293 στεφάνους
3812 5228 3876 5293 τῇ
3905 5229 4007 5292 ἐμῇ

2466 5331 2755 5400 προσάπτῃ
2809 5329 3036 5397 κεφαλῇ.
3084 5327 3158 5378 Οὐ
3229 5326 3327 5384 δεῖ,
3399 5318 3704 5388 τοιγαροῦν,
3789 5316 4012 5383 ἀθυμεῖν

2464 5421 2606 5473 οὓτω
2641 5419 2877 5489 ζηλωτὸν
2907 5419 2997 5470 καὶ
3033 5417 3320 5486 μακάριον,
3347 5413 3437 5464 καὶ
3469 5413 3525 5462 εν
3556 5411 3735 5471 αὐτοῖς
3760 5410 3873 5468 τοῖς
3902 5424 4011 5457 κινο

2462 5511 2658 5574 δύνοις,
2699 5512 2794 5563 καὶ
2835 5512 2945 5573 τοῖς
2991 5507 3296 5576 παθήμασι,
3347 5501 3707 5570 ἁναφανέντα,
3749 5497 3861 5550 καὶ·
3888 5497 4010 5550 ἁνα-

2096 5651 2327 5706 νΑιιιΑε
2358 5649 2758 5708 LECTIONES.

886 5768 913 5809 δ
939 5768 1021 5820 ῖσ.
1060 5771 1087 5822 ὁ
1112 5768 1241 5834 Θεὸς
1269 5769 1718 5841 εἰσπράττεσθαι.
