4236 6436
228 394 346 460 86)

1403 404 1934 468 EPISTOLARUM
1971 405 2200 465 LIBER
2245 403 2321 465 [Ι.

3355 406 3461 468 ὃῦἳ

230 507 559 578 λάμψαντα.
591 512 670 565 Τὰ
694 513 793 581 μὲν
810 513 917 584 γάρ
944 517 1191 580 ἐνταῦθα.
1218 521 1320 574 κᾶν
1343 523 1666 590 νομοθετῶν,
1701 521 1802 575 κᾶν
1833 531 1879 588 Α

1793 539 1802 570 ι
1833 531 1879 588 Α
1905 516 2153 580 latorum,
2195 514 2596 584 prophetarum,
2632 529 2815 584 regum
2845 511 3076 584 piorum,
3117 514 3354 569 virorum
3377 533 3466 571 ve-

230 601 566 670 atpog'qtév,
600 604 701 656 κᾶν
734 605 973 658 εὐσεϐῶν
1019 607 1299 676 βασιλέων,
1349 615 1452 666 κᾶν
1488 615 1663 678 ἄλλως
1715 617 1807 669 άν-

230 690 393 760 δρῶν
416 694 670 762 ἀληθείας
705 696 892 763 φίλων,
942 699 1136 768 σιγῷεν
1176 701 1390 755 ἅπαντα
1421 705 1489 757 τὰ
1538 707 1804 774 στόματα,

227 781 345 851 τὴν
369 783 426 832 ἐν
458 783 642 846 αὐτοῖς
675 787 1120 855 ἐκτραγῳδοῦντα
1165 793 1501 860 ματαιότητα
1520 808 1533 820 ·
1567 794 1684 846 ἀλλ’
1713 792 1808 848 οὖν

227 873 400 941 ὁρᾷς,
448 875 592 936 ὅπως
623 879 687 945 τῇ
727 877 963 946 διηνεκεῖ
988 880 1170 948 ρεύσει
1214 883 1307 934 καὶ
1364 885 1654 955 μεταϐολῇ,
1708 888 1807 939 οὐκ

230 963 442 1032 ἠρέμει
505 966 898 1035 ἀλλοιούμενα·
939 968 1053 1020 ἀλλ’
1093 970 1203 1022 ἀνω
1237 973 1329 1024 καὶ
1377 975 1526 1026 κάτω
1580 975 1805 1044 φέρεται

227 1052 375 1116 δόξα
403 1055 571 1120 πᾶσα,
607 1057 699 1109 καὶ
736 1057 982 1122 πλοῦτος,
1015 1061 1108 1111 κα)⁵
1136 1059 1311 1129 τύχαι,
1355 1064 1448 1115 καὶ
1488 1064 1807 1134 λαμπρότη-

226 1160 358 1207 τες,
390 1145 482 1197 καὶ
512 1147 662 1199 οὐδέν
683 1149 797 1201 ἐστι
827 1150 935 1201 τῶν
951 1153 1252 1220 παρόντων,
1275 1155 1410 1224 ὅπερ
1437 1156 1524 1209 τὸν
1556 1158 1805 1226 σώφρονα

227 1234 370 1286 νοῦν
399 1236 842 1308 ἐπισπασάμενον
877 1239 1208 1308 ὑποθέλξειε.
1252 1245 1372 1297 Τῶν
1406 1245 1462 1298 δέ
1505 1247 1706 1314 ἐκεῖθε,
1739 1249 1807 1301 τά

228 1342 304 1377 τε
334 1328 466 1380 ἄλλα
513 1330 652 1397 ὑπὲρ
683 1331 931 1402 διήγησιν
980 1333 1165 1398 ὄντων,
1214 1338 1308 1389 καὶ
1356 1339 1434 1409 τῷ
1468 1340 1808 1412 ἁναλλοιώτῳ

230 1419 341 1470 καὶ
372 1419 655 1492 ἀρῥεύστῳ
683 1425 780 1492 τὴν
806 1425 914 1476 τῶν
940 1427 1160 1493 ἀγαθῶν
1183 1428 1477 1483 ἀπόλαυσιν
1499 1437 1609 1493 τοῖς
1638 1433 1805 1498 ἀξίοις

232 1514 665 1580 παρεχομένων·
695 1515 776 1578 τίς
806 1518 938 1586 πρὸς
966 1520 1034 1571 τὰ
1072 1520 1247 1573 ἐκεῖθε
1279 1523 1376 1585 τὰς
1417 1525 1636 1588 ἐλπίδας
1668 1527 1804 1596 ἔχων

233 1605 562 1671 ἱσταμένας,
597 1607 689 1658 καὶ
730 1610 852 1671 τοὺς
907 1610 1214 1681 ὀφθαλμοὺς
1247 1616 1647 1684 ἠνεῳγμένους.
1693 1621 1805 1675 τοῖς

231 1692 481 1763 ’παροῦσι
551 1700 740 1761 κακοῖς
781 1705 1136 1768 συμπεσεῖτα,
1163 1705 1388 1774 ὀνείροις
1425 1707 1512 1758 ῖσα
1541 1707 1800 1776 λυποῦσι,

231 1787 340 1838 καὶ
383 1787 712 1857 ἐξαθυμήσει
767 1795 899 1858 τοῖς,
955 1795 1023 1846 δι’
1067 1788 1141 1848 ὧν
1196 1796 1311 1850 ἐστι
1365 1799 1795 1870 λαμπρύνεσθαι,

230 1875 648 1946 ἁγωνίσμασινς
681 1881 932 1950 ’Λμεινον
962 1884 1074 1949 οὖν,
1101 1881 1274 1956 οἶμαι,
1307 1890 1401 1942 καὶ
1436 1892 1680 1960 κρεῖττον
1714 1894 1800 1945 λό-
1833 1862 1876 1917 Β

232 1982 342 2031 γου
375 1969 596 2031 παντὸς,
629 1972 686 2022 ἐν
714 1972 941 2042 ὀνείροις
986 1974 1176 2044 ἔχοντα
1207 1978 1274 2030 τά
1300 1979 1484 2048 χείρω,
1526 1981 1632 2035 τῶν
1681 1985 1802 2035 καθ’

233 2058 392 2129 ὕπαρ
413 2061 651 2127 ἀγαθῶν,
684 2067 777 2116 καὶ
809 2066 1204 2136 ἁνεκλαλήτων,
1229 2070 1285 2121 ἐν
1309 2071 1602 2126 ἀπολαύσει
1644 2076 1801 2142 γενέ-

236 2149 368 2202 σθαι
400 2150 474 2220 μὴ
511 2152 769 2225 ληγούσῃ,
801 2156 831 2225 ἦ
873 2156 1099 2228 ὀνείροις
1150 2162 1322 2230 μικρά
1366 2164 1459 2215 καὶ
1497 2165 1803 2236 πρόσκαιρα

233 2240 608 2309 πλανηθέντα,
654 2247 748 2298 καὶ
799 2248 1081 2314 παίξαντα,
1114 2251 1221 2305 τῶν
1267 2253 1559 2325 ἀδιαδόχων
1612 2260 1804 2329 πειρᾶ-

235 2331 366 2385 σθαι
395 2335 595 2390 κακῶν.

823 2473 1042 2529 ΕΠΙΣΤ.
1089 2476 1219 2533 ΜΔ’.

479 2582 828 2653 Ἆμφιλοχίῳ
857 2591 1265 2660 μητροπολίτῃ
1311 2593 1585 2654 Κυζῗκου.

1908 605 2080 659 ritatis
2107 604 2400 658 amantium
2425 614 2564 669 acta,
2586 605 2765 659 omnia
2782 606 3003 659 omnino
3031 621 3120 659 ora
3153 608 3462 675 reticerem,

1908 711 1969 749 ca
1993 706 2073 749 est
2093 696 2348 759 conditio,
2382 705 2438 748 ut
2477 711 2625 749 suam
2685 695 2996 748 futilitatem
3040 698 3240 768 tragice
3297 716 3457 768 expo-

1908 797 2037 842 nant
2072 806 2084 840 :
2114 803 2297 841 annon
2327 789 2477 842 vides
2521 799 2580 843 ut
2609 789 2751 842 [luxu
2781 790 3040 843 continuo
3086 799 3140 843 et
3170 793 3464 846 mutatione

1908 875 2207 930 alterantur
2231 877 2348 931 sine
2371 893 2553 944 sensu,
2603 896 2800 950 susque
2852 879 3026 948 deque
3080 881 3246 934 fertur
3302 884 3466 951 gloria

1907 968 2100 1031 omnis,
2133 968 2348 1032 divitiae,
2377 968 2621 1034 fortunae,
2657 973 2994 1040 splendores,
3033 987 3134 1024 nec
3175 976 3465 1042 quidquam

1907 1057 1962 1109 in
2013 1058 2172 1111 rebus
2198 1059 2734 1128 praascntihus,quod
2768 1071 3003 1115 mentem
3067 1062 3298 1115 sobriam
3347 1065 3466 1117 alli-

1906 1148 2013 1202 ciat
2067 1157 2160 1201 aut
2186 1150 2252 1203 ad
2300 1166 2356 1204 se
2379 1152 2588 1205 trahat?
2615 1151 2742 1216 Qua:
2778 1153 2832 1206 in
2857 1153 3003 1206 cmlis
3027 1163 3173 1218 sunt,
3201 1171 3321 1208 cum
3345 1173 3463 1209 om-

1906 1253 2028 1292 nem
2082 1240 2345 1294 excedant
2421 1243 2855 1311 explicationem,
2911 1245 3300 1310 inalterabilia,
3365 1263 3465 1301 nec

1906 1329 2048 1383 ﬁuxa
2087 1341 2216 1385 sunt
2243 1350 2256 1396 ;
2283 1343 2443 1401 atque
2468 1334 2540 1386 ita
2585 1343 2840 1387 aeternam
2893 1345 3145 1404 praestant
3201 1338 3464 1390 bonorum

1906 1420 2214 1476 fruitionem
2243 1423 2306 1476 iis
2331 1425 2418 1491 qui
2452 1438 2727 1479 merentur
2772 1429 2997 1494 :ecquis
3037 1437 3140 1495 est,
3188 1429 3273 1481 cui
3324 1429 3465 1482 ocu‘li

1905 1525 2032 1566 sunt
2058 1515 2229 1581 aperti
2271 1525 2516 1582 respectu
2546 1517 2820 1568 stabilium
2855 1517 3066 1570 illormn
3105 1534 3225 1588 quae
3247 1535 3466 1588 speran-

1907 1612 1996 1655 tur
2024 1602 2114 1663 ibi,
2138 1619 2258 1655 cum
2288 1605 2441 1658 malis
2471 1611 2828 1673 praesentibus
2859 1614 3146 1679 coincidet,
3171 1632 3288 1683 qua:
3315 1618 3464 1669 simi-

1905 1705 1975 1746 na
2025 1705 2151 1748 sunt
2191 1697 2472 1754 insomniis
2502 1699 2740 1754 dolorem
2776 1703 3188 1759 inferentibus?
3229 1706 3358 1771 Quis
3411 1708 3463 1759 in

1905 1787 2086 1839 medio
2131 1788 2494 1841 certaminum
2558 1793 2985 1861 contristabitur,
3033 1801 3172 1850 unde
3234 1816 3330 1867 par
3384 1809 3464 1853 est

1903 1892 2024 1930 eum
2078 1878 2449 1946 magniﬁcari?
2478 1879 2739 1944 Quocirca
2780 1926 2793 1946 ,
2819 1897 3052 1952 prtestat,
3094 1890 3343 1950 arbitror,
3413 1900 3464 1942 et

1903 1969 2091 2036 majori
2123 1985 2243 2023 cum
2305 1977 2512 2026 ratione
2557 1976 2907 2042 conjunctum
2963 1987 3064 2040 est,
3124 1981 3306 2047 pejora
3368 1997 3466 2048 pro

1903 2060 2182 2114 insomniis
2233 2063 2434 2117 habere
2467 2065 2930 2134 vigilantem.vero
2982 2072 3121 2124 bona
3175 2072 3464 2126 inclIabilia

1905 2162 1958 2206 et
1983 2169 2087 2206 non
2121 2153 2469 2207 diﬁ'undenda
2497 2171 2592 2224 per
2623 2157 2938 2213 fruitionem
2971 2164 3247 2229 consequi,
3304 2178 3464 2230 quam

1905 2252 2262 2317 somniorum,
2304 2256 2516 2326 exigua,
2565 2257 2898 2324 temporalia,
2940 2258 3198 2322 errantia,
3233 2259 3466 2312 ludentia

1896 2343 2038 2396 bona
2067 2344 2370 2413 eligentem,
2401 2345 2560 2400 malis
2596 2346 3087 2402 interminabilibus
3135 2360 3464 2419 permutare.

2431 2485 2652 2539 EPIST.
2694 2485 2878 2540 XLIV.

2213 2601 2569 2670 Amphilochia
2609 2601 2782 2672 ϐυτίεὶ
2827 2602 3184 2672 ηιεινοροίίιιε.

1460 2727 1722 2780 Montacut.
1750 2730 1852 2795 (ep.
1873 2732 1983 2796 207,
2005 2748 2054 2796 p.
2080 2736 2214 2798 504).

309 2809 373 2863 Οί
409 2809 505 2878 μὲν
531 2811 677 2866 ἄλλοι
710 2813 802 2866 τοῦ
850 2816 1133 2882 Πλάτωνος
1183 2821 1328 2889 λόγοι
1382 2823 1472 2876 τοῦ
1523 2827 1798 2882 πολιτικοῦ

235 2899 400 2968 λόγου
431 2904 701 2971 πεφύκασι
732 2907 1024 2977 γνώμονες,
1058 2914 1195 2982 πλὴν
1242 2916 1294 2967 εί
1328 2934 1380 2968 τι
1421 2920 1540 2971 κατ’
1573 2921 1800 2992 ἐκλογὴν

2003 2831 2193 2886 ϐαιιοτί
2257 2835 2496 2888 Platonis
2549 2849 2830 2889 sermones
2904 2850 3199 2906 gnomoncs
3248 2834 3464 2903 quidam

1907 2937 2032 2978 sunt
2067 2923 2267 2992 politici
2299 2919 2582 2988 sermonis,
2622 2926 2721 2979 nisi
2760 2927 2902 2994 quod
2925 2930 3212 2979 verborum
3272 2924 3466 2978 electio

233 2993 517 3062 ὀνομάτων
539 2997 750 3066 ἐνιαχοῦ
771 3017 916 3069 παρη
925 3002 1170 3072 μέληται’
1195 3007 1252 3057 αί
1287 3007 1342 3059 δὲ
1363 3008 1548 3062 τούτου
1579 3013 1796 3066 ἐπιστο-
1824 3047 1868 3110 C

236 3085 323 3110 \-\
361 3088 470 3110 r--..
502 3104 554 3110 _-
590 3089 684 3110 -2-
723 3091 829 3110 1a__l
875 3109 879 3110 ,
955 3092 971 3110 ς
1087 3097 1100 3110 ι
1393 3102 1404 3110 ι
1511 3102 1536 3110 -
1584 3105 1594 3110 -

1790 3043 1868 3110 -C
1905 3029 2297 3084 nonnunquam
2334 3016 2642 3086 negligitur.
2676 3017 2743 3070 At
2779 2993 3020 3085 epistolae
3057 3017 3175 3085 ejus
3210 3031 3272 3068 ex
3309 3031 3463 3082 aequo

236 3085 329 3137 λαὶ
361 3088 470 3138 ἴσον
500 3104 556 3140 τε
588 3089 684 3156 τῆς
718 3091 922 3143 ἐκείνου
955 3092 1283 3164 λογιότητος.
1322 3102 1415 3152 καὶ
1447 3102 1539 3154 τοῦ
1579 3105 1798 3157 ἐπιστο-

235 3175 456 3244 λιμαίου
483 3177 654 3230 τύπου
685 3181 1084 3239 ἀπολείπονται.
1120 3190 1183 3239 Δί
1213 3189 1268 3241 δέ
1292 3207 1356 3257 γε
1400 3192 1493 3245 τοῦ
1553 3195 1792 3264 Ἀριστο-

235 3265 441 3330 τέλους,
469 3267 575 3320 τῶν
629 3271 724 3338 μὲν
753 3272 924 3324 ἄλλων
972 3277 1136 3330 αὑτοῦ
1169 3282 1508 3349 γραμμάτων
1539 3287 1644 3339 είσί
1673 3306 1791 3351 πως

235 3353 624 3427 λογωδέστεραι
648 3376 662 3388 '
699 3362 833 3432 πλὴν
881 3366 998 3417 ούδέ
1052 3371 1168 3431 ταῖς
1207 3372 1572 3437 Πλατωνικαῖς
1617 3378 1797 3442 ἐξισά-

240 3441 411 3507 ζουσι.
438 3449 806 3516 Δημοσθένους
839 3453 892 3504 δέ
923 3457 969 3505 οί
996 3456 1094 3524 μὲν
1127 3458 1273 3512 ἄλλοι
1312 3461 1482 3526 πόνοι,
1514 3465 1604 3517 καὶ
1632 3441 1795 3535 ρητό-

243 3552 351 3605 ρων
388 3539 481 3589 καὶ
510 3546 770 3609 κριτικῶν
803 3547 1095 3615 ἐγκωμίοις
1129 3551 1393 3622 πληροῦσι
1425 3556 1492 3607 τά
1530 3558 1791 3628 στόματα.

240 3629 353 3688 Τὰς
402 3632 686 3696 ἐπιστολὰς
727 3637 803 3700 δὲ,
859 3639 1009 3690 οὐδὲν
1068 3644 1323 3710 ἀμείνους
1388 3648 1642 3718 εὑρήσεις
1688 3653 1798 3706 τῶν

240 3723 543 3788 Πλάτωνος.
581 3727 730 3781 Τίσιν
763 3729 854 3783 οὖν
877 3733 1178 3798 ἐπιστολαῖς
1223 3739 1526 3809 ὁμιλητέον,
1569 3744 1664 3795 καὶ
1688 3745 1796 3798 τίσι

238 3817 331 3868 τὸν
369 3819 771 3885 ἐπιγνωσθέντα
801 3825 934 3892 ἡμῖν
982 3824 1068 3877 διὰ
1106 3827 1204 3896 τῆς
1240 3830 1434 3902 τέχνης
1474 3837 1795 3904 χαρακτῆρα

239 3909 639 3978 ἐφαρμόζοντες
694 3913 792 3982 τὴν
844 3918 1148 3984 γυμνασίαν
1206 3921 1605 3992 συλλεξόμεθας
1646 3927 1798 3980 Ἐστι

243 4001 345 4070 μὲν
372 4003 465 4054 καὶ
501 4001 628 4056 ἄλλο
675 4005 878 4074 πλῆθος
936 4009 1158 4078 ἄπειρον
1184 4028 1199 4043 ο
1237 4011 1378 4081 ἔχεις
1426 4015 1491 4078 δ’,
1551 4017 1636 4069 ἵνα
1667 4019 1800 4089 μηδέ

243 4094 455 4163 μακρὸν
503 4091 649 4166 ᾗσοι
708 4097 768 4149 τὸ
813 4098 911 4168 τῆς
945 4104 1248 4170 γυμνασίας
1307 4105 1537 4172 στάδιον,
1601 4109 1697 4172 τὰς
1723 4112 1801 4172 είς

239 4183 477 4253 Φάλαριν
510 4188 732 4252 ἐκεῖνον,
765 4186 936 4258 οἶμαι,
974 4192 1063 4244 τὸν
1101 4192 1516 4261 Ἀκραγαντῖνον
1539 4197 1798 4268 τύραννον

1898 3105 2142 3159 fortassis
2174 3106 2470 3171 deﬁciunt,
2503 3123 2623 3161 cum
2664 3109 2734 3160 ab
2760 3109 2926 3176 ipsius
2965 3109 3290 3170 conditione,
3353 3117 3466 3158 tum

1897 3212 1928 3250 a
1958 3197 2127 3251 forma
2158 3199 2784 3267 epistolari.Aristotelis
2822 3209 3002 3254 autem
3035 3200 3148 3254 fere
3194 3209 3320 3253 sunt
3359 3215 3466 3252 cte-

1898 3290 2026 3342 teris
2051 3290 2168 3358 ejus
2199 3291 2456 3359 operibus
2501 3293 2864 3346 accuratiores
2899 3333 2909 3344 .
2949 3303 3003 3346 et
3060 3302 3238 3345 tamen
3294 3290 3468 3344 Plato-

1898 3383 2047 3435 nicas
2082 3397 2190 3435 non
2219 3395 2516 3451 exaequant.
2587 3383 2958 3437 Demosthenis
2995 3399 3156 3451 opera
3178 3393 3370 3436 caetera
3413 3390 3469 3435 et

1900 3478 2177 3531 rhetorum
2208 3490 2262 3532 et
2283 3480 2593 3534 criticorum
2624 3497 2718 3535 ora
2756 3483 3011 3550 implent;
3041 3482 3132 3534 sed
3167 3482 3466 3533 nihilome-

1900 3567 2063 3622 liores
2115 3584 2277 3636 quam
2313 3569 2552 3624 Platonis
2597 3573 2716 3639 ejus
2744 3573 2998 3640 epistolas
3024 3571 3282 3640 reperies.
3306 3571 3464 3634 Qua:-

1899 3675 2023 3712 nam
2056 3660 2217 3728 igitur
2236 3661 2476 3729 epistolae
2499 3663 2839 3716 lectitandae:
2873 3671 2927 3716 et
2960 3678 2988 3714 a
3023 3662 3222 3731 quibus
3260 3662 3468 3715 exerci-

1901 3751 2032 3803 tium
2054 3750 2451 3816 adhibebimus,
2477 3763 2536 3808 ut
2563 3753 2934 3816 artiﬁciosum,
2967 3769 3124 3822 quem
3155 3753 3463 3816 didicimus,

1901 3842 2217 3896 charactera
2248 3845 2659 3912 exprimamus?
2694 3846 2852 3900 Certe
2919 3844 3107 3913 ingens
3152 3854 3236 3899 est
3280 3860 3466 3898 earum

1904 3948 2161 3986 numerus
2198 3950 2212 3986 :
2244 3934 2411 3988 habes
2445 3944 2647 4000 autem,
2680 3952 2749 3989 ne
2777 3936 3079 4006 elongatius
3104 3936 3197 3989 tibi
3227 3935 3464 3988 stadium

1903 4024 2052 4093 ﬁgas,
2094 4026 2354 4094 epistolas
2379 4043 2498 4096 quae
2535 4028 2836 4081 Phalaridis
2870 4044 2989 4082 esse
3028 4028 3281 4081 dicuntur
3296 4028 3465 4080 Acra-

1902 4115 2105 4184 gantini
2154 4115 2389 4185 Tyranni
2445 4126 2499 4170 et
2535 4117 2732 4186 quibus
2771 4116 2915 4170 Bruti
2962 4118 3328 4170 Romanorum
3359 4117 3462 4170 du-

1903 4207 1982 4260 cis
2014 4222 2210 4260 nomen
2243 4209 2611 4276 przescribitur
2643 4227 2656 4263 :
2691 4219 2743 4264 et
2773 4210 2862 4278 qui
2894 4209 3038 4278 apud
3106 4209 3463 4278 imperatores

241 4277 653 4346 ἀναφερομένας
691 4280 994 4343 ἐπιστολάς.
1041 4284 1131 4334 καὶ
1181 4279 1266 4346 αἷς
1293 4284 1544 4355 Βροῦτος,
1578 4291 1606 4340 ὀ
1662 4290 1796 4342 Ῥω·
1823 4295 1914 4367 Dl

1787 4320 1796 4330 ·
1823 4295 1876 4354 D
1903 4298 2254 4367 philosophus
2289 4309 2422 4364 erat,
2473 4299 2713 4369 sophista
2746 4277 2886 4369 apud
2909 4277 3116 4370 vulgus,
3152 4277 3460 4354 liibanium.

246 4368 420 4437 μαίων
453 4370 775 4438 στρατηγὸς,
794 4374 1179 4440 ἐπιγράφεται·
1205 4378 1296 4428 καὶ
1328 4379 1416 4430 τὸν
1437 4381 1494 4431 ἐν
1521 4380 1798 4449 βασιλεῦσι

242 4459 550 4527 φιλόσοφον,
582 4463 674 4514 καὶ
704 4464 795 4521 τὸν
818 4466 1074 4535 σοφιστὴν
1095 4471 1150 4520 ἐν
1175 4472 1292 4531 ταῖς
1320 4471 1596 4536 πλείσταις
1628 4474 1795 4527 Λιϐά-

242 4568 376 4603 νιον.
413 4553 470 4604 ΕΞ
502 4553 557 4605 δέ
590 4553 766 4622 βούλει
815 4557 910 4608 σὺν
943 4558 1021 4627 τῷ
1077 4563 1405 4631 χαρακτῆρι,
1466 4565 1557 4616 καὶ
1590 4566 1799 4620 πολλῶν

243 4641 418 4695 ἄλλων
473 4645 567 4696 καὶ
618 4647 867 4714 μεγάλων
917 4650 1162 4714 συλλέξαι
1211 4654 1513 4722 ὠφέλειαν,
1569 4659 1799 4728 ἀρκήσει

245 4749 330 4784 σοι
354 4734 630 4798 Βασίλειος
664 4741 691 4790 ὁ
717 4739 941 4806 γλυκὺς,
967 4742 1058 4795 καὶ
1083 4746 1110 4794 ὁ
1137 4744 1383 4811 κάλλους,
1412 4748 1464 4800 εί
1491 4767 1574 4812 τις
1617 4751 1792 4816 ἄλλος,

243 4825 483 4894 ἐργάτης
512 4827 829 4898 Γρηγόριος,
849 4835 941 4885 καὶ
963 4836 992 4903 ἡ
1021 4836 1235 4904 ποικίλη
1253 4839 1459 4910 καὶτῆς
1480 4843 1748 4911 ἡμετέρας
1771 4854 1794 4882 ο

244 4915 415 4985 αὐλῆς
463 4918 638 4986 μοῦσα
680 4920 941 4991 Ἰσίδωρος
967 4940 978 4952 ·
1035 4926 1092 4989 ὃς
1129 4929 1316 4999 ῶσπερ
1347 4931 1539 4998 λόγων,
1567 4933 1708 4986 οὕτω
1739 4937 1795 4988 δὲ

247 5008 340 5058 καὶ
370 5009 646 5081 ἱερατικῆς
691 5016 782 5065 καὶ
804 5016 1107 5088 άσκητικῇς
1140 5021 1412 5086 πολιτείας
1471 5023 1650 5076 κανών
1681 5029 1798 5079 ἐστι

245 5103 600 5169 χρηματίζειν
622 5104 914 5179 ἀξιόχρεως
933 5128 947 5140 ο
972 5115 1063 5166 καὶ
1107 5115 1158 5167 εῖ
1187 5133 1266 5177 τις
1311 5117 1494 5186 ἔτερος
1527 5121 1662 5187 μετα
1693 5121 1790 5188 τῆς

245 5191 434 5257 ὁμοίας
480 5197 868 5266 προαιρέσεως,
901 5200 997 5270 τὴν
1047 5205 1267 5257 ἐκείνων
1301 5206 1441 5259 ίδὲαν
1476 5211 1594 5270 ταῖς
1633 5209 1792 5273 ἰδίαις

245 5281 552 5348 ἐπιστολαῖς
575 5289 948 5364 ἐνεδυναμώθη
995 5295 1405 5366 μορφώσασθαι.

1905 4390 2058 4455 Quod
2088 4391 2133 4443 si
2155 4406 2258 4442 una
2289 4405 2410 4444 cum
2441 4393 2713 4460 epistolari
2747 4394 3077 4456 charactere,
3116 4408 3296 4446 rerum
3333 4393 3466 4445 mul-

1905 4493 2083 4538 tarum
2129 4492 2184 4538 et
2237 4500 2556 4554 magnarum
2599 4486 2884 4540 utilitatem
2933 4486 3213 4554 acquirere
3256 4485 3462 4553 cupias,

1907 4575 2134 4630 sulﬁciat
2164 4576 2344 4631 suavis
2389 4578 2496 4642 ille,
2527 4578 2573 4631 si
2630 4579 2752 4646 quis
2782 4578 2938 4638 alius,
2965 4577 3190 4630 Basilius
3227 4595 3240 4630 :
3297 4586 3352 4630 et
3381 4577 3465 4630 in-

1907 4675 1989 4721 ter
2017 4683 2206 4722 omnes
2239 4669 2542 4738 praecipuus
2575 4670 2994 4738 pulchritudinis
3029 4669 3222 4722 artifex
3265 4668 3464 4738 Grego-

1903 4759 2015 4814 rius
2049 4770 2142 4814 :et
2163 4761 2364 4814 variata
2396 4762 2481 4814 illa
2510 4762 2694 4815 Isidor)
2730 4778 2906 4824 musa,
2954 4763 3065 4830 qui,
3093 4769 3151 4814 ut
3179 4777 3296 4823 nos,
3347 4777 3462 4815 mo-

1901 4853 2106 4906 nachus
2140 4851 2259 4905 fuit.
2296 4853 2390 4906 llle
2419 4862 2474 4905 ut
2511 4853 2790 4915 orationis,
2857 4856 2927 4906 ita
2967 4867 3179 4921 quoque
3215 4853 3461 4905 sacerdo-

1900 4944 2018 4997 talis
2035 4952 2089 4996 et
2109 4944 2354 4997 ascetica:
2392 4945 2514 4997 vita:
2536 4959 2710 4996 canon
2737 4943 3051 5013 dignissime
3095 4943 3408 4996 inscribitur
3443 4961 3456 4995 :

1902 5037 1986 5090 his
2012 5035 2290 5106 adjungas,
2349 5038 2389 5091 si
2424 5037 2512 5106 qui
2560 5037 2648 5089 alii
2714 5037 2842 5098 sint,
2889 5036 2979 5103 qui
3028 5036 3216 5089 eodem
3256 5035 3460 5097 animo,

1897 5141 2080 5179 eorum
2150 5128 2369 5193 ideam,
2418 5129 2652 5198 propriis
2722 5129 2831 5182 suis
2906 5128 3146 5198 epistolis
3233 5141 3459 5196 expres-

1898 5229 2110 5272 serunt.

1486 5477 1713 5534 VARI/1?.
1753 5476 2152 5534 LECTIONES.

324 5659 342 5688 ο
380 5650 463 5701 ῖίν.
490 5649 779 5722 ὑμετέρας.
