4236 6436
1332 517 1549 573 EPIST.
1586 516 1744 570 XLV.

1079 608 1265 664 Joanni
1306 609 1646 677 metropolita:
1680 606 1969 661 Ileraclew.

1879 396 2138 460 PHOTII
2176 387 2676 456 PATRIARCH/E
2711 387 2819 448 CP.

3880 373 3995 438 864

3005 498 3229 552 ΕΠΙΣΤ.
3285 496 3420 551 ME'.

2634 596 2879 663 Ἰωάννῃ
2903 592 3306 662 μητροπολίτῃ
3356 589 3726 657 Ἡρακλείας.

1962 710 2223 758 Μοηωιιιιι.
2251 707 2337 769 (ep
2378 708 2485 767 218,
2512 721 2560 769 p.
2589 706 2720 764 σει).

820 812 1041 867 Videtur
1090 810 1223 863 mihi
1259 808 1506 863 Christus
1541 808 1679 862 Deus
1726 816 1779 861 et
1818 806 1929 860 Rex
1974 815 2159 859 noster
2190 819 2312 856 curn

746 907 838 968 sit,
867 917 921 960 et
952 904 1211 957 Dominus
1233 918 1415 957 rerum
1445 902 1840 964 exsistentium,
1863 908 2083 970 propter
2117 898 2315 952 multas

748 1000 878 1052 alias
909 997 1311 1065 inexplicabiles
1340 1009 1551 1058 causas,
1578 1003 1630 1046 et
1660 994 1853 1047 mentis
1882 994 2136 1046 intuitum
2169 999 2318 1045 tran-

748 1091 1095 1151 scendentes,
1123 1105 1220 1157 per
1247 1088 1581 1141 voluntatem
1609 1087 1789 1156 potius
1827 1086 2135 1154 passionem
2185 1085 2316 1138 sub-

742 1179 900 1240 ;iisse,
940 1188 993 1230 et
1017 1192 1121 1229 non
1153 1192 1249 1243 per
1277 1176 1573 1244 potentiam
1604 1175 1901 1229 absolutam
1928 1174 2091 1227 totius
2122 1174 2314 1227 mundi

757 1269 983 1322 salutem
1019 1276 1295 1334 operatus.
1333 1266 1603 1336 Imprimis
1647 1267 1715 1319 ob
1764 1266 1865 1318 hoc
1904 1266 2104 1333 ipsum,
2139 1274 2198 1318 ut
2248 1266 2316 1319 ita

754 1374 1026 1428 magnum,
1063 1358 1323 1410 eximium
1361 1367 1415 1411 et
1459 1372 1723 1427 apparens
1761 1356 2010 1411 solatium
2044 1356 2109 1409 iis
2142 1356 2233 1424 qui
2265 1355 2318 1408 in

756 1451 855 1504 hac
887 1452 994 1504 vita
1026 1452 1355 1519 aﬂliguntur,
1400 1460 1455 1502 et
1507 1458 1745 1502 extrema
1791 1448 1969 1501 omnia
2009 1447 2317 1515 patiuntur,

754 1543 1083 1609 relinqueret
1118 1557 1244 1595 suas
1289 1540 1458 1607 ipsius
1502 1540 1802 1607 passiones,
1831 1547 1885 1591 et
1928 1545 2156 1591 mortem
2192 1552 2323 1591 cono

756 1633 1118 1686 tumeliosam.
1148 1631 1271 1686 llaec
1294 1641 1348 1684 tu
1372 1632 1619 1695 intuitus,
1647 1632 1828 1684 laetare
1859 1630 2057 1698 potius,
2081 1645 2146 1683 eo
2177 1630 2323 1699 quod

756 1723 980 1789 habeas,
1015 1738 1204 1777 servus
1236 1737 1360 1776 cum
1391 1721 1485 1785 sis,
1510 1722 1563 1774 in
1592 1722 1791 1790 quibus
1814 1722 2129 1792 magistrum
2166 1730 2317 1775 tuum

758 1812 985 1866 imiteris
1019 1829 1032 1864 :
1063 1812 1173 1865 noli
1211 1826 1574 1877 murmurare,
1620 1811 1690 1865 ob
1724 1811 1815 1865 illa
1840 1826 1959 1880 qua:
2001 1812 2197 1865 cedent
2226 1810 2323 1864 tibi

759 1905 815 1957 in
848 1912 1228 1973 argumentum
1260 1918 1604 1969 coronarum,
1638 1903 1684 1958 si
1716 1919 1748 1958 ιι
1776 1904 2023 1959 veritatis
2052 1903 2320 1968 hostibus,

762 1994 889 2053 licet
913 1995 1099 2049 invitis
1132 1994 1530 2049 contribuleris.

2500 802 2651 869 Ἐμοὶ
2686 802 2781 868 μὲν
2812 799 2976 862 δοκεῖ,
3020 796 3113 848 καὶ
3154 796 3222 848 δι’
3264 795 3428 855 ἄλλας
3460 791 3661 851 πολλὰς
3711 791 3994 859 ἀρρήτους

2415 910 2495 950 τε.
2542 894 2630 944 καὶ
2666 891 2802 959 ὑπὲρ
2836 889 2991 951 νοῦν,
3022 888 3250 959 θεωρίας
3274 928 3287 951 ,
3331 887 3420 939 τὸν
3446 885 3680 954 Χριστὸν
3712 885 3806 935 καὶ
3852 882 3995 933 Θεὸν

2418 984 2593 1055 ἡμῶν,
2629 982 2877 1044 Βασιλέα,
2933 984 3028 1034 καὶ
3060 981 3150 1032 τοῦ
3178 980 3376 1042 παντὸς
3409 978 3721 1046 ὑπάρχοντα
3756 974 3997 1042 Κύριον,

2417 1077 2482 1129 δι’
2513 1076 2761 1128 ἑκουσίου
2800 1074 2998 1145 μᾶλλον
3023 1072 3366 1143 παθήματος,
3414 1071 3549 1123 ἀλλὰ
3587 1069 3659 1138 μὴ
3692 1068 3997 1136 δεσποτικῇ

2420 1169 2510 1223 καὶ
2537 1168 2896 1237 αὐτοκράτορι
2927 1165 3164 1232 ἐξουσία,
3197 1163 3294 1232 τὴν
3325 1163 3667 1230 παγκόσμιον
3716 1160 4001 1227 σωτηρίαν

2419 1260 2859 1327 ἀπεργάσασθαι’
2883 1258 3032 1309 οὐδὲν
3068 1257 3123 1308 δὲ
3148 1250 3327 1325 ἦττον,
3356 1248 3531 1321 οἶμαι,
3568 1253 3661 1303 καὶ
3692 1252 3778 1302 διά
3810 1251 3975 1302 τοῦτο

2421 1354 2495 1415 ὼς
2526 1352 2591 1405 ἂν
2636 1349 2868 1419 μάλιστα
2901 1350 3040 1418 μέγα
3067 1348 3161 1398 καὶ
3194 1346 3361 1412 σαφὲς
3404 1343 3749 1413 παραμύθιον
3785 1346 3901 1403 τοῖς
3939 1343 4004 1393 ἐν

2425 1444 2523 1514 βίῳ
2547 1440 2979 1509 ταλαιπωροῦσι,
3015 1440 3109 1489 καὶ
3136 1437 3203 1489 τά
3253 1437 3455 1505 ἔσχατα
3500 1435 3792 1501 πάσχουσι,
3824 1450 4005 1484 κατα-

2422 1532 2598 1585 λείποι
2628 1532 2698 1584 τά
2736 1532 2911 1582 οἰκεῖα
2962 1529 3132 1598 πάθη,
3164 1528 3259 1581 καὶ
3291 1528 3383 1578 τὸν
3432 1526 3797 1577 ἐπονείδιστον
3828 1522 4005 1576 αὐτοῦ

2423 1624 2674 1679 θάνατον.
2726 1623 2870 1691 Πρὸς
2894 1620 2931 1673 ἃ.
2962 1620 3056 1673 καὶ
3087 1620 3151 1671 σὺ
3185 1617 3427 1685 ἀφορῶν,
3461 1618 3618 1686 χαῖρε
3651 1616 3876 1684 μᾶλλον,
3918 1608 4005 1676 οἷς

2424 1717 2588 1787 ἔχεις,
2622 1714 2888 1773 ὁιδιοῦλος
2942 1709 3225 1779 μιμεῖσθαι
3271 1708 3363 1760 τὸν
3402 1708 3706 1775 δεσπότην·
3749 1706 3890 1759 ἀλλά
3924 1706 4006 1775 μὴ

2423 1810 2679 1877 δυσφόρει
2707 1807 2843 1876 πρὸς
2872 1806 2971 1867 τάς
2991 1803 3099 1856 τῶν
3127 1800 3405 1871 στεφάνων
3435 1799 3743 1862 ὑποθέσεις,
3768 1799 3876 1851 ὑπὸ
3892 1798 4008 1849 τῶν

2423 1904 2520 1970 τῆς
2566 1900 2822 1970 ἀληθείας
2867 1896 3098 1969 ἐχθρῶν,
3146 1896 3240 1949 καὶ
3290 1893 3557 1957 ἀκόντων,
3607 1889 4007 1959 παιδοτριδού-

2431 2013 2613 2067 μενος.

1819 2234 2050 2285 δειηες
2084 2237 2415 2289 SECUNDA.
2442 2265 2503 2278 —
2524 2241 2609 2290 AD
2636 2238 2944 2289 ABBATES-

1327 2358 1540 2415 EPIST.
1576 2360 1764 2417 XLVI.

1116 2448 1269 2504 Saba:
1301 2451 1641 2508 Pissadorum
1672 2455 1977 2526 Iwgumeno.

2993 2366 3216 2421 sum.
3273 2367 3421 2433 Μετ’.

2695 2460 2855 2527 Σάΰᾳ
2888 2459 3197 2529 ἡγουμένῳ
3225 2457 3343 2511 τῶν
3374 2457 3716 2512 Πισσάόων.

1971 2551 2236 2599 Montacnt.
2268 2553 2368 2613 (ep.
2405 2551 2480 2611 l5,
2514 2564 2621 2613 pag.
2643 2551 2723 2611 76)

836 2637 913 2690 De
940 2645 1027 2689 tua
1052 2636 1407 2706 dispositione
1430 2649 1485 2693 et
1515 2652 1705 2696 natura
1742 2642 1869 2712 quid
1902 2644 2076 2699 dicam
2123 2648 2329 2702 nescio.

768 2727 889 2781 Vidi
918 2727 1135 2795 quidem
1165 2743 1263 2797 ego
1296 2736 1348 2781 te
1386 2729 1691 2797 pelliculam
1737 2733 1984 2787 indutum
2032 2735 2249 2802 ovilem,
2281 2746 2336 2791 et

767 2819 1014 2886 perinde,
1056 2820 1199 2888 quod
1243 2819 1330 2872 illa
1381 2822 1682 2891 tegebatur,
1726 2824 1949 2895 simplex
2010 2826 2333 2890 arbitrabar,

771 2910 890 2963 sine
934 2910 1158 2973 malitia,
1203 2910 1407 2965 Christi
1450 2929 1620 2983 .grege
1676 2915 1917 2983 dignum.
1954 2916 2121 2987 Vulgo
2154 2928 2337 2972 autem

771 3002 947 3065 aiunt,
982 3003 1177 3071 pellem
1210 3003 1354 3056 illam
1382 3005 1599 3074 vulpem
1648 3008 1941 3079 obtegere;
1976 3026 2095 3079 qua:
2128 3020 2338 3065 mortua

772 3101 829 3145 et
855 3093 1055 3147 olentia
1086 3095 1258 3147 nutrit
1280 3110 1530 3165 corpora,
1558 3099 1861 3164 cuiusmodi
1886 3116 2080 3168 nempe
2116 3101 2170 3154 in
2196 3113 2339 3156 metu

774 3183 1071 3251 putrefacta
1109 3186 1495 3246 ecclesiastico.
1529 3188 1865 3245 daemonibus
1903 3192 2157 3260 pabulum
2181 3202 2340 3261 atque

774 3290 963 3329 eorum
998 3277 1257 3331 ministris
1291 3278 1444 3331 ﬁunt.
1483 3279 1593 3349 Ego
1634 3290 1781 3336 certe
1818 3292 1870 3336 te
1905 3284 2083 3337 audivi
2121 3286 2340 3355 longum

776 3381 1019 3420 errorem
1049 3368 1457 3435 prmdicantem,
1498 3369 1864 3426 frnstraneum
1903 3388 2142 3429 errorem
2192 3386 2340 3430 tuum

778 3457 1147 3523 deplorantem
1180 3498 1195 3523 ,
1246 3462 1526 3530 antiquum
1584 3464 1791 3517 scilicet
1855 3479 2094 3519 errorem
2168 3477 2342 3521 tuum.

779 3550 950 3602 Aiunt
998 3559 1199 3616 autem,
1251 3553 1502 3606 eumdem
1537 3563 1589 3608 te
1632 3556 1809 3609 adhuc
1848 3571 2028 3612 errare
2071 3574 2342 3623 errorem;

781 3655 957 3708 neque
983 3641 1141 3694 aliter
1170 3642 1424 3696 aﬂ'ectum
1452 3660 1614 3713 quam
1662 3646 1838 3700 insani
1881 3646 2233 3718 Corybantes.
2286 3650 2345 3704 In

781 3728 973 3783 faciem
1002 3739 1055 3784 tu
1091 3747 1190 3785 nos
1219 3732 1565 3798 benedixisti,
1593 3744 1897 3790 servatores
1925 3739 2225 3807 appellasti,
2255 3740 2346 3808 qui

785 3830 838 3875 te
866 3823 933 3874 de
974 3830 1138 3891 puteo
1186 3824 1508 3892 perditionis
1573 3826 2015 3897 deceptionisque
2069 3830 2214 3885 illius
2254 3847 2347 3886 ex-

789 3912 1076 3966 traximus:
1101 3924 1184 3967 ast
1205 3915 1256 3966 in
1279 3916 1529 3969 absentes
1549 3917 1699 3970 aiunt
1721 3927 1772 3971 te
1794 3934 1893 3973 nos
1914 3921 2348 3987 obmurmurare,
2377 3903 2419 3963 C

788 4011 843 4054 et
874 4018 979 4055 non
1016 4018 1174 4057 secus
1215 4020 1375 4073 quam
1409 4006 1462 4057 in
1504 4021 1665 4059 scena
1707 4008 1883 4062 solent
1934 4011 2198 4067 lascivire.
2243 4014 2350 4067 Re-

791 4090 1014 4144 cordare
1088 4108 1155 4145 an
1234 4095 1349 4148 hinc
1405 4096 1623 4152 omnino
1678 4096 2085 4165 Christianum,
2154 4105 2351 4158 nedum

790 4181 1119 4233 monachum
1143 4181 1387 4237 deceant.
1421 4184 1575 4249 Quod
1607 4185 1651 4239 si
1680 4185 1796 4241 haec
1826 4191 2191 4245 commentitia
2222 4193 2350 4259 sint,

791 4268 1073 4338 deplorare
1134 4285 1222 4325 me
1267 4280 1478 4341 oportet
1526 4276 1945 4344 oggannientes,
1982 4281 2121 4349 quod
2181 4282 2353 4349 deﬁcit

790 4370 1023 4425 sanctus,
1054 4362 1412 4432 depauperata
1442 4374 1515 4418 est
1548 4367 1741 4420 veritas
1786 4386 1818 4421 a
1855 4369 1978 4436 ﬁliis
2009 4371 2273 4426 hominum
2293 4375 2313 4405 ⁶
2334 4393 2354 4429 :

792 4452 877 4505 sin
904 4466 1024 4519 quae
1050 4455 1431 4508 renuntiantur
1460 4471 1587 4509 vera
1610 4467 1753 4521 sunt,
1791 4458 2021 4514 deﬂendi
2041 4462 2201 4529 plane
2229 4475 2356 4519 sunt

793 4551 1129 4611 peccatores,
1192 4559 1257 4597 eo
1302 4546 1446 4614 quod
1497 4548 1659 4601 stulta
1707 4548 1956 4618 loquatur
2002 4552 2179 4607 omnis
2214 4556 2354 4623 apud

794 4634 1097 4701 proximum
1122 4650 1299 4699 suum,
1349 4646 1405 4690 et
1442 4638 1598 4692 labiis
1630 4639 1835 4694 dolosis
1872 4643 2166 4698 osculatur.
2199 4646 2355 4700 Omni

795 4733 976 4777 autem
1000 4726 1159 4779 modo
1188 4727 1480 4782 dolendum
1510 4739 1593 4783 est
1633 4731 1765 4785 mihi
1798 4749 1813 4785 :
1847 4732 1913 4785 ad
1947 4748 2126 4788 meum
2156 4739 2356 4791 etenim

795 4829 851 4870 et
894 4817 1093 4872 Christi
1126 4835 1342 4891 gregem
1385 4832 1650 4891 spectant,
1700 4825 1871 4879 velint
1914 4827 2109 4888 nolint,
2174 4829 2361 4886 infecti

798 4910 966 4978 lepra,
1013 4920 1066 4965 et
1110 4927 1231 4965 cum
1265 4912 1431 4969 Paulo
1479 4917 1544 4972 de
1594 4918 1729 4989 ipsis
1769 4926 2037 4993 angimur,
2088 4933 2361 4996 utcunque

799 5001 959 5055 simul
990 5017 1155 5056 sensu
1183 5006 1324 5075 tangi
1363 5007 1558 5063 nolint.

1346 5095 1566 5155 EPIST.
1604 5099 1818 5159 XLVII.

1256 5188 1542 5245 Theoctisto
1610 5195 1911 5265 hegumeuo.

2505 2648 2618 2699 Οὐκ
2652 2642 2745 2697 οἷδ’
2777 2646 2804 2698 ὃ
2836 2663 2887 2697 τι
2920 2644 3011 2695 καὶ
3044 2642 3182 2695 εἴπω
3210 2644 3338 2713 περὶ
3369 2647 3467 2713 τῆς
3494 2642 3648 2712 ὑμῶν
3679 2642 4001 2705 διαθέσεως·

2446 2736 2587 2805 Ἐγὼ
2619 2739 2715 2807 μὲν
2742 2737 2849 2807 γὰρ
2888 2732 3026 2789 εἶδον
3064 2734 3338 2806 προϐάτου
3393 2751 3450 2787 σε
3483 2734 3645 2805 δορὰν
3682 2735 4009 2803 περικείμε-

2436 2847 2544 2893 νον,
2580 2830 2670 2880 καὶ
2705 2829 2923 2881 ἐδόκουν
2974 2826 3184 2879 ἁπλοῦν
3222 2827 3317 2878 καὶ
3355 2825 3585 2889 ἄκακον,
3617 2827 3713 2893 τῆς
3756 2823 4006 2894 Χριστοῦ

2437 2918 2636 2987 ἀγέλης
2671 2918 2817 2981 ἀξιον
2844 2914 2980 2971 εἶναι
3004 2916 3063 2968 τὸ
3087 2915 3515 2983 καλυπτόμενον.
3545 2915 3607 2967 Oi.
3635 2915 3691 2967 δέ
3723 2931 3879 2981 φασι,
3905 2915 4008 2981 τὴν

2436 3011 2598 3081 δορὰν
2645 3009 2904 3063 ἀλώπεκα
2955 3008 3254 3078 κρύπτειν
3316 3006 3347 3077 ἡ
3402 3005 3576 3075 νεκρά
3622 3006 3716 3058 καὶ
3769 3005 4010 3057 ὀδωδότα

2440 3102 2631 3171 τρέφει
2681 3099 2705 3138 δ
2740 3099 2985 3167 σώματα,
3034 3099 3134 3150 ὅσα
3184 3096 3277 3148 τοῦ
3316 3093 3768 3164 ἐκκλησιαστικοῦ
3816 3094 4013 3145 διασαο

2440 3193 2610 3246 πέντα
2641 3190 3004 3260 πληρώματος
3057 3190 3277 3257 δαίμοσι
3313 3188 3484 3257 τροφὴ
3533 3187 3769 3248 καὶτοῖς
3825 3186 4011 3239 αὐτῶν

2442 3282 2737 3355 θεράπουσι
2768 3282 2994 3348 γίνεται.
3027 3280 3137 3331 Καὶ
3172 3276 3283 3346 ἐγὼ
3316 3275 3413 3345 μὲν
3457 3276 3651 3345 ἦκουόν
3694 3291 3752 3325 σε
3797 3272 4015 3341 πλάνην

2442 3374 2669 3441 λέγοντα
2698 3374 2935 3445 μακρὰν,
2968 3372 3062 3424 καὶ
3092 3372 3325 3438 ματαίαν
3354 3366 3560 3435 πλάνην
3593 3364 4012 3435 ἀπολοφυρόμε-

2446 3483 2556 3531 νον,
2588 3465 2686 3535 τὴν
2718 3464 2884 3516 πάλαι
2922 3479 3013 3514 σου
3056 3461 3283 3530 πλάνην.
3326 3460 3389 3513 Οἱ
3421 3457 3477 3511 δὲ
3509 3460 3569 3510 σέ
3600 3474 3760 3526 φασιν
3793 3456 4014 3525 ἐκείνην

2445 3560 2525 3611 ἔτι
2556 3555 3017 3626 περιπλανᾶσθαι,
3050 3552 3213 3621 μηδὲν
3244 3549 3461 3601 ἔλαττον
3485 3548 3591 3601 τῶν
3617 3548 4017 3617 κορυϐαντιῶν-

2447 3666 2553 3701 των
2583 3645 2944 3714 διακείμενον.
2976 3642 3087 3696 Καὶ
3124 3640 3187 3692 σὺ
3236 3641 3335 3707 μὲν
3366 3638 3508 3690 κατά
3538 3637 3829 3706 πρόσωπον
3861 3640 4013 3707 ἡμᾶς

2445 3739 2722 3809 ηὐλόγεις,
2772 3736 2865 3789 καλ⁸
2900 3733 3149 3802 σωτῆρας
3181 3731 3325 3799 ἡμᾶς
3359 3727 3677 3796 ὡμολόγεις,
3711 3729 3793 3779 ὃτι
3826 3727 3886 3779 σὲ
3917 3728 4012 3779 τοῦ

2452 3831 2639 3901 βόθρου
2662 3831 2761 3898 τῆς
2794 3825 3146 3897 παρατροπῆς
3169 3820 3384 3890 ἐκείνης
3410 3820 3502 3872 καὶ
3523 3819 3736 3887 ἀπάτης
3764 3819 4015 3871 ἀνειλκύα

2454 3936 2657 3990 σαμενο
2690 3920 2739 3971 οἱ
2765 3917 2821 3971 δέ
2854 3916 2912 3969 σέ
2948 3932 3133 3984 φασιν,
3166 3914 3417 3965 ἀπόντων
3452 3911 3629 3979 ἡμῶν,
3667 3910 4017 3977 καταγογγύ-

2453 4009 2567 4075 ζειν
2600 4010 2755 4078 ὅμοια
2788 4010 2896 4070 τοῖς
2941 4007 3033 4058 ἐπὶ
3079 4006 3282 4073 σκηνῆς
3342 4002 3749 4069 ἀσελγαίνοντα.
3813 4002 4015 4054 Ἐννόει

2451 4105 2515 4171 δὴ
2555 4100 2726 4154 ταῦτα
2754 4102 2802 4152 εί
2832 4099 2968 4160 ὅλως
2994 4094 3359 4166 Χριστιανῶν,
3390 4096 3461 4164 μή
3486 4111 3537 4145 τι
3560 4110 3622 4161 γε
3652 4094 4015 4162 μοναζόντων,

2453 4194 2671 4250 δύναται
2709 4188 2866 4246 εἶναι.
2912 4189 3051 4243 Ἀλλ’
3084 4190 3133 4242 εἰ
3186 4187 3290 4255 ’μὲν
3324 4186 3624 4239 ὲπλάσαντο
3675 4185 3869 4246 ταῦτα,
3896 4186 4015 4237 66-3-

2459 4285 2644 4358 ρεσθαί
2698 4301 2766 4352 με
2812 4282 2892 4335 δεῖ
2947 4280 3057 4333 τῶν
3105 4278 3491 4339 κατειπόντων,
3536 4277 3627 4329 ὅτι
3661 4276 4017 4330 ἐκλέλοιπεν

2456 4378 2646 4443 ὅσιος,
2675 4376 2763 4429 ὅτι
2784 4372 3175 4442 ὠλιγτώθησαν
3205 4373 3263 4424 at
3291 4369 3563 4437 ἁλήθειαι
3591 4369 3707 4422 ἀπὸ
3732 4367 3854 4422 τῶν
3874 4368 4018 4422 υἱῶν

2456 4469 2574 4523 τῶν
2627 4467 2986 4537 ἀνθρώπων-⁸
3054 4467 3103 4518 εί
3169 4464 3213 4516 δ’
3252 4462 3426 4533 ἀληθῆ
3473 4462 3542 4515 τὰ
3599 4461 4016 4530 ἀπηγγελμένα,

2459 4563 2674 4631 θρηνεῖν
2718 4561 2958 4629 προσῆκε
3026 4559 3153 4620 τοὺς
3190 4555 3609 4626 ἡμαρτηκότας,
3670 4553 3752 4605 ὃτι
3817 4555 4018 4622 μάταια

2460 4652 2609 4705 λαλεῖ
2642 4652 2870 4712 ἕκαστος
2912 4648 3047 4719 πρὸς
3083 4648 3174 4700 τὸν
3198 4646 3425 4716 πλησίον
3474 4643 3659 4703 αὐτοῦ.
3701 4644 3798 4695 καὶ
3826 4643 4018 4704 δολίοις

2462 4743 2887 4813 περιπτύσσεται
2920 4740 3144 4810 χείλεσι.
3176 4739 3399 4799 Πάντως
3428 4736 3484 4788 δὲ
3509 4735 3589 4787 δεῖ
3617 4751 3683 4804 με
3729 4733 3983 4786 ἀνιᾶσθαι
4002 4751 4017 4764 ·

2459 4836 2557 4904 τῆς
2575 4835 2710 4902 ὲμῆς
2737 4834 2842 4902 γὰρ
2873 4833 2965 4885 καὶ
2986 4828 3219 4899 Χριστοῦ
3254 4828 3506 4897 ποίμνης,
3548 4826 3654 4878 κᾶν
3685 4826 3761 4895 μὴ
3790 4824 4019 4893 βούλων-

2461 4945 2569 4989 ται,
2599 4926 2693 4978 καὶ
2711 4925 2775 4977 τὰ
2796 4921 3158 4992 λεπρωθέντα,
3175 4920 3271 4972 καὶ
3299 4919 3425 4987 περὶ
3449 4917 3624 4970 αὐτῶν
3651 4916 3789 4987 μετά
3808 4916 4017 4969 Παύλου

2462 5011 2921 5084 διαμεριμνῶμεν,
2948 5010 3050 5063 κᾶν
3080 5010 3153 5079 μὴ
3178 5008 3369 5061 θέλωσι
3399 5006 3866 5061 συναισθάνεσθαι.

3034 5099 3273 5153 ἘΠΙΣΤ.
3307 5097 3439 5152 MZ'.

2910 5190 3240 5257 Θεοκτίστῳ
3260 5187 3587 5259 ἡγουμένῳ.

2021 5306 2284 5359 Montacut.
2310 5313 2412 5375 (ep.
2447 5310 2526 5370 52,
2560 5322 2608 5371 p.
2642 5304 2742 5365 9U-

877 5393 1118 5451 Virtutes
1138 5396 1329 5464 lauda;
1362 5413 1541 5454 coram
1574 5417 1704 5457 vero
1730 5416 1784 5459 et
1819 5406 1869 5459 in
1907 5407 2041 5463 facie
2073 5410 2366 5480 discipulos

810 5501 879 5541 ne
935 5486 1139 5551 laudes,
1192 5491 1281 5556 qui
1330 5503 1629 5562 sequuntur
1677 5511 1804 5561 eas;
1849 5499 2122 5571 instigare,
2164 5510 2219 5555 et
2273 5503 2367 5557 ad-

812 5578 1035 5643 hortari,
1070 5578 1197 5632 boni
1224 5582 1400 5649 operis
1440 5600 1564 5654 pars
1610 5598 1721 5654 cst;
1764 5588 1983 5646 laudare
2028 5607 2230 5657 coram,
2268 5609 2367 5647 nec

918 5693 939 5723 ⁸
989 5694 1129 5748 Psal.
1158 5711 1233 5760 xx,
1263 5694 1315 5748 2.

2557 5406 2801 5460 Ἐπαίνει
2828 5402 2925 5463 τὰς
2954 5400 3151 5470 ἀρετάς
3173 5416 3187 5429 ·
3224 5396 3298 5468 μὴ
3327 5394 3573 5466 θαύμαζε
3599 5395 3653 5449 δὲ
3680 5394 3820 5448 κατά
3853 5396 4015 5464 πρόσ-

2465 5517 2612 5553 ωπον
2641 5498 2765 5557 τοὺς
2802 5494 2925 5555 σοὺς
2974 5490 3215 5560 μαθητὰς
3259 5490 3539 5559 μετιόντας
3584 5487 3775 5551 αὐτάς.
3824 5485 3897 5539 Τὸ
3927 5488 4017 5555 μὲν

2467 5592 2591 5659 γάρ,
2620 5583 2900 5657 προτροπὴ
2933 5586 3023 5638 καὶ
3062 5581 3425 5651 παράκλησις,
3464 5578 3827 5649 ἀγαθοεργίας
3885 5577 4016 5642 ἐστι,

2067 5768 2290 5823 ὛᾹΒΙᾸΞ
2335 5766 2709 5824 LECTIONFS

920 5832 944 5871 tl
986 5835 1067 5888 ϊσ.
1102 5836 1314 5891 σκέπει.
