4236 6436
191 412 301 473 865
754 402 759 406 ’
1342 400 1864 462 EPISTOLARUM

1735 400 1875 461 lUM
1913 398 2143 461 LIBER
2182 398 2266 459 II.
3302 392 3408 453 865

190 533 250 581 τὸ
296 528 372 589 δὲ,
424 522 518 576 καὶ
575 520 634 574 σὲ
687 516 973 579 κολακείας
1010 516 1111 586 οὐχ
1156 515 1336 585 ἵστησι
1389 514 1622 584 μακρὰν,
1659 514 1755 568 καὶ
1783 523 1863 575 Ατ

1740 516 1755 565 ι
1783 523 1828 575 Α
1857 522 1911 565 te
1940 512 2227 565 submovet
2259 508 2418 578 longe
2457 507 2524 561 ab
2558 505 2888 567 adulatione,
2922 512 2976 558 et
3014 517 3134 557 cum
3179 502 3413 556 admira-

196 620 330 688 πρὸς
360 618 535 684 οἴησιν
557 613 684 675 τοὺς
712 612 809 663 οαυ
820 608 1173 679 μασοένταςῆ
1199 606 1466 676 μαλακίαν
1484 606 1576 658 τοῦ
1598 606 1750 658 τόνου
1857 613 1869 654 l

1741 623 1750 655 >
1857 602 2003 655 tione
2037 602 2300 664 laudatos,
2328 600 2411 652 vel
2441 600 2507 651 ad
2534 597 2617 651 sui
2646 595 2957 665 opinionem
2984 593 3298 663 perducere,
3331 593 3414 646 vel

191 684 290 778 της
326 704 526 776 ἀρετῆς
574 701 762 755 εἴωθεν
791 699 1095 769 ὑποχαλᾷν·
1145 697 1211 749 δι’
1236 691 1311 749 ὧν
1348 696 1407 748 τὸ
1432 696 1600 763 γλυκὺ
1643 695 1752 748 τῶν
1854 709 1864 728 ε

1738 715 1752 748 ρ
1854 692 2071 743 virtutis
2100 700 2284 743 tonum
2334 690 2385 741 in
2418 689 2698 742 mollitiem
2746 686 2911 739 animi
2958 685 3199 738 relaxare
3236 684 3411 746 solet;

194 801 335 856 κατὰ
362 799 493 852 Θεὸν
534 796 711 847 πόνων
749 796 995 862 πέφυκεν
1019 791 1431 861 ὲπικαταρῤεἶν,
1464 788 1554 841 καὶ
1581 789 1635 840 al
1655 788 1751 857 τῆς

194 893 397 962 σαρκὸς
426 885 912 957 ἀναζωπυροῦνται
936 883 1144 953 ἡδοναί.

794 1059 1019 1113 ΕΠΙΣΤ.
1052 1058 1196 1112 MH’.

648 1152 921 1218 Θεοδώρῳ
969 1150 1296 1219 ἡγουμένῳ.

1855 784 1983 836 hinc
2004 782 2061 835 ﬁt
2104 794 2163 836 ut
2195 783 2436 835 laborum
2481 781 2775 835 secundum
2839 776 3005 830 Deum
3040 785 3413 845 susceptorum

1855 872 2086 925 dulcedo
2134 872 2353 934 deﬂuat,
2401 879 2457 924 et
2504 871 2682 923 carnis
2731 868 3053 932 excitentur,
3099 866 3248 921 velut
3294 864 3416 933 igne

1860 963 2059 1027 alllato,
2090 963 2412 1033 voluptates.

2401 1050 2622 1106 EPIST.
2665 1048 2892 1103 XLVIII.

2352 1144 2612 1197 Theodoro
2663 1142 2965 1210 hegumeno.

1380 1254 1645 1305 Montacut.
1682 1253 1783 1315 (cp.
1810 1252 1916 1310 ΗΞ,
1950 1268 1995 1314 p.
2031 1252 2158 1311 199).

267 1361 376 1428 Οὐχ
405 1361 433 1412 ὁ
458 1359 519 1411 τὸ
552 1356 727 1428 ῥεῦμα
775 1355 884 1408 τῶν
910 1354 1086 1422 λόγων
1136 1354 1194 1406 ἐν
1233 1352 1452 1421 γλώσσῃ
1492 1348 1753 1420 πηγάζων

194 1454 321 1523 ἤδη,
358 1452 450 1504 καὶ
494 1452 649 1519 χεῖρα
691 1447 1051 1517 δραστήριος·
1107 1444 1296 1512 ὥσπερ
1345 1444 1455 1495 οὐδ’
1485 1442 1513 1493 ό
1559 1440 1751 1510 πράξει

196 1544 434 1614 κρατῶν,
466 1542 555 1593 καὶ
576 1540 674 1608 τὴν
702 1538 807 1589 τῶν
838 1538 1096 1607 ῥημάτων
1127 1534 1299 1587 πειθὼ
1323 1533 1753 1601 σοϐαρευομένην

196 1636 310 1703 ἔχει
334 1636 445 1693 τοῖς
471 1630 694 1700 χείλεσι.
733 1629 843 1679 Kal
873 1627 1041 1678 πολλὰ
1084 1625 1182 1693 μὲν
1235 1623 1606 1684 ἀλλοιςείπεῖν
1652 1622 1755 1688 ενι-ι

196 1723 291 1774 καὶ
340 1717 654 1773 παντοδαπά
700 1716 1115 1786 παραδείγματα
1142 1730 1156 1743 ·
1194 1714 1330 1783 πρὸς
1358 1713 1415 1764 σὲ
1450 1712 1506 1763 δὲ
1534 1714 1756 1781 γράφων

194 1813 287 1865 τὸν
318 1810 670 1881 ὁμηρίζοντα,
700 1808 758 1860 ἓν
784 1806 1065 1869 ὑποδείξας
1090 1807 1277 1875 ἀρκεῖν
1307 1802 1566 1873 ἡγοῦμαι.
1588 1804 1756 1873 Λιμὸς

197 1904 382 1957 ἐπόνει
414 1902 474 1955 τὸ
508 1900 917 1971 στρατιωτικὸν,
948 1900 996 1950 οί
1028 1897 1125 1966 τὴν
1161 1895 1259 1967 σὴν
1302 1897 1501 1967 Τροίαν
1541 1896 1758 1964 πολιορ-

198 1992 419 2052 κοῦντες
446 1989 870 2059 περιεκάθηντο*
905 1987 998 2038 καὶ
1048 1989 1075 2038 ό
1118 1986 1215 2054 μὲν
1278 1986 1560 2047 Ὀδυσσεὺς
1614 1984 1757 2037 σίτον

197 2085 475 2152 αἰτήσων,
530 2080 665 2150 πρὸς
703 2081 883 2131 Ἀνιον
937 2077 1328 2130 ἀπεστέλλετο’
1370 2077 1589 2147 ὲθάρῤει
1650 2077 1757 2145 γάρ

198 2174 362 2227 αὑτοῦ
386 2176 449 2243 τῇ
478 2171 697 2244 γλώσσῃ
737 2171 796 2223 τὸ
837 2169 1114 2239 Ἀχαικόν.
1157 2170 1214 2220 Ὀ
1264 2168 1320 2220 δὲ
1347 2166 1756 2238 παραγεγονὼς,

199 2267 339 2317 ἒπεα
369 2264 680 2331 νιφάδεσσιν
712 2261 927 2314 ἐοικότα
959 2260 1305 2329 χειμερίοισι,
1340 2259 1564 2311 πλεῖστα
1587 2262 1757 2329 ἐπομ-
1786 2294 1790 2297 -

202 2354 438 2423 ϐρήσας,
468 2352 564 2404 καὶ
588 2351 795 2414 τούτοις
825 2350 1173 2412 κατακλύσας
1223 2350 1313 2401 τὸν
1356 2349 1660 2417 ἄνθρωπον,
1699 2353 1759 2401 οὐ

203 2446 385 2516 μόνον,
422 2438 495 2495 ὧν
555 2442 779 2513 ἤλπισεν
806 2483 822 2508 ,
867 2441 1019 2494 οὐδὲν
1075 2438 1442 2509 ἐγεώργησεν,
1489 2439 1623 2492 ἀλλά
1668 2442 1762 2494 καὶ¹

200 2537 429 2609 ὀχληρὸς
453 2531 591 2588 εἶναι
617 2532 791 2598 δόξας,
824 2532 1160 2604 ὑπέστρεψεν
1179 2547 1193 2560 ·
1228 2534 1430 2603 ἀπορον
1451 2544 1474 2572 ο
1493 2534 1592 2604 τὴν
1619 2533 1762 2603 ζωὴν

202 2634 317 2693 τοῖς
350 2632 428 2692 είς
456 2629 618 2682 αὑτὸν
652 2628 904 2698 κεχηνόσι
930 2626 1317 2695 ποιησάμενος.
1350 2627 1679 2697 Παλαμήδης
1707 2627 1763 2679 δὲ

157 2771 165 2780 ,
204 2719 417 2779 ἐκεῖνος
445 2712 613 2787 (οἶδας
641 2716 729 2769 τὸν
766 2715 1077 2785 ἄνθρωπον,
1109 2716 1231 2767 ὅσον
1278 2716 1571 2779 Ὀδυσσέως
1611 2718 1762 2783 ἀφω-

207 2808 451 2879 νότερος)
499 2808 599 2876 τὴν
663 2807 961 2877 πρεσϐείαν
1038 2808 1175 2876 μετά
1221 2808 1313 2860 τὸν
1352 2808 1507 2875 λιγὺν
1561 2809 1766 2859 ἐκεῖνον

206 2900 488 2970 ἀγορητὴν
536 2898 842 2969 ὲθάρῤησεν
879 2897 1248 2950 ὑποδύσασθαι
1272 2913 1287 2928 '
1318 2898 1413 2952 καὶ
1448 2897 1766 2950 καταλαϐὼν

1926 1346 2039 1401 Νοη
2066 1357 2147 1401 est
2174 1346 2261 1399 ille
2287 1346 2472 1399 statim
2502 1360 2664 1397 manu
2690 1353 2972 1413 promptus
2997 1342 3297 1404 habendus,
3327 1342 3417 1408 qui

1858 1447 2124 1491 torrentes
2170 1437 2479 1500 verborum,
2517 1436 2697 1504 lingua
2744 1434 2903 1486 veluti
2942 1434 3090 1487 fonte
3137 1434 3419 1486 immittit:

1858 1531 1929 1583 ita
1978 1543 2079 1582 nec
2125 1529 2284 1582 rebus
2328 1529 2493 1599 gestis
2538 1527 2713 1580 clarus
2740 1566 2753 1589 ,
2809 1526 3095 1578 verborum
3148 1525 3421 1579 suadelam

1862 1620 2017 1672 labiis
2041 1634 2160 1673 cum
2192 1635 2381 1688 pompa
2429 1620 2754 1671 insidentem
2805 1632 3019 1684 semper
3054 1617 3235 1669 habet.
3266 1616 3422 1684 Apud

1863 1712 2015 1775 alios,
2037 1726 2135 1781 ego
2166 1712 2347 1765 multis
2377 1712 2483 1763 IIOC
2514 1710 2737 1763 eIIatum
2785 1719 2840 1761 et
2878 1708 3267 1778 multiplicibus
3298 1723 3423 1775 pro-

1862 1802 1992 1855 bare
2014 1817 2229 1871 possem
2263 1801 2523 1869 exemplis
2551 1819 2563 1853 :
2596 1800 2689 1854 sed
2717 1815 2838 1853 cum
2868 1801 2931 1851 ad
2966 1809 3017 1851 te
3039 1799 3293 1861 scribam,
3331 1798 3426 1865 qui

1863 1893 2326 1949 Homerizantium
2356 1908 2495 1946 unus
2520 1908 2600 1955 es,
2632 1893 2849 1945 unicum
2892 1892 2936 1945 si
2978 1906 3279 1961 suggeram,
3308 1890 3427 1942 suf-

1864 1982 2128 2037 fecturum
2149 1984 2399 2036 arbitror.
2422 1983 2583 2035 Fame
2614 1981 2890 2034 laborabat
2917 1982 3185 2033 exercitus
3210 1979 3423 2047 Troiam

1864 2075 2479 2129 circumobsidentium:
2522 2072 2760 2141 Ulysses,
2796 2072 3127 2126 frumentum
3169 2073 3427 2140 impetra-

1866 2178 2040 2231 turus,
2067 2170 2134 2221 ad
2163 2168 2369 2221 Anium
2416 2167 2668 2221 mittitur.
2704 2164 2922 2236 Lingua:
2957 2167 3102 2220 enim
3140 2168 3257 2235 ejus
3294 2180 3428 2218 con-

1867 2257 2104 2312 ﬁdebant
2152 2257 2346 2312 Graeci.
2406 2257 2501 2311 Ille
2559 2257 2652 2310 ubi
2704 2256 2904 2309 Anium
2966 2256 3204 2320 advenit,
3264 2256 3427 2309 verba

1865 2350 2145 2419 grandinis
2169 2361 2263 2403 aut
2288 2350 2430 2404 nivis
2453 2350 2623 2403 instar
2652 2348 2959 2418 depluebat,
3007 2359 3169 2417 atque
3197 2348 3299 2402 illis
3329 2349 3429 2401 ho-

1867 2442 2069 2495 minem
2097 2441 2430 2507 inundabat;
2459 2442 2552 2495 sed
2589 2457 2698 2494 non
2732 2441 2892 2494 modo
2926 2439 3061 2493 nihil
3085 2455 3273 2493 eorum
3309 2456 3430 2507 qua:

1867 2534 2120 2602 sperabat
2164 2534 2419 2597 obtinuit,
2458 2548 2644 2586 verum
2698 2534 2957 2586 molestus
2989 2533 3037 2585 ei
3070 2532 3218 2585 visus
3249 2531 3429 2584 inanis

1867 2640 2119 2678 reversus
2140 2636 2260 2690 est;
2293 2635 2348 2678 et
2368 2626 2532 2679 vitam
2567 2626 2685 2678 sine
2717 2624 2915 2688 fructu,
2950 2624 3066 2677 siue
3116 2624 3262 2677 victu
3306 2624 3429 2676 red-

1869 2719 2006 2773 didit
2036 2717 2236 2771 Grzecis
2262 2719 2354 2786 qui
2403 2718 2456 2769 in
2506 2717 2657 2770 illum
2702 2717 2999 2770 inhiabant.
3032 2715 3230 2769 Verum
3280 2715 3431 2767 Pala-

1871 2809 2056 2862 medes
2079 2808 2165 2875 (de
2188 2824 2296 2875 quo
2325 2807 2489 2861 fando
2521 2807 2741 2871 audisti,
2774 2807 2954 2860 minus
2981 2806 3255 2861 exstitisse
3282 2806 3430 2858 illum

1871 2914 2029 2967 quam
2080 2898 2299 2967 Ulysses
2344 2906 2497 2961 erat,
2557 2898 2857 2967 loquacem)
2911 2898 3254 2967 legationem,
3284 2968 3285 2971 η
3314 2906 3433 2967 post

205 2994 301 3045 τὸν
339 2994 542 3054 Ἂνιον,
572 2990 962 3060 ἐργαζόμενον,
989 2985 1109 3041 εἷπε
1138 2989 1234 3058 μὲν
1265 2990 1449 3042 οὐδέν·
1481 2990 1766 3043 ἀποϐαλὼν
1798 3030 1840 3087 C
1873 2991 1878 3042 i

1757 3010 1766 3039 ι
1798 3030 1840 3087 C
1873 2991 2022 3042 illum
2051 2990 2377 3043 rhetoricum
2408 2990 2849 3055 declamatorem,
2882 2991 3035 3043 obire
3065 3006 3265 3055 ausus;
3309 3006 3430 3044 cum

207 3086 267 3138 δὲ
319 3083 382 3136 τὸ
440 3084 675 3152 ίμάτιον,
712 3081 965 3142 κοινωνὸς
1002 3079 1097 3132 τοῦ
1150 3080 1315 3148 ἔργου
1346 3082 1573 3147 ἐγίνετο.
1623 3082 1773 3134 Ἐπεὶ

207 3178 267 3230 δὲ
305 3176 443 3243 μετά
466 3177 590 3238 τοὺς
618 3176 837 3237 πόνους,
860 3172 918 3224 τὸ
938 3172 1150 3225 δεῖπνον
1176 3172 1379 3235 ἐκάλει,
1401 3172 1479 3242 τῷ
1502 3174 1771 3243 ἀνθρώπῳ

213 3267 577 3336 συνηρίστησε
600 3282 614 3295 ο
667 3264 763 3317 καὶ
790 3264 910 3315 τότε
953 3263 1125 3332 βραχὺ
1158 3264 1308 3332 ῥῆμα
1351 3264 1687 3333 προήνεγκεν
1716 3264 1761 3331 ῐ,

210 3357 286 3420 ὡς
308 3354 411 3428 ἧκε
441 3360 586 3409 σῖτον
614 3355 854 3424 αἰτήσων
884 3352 1119 3423 στρατῷ,
1146 3353 1285 3422 φίλῳ
1300 3355 1395 3405 καὶ
1419 3353 1768 3422 λιμώττοντιο

216 3446 516 3516 ιαΜτυχὼν
546 3446 710 3515 ἀπῄει
733 3445 963 3515 χαίρων,
996 3445 1091 3497 καὶ
1109 3444 1289 3513 φέρων
1319 3444 1431 3505 τοῖς
1460 3444 1768 3512 ὁμοφύλοις,

213 3538 339 3592 ἀντὶ
366 3537 561 3604 λόγων,
594 3536 692 3606 τὴν
726 3535 1013 3602 ὠφέλειαν.
1045 3535 1155 3587 Kal
1184 3535 1248 3586 σὺ
1278 3534 1457 3586 τοίνυν
1492 3533 1566 3604 μὴ
1597 3534 1772 3586 πάντα

214 3628 411 3699 θάρρει
439 3629 550 3690 τοῖς
588 3625 764 3695 λόγοις
783 3641 795 3655 ’
826 3624 998 3696 βραχὺ
1026 3624 1134 3694 γὰρ
1160 3622 1320 3694 ἔργον
1348 3624 1608 3692 σιγῶντος
1636 3624 1773 3693 μετά

216 3720 508 3785 συνέσεως,
555 3720 800 3789 μακροὺς
844 3716 1183 3786 ἐπιστομίζει
1249 3718 1435 3785 λόγους
1487 3716 1772 3782 πολλάκις,

220 3811 318 3864 καὶ
340 3810 492 3863 οὐδὲν
519 3810 630 3863 τῶν
654 3810 864 3878 ψόφων,
897 3807 1119 3862 καὶτῶν
1149 3808 1377 3877 ἀσήμων
1394 3808 1584 3876 φωνῶν
1614 3807 1772 3862 πλέον

216 3904 390 3977 ἐχειν,
419 3903 693 3957 ἐπιδείκνυ
703 3919 805 3957 σιν.

798 4178 1016 4233 ΕΠΙΣΤ.
1054 4177 1186 4231 MB'.

856 4268 940 4333 Τῷ
966 4266 1143 4332 αὐτῷ.

1874 3082 2025 3151 operi
2082 3082 2352 3135 intentum
2404 3082 2608 3137 rustico
2672 3083 2969 3137 invenisset
3007 3083 3241 3146 Anium,
3298 3083 3435 3136 nihil

1875 3189 2094 3242 prorsus
2128 3174 2279 3235 dixit,
2335 3173 2429 3227 sed
2478 3183 2637 3227 exuta
2686 3186 2857 3236 veste,
2903 3176 3051 3245 operi
3101 3191 3161 3229 se
3203 3177 3435 3229 accinxit

1873 3264 2071 3317 laboris
2102 3264 2328 3317 socium.
2357 3263 2494 3316 Cum
2525 3264 2677 3317 ﬁnito
2704 3278 2868 3333 opere
2890 3267 2953 3317 ad
2978 3280 3187 3319 caenam
3212 3280 3433 3319 vocare-

1874 3365 1983 3420 tur,
2046 3358 2280 3410 ccenavit
2313 3373 2419 3410 una
2464 3376 2475 3409 :
2524 3366 2579 3411 et
2634 3358 2773 3410 inter
2831 3359 3153 3411 ccenandum
3197 3357 3437 3411 breviter

1876 3450 2125 3517 exposuit
2191 3449 2455 3503 adventus
2521 3450 2605 3502 sui
2658 3465 2913 3513 causam,
2984 3458 3043 3502 ut
3104 3449 3435 3503 frumentum

1875 3535 2138 3589 exercitui
2173 3537 2506 3605 impetraret,
2538 3536 2676 3590 fame
2727 3537 2889 3591 nimis
2934 3553 3094 3607 quam
3146 3539 3435 3591 laboranti.

1873 3623 1993 3690 Quo
2022 3626 2333 3695 impetrato,
2365 3628 2520 3681 laetus
2564 3629 2889 3695 revertitur;
2944 3644 3042 3698 pro
3066 3629 3264 3695 verbis,
3302 3645 3438 3683 con-

1876 3716 2160 3770 tribulibus
2200 3717 2311 3770 suis
2344 3717 2633 3771 utilitatem
2664 3718 2865 3772 ferens.
2914 3717 3031 3771 Noli
3082 3734 3219 3788 ergo
3250 3728 3305 3772 tu
3350 3721 3439 3773 ni-

1875 3808 2042 3862 mium
2096 3809 2277 3863 verbis
2328 3809 2494 3864 ﬁdere
2536 3828 2549 3863 :
2588 3825 2712 3864 nam
2774 3811 3111 3865 taciturnitas
3158 3810 3439 3879 prudentis

1877 3898 1976 3952 viri
2015 3899 2164 3969 logos
2203 3900 2390 3970 longos
2443 3915 2584 3969 saepe
2626 3901 2843 3955 obturat
2877 3918 2889 3953 :
2943 3916 3155 3955 necnon
3186 3901 3437 3954 omnibus

1873 3990 2215 4044 manifeswm
2270 3990 2417 4055 facit,
2463 4008 2583 4047 esse
2640 3993 2758 4047 illos
2812 3993 3000 4045 inanes
3047 3994 3331 4063 strepitus,
3383 4004 3439 4047 et

1874 4091 2069 4148 praeter
2110 4097 2272 4136 voces
2299 4083 2454 4136 nihil.

2432 4186 2648 4242 EPIST.
2692 4187 2852 4242 XLIX

2552 4281 2752 4334 Eidem.

1440 4382 1699 4433 Montacut.
1728 4386 1829 4448 (ep.
1854 4388 1961 4449 145,
1986 4402 2035 4453 p.
2063 4394 2189 4454 mo).

292 4481 403 4552 Τὴν
432 4479 686 4532 Αἰσώπου
716 4495 960 4547 γνωμην,
1000 4479 1065 4547 ἢν
1103 4477 1350 4530 ἀπέδωκε
1371 4519 1386 4541 ,
1416 4478 1775 4548 διερωτήσανο
1805 4493 1849 4546 D
1947 4515 1965 4543 Α

1759 4511 1775 4523 -
1805 4493 1849 4546 D
1947 4490 2132 4560 Esopi
2164 4494 2509 4559 sententiam,
2534 4510 2695 4563 quam
2725 4495 2940 4550 Cliiloni
2967 4496 3230 4566 Spartano
3261 4497 3432 4552 inter-

220 4590 315 4634 τος
354 4570 448 4624 τοῦ
480 4569 905 4638 Λακεδαιμονίου
951 4569 1218 4631 Χείλωνος
1261 4567 1340 4638 (ὲξ
1368 4562 1441 4622 ὧν
1467 4572 1574 4640 γάρ
1601 4572 1785 4635 ποθεῖς

223 4663 504 4732 ναμάτων,
533 4661 624 4712 τὸν
658 4661 753 4729 τῆς
786 4658 1155 4728 παραινέσεως
1185 4675 1266 4710 σοι
1298 4658 1468 4727 κιρνῶ
1490 4664 1781 4731 κρατῆρα),

225 4756 307 4825 μὴ
333 4754 492 4823 μόνον
522 4752 790 4820 εὐστόχως
820 4753 910 4804 καὶ
957 4752 1131 4820 σοφῶς
1170 4751 1489 4820 εἰρημένην,
1527 4751 1659 4804 ἀλλά
1690 4754 1785 4804 καὶ

221 4844 649 4918 χρησιμωτάτην
703 4843 821 4896 λίαν
855 4843 1061 4911 νόμιξεο
1106 4842 1260 4893 Ἔστι
1300 4841 1429 4911 γὰρ.
1478 4842 1645 4905 ἐστιν,
1695 4844 1783 4895 ἐπ’

222 4936 409 4991 αὐτῶν
438 4934 548 4989 τῶν
584 4934 923 5005 πραγμάτων
974 4933 1100 4985 ίδεῖν
1127 4932 1394 5001 ἐναργῶς,
1448 4931 1523 4995 ὡς
1553 4935 1581 4985 ό
1608 4934 1780 5003 ᾶρῤη-

221 5044 319 5090 τος
353 5029 377 5067 ⁸
429 5027 524 5079 καὶ
558 5024 910 5087 ἀναλλοίωτος
956 5024 1098 5087 νοῦς,
1140 5022 1351 5093 ἐπαίρει
1388 5023 1488 5091 μὲν
1537 5024 1779 5094 συνεχῶς

226 5121 388 5191 (ὅπερ
407 5121 612 5181 ἐκεῖνος
652 5118 871 5187 ἔφησεν)
902 5117 981 5179 είς
1011 5116 1141 5184 ὕψος
1171 5117 1197 5155 h
1238 5116 1463 5168 ταπεινά
1482 5131 1496 5144 ’
1533 5116 1786 5183 κατάγει

223 5212 286 5262 δὲ
319 5212 397 5273 είς
442 5209 822 5279 ταπεινότητα,
866 5209 932 5261 τά
973 5207 1181 5275 ὑψηλά’
1221 5208 1315 5258 καὶ
1358 5206 1516 5258 τοῦτο
1548 5207 1781 5276 συνεχῶς

224 5300 581 5370 διαμελετῶν,
613 5300 716 5352 κᾶν
744 5300 855 5352 ἀνω
875 5299 1035 5367 δοκῇς
1060 5299 1297 5360 ἑστάναι,
1327 5297 1514 5348 σκόπει
1542 5297 1610 5349 τὰ
1635 5297 1784 5349 κάτω

229 5394 329 5445 καὶ
357 5392 588 5446 ταπεινά
609 5407 622 5420 ·
659 5392 745 5443 ἵνα
779 5390 853 5459 μὴ
897 5390 1108 5460 ἀθρόον,
1155 5389 1245 5440 καὶ
1280 5388 1408 5454 παρ’
1438 5387 1655 5450 ἐλπίδας
1686 5405 1785 5439 πε·

228 5483 366 5548 σὼν,
401 5484 481 5546 εἰς
510 5482 819 5553 ἀμηχανίαν
854 5481 988 5544 ὅλως
1014 5482 1306 5546 καταστῇς,
1351 5479 1443 5530 καὶ
1490 5479 1785 5546 ἱλιγγιῶντι

1878 4580 2088 4647 roganti
2122 4582 2365 4648 protulit,
2397 4598 2504 4635 non
2546 4585 2705 4637 modo
2762 4584 3007 4653 apposite
3042 4595 3094 4639 et
3138 4587 3435 4655 prudenter

1878 4670 2164 4738 prolatam,
2220 4674 2315 4726 sed
2361 4674 2523 4728 valde
2572 4677 2907 4729 commodam
2961 4676 3225 4731 arbitrare
3279 4680 3360 4746 (ut
3403 4695 3435 4732 e

1878 4763 2085 4827 rivulis,
2135 4764 2333 4831 quibus
2378 4766 2686 4830 oblectaris,
2749 4767 3135 4822 admonitionis
3186 4769 3283 4823 tibi
3334 4785 3434 4839 po-

1881 4853 2060 4906 culum
2088 4856 2395 4924 propinam)
2447 4857 2603 4911 Certe
2639 4873 2670 4912 e
2710 4874 2769 4913 re
2813 4860 2927 4928 ipsa
2975 4860 3257 4914 manifeste
3312 4863 3436 4914 licet

1881 4939 2334 5005 animadvertere,
2362 4945 2506 5012 quod
2532 4945 2684 5000 ﬁrma
2711 4956 2764 5000 et
2805 4947 3030 5001 immota
3082 4962 3233 5001 mens
3263 4962 3433 5016 saepe-

1878 5045 2104 5085 numero
2155 5034 2347 5087 attollit
2395 5036 2882 5102 (quemadmodum
2932 5036 3020 5090 ille
3081 5035 3434 5106 loquebatur)

1876 5119 2099 5173 humilia
2135 5121 2189 5173 in
2223 5123 2471 5187 sublime,
2503 5132 2560 5177 et
2582 5124 2838 5192 deprimit
2879 5125 3127 5178 sublimia
3163 5126 3218 5178 in
3252 5124 3435 5178 humi-

1879 5210 2108 5264 litatem.
2158 5212 2269 5266 Hoc
2317 5223 2407 5268 tuo
2437 5200 2617 5269 animo
2644 5210 2887 5270 recolens
2920 5231 3080 5287 sazpe,
3114 5218 3313 5271 licetin
3336 5233 3431 5271 ex-

1880 5301 2027 5355 celso
2053 5303 2225 5357 elatus
2254 5305 2514 5359 exsistere
2543 5307 2796 5370 videaris,
2847 5323 2964 5375 qua:
2986 5308 3237 5361 deorsum
3284 5321 3432 5372 sunt,

1882 5391 2127 5457 intuere;
2162 5410 2227 5447 ne
2263 5406 2457 5463 praeter
2481 5399 2935 5465 exspectationem
2984 5408 3148 5463 tuam,
3174 5398 3353 5452 subito
3381 5406 3437 5451 et

1883 5481 2169 5535 confertim
2217 5483 2528 5539 deturbatus
2582 5485 2835 5553 cxcidas,
2900 5494 2955 5540 et
2998 5499 3105 5554 quo
3157 5493 3206 5540 te
3258 5496 3435 5539 verus

1488 5629 1719 5693 νΑιιιιΕ
1759 5633 2151 5691 LECTIONES.

353 5806 377 5836 ο
406 5793 657 5863 ἄσπορον.
776 5795 794 5833 ί
836 5811 996 5864 προσ.
1110 5797 1133 5834 ε
1169 5793 1418 5864 ἄρρητος.
1530 5793 1557 5831 ὶι
1591 5790 1678 5845 τά.
