4236 6436
787 382 890 445 867

1945 383 2206 445 ΡΙΙΟΤΙΙ
2245 385 2740 448 PATRIARCH/E
2773 389 2884 452 (ΣΡ.

3912 387 4020 449 868

784 493 1020 552 nescius,
1049 491 1240 546 similis
1275 491 1368 547 tias
1407 492 1735 562 vertiginoso
1777 502 1832 547 et
1870 493 2220 555 circumacto,
2269 495 2342 547 ita
2372 503 2415 555 Α
2444 514 2457 548 i

2336 503 2415 555 1A
2444 497 2537 549 καὶ
2581 499 3004 569 περιδινουμένῳ
3039 499 3252 561 ἐοικὼς,
3303 500 3518 567 γέλωτα
3569 498 3665 567 μὲν
3710 497 3956 566 κινήσεις
3992 499 4009 535 ί

788 597 845 638 ut
895 585 1062 638 risum
1116 599 1334 637 moveas
1367 583 1506 652 (quae
1553 593 1635 638 est
1693 584 2023 653 deploranda
2067 585 2346 639 hominum

786 679 1048 748 conditio)
1081 680 1144 732 iis
1177 679 1270 747 qui
1307 694 1402 747 per
1427 679 1792 732 adulationem
1852 695 1997 732 nunc
2029 689 2080 731 te
2131 679 2347 732 beatum

782 771 1075 838 prmdicant
1121 789 1132 822 :
1182 771 1339 824 nobis
1394 781 1573 824 autem
1624 770 1866 825 dolorem
1929 787 2208 839 procures,
2259 773 2350 839 qui

784 863 950 914 libere
979 877 1124 914 nunc
1163 862 1364 926 optima
1399 862 1492 914 tibi
1545 862 1901 932 suggerimus.
1949 861 2015 914 Et
2075 871 2350 929 utcunque

785 963 951 1005 temet
981 961 1109 1006 tunc
1137 955 1487 1006 vehementer
1517 953 1754 1016 incuses,
1785 953 1907 1020 quia
1939 961 2224 1021 su5pectos
2252 954 2352 1005 alio

781 1045 1001 1110 quando
1027 1044 1262 1096 habebas
1282 1060 1374 1097 eos
1401 1044 1491 1112 qui
1521 1045 1658 1098 bene
1704 1045 2025 1105 suadebant,
2061 1044 2194 1096 nihil
2227 1044 2351 1096 inde

2455 591 2472 654 ('
2507 581 2550 639 ῶ
2584 589 2746 656 φύσις
2783 592 3085 660 ἀνθρώπων
3113 592 3357 659 τάλαινα)
3391 594 3503 653 τοῖς
3545 607 3606 642 σε
3635 587 3732 641 νῦν
3761 590 3820 640 ἐν
3854 589 4023 640 κολα-

2447 681 2570 750 κείᾳ.
2604 683 3018 750 μακαρίζουσιν,
3044 683 3232 756 ὥσπερ
3259 685 3434 754 λύπην
3460 685 3610 753 ἡμῖν,
3644 685 3757 743 τοῖς
3787 682 3846 732 ὲν
3873 682 4025 750 παρο

2454 774 2618 843 ῥησία
2654 775 3086 843 συμϐουλεύουσι
3118 778 3188 828 τὰ
3224 776 3464 846 χρηστά·
3498 774 3670 827 πολλὰ
3695 773 3750 825 δὲ
3787 789 4024 838 καταγι-

2448 865 2671 916 νώσκων
2730 867 2920 918 ἑαυτὸν
2952 868 3049 934 τῆς
3100 870 3372 938 προτέρας
3434 866 3543 918 τῶν
3604 863 4024 934 παραινούντων

2451 955 2774 1024 ὑπεροψίας,
2807 958 2956 1010 οὐδὲν
2980 959 3139 1010 πλέον
3173 960 3271 1011 ἀνύ
3285 977 3413 1021 τεις,
3446 959 3584 1027 πλὴν
3604 957 3719 1019 τοῦ,
3754 956 3861 1008 τῶν
3896 973 4026 1008 και-

2451 1046 2559 1116 ρῶν
2581 1047 2757 1099 ὀπίσω
2786 1051 3238 1116 μεταγινώσκειν,
3265 1050 3359 1102 καὶ
3387 1050 3695 1118 δυσιρορεῖν.

788 1137 993 1188 referes
1023 1136 1394 1199 emolumenti,
1427 1145 1632 1190 tantum
1691 1145 1814 1205 post
1858 1137 2094 1190 oblatam
2155 1137 2495 1190 occasionem
2561 1141 2884 1210 neglectam,
2940 1143 3314 1212 paenitentiam
3383 1143 3582 1196 frustra
3646 1158 3794 1212 ages,
3855 1151 4027 1208 atque

786 1235 927 1284 feres
965 1230 1264 1299 aegerrime.

1404 1316 1614 1370 EPIST.
1657 1317 1716 1369 L.

847 1409 1063 1462 Nirolao
1112 1413 1394 1478 largumeno
1430 1410 1732 1462 monasterii
1761 1407 1943 1463 Sancti
1976 1410 2270 1477 Nicephori.

3065 1323 3291 1378 ΕΠΙΣΤ.
3330 1325 3413 1379 N'.

2445 1412 2715 1473 Νικολάῳ
2753 1412 3061 1480 ἡγουμένῳ
3084 1411 3278 1480 μονῆς
3305 1413 3411 1467 τοῦ
3435 1414 3608 1482 ἁγίου
3639 1416 4016 1480 Νικηφόρον.

2001 1515 2267 1563 Montacut.
2293 1515 2526 1577 (ep.159,
2549 1532 2599 1580 p.
2627 1517 2760 1578 2l5).

853 1621 1073 1673 Amicus
1121 1628 1203 1671 est
1247 1631 1330 1670 res
1375 1616 1721 1678 necessaria;
1770 1615 1956 1683 quidni
2007 1616 2193 1668 enim?
2249 1616 2342 1669 sed
2378 1628 2417 1680 Β

783 1711 953 1781 magis
980 1709 1316 1764 necessarius
1351 1722 1531 1761 sermo
1560 1707 1717 1776 justi.
1766 1706 2019 1775 Optaram
2067 1716 2354 1775 utramque

778 1816 1102 1857 concurrere
1154 1801 1208 1853 in
1261 1816 1328 1854 eo
1383 1815 1483 1869 pro
1545 1815 1653 1868 quo
1703 1799 2013 1863 intercedis,
2064 1800 2352 1853 amicitiam

779 1911 974 1963 nempe
1005 1904 1060 1947 el.
1103 1893 1387 1961 justitiam.
1435 1892 1510 1945 Ita
1561 1891 1707 1944 enim
1740 1906 1859 1943 cum
1903 1892 2096 1960 gaudio
2151 1891 2352 1960 κτειιὶῐί-

778 1988 942 2041 cabor
1000 1986 1192 2038 amico.
1228 1985 1324 2038 Sin
1375 1984 1428 2037 id
1463 1984 1664 2046 minus,
1699 1997 1808 2035 non
1838 1983 1947 2050 jam
1978 1998 2076 2051 ego
2131 1983 2354 2050 culpan-

779 2080 898 2138 dus,
922 2078 1080 2130 sedis
1109 2075 1507 2144 quiamieitiam
1535 2075 1796 2143 disjunxit
1831 2091 1861 2128 a
1899 2076 2126 2143 justitia.
2159 2076 2352 2128 Animo

779 2177 925 2221 certe
945 2166 1087 2221 haud
1111 2167 1273 2230 feres,
1291 2182 1375 2220 me
1393 2176 1657 2219 amantem
1675 2182 1795 2219 cum
1813 2165 2043 2234 justitia,
2061 2167 2108 2219 ei
2130 2165 2218 2235 qui
2238 2166 2352 2219 sine

779 2276 840 2312 ea
879 2260 1073 2332 diligit,
1127 2277 1236 2314 non
1277 2259 1539 2329 praeferri.
1572 2257 1712 2322 Quin
1750 2259 1882 2323 scio,
1909 2260 2050 2328 quod
2095 2259 2197 2312 hoc
2226 2268 2351 2311 ante

781 2355 910 2410 illttd
931 2357 1113 2409 animo
1137 2356 1361 2418 recoles,
1385 2356 1528 2423 quod
1549 2355 1689 2408 haud
1713 2354 1804 2408 tibi
1825 2354 2034 2408 libitum
2055 2363 2157 2415 est,
2175 2362 2234 2406 ut
2251 2368 2352 2419 ego

781 2449 874 2516 qui
900 2447 1027 2500 olim
1058 2447 1112 2498 in
1141 2445 1322 2498 fu'tuw
1345 2446 1548 2513 judicio
1567 2460 1756 2513 pcenas
1777 2445 2006 2512 pendam
2031 2459 2128 2513 pro
2148 2443 2353 2512 judicio

782 2559 883 2596 nec
915 2556 1091 2610 :cquo.
1121 2556 1222 2593 nec
1247 2547 1419 2602 recto,
1451 2547 1506 2593 et
1534 2540 1619 2593 ille
1641 2538 1839 2606 duplici
1866 2553 2024 2607 poena
2062 2538 2348 2607 plectatur.

785 2638 1047 2689 Nmirum
1107 2635 1249 2702 quod
1305 2633 1503 2701 injuste
1562 2631 1689 2685 fecit
1749 2631 2016 2699 primum;
2086 2630 2345 2691 secundo,

783 2730 926 2795 quod
959 2742 1080 2779 eum
1110 2725 1372 2793 justitiam
1399 2723 1676 2788 violasset,
1718 2732 1773 2775 et
1804 2723 2011 2775 solutus
2053 2732 2200 2776 esset
2243 2722 2350 2775 eri-

785 2820 950 2878 mine,
984 2819 1142 2870 aliam
1172 2832 1287 2870 rem
1339 2817 1598 2884 injustam
1651 2813 2003 2882 perpetravit,
2036 2814 2180 2881 quod
2227 2827 2350 2867 eum

786 2926 1002 2980 penam
1031 2911 1179 2964 luere
1204 2910 1487 2966 debuerat,
1529 2905 1605 2958 illi
1636 2921 1743 2958 non
1777 2914 1890 2958 erat
1919 2904 2139 2959 inﬂicta.

1392 2997 1605 3051 EPIST.
1649 2996 1735 3048 Ll.

890 3096 1148 3149 Dorotheo
1200 3096 1480 3162 lieguntmo
1517 3092 1818 3144 monasterii
1857 3088 2228 3142 Cedronorum.

2531 1619 2850 1684 Ἀναγκαῖος
2877 1620 2974 1687 μὲν
3017 1621 3046 1672 ὀ
3076 1620 3229 1687 φίλος
3252 1637 3266 1651 ·
3298 1622 3416 1685 πῶς
3444 1623 3552 1690 γάρ
3575 1623 3634 1675 οὔ
3657 1641 3671 1687 ;
3721 1626 4030 1690 ἀναγκαιό-

2453 1724 2608 1776 τερος
2640 1711 2750 1761 δὲό
2791 1710 2885 1762 τοῦ
2944 1711 3154 1763 δικαίου
3199 1712 3374 1778 λόγος.
3420 1713 3664 1782 Εῠχομαι
3731 1717 4029 1784 ἀμφότερα

2455 1800 2782 1869 συνδραμεῖν
2818 1803 2957 1872 ὑπὲρ
2979 1797 3040 1854 οὗ
3073 1804 3416 1872 πρεσϐεύεις,
3453 1806 3548 1857 καὶ
3572 1807 3670 1874 τὴν
3700 1807 3905 1874 φιλίαν,
3927 1809 4027 1858 καὶ

2451 1896 2550 1962 τήν
2575 1894 2943 1965 δικαιοσύνην.
2979 1895 3135 1948 Οὕτω
3166 1898 3274 1965 γὰρ
3305 1896 3371 1948 ἂν
3395 1897 3565 1966 ἡδέως
3602 1898 3739 1968 φίλῳ
3770 1902 4029 1969 χαρισαί-

2457 2003 2584 2054 μην.
2620 1987 2681 2037 Εί
2716 1986 2759 2037 δ’
2811 1983 2923 2049 οὖν,
2961 1989 3158 2055 μηκέτι
3203 1989 3372 2057 ἡμᾶς.
3428 1989 3563 2041 ἀλλὰ
3601 1991 3689 2042 τὸν
3722 1990 4026 2058 δικάσαντα

2452 2078 2550 2144 τὴν
2609 2077 2801 2129 ἑαυτοῦ
2860 2078 3039 2143 φιλίαν
3105 2078 3204 2146 τῆς
3256 2079 3639 2148 δικαιοσύνης,
3700 2082 4019 2134 αἱτιαιτέον.

2455 2169 2674 2229 Πάντως
2709 2169 2834 2238 γὰρ,
2868 2169 2974 2220 οὐδ’
3014 2170 3174 2232 αὐτὸς
3205 2170 3400 2241 ἀνέξῃ,
3430 2171 3530 2238 ἐμὲ
3576 2171 3834 2237 φιλοῦντα
3882 2173 4025 2240 μετὰ

2450 2259 2550 2325 τῆς
2601 2260 2970 2328 δικαιοσύνης,
3023 2260 3114 2312 τοῦ
3165 2263 3333 2330 χωρὶς
3375 2263 3579 2330 ταύτης
3621 2264 4024 2333 ἀγαπηθέντος,

2457 2349 2531 2418 μὴ
2565 2350 2974 2419 προκρίνεσθαι.
3041 2353 3248 2404 Ἐκεῖνο
3276 2352 3333 2404 δέ
3381 2371 3494 2422 μοι,
3537 2355 3627 2405 καὶ
3670 2355 3775 2422 πρὸ
3805 2356 4022 2413 τούτου.

2453 2439 2511 2496 εὖ
2546 2439 2641 2496 οἷδ’
2669 2446 2770 2507 ὅτι,
2800 2446 3102 2512 σκοπήσαις
3126 2463 3140 2475 ·
3164 2447 3239 2510 ὡς
3269 2447 3368 2499 οὐκ
3413 2448 3479 2499 ἂν
3524 2447 3776 2517 θελήσαις
3820 2451 3925 2517 ἐμέ
3970 2469 4026 2502 τι

2451 2536 2606 2605 δίκην
2654 2536 2888 2604 ὀφείλειν
2932 2539 3162 2600 ἐκεῖθεν,
3211 2539 3310 2609 τῆς
3352 2541 3452 2590 οὐκ
3483 2539 3670 2608 ὀρθῆς,
3722 2541 3843 2592 οὐδὲ
3902 2540 4028 2608 ἴσης

2451 2630 2708 2696 κρίσεως,
2741 2632 2947 2682 ἐκεῖνόν
2979 2649 3036 2682 τε
3086 2632 3279 2694 διπλᾶς
3326 2632 3549 2701 ὑπέχειν
3594 2634 3800 2695 ποινὰς,
3837 2635 3932 2686 τοῦ
3963 2652 4027 2686 τε

2452 2717 2671 2788 πρώτου
2702 2719 3038 2787 ἀδικήματος
3059 2735 3074 2750 ο
3113 2720 3209 2770 καὶ
3250 2719 3364 2783 τοῦ,
3415 2721 3499 2787 ἐφ’
3592 2721 3686 2790 τὴν
3715 2723 3873 2791 δίκην
3905 2724 4029 2775 δια-

2453 2807 2700 2877 φθείρας,
2749 2810 2842 2861 καὶ
2895 2808 3099 2875 φυγὼν,
3135 2807 3383 2876 δεύτερον
3429 2809 3689 2880 ἀδίκημα,
3739 2810 3817 2880 τῷ
3867 2809 4029 2880 δίκην

2454 2902 2747 2967 ὀφείλοντι,
2785 2902 2934 2970 παρὰ
2958 2901 3050 2953 τοῦ
3085 2902 3292 2964 λαϐεῖν,
3323 2903 3573 2971 ἦνεγκεν.

3067 2995 3298 3047 ΕΠΙΣΤ.
3331 2995 3459 3047 NA'.

2632 3088 2904 3152 Δωροθέῳ
2934 3088 3243 3157 ἡγουμένῳ
3276 3087 3470 3156 μονῆς
3497 3087 3844 3156 Κεδρὼν-ων.

2004 3204 2270 3252 Montacut.
2308 3202 2410 3262 (ep.
2433 3203 2540 3260 220,
2565 3217 2614 3264 p.
2641 3204 2772 3264 ΞΗ).

855 3311 936 3362 Tu
967 3309 1182 3377 quidem
1219 3308 1427 3376 plangis
1454 3317 1506 3360 et
1531 3306 1862 3375 lacrymaris,
1896 3321 1961 3359 eo
2013 3304 2154 3374 quod
2182 3320 2209 3356 a
2243 3319 2334 3356 n0~

790 3412 904 3455 stro
933 3403 1059 3454 olim
1086 3402 1138 3452 in
1168 3400 1385 3453 Christo
1403 3414 1583 3452 amore
1599 3398 1953 3466 separabare;
1997 3405 2143 3450 recte
2176 3394 2305 3448 facis
2333 3412 2344 3446 :

788 3509 898 3545 non
943 3491 1087 3543 enim
1159 3501 1240 3543 est
1295 3491 1474 3542 minus
1547 3505 1670 3542 cum
1730 3488 1928 3542 virtute
1980 3488 2352 3556 conjunetum,

785 3584 985 3636 amoris
1013 3585 1273 3650 jacturam
1302 3582 1527 3646 deﬂere;
1555 3591 1609 3635 et
1643 3597 1749 3634 non
1791 3579 1952 3633 modo
1991 3579 2128 3632 velle
2160 3593 2351 3632 emen-

786 3677 937 3738 dare,
967 3690 1154 3728 verum
1200 3674 1394 3727 acerbe
1441 3673 1604 3736 lerre,
1640 3671 1784 3742 quod
1831 3672 2123 3741 aliquando
2171 3671 2354 3738 lapsus

787 3769 1032 3823 invaluit.
1053 3768 1283 3819 Tantum
1313 3767 1465 3819 abest
1517 3776 1576 3817 ut
1597 3781 1695 3835 ego
1717 3764 2094 3818 alienationem
2116 3761 2351 3830 priorem

787 3862 1112 3927 vitupercm,
1143 3867 1363 3926 propter
1408 3855 1687 3924 praesentis
1730 3854 2031 3908 concordiae
2070 3853 2355 3907 sincerita-

792 3960 919 4011 tcm,
965 3957 1059 4002 aut
1102 3956 1162 4000 ut
1219 3947 1369 4000 tarde
1415 3947 1625 3999 veniam
1678 3945 1992 4007 concedam,
2046 3953 2104 3996 ut
2158 3943 2357 4012 gratias

794 4041 992 4095 divina:
1024 4037 1380 4091 Providentia:
1423 4037 1601 4089 omnia
1645 4033 2054 4088 administrandi
2106 4033 2355 4087 ferendas

790 4133 890 4185 tibi
922 4145 1178 4183 asseram.
1200 4128 1300 4190 Qui
1323 4127 1466 4181 enim
1490 4137 1602 4179 tum
1622 4126 2014 4194 prolitebantur
2037 4123 2353 4184 amicitiam,

789 4225 922 4278 satis
971 4220 1338 4274 numerabiles
1399 4233 1714 4288 generosam
1769 4231 1898 4270 sane
1967 4222 2200 4267 mentem
2263 4222 2347 4265 tc-

2533 3300 2606 3352 Σὺ
2645 3300 2743 3369 μὲν
2776 3301 3013 3372 ὀλοφύρῃ
3063 3302 3157 3354 καὶ
3210 3301 3426 3372 θρηνεῖς
3453 3302 3538 3372 ἐφ’
3591 3298 3670 3366 οἷς
3721 3304 3891 3356 πάλαι
3931 3305 4028 3375 τῆς

2457 3391 2614 3461 ἡμῶν
2644 3393 2700 3442 ὲν
2725 3391 2914 3461 Κυρίῳ
2935 3391 3153 3459 ἀγάπης
3184 3391 3456 3444 διίστασο·
3482 3392 3577 3444 καὶ
3606 3392 3783 3456 καλῶς
3817 3395 3990 3455 ποιεῖς
4011 3410 4026 3421 ⁸

2457 3487 2578 3538 οὐδὲ
2607 3485 2760 3537 τοῦτο
2791 3484 2899 3555 γὰρ
2925 3484 3143 3536 ἔλαττον
3164 3485 3270 3535 τῶν
3301 3484 3474 3538 ἄλλων
3505 3486 3585 3546 είς
3624 3485 3822 3555 ἀρετῆς
3853 3485 4027 3551 λόγων

2461 3579 2682 3645 ἀγάπης
2736 3577 2939 3646 ζημίαν
2973 3575 3278 3647 ὀδύρεσθαι,
3331 3578 3428 3628 καὶ
3489 3576 3562 3646 μὴ
3611 3577 3768 3645 μόνον
3819 3578 4026 3629 ἐθέλειν

2459 3668 2775 3738 ὀρθοῦσθαι,
2807 3668 2943 3722 ἀλλὰ
2977 3671 3067 3721 καὶ
3092 3669 3303 3740 πικρῶς
3327 3669 3530 3736 ἀλγεῖν,
3565 3671 3643 3721 ὅτι
3669 3670 3767 3736 τὴν
3795 3671 3966 3740 ἀρχὴν
3990 3673 4025 3740 ἠ

2457 3760 2664 3823 πτῶσις
2712 3762 3036 3831 ἐκράτησεν.
3093 3762 3234 3828 Ἐγὼ
3278 3763 3334 3814 δὲ
3388 3762 3640 3815 τοσοῦτον
3692 3764 3882 3833 ἀπέχω
3927 3766 4023 3817 τοῦ

2456 3849 2771 3919 μέμψασθαί
2790 3869 2838 3902 τι
2865 3851 2966 3918 τῆς
2990 3852 3117 3920 πρὶν
3140 3852 3426 3921 διχονοίας,
3452 3854 3539 3906 διὰ
3555 3856 3653 3924 τὴν
3677 3854 4024 3924 καθαρότητα

2452 3946 2550 4009 τῆς
2584 3941 2679 3993 νῦν
2701 3943 2972 4009 ὁμονοίας,
3032 3945 3064 4013 ἢ
3097 3944 3234 4013 πρὸς
3267 3946 3595 4016 συγγνώμην
3628 3948 3826 4016 βραδὺς
3857 3944 4022 4012 εἶναι,

2451 4033 2591 4085 ὥστε
2617 4035 2710 4087 καὶ
2731 4035 2960 4102 χάριτας
2978 4038 3042 4104 τῇ
3070 4038 3246 4088 πάντα
3277 4037 3456 4105 σοφῶς
3477 4039 3815 4110 περιαγούσῃ
3850 4058 4020 4106 προσ-

2451 4125 2699 4193 ομολογῶ
2735 4129 2982 4196 προνοίᾳ,
3029 4128 3124 4180 καί
3164 4129 3222 4181 σέ
3275 4146 3416 4198 φημι
3455 4130 3585 4184 δεῖν.
3621 4130 3742 4182 Τῶν
3767 4134 3877 4200 γάρ
3899 4134 4019 4185 τότε

2456 4218 2626 4285 φίλων
2669 4219 3024 4288 εὐαρίθμητοι
3094 4220 3191 4288 μὲν
3232 4220 3556 4274 διεσώσαντο
3587 4221 3649 4273 τὸ
3692 4222 3791 4291 τῆς
3839 4224 4019 4294 ψυχῆς

786 4331 954 4371 nuere
991 4333 1003 4368 :
1046 4321 1268 4368 cancros
1297 4311 1380 4363 vel
1419 4311 1782 4364 adulationem
1827 4307 2106 4360 simulasse
2138 4314 2348 4373 tempus
2379 4316 2423 4370 Ι)
2452 4329 2459 4360 ι

2346 4339 2348 4350 ι
2379 4316 2423 4370 Ι)
2452 4312 2670 4376 εὐγενές
2698 4327 2710 4338 '
2743 4311 2848 4362 τῶν
2879 4311 2936 4362 δὲ
2982 4311 3204 4378 λοιπῶν,
3243 4313 3370 4374 τοὺς
3407 4311 3507 4381 μὲν
3532 4315 3560 4364 ὁ
3591 4315 4019 4384 ἐπικρεμασθεὶς

787 4406 1022 4461 convicit
1073 4424 1087 4458 :
1143 4402 1427 4470 quosdam,
1486 4401 1630 4468 quod
1693 4399 1821 4451 dum
1878 4396 2171 4465 experirer,
2236 4409 2345 4447 nou

789 4496 1119 4556 metuebam,
1173 4490 1399 4544 audacia
1447 4488 1745 4542 exarmavit
1789 4487 1842 4539 in
1883 4484 2243 4547 contrarium;
2293 4494 2347 4538 et

788 4597 968 4639 tamen
1013 4584 1215 4636 factum
1265 4589 1368 4646 est,
1400 4590 1459 4632 ut
1495 4579 1584 4647 qui
1626 4594 1746 4632 cum
1800 4576 1905 4630 illis
1948 4584 2133 4634 staret,
2169 4573 2237 4626 ab
2284 4573 2347 4626 il-

787 4682 958 4731 lorum
1015 4677 1322 4743 suspicione
1380 4689 1488 4725 non
1541 4681 1684 4724 esset
1739 4686 1935 4739 purus;
2005 4683 2191 4720 verum
2252 4680 2347 4734 per

787 4769 1091 4823 istiusmodi
1145 4776 1384 4832 tempora
1443 4763 1710 4816 sinceram
1762 4759 2058 4813 amicitiam
2122 4757 2346 4810 viriliter

786 4873 1172 4917 conservasse,
1245 4866 1303 4909 ct
1361 4853 1730 4922 dispositionis
1787 4852 2002 4904 laudem
2079 4849 2343 4919 egregiam

787 4951 970 5007 habet.
1003 4957 1056 5001 et
1087 4947 1389 4998 luturorum
1431 4944 1550 4996 sine
1587 4941 1752 4995 dubio
1800 4941 2016 5011 pignus,
2044 4949 2099 4992 et
2124 4948 2347 5007 praeter-

785 5043 977 5093 itorum
1019 5039 1298 5107 apologia,
1343 5051 1463 5103 quae
1504 5035 1705 5087 nullam
1745 5033 1902 5085 aliam
1954 5031 2192 5099 requirat
2223 5030 2343 5082 exi-

783 5133 1035 5201 gt-ntiam,
1063 5131 1155 5183 sed
1184 5144 1306 5182 eum
1360 5128 1506 5179 omni
1543 5127 1720 5188 venia,
1767 5124 1833 5178 de
1879 5123 2070 5176 inertia
2114 5123 2168 5174 in
2201 5121 2343 5190 judi-

781 5227 922 5275 cium
980 5223 1021 5275 si
1069 5230 1311 5282 vocetur,
1364 5219 1503 5286 apud
1553 5217 1786 5270 tribunal
1827 5215 1989 5267 nullis
2031 5213 2343 5266 muneribus

781 5312 1231 5380 corrumpendum
1259 5319 1406 5363 recte
1437 5318 1493 5362 et.
1526 5309 1740 5379 egregie
1782 5307 1983 5361 factum
2017 5307 2070 5359 in
2091 5305 2340 5374 praesenti

782 5407 954 5471 ipsum
1001 5419 1098 5472 per
1150 5417 1209 5458 se
1264 5403 1531 5456 honorem
1589 5411 1643 5455 et
1688 5401 2092 5456 venerationem
2154 5414 2343 5454 conse-

779 5506 993 5563 quelur.

2454 4400 2615 4469 φόϐος
2649 4401 2832 4466 ἀφεῖλε
2877 4400 2972 4470 τὴν
3019 4403 3246 4472 ἀρετήν·
3287 4403 3418 4466 τοὺς
3445 4403 3501 4455 δὲ
3537 4404 3825 4469 κολακείας
3861 4409 4017 4472 ὄντας

2455 4491 2750 4560 πρόσωπον
2783 4492 3006 4560 ἤλεγξεν
3030 4495 3057 4545 ὁ
3104 4495 3320 4563 καιρός·
3351 4496 3475 4557 τοὺς
3498 4497 3573 4556 δὲ,
3616 4491 3682 4562 ὦ,
3725 4500 3892 4569 μέχρι
3923 4503 4014 4554 τοῦ

2457 4583 2709 4649 γενέσθαι
2762 4584 2885 4653 μηδ’
2944 4585 3272 4655 ἐλπιζομένη
3323 4588 3495 4657 τόλμα
3559 4592 3651 4642 καὶ
3689 4592 4014 4657 ἀπεναντίας

2458 4675 2778 4743 ἱσταμένους
2804 4693 2814 4704 ·
2846 4677 2940 4727 καὶ
2974 4677 3307 4740 συνέϐαινεν,
3355 4681 3401 4728 εί
3446 4680 3536 4731 καὶ
3582 4684 3884 4748 συνέϐαινε,
3919 4689 4014 4754 τὴν

2456 4764 2572 4830 μετ’
2606 4765 2832 4814 ἐκείνων
2857 4763 3035 4832 ἔχοντι
3087 4765 3260 4827 τάξιν,
3297 4767 3428 4835 μηδὲ
3458 4767 3555 4835 τῆς
3585 4768 3810 4820 ἐκείνων
3839 4772 4011 4822 καθα-

2453 4851 2631 4920 ρεύειν
2673 4853 2935 4920 ὑποφίας·
2985 4852 3046 4902 τὸ
3078 4852 3134 4903 δὲ
3166 4855 3221 4903 ἐν
3276 4854 3450 4922 καιρῷ
3484 4856 3710 4926 τοιούτῳ
3768 4860 4014 4928 καθαράν

2450 4939 2602 4993 οὔπω
2630 4943 2723 4994 καὶ
2750 4941 2998 5008 ἀνδρείαν
3033 4941 3402 5004 ἐπιδείξασθαι
3431 4944 3529 5012 τὴν
3556 4943 3756 5010 φιλίαν,
3793 4947 3888 4998 καὶ
3917 4948 4014 5012 τῆς

2451 5031 2730 5100 παρούσης
2761 5032 2876 5082 ἐστὶ
2928 5030 3222 5091 διαθέσεως
3249 5031 3523 5100 ἐγκώμιον
3573 5032 3748 5101 μέγαο
3781 5035 3875 5085 καὶ
3906 5035 4010 5086 τῶν

2454 5123 2754 5193 μελλόντων
2796 5124 2894 5176 οὐκ
2937 5123 3133 5192 ἔχουσα
3181 5123 3474 5193 δισταγμὸν
3509 5124 3712 5195 ἐγγύη·
3763 5128 3857 5178 καὶ
3909 5129 4010 5178 τῶν

2450 5214 2902 5284 παρεληλυθότων
2935 5214 3220 5281 ἀπολογία,
3273 5215 3537 5283 μηδεμιᾶς
3582 5216 3680 5284 μὲν
3707 5217 3876 5284 ἄλλης
3903 5219 4010 5271 δεο-

2453 5309 2588 5378 μένη
2618 5308 3010 5377 περιστάσεως,
3042 5306 3177 5358 ἀλλὰ
3219 5307 3312 5358 καὶ
3354 5308 3652 5378 συγγνώμῃ
3690 5311 3837 5379 πάσῃ
3864 5311 4009 5362 δικά-

2449 5403 2635 5466 ζουσα,
2665 5400 2764 5469 τὴν
2823 5399 3020 5467 ἀργίαν
3043 5439 3055 5462 ,
3104 5398 3162 5461 ἐξ
3198 5399 3609 5466 ἀδωροφορήτου
3640 5400 3732 5452 τοῦ
3768 5401 4008 5470 ﬁgam;

2447 5494 2541 5546 τοῦ
2587 5493 2851 5563 παρόντος
2895 5490 3318 5560 κατορθώματος
3349 5492 3485 5561 αὐτῇ
3533 5493 3652 5545 καθ’
3681 5495 3882 5566 ἑαυτὴν
3952 5498 4010 5550 τὸ

2449 5587 2734 5654 αἰδέσιμόν
2766 5603 2822 5637 τε
2859 5587 2948 5638 καί
2971 5585 3278 5650 ἀξιόπιστον
3303 5587 3644 5656 χρηματίζει.

2079 5704 2305 5758 VARI/1‘3
2340 5701 2739 5760 LECTIONES.
