4236 6436
251 395 359 459 869
1400 389 1924 449 EPISTOLARUM

1807 389 1932 449 iUM
1967 389 2193 450 LIBER
2235 390 2318 450 ΙῘ.
3378 393 3480 455 870

813 498 1035 552 ΕΠΙΣΤ.
1081 498 1206 550 NB’.
1854 508 1899 558 Α

1854 508 1899 558 Α
2514 494 2735 550 EPIST.
2780 496 2886 550 LII.

896 590 978 653 ΤΦ
1005 588 1181 653 αὺτῷ-
2598 590 2797 642 Eidem.

1470 691 1732 739 Montacut.
1768 690 1866 751 (ep.
1897 690 2004 749 230,
2028 706 2074 752 ρ.
2102 692 2233 751 343).

324 796 397 846 Τὸ
438 796 537 864 μὲν
563 794 733 860 δῶρον
785 790 1013 857 γνησίας
1058 791 1275 857 ἀγάπης
1303 803 1316 816 ο
1354 787 1414 839 τὸ
1452 787 1508 839 δὲ
1538 789 1595 838 ἐν
1642 786 1818 855 καιρῷ
1996 833 1997 837 η

1808 804 1818 835 ι
1996 787 2189 841 Munus
2236 788 2305 840 ab
2350 802 2534 841 amore
2566 798 2649 841 est
2689 805 2951 859 genuino;
2997 800 3051 844 at
3102 792 3207 845 hoc
3242 801 3481 862 tempore

245 885 478 953 τοιούτῳ
505 883 774 954 διαπύρου
802 883 968 934 πόθου
988 896 1000 907 ⁸
1035 880 1096 933 τὸ
1127 880 1185 932 δὲ
1209 878 1306 931 καὶ¹
1333 877 1666 947 τηλικούτων
1696 879 1821 929 ὲπι-
1852 896 1855 899 ί

1806 904 1821 914 -
1852 896 1855 899 ‘
1925 880 2147 933 missum
2182 879 2388 933 ardenti
2417 880 2686 933 desiderio
2716 900 2729 933 :
2762 881 2856 935 sed
2904 882 3066 935 tantis
3098 884 3348 952 periculis
3382 885 3479 938 im-

248 974 619 1045 κρεμαμένων
670 973 932 1025 κινδύνων
972 966 1311 1040 μαρτυρικοῦ
1355 968 1518 1036 ζήλου
1545 982 1562 997 ο
1603 967 1718 1019 ἀνθ’
1745 961 1820 1017 ὧν

1809 982 1820 1015 ν
1925 971 2287 1038 pendentibus
2336 972 2576 1039 martyrii
2625 973 2758 1024 zelo.
2823 972 2928 1025 Pro
2957 988 3066 1039 quo
3114 974 3253 1028 Deus
3298 987 3482 1029 noster

247 1065 489 1135 Χριστὸς
518 1067 546 1117 ὁ
577 1063 712 1126 Θεὸς
746 1062 922 1132 ἡμῶν,
957 1062 1053 1113 καὶ
1086 1058 1244 1130 ἡμῶν
1281 1059 1576 1127 σιγώντων,
1615 1060 1695 1121 εἰς
1728 1060 1819 1110 τὸν

1807 1076 1819 1109 ρ
1928 1062 2200 1125 Christus,
2231 1062 2389 1117 nobis
2419 1064 2741 1127 tacentibus,
2792 1063 2844 1115 in
2895 1064 3042 1133 regni
3090 1065 3171 1117 sui
3199 1076 3397 1120 sortem
3430 1077 3480 1121 te

248 1160 421 1213 αὑτοῦ
453 1175 513 1210 σε
544 1158 642 1227 τῆς
673 1156 947 1225 βασιλείας
979 1154 1420 1223 ἐναπογράφεται
1470 1152 1689 1222 κλῆρον.
1720 1149 1817 1217 Είη

1804 1165 1817 1217 ι
1926 1153 2256 1207 transmittat
2289 1172 2303 1208 :
2346 1163 2434 1209 tua
2475 1164 2655 1207 autem
2685 1156 2967 1223 praesentia
3012 1158 3187 1211 futura
3221 1170 3303 1213 est
3346 1161 3477 1214 mihi

247 1250 297 1300 δ’
320 1251 454 1318 ἡμῖν
476 1247 569 1301 καὶ
599 1250 632 1317 ἡ
665 1246 731 1317 σὴ
761 1246 1032 1316 παρουσία
1067 1245 1205 1315 μετὰ
1234 1244 1489 1314 λαμπρᾶς
1532 1244 1623 1295 καὶ
1651 1240 1817 1309 μεγά·

1804 1268 1817 1277 -
1921 1258 2042 1296 cum
2094 1244 2287 1297 illustri
2340 1254 2392 1299 et
2442 1245 2665 1298 notabili
2714 1247 2905 1309 salute,
2953 1264 3006 1302 et
3052 1264 3147 1318 spe
3188 1265 3360 1313 sacra,
3394 1252 3477 1304 cui

250 1340 353 1407 λης
382 1340 480 1408 τῆς
510 1340 807 1408 σωτηρίας,
832 1339 926 1390 καὶ
967 1337 1076 1389 τῶν
1112 1336 1270 1406 ίερῶν
1297 1334 1546 1398 ἐλπίδων,
1578 1327 1718 1400 αἶςὴ
1751 1330 1819 1399 σὴ
1917 1350 1923 1385 :

1805 1346 1819 1399 ι
1917 1334 2094 1386 anima
2150 1342 2238 1386 tua
2281 1342 2465 1388 sancta
2510 1334 2761 1405 anigitur,
2810 1352 2915 1389 non
2962 1354 3058 1407 per
3114 1341 3478 1408 procrastina-

252 1430 514 1499 πανιερδς
546 1429 692 1497 ψυχὴ
725 1427 1079 1499 προσανέχει’
1134 1426 1297 1496 μηδὲν
1328 1424 1408 1487 είς
1440 1421 1709 1483 ἀναόολὰς
1742 1419 1825 1470 ἔτι
1922 1436 1925 1473 ι

1629 1422 1709 1483 ιὰς
1742 1419 1825 1470 ἔτι
1922 1424 2119 1479 tionem
2150 1426 2369 1496 rejeeta,
2398 1427 2493 1482 sed
2524 1428 2699 1498 reipsa
2742 1430 3033 1499 COIISplClIB
3072 1431 3302 1485 firmata.

249 1521 535 1590 ώρημένον
575 1520 597 1557 κ
632 1520 746 1572 ἀλλ’
797 1520 881 1571 ἐπ’
919 1519 1097 1581 αὐτοῖς
1128 1517 1311 1588 ἔργοις
1336 1516 1395 1568 τὸ
1433 1513 1650 1585 βέόαιον
1680 1512 1819 1583 λαμ-

256 1612 412 1681 πρῶς
436 1610 835 1680 καθορώμενον.

1136 1930 1369 1980 SERIES
1405 1930 1672 1981 TERTIA.
1696 1954 1757 1967 -—
1787 1930 1874 1979 AD
1907 1926 2238 1978 DIYERSOS
2276 1922 2605 1975 CLERICOS.

838 2069 1061 2124 ΕΠΙΣΤ.
1105 2072 1228 2125 Nl".

2546 2064 2762 2119 EPIST.
2797 2059 2925 2115 Llll.

535 2162 801 2232 Γεωργίῳ
824 2161 1077 2227 διακόνῳ
1101 2163 1196 2217 καὶ
1220 2163 1537 2232 ξενοδόχῳ.
1847 2155 1893 2215 Β

1495 2181 1537 2227 ρ.
1847 2155 1893 2215 Β
2231 2161 2448 2229 Georgio
2476 2158 2697 2210 diacono
2729 2165 2775 2208 et
2810 2151 3168 2221 hospitalario.

1472 2296 1731 2345 Monlacut.
1769 2298 1868 2359 (ep.
1906 2298 1981 2355 45,
2020 2310 2065 2357 ρ.
2106 2294 2231 2355 100).

342 2417 399 2468 '0
431 2415 538 2467 τῶν
564 2414 890 2485 ἀπορρήτων
917 2415 1158 2484 ἐπόπτης
1183 2416 1274 2467 καὶ
1302 2417 1675 2484 μυσταγωγὸς,
1719 2416 1815 2486 τὴν
1996 2412 2015 2464 l

1798 2434 1815 2468 ν
1996 2412 2197 2464 Rerum
2294 2417 2621 2462 secretarum
2690 2406 2961 2473 inspector
3040 2412 3095 2455 et
3151 2401 3471 2471 propalatur,

257 2510 430 2581 μέθην
451 2508 637 2578 πόρρω
660 2507 793 2559 Θεοῦ
826 2506 1100 2575 βασιλείας
1125 2508 1406 2561 ἐθεάσατο.
1438 2509 1499 2560 Εἰ
1529 2505 1619 2561 οὖν
1651 2509 1812 2579 μέθυ·
1917 2517 1930 2554 ε

1801 2539 1812 2550 .
1917 2501 2234 2555 ebrietatem
2264 2514 2290 2551 a
2343 2513 2508 2567 regno
2557 2495 2649 2548 Dei
2696 2495 2967 2548 submovit
3009 2494 3186 2562 longe.
3240 2494 3389 2558 Quod
3429 2509 3474 2549 ει

258 2620 343 2655 σοι
375 2601 649 2671 βασιλείαν
704 2598 839 2650 Θεοῦ
898 2600 955 2650 οὐ
1008 2599 1490 2668 κληρονομήσουσι,
1522 2600 1573 2652 τί
1623 2618 1702 2653 σοι
1755 2602 1815 2654 τὸ
1916 2609 1931 2647 ε

1802 2614 1815 2653 >
1916 2593 2051 2647 ebrii
2080 2591 2171 2645 Dei
2200 2604 2418 2659 regnum
2453 2603 2557 2641 non
2605 2585 3016 2647 hmreditabunt,
3044 2584 3172 2651 quid
3220 2584 3316 2637 tibi
3350 2600 3475 2654 pro-

252 2693 467 2761 δφελος,
491 2692 572 2743 ὅτι
599 2690 705 2742 τῶν
736 2690 907 2742 ἄλλων
938 2690 1215 2759 ἁμαρτιῶν
1244 2690 1425 2753 δοῦλος
1446 2732 1461 2755 ,
1496 2692 1567 2753 ώς
1614 2693 1811 2759 λέγεις,
1917 2704 1925 2736 4

1802 2733 1811 2754 ,
1917 2685 2057 2744 dest,
2099 2681 2143 2735 si
2172 2679 2351 2747 (quod
2393 2675 2590 2745 aﬂers)
2623 2675 2850 2730 aliorum
2901 2685 3243 2743 peccatorum
3286 2689 3475 2728 servus

253 2785 317 2834 οὔ
339 2783 597 2850 γέγονας;
633 2780 739 2831 Καί
769 2797 853 2833 τοι
897 2780 1005 2832 τῶν
1028 2780 1301 2831 ἀδυνάτων
1328 2780 1442 2830 ἐστὶ
1469 2780 1669 2847 τυφλοῦ
1701 2798 1813 2833 κει-
1915 2791 1926 2827 1

1802 2811 1813 2819 -
1915 2790 2023 2828 non
2058 2772 2325 2826 exsistas?
2349 2770 2445 2823 Est
2482 2769 2623 2822 enim
2654 2768 3007 2837 impossibile,
3031 2782 3153 2821 eum
3185 2766 3321 2819 ratio
3352 2766 3475 2832 (via:

259 2875 423 2944 μένου
451 2876 514 2941 τῇ
553 2872 686 2941 μέθῃ
710 2870 803 2923 τοῦ
832 2870 1250 2940 καθοδηγοῦντος
1277 2872 1533 2939 λογισμοῦ
1558 2874 1650 2925 καὶ
1675 2873 1814 2942 ἀμύ-
1915 2891 1932 2925 ι

1801 2902 1814 2913 -
1915 2872 2024 2925 dux
2058 2885 2178 2939 quae
2225 2882 2345 2922 esse
2389 2866 2575 2920 debuit
2602 2876 2656 2919 et
2701 2865 2928 2931 injurias
2956 2863 3301 2931 propulsare)
3335 2876 3474 2915 caeca

254 2980 456 3027 νοντος,
494 2963 567 3031 μὴ
600 2962 760 3014 παντὶ
810 2963 1165 3031 προσπταίειν
1221 2962 1351 3031 λίθῳ
1392 2964 1482 3015 τὸν
1507 2965 1808 3033 ἄνθρωπον,
1916 2980 1927 3015 ι

1798 3007 1808 3029 ,
1916 2961 2188 3015 exstiterit
2221 2974 2317 3028 per
2360 2958 2697 3019 ebrietatem,
2730 2971 2838 3008 non
2868 2956 2933 3009 ad
2976 2968 3191 3008 omnem
3244 2952 3471 3022 lapidem

256 3058 349 3108 mi.
378 3056 450 3125 μὴ
480 3053 674 3116 παντὸς
708 3052 910 3115 πάθους
941 3054 1256 3123 προκεῖσθαι
1287 3055 1631 3124 ἀνδράποδον.
1917 3072 1929 3109 ι

1616 3096 1631 3109 .
1917 3053 2211 3114 oﬂendere,
2236 3065 2345 3103 non
2385 3048 2674 3116 cujuslibet
2698 3062 2911 3100 servum
2942 3062 2999 3101 se
3031 3047 3286 3101 exhibere

847 3165 1068 3217 ΕΠΙΣΤ.
1101 3166 1221 3217 NA'.
2507 3162 2520 3215 1

2507 3159 2727 3217 EPIST.
2769 3160 2896 3216 Llil.

885 3254 966 3319 Τῷ
1002 3255 1178 3321 αὐτῷ.

1146 3257 1178 3310 i.
2614 3254 2819 3307 Eidem.

1092 3369 1218 3423 Haec
1238 3373 1456 3440 epistola
1492 3390 1627 3427 nunc
1646 3374 1873 3444 quwstio
1904 3372 2036 3427 CCII
2068 3372 2308 3424 editionis
2337 3379 2543 3423 naslrw.

819 3484 1045 3539 eum.
1084 3486 1207 3538 NE'.
1830 3496 1875 3551 ο

1830 3496 1875 3551 ο
2529 3481 2743 3536 EPIST.
2778 3482 2881 3537 ιν.

434 3574 716 3639 Θεοφάνει
740 3572 994 3637 διακόνῳ
1031 3576 1130 3627 καὶ
1170 3578 1630 3643 προπογοταρίῳ.

1547 3578 1630 3642 ίῳ.
2194 3575 2486 3643 TheOphaui
2515 3575 2732 3625 diacono
2773 3586 2820 3627 et
2848 3575 3217 3641 protonotario.

1466 3681 1728 3731 Moutacut.
1769 3684 1869 3745 (ep.
1902 3685 1980 3745 85,
2014 3698 2063 3746 p.
2100 3682 2230 3738 129).

329 3769 536 3835 ’Δλγεϊς
565 3772 645 3824 ὅτι
679 3772 887 3825 ἀκούων
930 3772 947 3810 ι
980 3776 1059 3836 είς
1097 3777 1241 3845 ἡμᾶς
1275 3778 1521 3846 ἥμαρτες
1544 3796 1559 3812 ο
1605 3780 1804 3846 μᾶλλον
1981 3780 2002 3830 ι

1795 3798 1804 3828 ν
1981 3778 2134 3832 Dolet
2162 3776 2260 3831 tibi
2287 3777 2432 3845 quod
2464 3775 2666 3828 Invitus
2714 3776 2767 3827 in
2814 3788 2901 3827 me
2939 3774 3245 3844 deliquisti;
3290 3778 3468 3844 potius

254 3862 311 3913 δὲ
336 3862 416 3913 ὃτι
434 3862 858 3931 τυραννούμενος
879 3866 971 3916 καὶ
995 3866 1227 3935 πληγαῖς
1246 3868 1326 3930 είς
1353 3872 1544 3938 πεῖραν
1581 3871 1805 3939 προκεί-
1910 3888 1927 3925 ί

1794 3900 1805 3911 -
1910 3872 2053 3940 quod
2102 3870 2376 3939 tyrannice
2422 3867 2758 3937 compulsus,
2815 3878 2869 3919 et
2922 3867 3090 3935 plagis
3138 3867 3354 3922 inﬂictis
3402 3872 3467 3923 ad

259 3968 439 4020 μενος,
467 3952 626 4020 μέχρι
657 3952 903 4023 γλώσσης
936 3956 1094 4023 μόνον
1125 3958 1223 4027 τὴν
1273 3960 1425 4027 ίσχὺν
1480 3960 1657 4013 αὐτῶν
1708 3961 1805 4029 τῆς
1914 3972 1932 4016 ι

1794 3979 1805 4022 :
1914 3961 2261 4016 tentationem
2309 3958 2572 4020 subditus,
2619 3957 2794 4025 lingua
2823 3964 2979 4009 tenus
3027 3964 3252 4023 tantum,
3308 3974 3467 4027 quam

257 4042 378 4110 βίας
408 4042 703 4106 ἐπέδειξας,
734 4044 857 4096 ἀνά)
870 4062 1003 4097 ωτον
1027 4048 1144 4108 ταῖς
1180 4047 1429 4115 βασάνοις
1465 4053 1805 4121 συντηρήσας
1912 4073 1930 4108 ι

1793 4070 1805 4115 :
1912 4056 2018 4108 vim
2061 4054 2309 4108 habuerit
2345 4068 2531 4107 eorum
2570 4051 2844 4114 violentia,
2885 4051 3152 4113 docuisti;
3187 4056 3466 4109 tormentis

254 4135 353 4203 τὴν
384 4133 635 4189 διάνοιαν.
662 4137 769 4188 Καὶ
789 4136 844 4188 τί
869 4136 934 4190 ἂν
959 4137 1085 4191 ἄλλο
1113 4143 1317 4211 ταύτης
1345 4143 1550 4209 γένοιτο
1573 4143 1671 4211 τῆς
1696 4162 1801 4198 πα·
1914 4148 1927 4201 i

1793 4174 1801 4185 -
1914 4146 2130 4201 interim
2159 4146 2381 4198 animun
2411 4160 2519 4197 non
2554 4144 2995 4197 succumbentem
3036 4145 3365 4200 custodiens.
3399 4148 3466 4200 Et

256 4223 520 4293 ραψυχίας
550 4226 908 4296 παραμύθιον,
965 4228 1049 4281 ὅτι
1074 4230 1310 4301 τοσούτῳ
1347 4231 1533 4302 πλήθει
1560 4234 1803 4305 φοϐερῶν
1913 4252 1929 4288 (

1791 4254 1803 4286 ι
1913 4235 2185 4305 quodnam
2228 4233 2371 4286 aliud
2420 4230 2668 4285 solatium
2731 4230 2914 4283 haberi
2982 4240 3190 4297 poterat
3239 4231 3464 4300 hujusce

256 4315 506 4383 βασάνων
532 4318 629 4385 τὴν
661 4317 753 4369 τοῦ
789 4319 1090 4382 συνειδότος
1143 4322 1322 4391 κρίσιν
1372 4324 1472 4377 οὐκ
1518 4325 1804 4390 ὲθόλωσας,
1904 4343 1929 4395 ι]

1789 4368 1804 4390 ,
1904 4325 2184 4395 ρπιεεοηιὶς
2235 4324 2422 4386 animi,
2474 4324 2616 4392 quod
2658 4337 2726 4376 ne
2756 4336 2855 4390 per
2906 4330 3107 4375 tantam
3139 4324 3462 4377 terribilium

252 4408 373 4459 οὐδὲ
397 4408 493 4476 τῆς
523 4408 719 4471 κακίας
745 4409 854 4461 τῶν
877 4410 1208 4480 βιαζομένων
1229 4414 1457 4483 ὄργανον
1480 4417 1687 4483 ἐγένου,
1716 4418 1807 4470 καί
1904 4427 1923 4469 t

1792 4418 1807 4470 ί
1904 4427 2173 4469 terrorum
2227 4413 2624 4467 multitudinem
2692 4411 3034 4466 conscientia:
3070 4419 3173 4465 tua:
3199 4411 3460 4480 judicium

252 4516 335 4551 τοι
365 4500 665 4552 πολυειδέσι
707 4502 797 4553 καὶ
831 4503 1189 4573 πολυτρόποις
1224 4507 1450 4573 αἰκίαις,
1478 4508 1591 4560 ἀλλ’
1631 4510 1689 4561 οὐ
1715 4510 1808 4562 δα·
1903 4505 1925 4557 ί

1790 4539 1808 4550 -
1903 4504 2213 4565 fuadaveris,
2252 4517 2353 4556 nec
2403 4501 2806 4569 improbitatuin
2847 4500 2955 4553 vim
2997 4501 3344 4553 inserentium
3378 4502 3463 4553 in-

250 4588 486 4655 κτύλοις,
517 4594 864 4660 κρουόμενος.
898 4593 1020 4656 Πῶς
1049 4593 1105 4645 δὲ
1144 4596 1303 4665 ἡμεῖς
1343 4598 1442 4649 οὐκ
1470 4598 1536 4653 ἂν
1567 4600 1809 4667 συγγνώ-
1904 4611 1923 4649 ε

1789 4628 1809 4640 -
1904 4603 2266 4649 strumentum
2319 4599 2370 4645 te
2436 4591 2755 4660 praestitisti,
2836 4600 3108 4659 utcunque
3176 4595 3462 4647 tormentis

252 4682 486 4771 jam—xui
510 4682 637 4733 εἴτι
669 4682 868 4752 ταύτης
899 4685 1243 4756 ὑψηλότερον,
1277 4689 1396 4758 οὐχὶ
1425 4691 1518 4741 καὶ
1551 4692 1646 4743 σὺν
1674 4709 1803 4760 προ·
1836 4716 1878 4771 D
1910 4704 1925 4739 ι

1789 4720 1803 4732 -
1836 4716 1878 4771 D
1910 4687 2196 4739 multarum
2233 4682 2535 4752 specierum
2562 4693 2617 4735 et
2652 4683 2945 4746 variarum,
2986 4700 3093 4737 non
3125 4684 3331 4749 leviter,
3369 4698 3462 4740 aut

249 4769 418 4839 θυμία
468 4787 525 4821 σε
571 4772 716 4836 ἄξιον
761 4774 1131 4844 ψηφιούμεθα,
1166 4779 1246 4830 ὃτι
1292 4781 1492 4849 ῥήματι
1524 4788 1560 4809 ’³⁵
1596 4781 1689 4833 καὶ
1716 4780 1805 4851 βίᾳ
1839 4769 1854 4771 ﬁ
1906 4798 1920 4833 ι

1785 4798 1805 4850 ξι
1839 4769 1854 4771 ⁷
1906 4778 2071 4848 digito
2102 4787 2258 4830 tenus
2291 4784 2462 4829 tortus
2505 4773 2670 4828 fuisti.
2702 4773 2810 4827 Nos
2835 4785 3012 4829 autem
3043 4777 3314 4843 quomodo
3350 4794 3458 4834 non

247 4860 606 4930 παρασύρεις,
659 4863 733 4925 ώς
775 4866 854 4926 εἰς
880 4867 940 4917 τὸ
971 4871 1077 4919 πᾶν
1112 4869 1202 4919 καὶ
1232 4870 1369 4921 ἑκὼν
1392 4869 1802 4942 ἐξημαρτηκὼς,
1908 4881 1920 4923 l

1788 4910 1802 4934 ,
1908 4881 1958 4923 te
1992 4868 2147 4922 venia
2179 4868 2419 4936 dignum,
2458 4875 2551 4919 aut
2577 4868 2619 4920 si
2649 4867 2779 4935 quid
2807 4868 2958 4919 venia
2989 4868 3338 4923 excellentius
3368 4872 3459 4928 sit.

245 4956 415 5016 οὕτως
458 4956 647 5008 ἑαυτὸν
700 4959 1095 5025 ὲταπείνωσας;
1136 4963 1362 5015 καὶτῶν
1396 4966 1673 5035 ἡμετέρων
1706 4970 1802 5035 ρη-
1905 4979 1918 5016 (

1786 4994 1802 5007 -
1905 4972 1959 5017 ct
1992 4962 2207 5031 quidem
2252 4960 2603 5014 libentissime
2632 4962 3004 5023 decernamus,
3036 4971 3095 5013 ut
3133 4970 3367 5015 torrente
3397 4978 3459 5015 ac

246 5052 431 5113 μάτων
452 5046 552 5097 οὐκ
575 5046 735 5114 ἔχεις,
763 5044 935 5117 οἶμαι,
970 5053 1157 5121 χρείαν
1183 5054 1467 5122 μανθάνειν
1490 5056 1548 5107 τὸ
1566 5055 1797 5125 βέϐαιον.
1904 5075 1919 5108 η

1784 5097 1797 5111 .
1904 5056 2156 5110 violentia
2194 5056 2247 5108 in
2289 5065 2654 5108 transversum
2689 5065 2859 5112 actus.
2895 5056 2946 5108 in
2993 5054 3305 5109 offensionis
3330 5073 3457 5125 pec-

259 5134 447 5202 Ἠμεῖς
470 5135 575 5203 γὰρ
607 5136 858 5189 τοσοῦτον
884 5138 1158 5209 ἁπέχομέν
1210 5159 1262 5194 τι
1313 5142 1419 5194 τῶν
1460 5144 1638 5212 ἀηδῶν
1673 5147 1798 5213 περὶ
1903 5165 1932 5203 c

1778 5147 1798 5198 i.
1903 5161 2081 5203 catum
2113 5147 2384 5209 incideris,
2421 5147 2523 5214 jubi
2565 5157 2616 5200 te
2659 5147 2830 5199 taliter
2878 5146 3205 5211 liumiliasti,
3258 5159 3317 5201 ut
3346 5166 3450 5201 non

243 5224 339 5275 σοῦ
367 5225 731 5293 διανοηθῆναι,
762 5228 842 5280 ὅτι
881 5231 974 5281 καὶ
1004 5232 1227 5295 πολλοὺς
1256 5233 1443 5296 ἄλλους
1464 5235 1673 5305 άφορᾷν
1718 5238 1796 5299 είς
1903 5255 1916 5292 ε

1780 5255 1796 5299 :
1903 5240 1973 5292 sit
2004 5238 2119 5299 tibi,
2155 5236 2363 5305 opinor,
2389 5250 2544 5304 opus,
2575 5252 2603 5289 a
2630 5236 2784 5290 nobis
2809 5238 3165 5289 constantiam
3199 5239 3453 5291 edoceri?

243 5315 304 5366 σὲ
340 5317 774 5385 προτρεπόμεθα.
808 5320 879 5373 Σὺ
907 5320 961 5371 δὲ
996 5321 1222 5392 ἔρρωσο,
1256 5324 1348 5376 καὶ
1379 5326 1577 5395 ἀρετῆς
1604 5328 1796 5396 ὲπιμε-
1900 5330 1916 5380 ί

1777 5354 1796 5367 -
1900 5329 2057 5382 Certe
2093 5337 2297 5381 tantum
2332 5328 2487 5381 abest
2516 5338 2574 5381 ut
2604 5343 2703 5381 nos
2734 5327 2932 5395 aliquid
2979 5328 3282 5383 acerbitatis
3312 5330 3361 5381 in
3402 5340 3450 5384 te

239 5405 355 5471 λοῦ,
379 5406 445 5459 δι’
476 5403 543 5477 ἦς
572 5410 941 5481 τελειούμεθα,
975 5415 1066 5467 καὶ
1086 5414 1152 5467 δι’
1195 5416 1261 5486 ἢν
1295 5417 1352 5469 σὲ
1375 5416 1482 5469 τῶν
1509 5418 1675 5487 φίλων
1704 5422 1794 5472 καὶ
1902 5437 1912 5475 t

1772 5422 1794 5472 ὶ
1902 5431 2220 5484 statuamus,
2262 5429 2319 5473 ut
2360 5419 2669 5489 plerosque,
2727 5429 2775 5474 te
2812 5420 3031 5483 intueri,
3088 5429 3340 5489 tanquam
3397 5420 3444 5471 in

1489 5615 1717 5670 VARI/ﬁ
1762 5615 2047 5673 LECTION
2057 5616 2155 5671 ES.

347 5780 369 5817 ι
413 5780 495 5834 ῐσ.
538 5782 965 5854 ἁπηωρημένων.
1090 5786 1102 5822 ι
1143 5789 1305 5842 ἄκων.
1422 5802 1454 5827 ιιι
1483 5788 1699 5859 ρόματι.
