4236 6436
805 403 903 470 871

1961 393 2217 455 PIIOTII
2260 388 2759 452 PATRIAHCH
2794 388 2898 447 (ΣΡ.

3924 376 4036 438 872

802 514 1106 583 exemplum
1145 511 1464 582 jubeamus;
1522 517 1579 562 tu
1626 515 1804 562 autem
1847 506 1984 568 vale,
2026 515 2081 558 et
2111 505 2361 558 virtutem
2397 511 2475 564 Απ

2397 511 2433 564 Α
2463 501 2572 552 τῶν
2608 501 2832 566 γνησίαν
2862 498 3205 550 θκαττόντων
3235 497 3398 550 πάλαι
3422 496 3500 567 τῷ
3531 493 3672 564 χορῷ
3696 490 4036 558 συγκατελὲ-

802 623 930 661 cura
960 620 1054 674 per
1082 620 1240 672 quam
1287 615 1748 662 consummatnur,
1789 605 1844 650 et
1871 606 2086 666 propter
2112 612 2270 664 quant
2302 606 2352 650 te

796 701 907 769 jam
937 699 1064 751 olim
1091 696 1388 748 amicorum
1416 694 1539 746 albo
1566 702 1620 745 et
1647 690 1881 762 genuino
1925 705 2168 744 meorum
2198 689 2354 743 fami-

803 790 1014 844 liarium
1041 787 1208 842 choro
1235 785 1611 854 ascripsimus.

1387 893 1606 950 EPIST.
1634 893 1770 949 LVI.

1095 992 1315 1062 Georgio
1339 992 1576 1056 diacono,
1613 1000 1660 1043 et
1688 988 2051 1058 hospitalario.

2458 593 2520 658 ξα
2530 611 2644 663 μεν.

3049 903 3275 957 ΕΠΙΣΤ.
3305 902 3448 969 NG".

2742 997 2792 1047 Γ
2794 996 3010 1063 scim-(rp
3032 994 3286 1059 διακόνῳ
3315 994 3412 1046 καί
3445 992 3762 1060 ξενοδόχῳ.

2023 1101 2272 1150 Montacut
2314 1105 2415 1166 (ep.
2450 1109 2528 1167 88,
2563 1123 2610 1170 p.
2650 1109 2778 1167 159.).

874 1199 1221 1254 Melanthium
1255 1197 1454 1258 ferunt,
1475 1199 1745 1268 tragoedia:
1765 1208 2059 1262 auctorem,
2083 1207 2188 1252 tam
2205 1215 2350 1252 vora-

805 1305 921 1344 cem
979 1290 1162 1351 fuisse,
1213 1297 1271 1339 ut
1322 1287 1604 1349 indoleret,
1641 1287 1782 1355 quod
1825 1287 1977 1356 cycni
2022 1286 2214 1338 collum
2253 1300 2362 1338 non

810 1382 1049 1442 haberet,
1099 1388 1157 1431 ut
1199 1394 1359 1447 quam
1405 1378 1661 1431 diuturno
1702 1388 1944 1444 tempore
1991 1375 2233 1430 ciborqu
2268 1391 2364 1444 per

808 1482 991 1542 guttur
1035 1472 1477 1526 descendentium
1509 1471 1782 1538 voluptate
1813 1469 2082 1522 frueretur
2113 1485 2126 1520 :
2160 1470 2204 1522 si
2241 1478 2360 1522 tuo-

809 1581 927 1617 rum
981 1565 1256 1632 particeps
1293 1563 1662 1617 conviviorum
1692 1561 1865 1625 ﬂeret,
1909 1561 2100 1629 opinor
2127 1575 2250 1614 eum
2282 1561 2364 1612 in-

808 1657 1061 1709 dolentia:
1102 1672 1212 1708 suae
1240 1665 1295 1708 et
1343 1654 1616 1707 maestitiae
1638 1653 1936 1706 remedium
1986 1652 2127 1704 illius
2151 1652 2364 1704 habitu-

812 1762 950 1809 rum,
1007 1754 1062 1798 ct
1113 1746 1524 1813 deprecaturum
1565 1759 1635 1796 ne
1682 1751 1868 1810 guttur
1919 1743 1973 1794 in
2019 1743 2238 1810 antiqua
2270 1758 2364 1795 sua

809 1835 1072 1888 subsistat
1106 1834 1460 1903 longitudine,
1489 1848 1558 1886 ne
1583 1832 1812 1885 multum
1845 1831 2101 1899 temporis
2130 1831 2365 1883 insume-

810 1933 893 1978 ret
926 1940 955 1977 a
986 1935 1075 1976 tua
1104 1940 1298 1978 mensa
1322 1934 1376 1977 et
1396 1924 1586 1976 eduliis
1611 1925 1716 1976 tuis
1743 1924 2042 1976 abstinens.
2070 1923 2209 1987 Quid
2241 1939 2367 1992 ergo

810 2015 1116 2068 faciendum
1140 2016 1161 2065 ’ἒ
1193 2016 1351 2068 Certe
1381 2029 1591 2082 semper
1619 2021 1674 2067 et
1701 2014 1899 2083 ubique
1923 2012 2002 2067 Ne
2029 2016 2155 2083 quid
2187 2015 2362 2079 nimis,

810 2106 1069 2174 Optimum
1101 2105 1423 2158 existimare.

1436 2216 1651 2270 EPIST.
1684 2217 1839 2272 LVII.

1505 2309 1711 2364 Eidem.

2541 1203 2837 1257 Μελάνθιόν
2862 1220 3015 1271 φασι,
3045 1204 3136 1255 τὸν
3166 1203 3471 1271 τραγῳδίας
3515 1201 3812 1272 ὑποκριτὴν
3835 1244 3847 1262 ,
3890 1203 4046 1256 οὕτω

2468 1299 2563 1366 τῆς
2618 1297 2920 1365 ὀψοφαγίας
2977 1296 3122 1363 ἥττω
3164 1295 3602 1361 γενέσθαι,ὦστε
3656 1297 3747 1344 καὶ
3775 1295 4041 1362 ἀθυμεῖν,

2469 1390 2587 1440 ἐπεὶ
2610 1389 2683 1458 μὴ
2713 1387 2908 1439 κύκνου
2939 1385 3030 1438 τὸν
3056 1385 3322 1455 τράχηλον
3350 1382 3494 1454 εἶχεν
3517 1401 3531 1414 ·
3558 1385 3640 1435 ἵνα
3673 1385 3746 1445 ὡς
3783 1385 4044 1436 πλεῖστον

2468 1481 2655 1550 χρόνον
2682 1479 2787 1530 τῶν
2823 1478 2907 1529 διὰ
2936 1476 3028 1529 τοῦ
3059 1475 3254 1541 λαιμοῦ
3283 1477 3532 1546 ῥεόντων,
3562 1476 3654 1527 καὶ
3693 1475 3792 1543 τῆς
3823 1477 4044 1526 ἐκεῖθεν

2465 1570 2680 1638 ἡδονῆς,
2715 1567 2981 1637 ἀπολαύῃ.
3040 1566 3101 1616 Ei
3155 1565 3212 1616 δὲ
3243 1567 3334 1616 σοῦ
3381 1565 3490 1615 τῶν
3519 1565 3746 1616 δείπνων
3789 1565 4044 1630 ἐγεγόνει

2464 1661 2735 1721 κοινωνὸς,
2765 1655 2914 1727 οἶμαι
2935 1657 2998 1708 ἂν
3019 1657 3180 1709 αὐτὸν
3209 1656 3300 1707 καὶ
3328 1656 3430 1723 τῆς
3457 1656 3690 1723 ἀθυμίας
3722 1657 3863 1722 μέγα
3893 1657 4042 1721 φαρ-

2469 1767 2639 1820 μακον
2669 1749 2930 1817 ἐξευρεῖν,
2957 1748 3046 1800 καὶ
3082 1745 3415 1815 ἀπεύχεσθαι
3445 1746 3576 1814 μηδὲ
3608 1749 3685 1806 είς
3725 1749 3783 1798 τὸ
3808 1749 4045 1814 ἀρχαῖον

2466 1842 2636 1911 μῆκος
2663 1842 2758 1892 τὸν
2789 1840 2988 1908 αὐχένα
3021 1839 3311 1906 διαμένειν,
3355 1839 3441 1889 ἵνα
3485 1838 3556 1906 μὴ
3600 1839 3789 1905 συχνὸν
3848 1838 4043 1889 ἀναλί-

2466 1950 2583 1984 σκοι
2616 1932 2802 2000 χρόνον
2827 1930 2925 1997 τῆς
2951 1930 3046 1997 σῆς
3076 1928 3354 1997 τραπέζης
3385 1929 3475 1979 καὶ
3504 1927 3610 1978 τῶν
3665 1927 3770 1978 σῶν
3805 1927 4042 1994 ἐδεσμά-

2465 2041 2572 2075 των
2629 2022 2969 2089 ἁνεχόμενος.
3028 2018 3093 2070 Τί
3145 2017 3236 2069 οὖν
3286 2019 3364 2068 δεῖ
3401 2019 3606 2080 ποιεῖν;
3636 2018 3917 2086 Πανταχοῦ
3954 2020 4041 2083 τὸ,

2467 2112 2669 2180 Μηδὲν
2696 2112 2867 2178 ἄγαν,
2892 2108 3294 2178 ὑπολαμϐάνειν
3317 2109 3624 2177 κράτιστον.

3051 2221 3273 2273 ΕΠΙΣΤ.
3309 2222 3432 2274 NZ'.

3097 2311 3178 2377 Τῷ
3223 2312 3401 2374 αὐτῷ.

2045 2424 2308 2474 Montacut.
2346 2426 2449 2488 (ep.
2483 2425 2560 2482 89,
2595 2438 2644 2486 p.
2681 2421 2811 2481 133).

883 2516 1106 2571 Divitias
1136 2533 1304 2580 amas,
1331 2517 1538 2572 idcirco
1581 2518 1835 2572 virtutem
1889 2534 1997 2573 non
2021 2534 2188 2575 amas.
2228 2521 2361 2574 Nam

810 2611 979 2680 impio
1053 2627 1257 2676 amore,
1310 2611 1612 2666 laudandus
1669 2627 1821 2665 amor
1877 2613 2056 2666 omnis
2099 2613 2363 2666 bonorum

813 2705 1198 2775 exstinguitur.
1234 2704 1328 2757 Sin
1383 2706 1621 2759 avaritia:
1660 2705 1928 2758 ﬂammam
1962 2707 2285 2761 exstinxeris
2312 2715 2366 2760 et

813 2797 997 2862 spinas
1052 2795 1365 2865 cupiditatis
1413 2795 1572 2850 simul
1623 2797 1943 2860 combures,
1995 2805 2108 2848 tum
2158 2797 2367 2850 facilius

812 2889 1008 2941 anima:
1047 2896 1150 2940 tua:
1200 2887 1357 2940 tellus
1409 2902 1567 2940 suum
1611 2888 1886 2955 proprium
1930 2885 2164 2940 fructum
2208 2886 2367 2940 faciet

2551 2520 2708 2590 Ἐρᾷς
2759 2516 3082 2588 χρημάτων·
3131 2515 3220 2568 διὰ
3271 2515 3449 2581 τοῦτο,
3493 2517 3691 2585 ἀρετῆς
3729 2517 3829 2568 οὐκ
3881 2518 4036 2587 ἐρᾷς.

2473 2613 2673 2681 Ἔρωτι
2695 2610 2805 2678 γὰρ
2838 2609 3058 2671 κακίας,
3081 2609 3111 2660 ὁ
3133 2607 3243 2659 τῶν
3275 2607 3453 2659 καλῶν
3480 2610 3619 2677 ἔρως
3646 2609 4040 2660 ὲναποσὸἑννυ-

2467 2721 2578 2756 ται.
2618 2703 2681 2754 Εἰ
2707 2701 2764 2754 δέ
2805 2717 2866 2768 γε
2892 2701 2990 2771 τὴν
3020 2700 3192 2767 φλόγα
3215 2699 3314 2768 τῆς
3337 2697 3648 2762 πλεονεξίας
3687 2700 4036 2762 ἀποσϐέσεις,

2472 2793 2682 2854 καὶτὰς
2709 2793 2948 2856 ἀκάνθας
2973 2794 3072 2861 τῆς
3105 2791 3466 2860 φιλαργυρίας
3512 2791 3836 2861 συμφλέξεις
3861 2832 3876 2855 ,
3904 2794 4039 2861 ῥᾷον

2471 2888 2504 2955 ή
2533 2886 2628 2954 τῆς
2655 2885 2829 2953 ψυχῆς
2851 2886 3059 2955 ἄρουρα
3083 2888 3173 2937 τὸν
3197 2887 3392 2937 οἰκεῖον
3427 2887 3656 2955 καρπὸν,
3677 2886 3774 2954 τὴν
3803 2887 4039 2955 ἐλεημο-

813 2979 1102 3048 pullulare,
1152 2977 1574 3045 eleemosynatn,
1601 2951 1654 3030 et
1706 2951 1757 3029 te
1787 2977 1986 3045 alioqui
2036 2991 2159 3030 cum
2201 2977 2370 3030 hamis
2398 2951 2438 3005 ί)
2472 2994 2486 3027 c

2365 2996 2370 3028 ι
2398 2951 2438 3005 C
2472 2951 2636 3043 σύνην
2669 2951 3064 3045 ἀναϐλαστήσει
3087 2991 3099 3004 α
3129 2977 3220 3027 καὶ
3255 2976 3314 3027 σὲ
3357 2977 3478 3028 ἀντὶ
3502 2951 3594 3028 τοῦ
3621 2951 3756 3046 μετά
3779 2977 3889 3030 τῶν
3915 2951 4038 3046 ξρι-

815 3068 1103 3122 locandum
1158 3076 1300 3120 inter
1355 3067 1537 3120 ovium
1598 3081 1787 3137 greges
1814 3067 2137 3120 translatum
2197 3067 2368 3121 dabit.

812 3158 962 3213 Vale.

1329 3271 1542 3324 EPIST.
1620 3270 1798 3325 LVIII.

1128 3364 1346 3434 Georgio
1377 3366 1595 3417 diacono
1625 3373 1671 3416 et
1702 3363 2067 3431 Itospitalario.

2038 3469 2304 3519 Llontacut.
2339 3469 2440 3531 (ep.

885 3572 983 3637 Qui
1002 3573 1143 3640 apud
1188 3569 1404 3624 Graecos
1446 3570 1701 3625 videntur
1748 3569 2041 3638 sapientes,
2065 3568 2366 3631 materiam,

818 3664 934 3716 sive
977 3663 1171 3731 hylam,
1201 3662 1459 3731 impensis
1506 3661 1690 3716 multis
1721 3671 1776 3715 et
1803 3663 1976 3730 longis
2009 3662 2368 3722 sermonibus,

819 3754 904 3805 vix
937 3753 1148 3806 tandem
1195 3763 1420 3822 potuere
1451 3757 1553 3820 (ut
1603 3753 1820 3822 ipsimet
1860 3752 2054 3822 aiunt)
2094 3753 2244 3804 tardo
2273 3752 2372 3806 he-

817 3844 926 3896 beti
979 3853 1034 3897 et
1114 3844 1339 3899 infirma:
1398 3844 1592 3897 rationi
1662 3844 2011 3913 persuadere,
2059 3845 2200 3912 quod
2229 3844 2374 3898 aliud

819 3937 906 3989 illa
941 3945 1106 3998 esset,
1134 3945 1190 3989 et
1230 3937 1502 3989 diversum
1539 3937 1607 3990 ab
1632 3937 1904 3999 omnibus,
1936 3936 2213 4004 perpetuis
2238 3936 2374 3990 alte-

821 4028 1122 4080 rationibus
1150 4028 1387 4091 subdita,
1411 4027 1571 4089 ﬂuxa,
1603 4026 1787 4088 ﬂuida,
1815 4028 2054 4080 omnium
2082 4028 2372 4081 formarum
2399 4012 2451 4070 D

821 4120 1117 4186 receptiva.
1191 4119 1247 4171 Si
1286 4127 1340 4171 te
1391 4127 1501 4170 tuin
1559 4119 1815 4187 temporis
1865 4118 2010 4172 nasci
2051 4105 2371 4189 contigerat,

821 4221 875 4262 tu
919 4209 1259 4262 solummodo
1304 4210 1355 4261 in
1424 4209 1638 4262 illorum
1703 4209 1946 4263 notitiam
1980 4210 2291 4275 deveniens,
2341 4225 2372 4264 a

820 4299 1002 4351 multis
1061 4300 1233 4370 longis
1290 4300 1564 4354 laboribus
1611 4309 1667 4354 et
1711 4300 2180 4368 defatigationibus
2228 4301 2374 4368 ipsos

822 4390 975 4443 facile
1004 4390 1303 4443 liberasses.
1355 4389 1523 4443 Nemo
1560 4391 1722 4454 enim,
1749 4391 1961 4460 opinor,
1995 4401 2048 4444 te
2086 4391 2373 4458 aliquando

821 4481 1199 4548 deprehendit,
1228 4495 1296 4532 ne
1325 4494 1422 4548 per
1444 4492 1776 4535 momentum
1812 4481 1868 4534 in
1889 4481 2074 4535 eadem
2107 4483 2375 4535 sententia

823 4578 1130 4624 manentem
1153 4588 1168 4636 ;
1202 4573 1297 4625 sed
1322 4571 1646 4625 deﬂuentem
1674 4587 1905 4641 semper,
1935 4571 2300 4634 immutatum,
2323 4581 2379 4624 et

824 4663 1177 4729 prmsentibus
1211 4663 1530 4731 implicitum
1566 4672 1619 4715 et
1645 4664 1711 4716 ad
1740 4663 1920 4716 omnia
1944 4665 2376 4729 transﬁguratum

823 4762 876 4804 et
915 4751 1152 4807 fmditate
1193 4761 1442 4822 tanquam
1494 4755 1710 4826 propria
1747 4752 2144 4824 pulchritudine
2196 4752 2378 4807 excul-

827 4855 960 4898 ιιηιι.

1406 4950 1621 5006 EPIST.
1659 4951 1794 5006 LIX.

964 5040 1212 5110 Gregorio
1240 5044 1457 5097 diacono
1501 5054 1548 5098 et
1589 5045 1908 5097 diartulario
1937 5044 2235 5097 Amasiano.

2470 3082 2583 3132 φων
2613 3064 2884 3131 τετάχθαι,
2914 3065 2993 3128 εἰς
3017 3065 3114 3136 τὴν
3139 3066 3248 3118 τῶν
3278 3067 3566 3137 προϐάτων
3616 3068 3818 3136 ἀγέλην
3876 3085 4040 3136 μετα-

2469 3159 2673 3226 στήσει.
2714 3157 2982 3228 Ἔρρωσθ.

3055 3270 3276 3323 ΕΠΙΣΤ.
3308 3271 3439 3323 NII'.

2738 3361 3010 3430 Γεωργιῳ
3036 3359 3290 3425 διακόνῳ
3315 3362 3411 3413 καὶ
3443 3360 3761 3427 ξενοδόλῳ.

2473 3470 2552 3529 οι,
2587 3483 2634 3531 ρ.
2675 3471 2780 3535 155)

2545 3572 2653 3640 Τὴν
2683 3571 2833 3641 ὓλην,
2865 3575 2910 3625 oi
2939 3573 3068 3641 παρ’
3109 3573 3330 3641 Ἕλλησι
3370 3573 3648 3637 δοκοῦντες
3692 3573 3829 3628 εἶναι
3861 3579 4036 3643 σοφοὶ.

2475 3662 2700 3723 πολλοὺς
2759 3667 2851 3713 καὶ
2904 3664 3169 3731 μεγάλους
3219 3664 3591 3727 ἀναλώσαντες
3637 3665 3850 3732 λόγους,
3885 3669 4038 3733 μόλις

2475 3752 2718 3820 ἴσχυσαν,
2751 3753 2846 3820 (ὡς
2868 3755 3020 3804 αὐτοί
3052 3756 3204 3823 φασι)
3231 3757 3366 3821 νόθῳ
3389 3763 3415 3790 η
3455 3758 3547 3807 καὶ
3591 3757 3808 3808 ἀσθενεῖ
3857 3776 4035 3828 παραο

2477 3844 2671 3911 στῆσαι
2702 3846 2964 3914 λογισμῷ,
2997 3847 3071 3908 ὼς
3120 3847 3248 3900 ἄλλο
3278 3865 3332 3898 τι
3380 3846 3510 3899 οὖσα
3559 3849 3705 3917 παρὰ
3744 3851 3919 3902 πάντα
3970 3852 4037 3904 τὰ

2473 3934 2621 3999 ὄντα,
2653 3937 2744 3988 καὶ
2773 3936 3123 4006 ἀλλοιουμένη
3147 3937 3427 4006 διηνεκῶς,
3455 3941 3546 3990 καὶ
3573 3941 3790 4008 ῥέουσα,
3819 3941 4038 3993 πάντων

2477 4027 2590 4077 ἐστὶ
2622 4028 2730 4078 τῶν
2765 4027 2933 4079 ὄντων
2959 4029 3202 4097 δεκτική.
3241 4029 3301 4080 Εἰ
3330 4029 3385 4080 δὲ
3412 4029 3469 4080 σὲ
3493 4030 3690 4097 συνέὁη
3728 4030 3848 4082 κατ’
3896 4033 4038 4082 ὲκεί-

2476 4134 2598 4179 νους
2645 4117 2896 4184 γενέσθαι
2942 4121 3066 4180 τοὺς
3106 4120 3349 4188 καιροὺς,
3382 4121 3540 4187 μόνον
3591 4120 3771 4182 αὐτοῖς
3803 4122 4034 4188 ἐπιγνω-

2478 4210 2645 4271 σθεὶς,
2678 4211 2892 4263 πάντων
2920 4210 2985 4262 ἂν
3016 4211 3124 4262 τῶν
3159 4211 3387 4280 μακρῶν
3421 4213 3643 4263 ἐκείνων
3664 4252 3678 4275 ,
3722 4214 4035 4281 ἀπήλλαξας

2477 4302 2668 4362 αὐτοὺς
2690 4302 2865 4354 πόνων
2891 4302 2983 4353 καὶ
3004 4302 3284 4369 καμάτων.
3310 4301 3496 4363 Οὐδεὶς
3521 4303 3648 4371 γὰρ,
3682 4298 3854 4371 οἶμαι,
3890 4307 4034 4360 οὐδέ-

2478 4391 2606 4442 ποτέ
2634 4407 2715 4454 σε,
2745 4392 2854 4442 οὐδ’
2885 4394 2941 4446 ἐν
2967 4394 3176 4459 ἀκαρεῖ,
3203 4392 3300 4461 τὴν
3323 4393 3490 4462 αὐτὴν
3515 4393 3700 4461 ἔχοντα
3745 4395 4032 4464 κατείληφε

2478 4482 2700 4550 γνώμην
2722 4498 2736 4512 ·
2772 4483 2906 4533 ἀλλὰ
2937 4484 3124 4550 ῥέοντά
3147 4501 3205 4535 τε
3235 4485 3341 4549 ἀεὶ,
3371 4485 3464 4536 καὶ
3511 4485 3910 4553 ἀλλοιούμενον,
3941 4490 4033 4538 καὶ

2478 4572 2586 4624 τῶν
2627 4574 3149 4642 παρατυγχανόντων
3178 4577 3477 4643 γινόμενον,
3506 4577 3601 4628 καὶ
3653 4577 3789 4646 πρὸς
3822 4577 4034 4630 ἅπαντα

2482 4663 2876 4732 μορφούμενον,
2929 4667 3021 4716 καὶ
3054 4667 3127 4727 ὠς
3170 4669 3347 4736 οἰκείᾳ
3393 4670 3572 4736 μορφῇ
3612 4669 3710 4737 τὴν
3762 4668 4031 4737 ἀμορφίαν

2479 4754 2974 4823 καλλωπιζόμενον.

3057 4946 3277 4998 ΕΠΙΣΤ.
3305 4946 3430 4998 NB’.

2519 5036 2821 5104 Γρηγορίφ
2848 5037 3104 5102 διακόνῳ
3133 5038 3242 5120 καί,
3264 5042 3674 5118 χαρτουλαρέῳ
3722 5042 3802 5107 τῷ
3843 5045 3998 5113 Ἄμα-

3143 5123 3351 5173 mare).

2045 5221 2309 5270 Montacut.
2347 5226 2451 5283 (ep.
2485 5221 2563 5279 99,
2599 5235 2648 5283 p.
2685 5220 2795 5281 Nl)

898 5313 1070 5367 Audio
1101 5315 1359 5381 quosdam
1420 5332 1485 5371 ex
1542 5319 1862 5373 adversariis
1907 5334 2092 5389 pacem
2145 5321 2378 5374 circum-

828 5407 1172 5473 annuntiare,
1205 5418 1260 5461 et
1302 5410 1654 5479 simpliciores
1683 5413 1887 5478 conari,
1937 5424 1994 5467 ut
2020 5414 2122 5467 hoc
2152 5413 2372 5466 nomine

831 5505 1099 5556 inescatos
1143 5504 1400 5574 capiant:
1452 5519 1843 5576 verumtamen,
1919 5509 1961 5563 si
1996 5523 2177 5578 paceni
2232 5509 2374 5560 illam

2565 5321 2771 5374 Ἀκούω
2821 5334 2971 5384 τινας
3013 5322 3121 5374 τῶν
3165 5325 3420 5375 ἐναντίων
3474 5326 3693 5393 εἰρήνην
3719 5334 4032 5397 περιαγγέλ.

2482 5412 2615 5477 λειν,
2651 5413 2745 5465 καὶ
2771 5414 2896 5474 τοὺς
2917 5413 3310 5483 ἁπλουστέρους
3341 5417 3632 5483 ἐπιχειρεῖν
3663 5419 3832 5490 ταύτῃ
3859 5422 4033 5477 δελεάο

2482 5507 2596 5568 ζειν
2627 5509 2690 5575 τῇ
2714 5506 3072 5577 προσηγορίᾳ,
3116 5506 3253 5559 ’Λλλ“
3292 5510 3339 5560 εί
3374 5509 3471 5578 μὲν
3503 5514 3614 5581 ἧνὸ
3652 5511 3855 5583 Κύριος
3885 5514 4031 5568 δίδω-

2090 5660 2320 5717 γΛΙὶΙέΕ
2363 5657 2758 5716 LECTIONES.

943 5821 968 5849 ³
1010 5813 1093 5866 Ic.
1139 5809 1244 5864 me
1257 5812 1348 5881 ριξ).
