4236 6436
309 417 413 484 873

1450 417 1979 480 EPISTOLARUM
2014 419 2241 479 LIBER
2281 418 2361 507 Π.

3392 403 3496 471 874

281 550 391 595 σιν,
420 530 520 583 οὐκ
544 528 784 591 ἐκείνους
818 529 897 582 δεῖ
922 527 1357 597 περιαγγέλλειν,
1376 526 1509 580 ἀλλά
1535 526 1665 595 παρ’
1687 526 1841 596 ἡμῶν
1870 534 1912 587 Α

1887 534 1914 585 λ
1942 543 2103 595 quam
2133 529 2225 583 dat
2266 527 2525 581 Dominus
2552 522 2894 587 denuntiant,
2930 536 3227 590 congruum
3267 535 3377 575 non
3414 528 3497 575 est

277 622 483 689 ταύτην
508 620 813 687 ὀφείλουσιν
838 620 1217 688 ἐκμανθάνειν.
1280 618 1342 670 Ei
1368 618 1425 669 δὲ
1478 618 1546 688 ἢν
1590 618 1839 670 καθελεῖν

278 713 442 773 αὐτὸς
467 712 723 781 ἐλήλυθεν
748 710 858 781 (οὐ
882 714 988 779 γάρ
1011 706 1220 779 ἦλθον,
1251 708 1665 779 φησὶν,βα.ιεῖν
1676 707 1832 775 εἰρή-

276 820 417 868 νην,
446 804 606 857 ἀλλὰ
622 802 962 871 μάχαιραν),
1000 805 1230 855 εστωσαν
1253 803 1334 855 ὅτι
1356 802 1831 872 χριστομαχοῦσιν,

278 895 386 946 ὑπὸ
414 894 492 964 τῷ
510 895 609 964 τῆς
631 896 850 965 είρήνης
876 894 1124 966 ὀνόματι,
1153 897 1252 965 τὴν
1272 895 1391 947 κατ’
1428 893 1592 947 αὐτοῦ
1624 893 1837 961 πολιορ-

277 1004 403 1038 κιαν
425 1002 767 1049 ανιστωντες.

916 1204 1136 1259 ΕΠΙΣΤ.
1166 1204 1239 1257 Ξ’.

908 1292 993 1356 Τῷ
1035 1291 1214 1357 αὐτῷ.

1517 1403 1781 1451 Montacut.
1820 1401 1919 1463 (ep.

354 1496 418 1548 Εῐ
446 1513 527 1558 τις
572 1496 847 1564 δοξολογία
874 1536 891 1558 ,
956 1500 1010 1567 εἴ
1055 1517 1139 1563 τις
1187 1501 1525 1572 εὐχαριστία,
1552 1502 1752 1569 ταύτην
1783 1502 1839 1566 ἐξ

277 1586 407 1653 ὅλης
426 1586 601 1654 ψυχῆς
630 1586 749 1655 Θεῷ
771 1588 1085 1659 ἀνατίθημι,
1111 1592 1192 1643 δτι
1228 1609 1293 1659 με
1324 1591 1588 1653 τοιαύταις
1610 1592 1841 1659 ἡμέραις

280 1678 470 1745 ἄρχειν
507 1678 807 1746 ἀνθρώπων
853 1681 912 1731 οὐ
947 1680 1345 1750 συνεχώρησεν,
1404 1683 1512 1735 οὐδ’
1545 1682 1839 1751 ὀφθαλμοῖς

281 1771 486 1821 ἐπιδεῖν
518 1770 685 1833 πάθος
710 1772 1115 1843 ἀπαράκλητον,
1145 1777 1202 1827 ἐν
1244 1772 1332 1838 αἷς
1373 1776 1539 1842 τάφος
1579 1775 1675 1843 μὲν
1722 1776 1839 1827 ἀντὶ

283 1862 488 1922 πόλεως
533 1864 565 1930 ἡ
597 1864 1022 1929 Κωνσταντίνου,
1047 1866 1241 1935 θρῆνος
1263 1867 1318 1919 δὲ
1357 1868 1479 1920 ἀντὶ
1502 1868 1836 1937 ψαλμῳδίας,

280 1952 343 2000 οὐ
373 1954 468 2012 τὰς
490 1929 660 2013 οἰκίας
699 1954 876 2021 μόνον,
908 1955 1043 2007 ἀλλά
1083 1929 1175 2007 καὶ
1225 1929 1322 2019 τὰς
1375 1929 1834 2027 ἐκκλησίαςέχειο
1866 1929 1912 1986 Β

285 2042 392 2090 τῶν
424 2041 521 2107 μὲν
551 2042 854 2112 ὁλοκλήρων
883 2046 960 2105 είς
995 2045 1184 2115 ἔδαφος
1227 2050 1493 2115 κειμένων
1520 2049 1714 2117 θέαμα,
1740 2068 1841 2115 φα-

289 2134 389 2192 σίν,
419 2132 671 2193 ἐλεεινὸν,
698 2137 788 2185 καὶ
823 2136 1122 2205 διηγεῖσθαι
1152 2140 1331 2206 μεῖξον
1358 2142 1609 2203 πίστεως·
1638 2142 1744 2193 τῶν
1786 2142 1840 2193 δὲ

284 2219 361 2286 τῷ
388 2221 625 2289 μεγίστῳ
655 2224 808 2292 μέρει
837 2230 1330 2296 κατενηνεγμένων,
1363 2234 1454 2284 καὶ
1500 2233 1722 2301 μηδενὸς
1748 2233 1839 2284 τοῦ

286 2310 491 2370 πάθους
524 2311 826 2379 κρείττονος
882 2318 1201 2385 γενομένου·
1252 2321 1384 2371 ἀλλά
1418 2323 1510 2373 καὶ
1537 2324 1703 2390 αὐτῆς
1743 2323 1841 2389 τῆς

285 2401 407 2465 γῆς,
435 2401 510 2469 τῷ
538 2404 791 2473 ἀφορήτῳ
822 2406 967 2476 σάλῳ
1023 2410 1114 2462 καὶ
1140 2411 1335 2479 κλόνῳ,
1366 2416 1444 2474 εἰς
1499 2414 1636 2483 μέρη
1676 2414 1842 2465 πολλά

290 2498 833 2566 συγκαταρραγείσης
860 2541 874 2563 ,
916 2501 1007 2553 καὶ
1061 2504 1129 2555 τά
1180 2504 1237 2569 ἐξ
1280 2506 1473 2567 αἰῶνος
1514 2507 1613 2576 τῆς
1640 2508 1840 2570 πόλεως

288 2582 459 2651 πάθη,
490 2584 564 2651 τῷ
621 2587 834 2654 μεγέθει
886 2590 992 2641 τῶν
1038 2593 1222 2645 κακῶν
1271 2596 1682 2667 ἀποκρυψάσης.
1729 2601 1841 2652 Νῦν

291 2673 391 2738 μὲν
418 2676 524 2743 γὰρ
553 2679 618 2729 τὰ
640 2681 875 2746 ἐμαυτοῦ
908 2682 1065 2749 μόνον
1090 2686 1295 2751 σκοπῶ,
1319 2689 1412 2739 καὶ
1442 2692 1519 2752 είς
1546 2693 1722 2744 ἐκεῖνά
1755 2711 1842 2759 μοι

289 2765 357 2815 τὰ
391 2767 485 2833 τῆς
516 2771 792 2837 φροντίδος
822 2775 914 2823 καὶ
939 2778 1037 2842 τῆς
1073 2776 1309 2841 ἀγωνίας
1336 2780 1694 2833 ἀποτείνεται.
1714 2783 1843 2834 Τότε

288 2856 345 2906 δὲ
376 2858 587 2927 ἀνάγκη
609 2861 832 2930 τρέμειν
853 2859 941 2932 ἦν,
972 2866 1064 2918 καὶ
1086 2866 1225 2936 ὑπὲρ
1249 2869 1356 2922 τῶν
1379 2872 1579 2939 ἑτέροις
1600 2873 1845 2941 ἁμαρτα-

290 2950 554 3016 νομένων,
591 2954 682 3003 καὶ
746 2957 855 3016 τοῖς
902 2957 1125 3009 ἐκείνων
1181 2959 1464 3027 παθήμασι
1530 2964 1846 3033 πικρότερον

290 3039 673 3107 ἀποδύρεσθαι,
710 3044 802 3094 καὶ
834 3046 1040 3111 μήποτε
1064 3046 1138 3114 τῷ
1163 3048 1325 3117 κοινῷ
1360 3060 1383 3083 υ
1431 3048 1537 3101 τῶν
1583 3048 1847 3118 ἀδικημάο

290 3149 398 3181 των
431 3131 694 3203 [δεδιέναι]
742 3135 922 3205 κοινὴν
952 3137 1026 3205 τῷ
1079 3138 1270 3208 πλήθει
1305 3138 1402 3209 τὴν
1432 3142 1716 3209 τιμωρίαν,
1754 3140 1847 3191 καὶ

1950 633 2009 677 ιιι
2038 624 2364 677 annuntient
2399 623 2494 685 illi,
2524 622 2617 676 sed
2668 637 2698 673 a
2731 620 2885 675 nobis
2910 621 3051 674 hanc
3091 626 3369 688 acceptam
3398 617 3496 672 de-

1944 715 2075 768 bent
2098 729 2412 785 agnoscere.
2452 713 2569 778 Sin,
2602 726 2766 782 quam
2812 719 2872 764 ut
2913 709 3145 775 tolleret,
3186 708 3299 777 ipse
3326 708 3495 763 adve-

1940 806 2023 861 nit
2077 808 2231 872 (nam
2269 805 2390 858 Non
2416 806 2549 869 veni,
2589 805 2818 866 dicebat,
2854 802 2943 871 qui
2964 819 3145 870 pacem
3178 804 3379 865 darem,
3406 802 3494 855 sed

1939 909 1995 952 ut
2024 900 2256 969 gladium
2276 899 2342 965 ⁸),
2362 896 2533 950 sciant
2559 906 2669 949 tum
2697 894 2841 964 quod
2869 903 3055 948 contra
3081 892 3357 947 Christum
3378 891 3494 946 bel-

1944 992 2054 1045 lum
2084 1000 2295 1061 gerunt,
2340 998 2416 1050 et,
2457 987 2556 1041 sub
2596 995 2860 1057 praetextu
2900 984 3068 1055 pacis,
3100 984 3379 1040 obsidione
3408 982 3495 1039 in-

1945 1086 2179 1139 stituunt
2204 1084 2351 1138 illum
2389 1082 2622 1153 cingere.

2550 1191 2764 1249 EPIST.
2801 1190 2913 1246 LX.

2640 1284 2843 1337 Eidem.

1956 1398 2061 1457 100,
2098 1412 2147 1460 ρ.
2183 1398 2311 1459 148).

2025 1498 2079 1552 Si
2133 1514 2253 1567 qua:
2329 1494 2605 1564 doxologia
2644 1531 2659 1552 ,
2705 1488 2749 1543 si
2802 1490 3123 1544 eucharistia
3162 1489 3357 1559 aliquid
3400 1488 3490 1546 sit.

1944 1593 2087 1646 illam
2114 1605 2213 1659 ego
2236 1598 2345 1643 toto
2372 1591 2551 1643 animo
2582 1591 2632 1642 in
2670 1590 2838 1642 Deum
2867 1587 3062 1645 refero,
3092 1584 3235 1652 quod
3274 1596 3359 1635 me
3385 1594 3493 1633 non

1947 1693 2033 1738 est
2076 1697 2269 1751 passus
2327 1682 2638 1751 hominibus
2682 1692 2917 1748 praeesse
2968 1690 3089 1727 cum
3141 1673 3364 1740 imperio
3402 1686 3497 1738 per

1948 1774 2079 1827 tales
2108 1773 2244 1837 dies,
2270 1786 2373 1825 nec
2402 1771 2571 1824 oculis
2595 1768 2844 1822 contueri
2867 1764 3249 1819 inconsolabile
3274 1763 3494 1824 malum,

1946 1878 2068 1916 eum
2088 1878 2195 1915 non
2220 1862 2408 1915 civitas
2438 1862 2530 1915 sed
2566 1860 2873 1929 sepulcrum
2903 1857 3126 1911 exsistat
3154 1853 3496 1908 Constantini

1942 1956 2088 2017 urbs,
2122 1954 2436 2007 lamentatio
2489 1968 2611 2005 cum
2660 1967 2756 2019 pro
2792 1948 3119 2018 psalmodiis,
3152 1962 3261 1999 non
3306 1945 3496 1999 domos

1942 2057 2149 2100 tantum
2178 2047 2432 2114 privatas,
2468 2046 2562 2098 sed
2599 2054 2654 2097 et
2677 2042 2931 2096 ecclesias
2962 2047 3189 2107 occupet
3228 2053 3241 2088 :
3269 2048 3496 2105 quarum

1940 2139 2212 2192 nonnulla:
2239 2154 2269 2191 e
2330 2136 2697 2191 fundamentis
2740 2134 2986 2192 subruta]
3019 2131 3133 2183 solo
3177 2138 3497 2197 aequantur;

1940 2232 2301 2285 miserandum
2324 2228 2498 2283 cuivis
2528 2226 2915 2297 spectaculum,
2953 2234 3008 2278 et
3043 2221 3187 2291 quod
3224 2230 3499 2273 narratum

1940 2323 2096 2375 fidem
2129 2337 2237 2374 non
2277 2320 2513 2373 inveniat
2544 2336 2556 2370 :
2589 2320 2707 2371 alia:
2738 2328 2917 2371 autem
2952 2316 3186 2369 maxima
3208 2328 3274 2368 ex
3320 2320 3499 2381 parte,

1946 2414 2075 2466 licet
2102 2412 2247 2465 nulla
2278 2410 2459 2464 clades
2497 2409 2841 2472 desolaverit,
2891 2406 3101 2459 ruinam
3152 2414 3333 2457 tamen
3384 2416 3512 2470 spe-

1942 2514 2128 2560 ctent:
2161 2519 2261 2557 nec
2283 2503 2367 2557 vel
2408 2517 2516 2555 una
2562 2502 2913 2555 ecclesiarum
2948 2508 3098 2553 extra
3143 2495 3501 2551 calamitatem

1943 2596 2083 2649 hanc
2115 2597 2287 2664 posita
2345 2594 2602 2648 subsistat
2629 2634 2643 2656 ,
2690 2593 2786 2646 sed
2834 2602 2889 2646 et
2921 2592 3035 2660 ipsa
3065 2590 3242 2653 tellus,
3266 2602 3498 2642 concus-

1944 2689 2095 2741 sione
2149 2698 2205 2740 et
2235 2696 2467 2740 tremore
2504 2684 2847 2749 intolerabili,
2878 2684 2931 2737 in
2962 2683 3159 2737 multas
3183 2690 3363 2751 partes
3390 2679 3502 2733 dis-

1944 2780 2116 2832 siluit:
2173 2779 2316 2831 unde
2362 2778 2451 2829 illa
2499 2790 2714 2845 quoque
2761 2776 2957 2844 quibus
2996 2774 3124 2827 olim
3152 2773 3269 2826 hac
3315 2770 3505 2824 civitas

1945 2877 2099 2929 malis
2148 2875 2556 2929 conflictabatur
2599 2889 2699 2942 pro
2748 2872 2910 2925 nullis
2954 2870 3202 2926 habenda
3251 2875 3398 2921 sunt.
3446 2865 3507 2919 ιιι

1945 2968 2195 3036 praesenti
2233 2982 2319 3019 res
2358 2981 2504 3018 meas
2531 2975 2742 3017 tantum
2785 2962 3055 3031 speculor,
3090 2961 3146 3013 in
3181 2974 3274 3014 eas
3297 2972 3424 3011 cura
3454 2964 3510 3008 et

1945 3061 2248 3114 sollicitudo
2278 3075 2396 3113 mea
2423 3059 2602 3113 omnis
2648 3057 2840 3111 fertur.
2888 3053 3043 3119 Quod
3086 3052 3132 3107 si
3175 3060 3354 3105 autem
3383 3063 3507 3103 cum

1948 3148 2174 3217 imperio
2196 3164 2371 3202 essem
2404 3163 2689 3202 necessum
2741 3146 3018 3209 haberem,
3048 3152 3102 3197 et
3131 3156 3232 3212 pro
3271 3139 3391 3193 aliis
3438 3138 3508 3190 ti~

293 3222 447 3273 αὐτοὶ
471 3223 751 3287 δοκοῦντες
778 3230 1126 3296 προεστάναι,
1152 3230 1540 3297 συνδιενεγκείν
1564 3233 1848 3285 καταδικα-
1880 3257 1912 3316 (ς

1887 3257 1924 3316 ί]
1958 3254 2104 3292 mere
2142 3239 2511 3307 peccantibus,
2542 3245 2597 3291 et
2629 3235 3011 3290 vehementius
3047 3247 3234 3287 eorum
3262 3228 3509 3283 afﬂictio-

294 3314 511 3381 σθῶμεν
532 3331 544 3343 ⁸
574 3310 649 3368 ῶν
672 3317 949 3380 ἁπάντων,
973 3320 1297 3386 ἀνθρώπινοι
1329 3322 1447 3389 μὲν,
1482 3323 1554 3383 ὡς
1580 3324 1853 3393 ἐνόμισαν,

294 3404 598 3470 ἐπιϐουλαὶ,
634 3409 765 3470 Θεὸς
795 3408 871 3473 δὲ,
902 3412 967 3478 τῇ
995 3410 1171 3479 οἰκείᾳ
1219 3412 1399 3480 χάριτι
1436 3414 1528 3465 καὶ
1559 3414 1856 3485 φιλανθρω-

294 3494 416 3562 πίᾳ,
449 3497 736 3566 ἐρρύσατο.

1960 3329 2118 3381 nibus
2178 3328 2489 3389 condolcre,
2535 3334 2591 3380 et
2626 3334 2868 3379 metuere
2905 3339 2974 3377 ne
3021 3338 3117 3393 per
3161 3326 3506 3389 peccatorum

1960 3418 2290 3477 societatem,
2319 3425 2376 3470 et
2414 3433 2532 3481 nos,
2584 3417 2676 3486 qui
2726 3416 2972 3470 videmur
3001 3411 3207 3466 eisdem
3250 3421 3504 3478 prmesse,

1961 3509 2027 3562 ad
2068 3509 2386 3577 supplicium
2428 3522 2716 3562 commune
2764 3506 3226 3561 condemnemur:
3276 3500 3342 3553 ab
3392 3498 3510 3552 istis

292 3602 395 3640 nos
428 3590 679 3643 omnibus
737 3590 1037 3656 hominum,
1066 3608 1185 3661 qua:
1230 3594 1553 3649 videbantur
1602 3595 2048 3666 conspirationes,
2081 3599 2225 3653 Deus
2250 3608 2429 3653 autem
2499 3611 2708 3659 revera,
2747 3611 2778 3649 e
2842 3602 2938 3648 sua
2977 3592 3145 3663 gratia
3181 3601 3236 3645 et
3267 3588 3509 3643 bonitate

294 3678 558 3732 liberavit.

904 3770 1127 3822 ΕΠΙΣΤ.
1164 3770 1280 3825 EA’.

926 3862 1010 3926 Τῷ
1051 3864 1229 3929 αὐτῷ.

2545 3773 2760 3827 ΕΡΣΞΤ.
2787 3772 2920 3826 LXI.

2614 3865 2815 3917 Eidem.

1532 3984 1796 4033 Montacut.
1837 3986 1937 4048 (ep.
1977 3985 2080 4043 l0l,
2115 3998 2162 4045 p.
2202 3983 2324 4043 ΗΞ).

383 4080 523 4147 Ἐγὼ
560 4081 655 4150 μὲν
685 4082 782 4133 οὐκ
804 4082 868 4133 ἂν
892 4082 1055 4152 φαίην
1086 4083 1237 4146 δίκας
1278 4086 1491 4139 τίνουσα
1518 4098 1542 4136 Ρ
1572 4091 1669 4160 τὴν
1696 4091 1847 4141 πόλιν

296 4175 403 4225 τῶν
427 4177 503 4235 είς
536 4176 681 4243 ἡμᾶς
707 4175 1079 4241 ἀδικημάτων,
1112 4178 1229 4227 ἀντὶ
1268 4179 1471 4241 πόλεως
1507 4181 1853 4251 πολυάνδριον

296 4265 577 4327 γενέσθαιο
607 4266 857 4335 παραινῶ
883 4266 937 4318 δέ
965 4268 1094 4335 μηδέ
1116 4269 1214 4337 τὴν
1237 4269 1387 4338 ὑμῶν
1413 4271 1661 4340 ὁσιότητα
1684 4272 1853 4324 ταῦτα

299 4356 516 4405 ἐννοεῖν.
546 4354 699 4413 Τίνες
752 4354 859 4423 γάρ
916 4357 1109 4425 ἡμεῖς,
1148 4360 1193 4408 εἰ
1234 4360 1324 4409 καὶ
1369 4361 1711 4430 πεπόνθαμεν
1746 4364 1853 4414 ἀδι-

300 4444 499 4509 ήγητα,
532 4443 619 4495 ἵνα
665 4444 991 4514 τηλικαύτην
1022 4447 1188 4514 ὀργὴν
1218 4448 1633 4518 ἐκκαλεσώμεθα
1688 4452 1847 4517 Θεούς

300 4531 472 4593 ἄλλως
494 4549 551 4582 τε
585 4531 643 4582 δέ
683 4534 773 4583 καὶ
801 4534 919 4584 τότε
945 4575 957 4595 ,
990 4534 1146 4585 πλέον
1181 4538 1473 4606 πάσχοντες
1514 4539 1654 4611 [νῦν]
1688 4543 1743 4592 ἐν
1774 4538 1853 4603 οἷς

302 4623 498 4673 ἐκεῖνοι
531 4624 815 4691 πάσχουσι,
874 4623 949 4692 τῷ
984 4624 1146 4693 κοινῴ
1184 4627 1330 4697 νόμῳ
1390 4632 1483 4698 τῆς
1520 4633 1854 4699 συμπαθείας

303 4714 396 4763 καὶ
429 4714 663 4780 φύσεως,
689 4715 720 4783 ἢ
746 4718 801 4767 ἐν
829 4711 906 4777 οἷς
940 4717 1115 4767 αὐτῶν
1145 4718 1495 4788 δεδρακότων,
1524 4724 1851 4793 ἐπάσχομεν.

307 4804 368 4854 Εἰ
419 4803 485 4865 δ’,
518 4805 734 4857 ὅτιτῶν
774 4807 877 4859 ἀνὰ
924 4808 1018 4876 τὴν
1064 4808 1371 4880 Ῥωμαϊκὴν
1406 4814 1576 4881 ἀρχὴν
1633 4815 1857 4884 Ἐκκλη-

309 4894 438 4944 σιῶν
463 4896 562 4963 τὴν
580 4896 733 4958 δόξαν
760 4899 1067 4967 ἁπέκειρον,
1092 4902 1181 4951 καὶ
1206 4903 1281 4963 εἰς
1304 4904 1368 4953 τὰ
1396 4904 1500 4954 τῶν
1522 4906 1859 4973 Χριστιανῶν

312 4990 580 5054 μυστήρια
632 4985 1036 5055 ἐξωρχήσαντο,
1079 4992 1171 5042 καὶ
1224 4993 1493 5060 ἀρχιερεῖς
1551 4996 1641 5045 καὶ
1700 4997 1859 5063 ἱερεῖς

308 5076 461 5137 Θεοῦ,
497 5077 697 5145 θρόνων
720 5082 809 5130 καί
846 5080 1197 5151 Ἐκκλησιῶν,
1225 5086 1367 5152 πάσῃ
1399 5090 1606 5155 μηχανῇ
1642 5089 1731 5139 καὶ
1756 5090 1859 5141 πά-

314 5183 376 5233 σῃ
412 5166 520 5234 βίᾳ,
563 5167 828 5235 ἐξήλασαν
852 5187 865 5199 θ
890 5172 980 5221 καὶ
1008 5174 1063 5223 ἐν
1094 5174 1266 5242 καιρῴ
1289 5176 1730 5244 Χριστιανισμοῦ,
1762 5180 1859 5239 τὰς

325 5254 586 5324 Ἐλλήνων
648 5258 873 5325 πράξεις
930 5265 1396 5331 παρρησιάσασθαι
1429 5268 1858 5333 παρεσκεύασαν,

315 5348 437 5414 σιγῇ
480 5348 689 5418 βαθείᾳ,
741 5351 937 5418 μᾶλλον
992 5354 1045 5404 δὲ
1108 5361 1447 5426 καταστροφῇ
1510 5360 1705 5427 τελείᾳ,
1763 5359 1859 5419 τὰς

423 5504 441 5533 ⁸
470 5502 653 5557 Matth.
689 5520 741 5566 χ,
780 5506 868 5558 54.

2031 4090 2142 4158 Ego
2172 4099 2316 4141 certe
2345 4088 2483 4140 haud
2512 4086 2757 4149 dixerim,
2800 4085 2988 4139 urbem
3042 4084 3096 4136 in
3145 4082 3509 4150 sepulcretum

1965 4182 2257 4243 redactam,
2294 4180 2345 4232 in
2375 4180 2667 4233 vindictam
2696 4192 2884 4231 eorum
2922 4176 3011 4244 qui
3042 4175 3096 4227 in
3157 4189 3244 4228 me
3313 4174 3511 4240 injuste

1887 4307 1929 4360 Β
1968 4273 2251 4334 fecerunt;
2280 4281 2373 4323 aut
2412 4271 2596 4323 hortor
2629 4277 2773 4321 tuam
2804 4266 3139 4321 sanctitatem
3173 4273 3232 4317 ut
3266 4264 3512 4317 eamdem

1959 4362 2141 4415 foveas
2171 4378 2380 4414 mecum
2409 4362 2736 4429 opinionem.
2767 4359 2999 4423 Quinam
3024 4357 3167 4410 enim
3201 4371 3298 4409 nos
3327 4370 3513 4408 sumus

1954 4454 2079 4507 licet
2124 4452 2265 4522 passi
2319 4452 2733 4519 inexplicabilia,
2769 4460 2828 4502 ut
2868 4458 3069 4502 tantam
3104 4463 3133 4501 a
3163 4446 3269 4500 Deo
3302 4447 3513 4498 iracun-

1952 4543 2093 4595 diam
2128 4542 2487 4594 devocemus:
2520 4548 2663 4591 certe
2694 4538 2909 4607 quidem
2944 4538 3001 4589 in
3052 4536 3118 4588 iis
3145 4551 3262 4603 qua:
3312 4537 3512 4602 patitur

1955 4633 2162 4695 civitas,
2215 4640 2267 4683 et
2324 4645 2423 4683 nos
2470 4630 2629 4698 plane
2658 4628 3048 4697 compatimur,
3086 4626 3383 4679 secundum
3445 4626 3515 4677 lc-

1962 4739 2079 4794 gem
2116 4732 2319 4775 natum
2351 4731 2405 4773 et
2435 4720 2828 4789 eompassionis
2878 4718 3158 4779 naturalis,
3203 4720 3323 4786 plus
3354 4733 3513 4783 quam

1960 4832 2056 4884 per
2087 4816 2169 4867 illa
2200 4812 2552 4881 patiebamur,
2584 4828 2701 4879 quae
2728 4828 2756 4863 a
2784 4810 2992 4863 civibus
3012 4825 3195 4863 sumus
3222 4808 3384 4876 passi.
3420 4806 3514 4860 Sin

1962 4917 2141 4957 autem
2196 4904 2493 4956 facinorum
2552 4917 2737 4954 eorum
2793 4915 2980 4969 poenas
3018 4901 3189 4962 luant,
3248 4915 3343 4967 per
3392 4914 3513 4966 qua:

1963 4995 2183 5064 gloriam
2216 4993 2308 5045 Dei
2344 5003 2399 5045 et
2427 4992 2785 5044 Ecclesiarum
2812 4993 2864 5043 in
2908 4989 3513 5057 totoRomanoimperio

1961 5087 2256 5153 positarqu
2302 5084 2651 5136 attunderunt
2679 5122 2692 5145 ,
2738 5090 2792 5134 et
2832 5082 3159 5134 insultarunt
3212 5083 3517 5148 petulanter

1962 5176 2391 5229 Christianorum
2448 5172 2743 5241 mysteriis,
2778 5173 3081 5241 episcopos,
3142 5181 3197 5223 et
3228 5169 3321 5223 Dei
3349 5186 3519 5223 sacer-

1964 5266 2133 5326 dotes,
2171 5266 2244 5317 nil
2278 5280 2383 5317 non
2411 5263 2716 5325 molientes,
2751 5262 2949 5314 nullam
2979 5261 3085 5313 vim
3110 5276 3219 5314 non
3248 5260 3518 5313 intentan-

1965 5366 2064 5421 tes,
2097 5357 2162 5410 de
2195 5356 2403 5410 thronis
2441 5363 2493 5406 et
2536 5352 2788 5407 Ecclesiis
2816 5353 2927 5406 suis
2956 5352 3159 5419 eiectos
3187 5352 3513 5419 abegerunt:

1543 5659 1772 5712 VARle
1817 5657 2213 5714 LECTlONES.

429 5829 453 5855 ο
493 5822 555 5873 lu
619 5821 711 5872 καὶ
741 5820 965 5872 δεδιέναι
993 5820 1196 5887 μήποτε
1228 5820 1301 5890 τῷ
1348 5818 1577 5889 κοινῷ...

556 5913 819 5975 Ρλτιιοι..
861 5916 973 5976 GR.
1019 5914 1143 5977 Cll.

1694 5829 1720 5867 P
1763 5820 1843 5872 Ῐσ.
1877 5820 2144 5872 τίνουσαν.
