4236 6436
745 405 850 467 875
1869 399 2126 460 PIIOTII
2168 399 2418 460 PATRII

2294 399 2667 462 .‘RIARCILE
2705 403 2810 464 ΕΡ.
3863 401 3967 465 876

735 530 792 574 et
823 517 912 574 ubi
940 515 1252 572 Christiana
1297 512 1562 584 professio
1590 513 1822 585 vigebat,
1851 527 2089 584 paganas
2130 511 2302 565 actio-
2331 521 2374 575 Α
2404 525 2408 559 ι

2288 541 2302 552 -
2331 521 2374 575 Α
2404 516 2556 578 θείας
2583 516 2800 579 τελετὰς
2831 516 2922 568 καὶ
2954 517 3022 570 τά
3054 516 3253 585 φρικτὰ
3288 514 3726 586 παραδεδωκότες
3757 507 3922 585 δργία
3949 531 3961 546 ·

736 625 834 663 nes
890 608 1178 663 licentiose
1234 607 1436 674 patrari
1492 613 1861 660 curaverunt:
1915 603 2131 656 silentio
2171 617 2299 671 pro-
2395 610 2409 663 ε

2292 632 2299 641 ι
2395 609 2460 663 ἂν
2487 603 2578 660 οὖν
2601 609 2688 661 διὰ
2708 608 2881 661 ταῦτα
2910 609 3062 670 δίκας
3088 607 3520 678 είσπράττωνται
3553 605 3646 659 τοῦ
3675 607 3965 675 τολμήμα-

729 701 920 762 fundo,
968 699 1147 769 potius
1187 697 1529 750 subversioni
1583 695 1856 764 plenariae,
1907 692 2172 747 sacriﬁcia
2218 692 2302 746 di-
2393 720 2402 736 ι

2292 722 2302 734 ·
2393 716 2502 765 τος,
2532 702 2669 772 πρὸς
2691 702 2850 757 τοῦτο
2879 703 2976 756 οὐκ
3003 702 3070 755 ἂν
3096 700 3359 772 δυναίμην
3387 701 3563 763 ἀλλως
3587 699 3731 769 ἔχειν
3759 699 3965 767 διισχυ-

731 795 878 855 vina,
909 801 963 845 et
994 789 1302 845 veneranda
1338 789 1425 841 illa
1455 789 1600 858 orgia
1652 789 1952 842 tradidere:
1989 785 2032 838 si
2079 784 2150 839 ob
2184 785 2301 838 haec
2395 816 2404 863 ι

2293 801 2301 838 ι
2395 795 2648 863 ρίσασθαι
2674 836 2689 860 ,
2753 797 2946 866 μέχρις
2976 794 3042 848 ἂν
3090 793 3152 847 τὸ
3180 793 3292 864 ἔχει
3319 804 3347 844 (ι
3374 795 3776 863 δικαιωτήριον,
3830 793 3966 846 ἄλλα

728 884 909 936 omnia
965 896 1155 951 pinnas
1211 881 1365 934 luant
1409 881 1662 942 audaciae,
1701 881 1835 934 nihil
1873 889 1954 932 est
1991 879 2134 948 quod
2169 893 2297 947 pro-

727 976 982 1028 nuntiare
1015 989 1114 1043 ego
1159 990 1401 1043 possum,
1437 973 1610 1025 donec
1639 973 1808 1025 multa
1855 971 1937 1024 bis
1966 971 2169 1039 majora
2195 984 2291 1022 eos

729 1075 1072 1134 perpetrasse
1092 1066 1352 1136 judicium
1381 1063 1510 1117 illud
1543 1066 1598 1116 in
1626 1062 1779 1117 caelis
1811 1070 2179 1130 reprzesentet.

1284 1175 1507 1230 EPIST.
1536 1175 1693 1229 LXII.

1047 1269 1266 1336 Georgio
1296 1269 1517 1320 diacono
1547 1277 1596 1319 et
1625 1269 1925 1320 cubiclusio.

2391 886 2512 939 τινὰ
2543 887 2762 956 μείζονα
2787 887 2885 957 τῆς
2909 887 3240 955 τηλικαύτης
3277 887 3482 957 τόλμης
3515 885 3967 956 ἐξημαρτηκότας

2396 976 2812 1042 παραστήσειεν.

3001 1172 3218 1224 ΕΠΙΣΤ.
3253 1170 3371 1222 EB’.

2574 1263 2841 1331 Γεωργίῳ
2868 1266 3127 1328 διακόνῳ
3168 1266 3262 1318 καὶ
3294 1265 3785 1329 κουϐουκλεισίφ.

1945 1375 2208 1424 Iontacut.
2247 1375 2348 1434 (ep.
2388 1373 2494 1432 10‘,
2530 1386 2576 1434 p.
2614 1373 2743 1434 149).

802 1473 1070 1526 Denuntio
1106 1473 1228 1538 tibi,
1294 1476 1594 1528 amicorum
1659 1475 1883 1544 optime,
1922 1490 1991 1527 ne
2037 1475 2294 1542 deinceps

730 1565 935 1616 amicus
988 1562 1145 1616 nobis
1201 1563 1518 1616 nomineris.
1567 1560 1722 1617 Nunc
1749 1563 1894 1615 enim
1939 1560 2179 1629 intelligo
2206 1575 2294 1612 me

735 1667 848 1718 pra:
895 1651 1105 1703 cunctis
1162 1650 1479 1704 mortalibus
1509 1650 1564 1703 in
1614 1651 1758 1705 veris
1798 1651 1986 1704 amicis
2035 1650 2294 1704 habendis

2482 1471 2830 1539 ’Δπαγορεύω
2862 1487 2965 1535 σοι,
2986 1471 3153 1538 φίλων
3175 1473 3384 1541 ἄριστε,
3422 1472 3614 1541 μηκέτι
3644 1468 3798 1538 φίλον
3825 1470 3966 1537 ήμέο

2397 1577 2554 1630 τερον
2576 1563 2955 1631 ὀνομάζεσθαι.
3002 1564 3116 1616 Νῦν
3169 1563 3278 1632 γὰρ
3324 1563 3494 1630 ἔγνων
3544 1561 3801 1632 ἐμαυτὸν,
3836 1560 3969 1628 περὶ

2398 1654 2524 1715 τοὺς
2549 1654 2941 1724 ἀληθεστάτους
2968 1656 3175 1724 φίλους,
3199 1655 3415 1708 πάντων
3435 1653 3736 1724 ἀνθρώπων
3767 1652 3966 1704 δυστυ-

732 1745 1190 1798 infelicissimum.
1250 1743 1432 1798 Bonus
1504 1745 1597 1799 ille
1651 1755 1707 1800 et
1760 1745 1931 1799 ﬁdelis
1983 1755 2405 1828 teconomusBj

2292 1761 2298 1796 ι
2328 1773 2371 1828 Β
2399 1738 2678 1828 χέστατον.
2725 1741 2781 1793 '0
2802 1743 2962 1805 καλὸς
2988 1743 3119 1812 ⁴ἡμῖν
3139 1742 3232 1795 καὶ
3260 1741 3449 1804 πιστὸς
3471 1743 3773 1810 οἰκονόμος,
3799 1742 3828 1792 ό
3850 1757 3965 1792 κοι-

729 1834 1034 1888 communis
1079 1833 1284 1887 amicus
1312 1834 1434 1902 (hei
1458 1835 1593 1888 mihi
1620 1836 1711 1902 qui
1742 1835 1843 1888 hoc
1865 1835 1985 1888 dico
2013 1844 2070 1888 et
2095 1834 2292 1899 scribo,

729 1926 846 1994 ipso
878 1923 1093 1976 interim
1133 1924 1391 1993 tacente).
1420 1939 1504 1977 me
1535 1925 1741 1987 relicto,
1784 1926 2067 1994 temporali
2101 1926 2293 1988 amico,

728 2033 830 2086 pro
885 2031 991 2079 me,
1042 2024 1102 2068 ut
1153 2015 1389 2080 videtur,
1433 2026 1664 2070 aeternos
1699 2017 1904 2072 amicos
1951 2019 2292 2087 permutavit.

730 2106 848 2161 Non
880 2108 1025 2159 enim
1067 2106 1177 2174 pati
1207 2107 1384 2175 potuit
1439 2116 1645 2160 tantam
1683 2109 1937 2162 virtutem
1967 2109 2058 2161 tali
2087 2118 2294 2177 tempo—

731 2213 849 2250 rum
879 2197 1286 2266 opportunitate
1339 2198 1607 2256 obtinere.
1639 2199 1831 2252 Timon
1871 2199 1958 2252 ille
1982 2199 2124 2268 apud
2150 2199 2294 2251 anti-

730 2302 895 2356 quos,
926 2288 1266 2356 improbitate
1290 2288 1569 2342 hominum
1593 2289 2170 2344 fortassisintolerabili
2187 2306 2296 2345 mo-

734 2390 844 2441 tus,
881 2380 1177 2446 prudenter
1208 2379 1386 2449 egisse
1440 2380 1657 2449 quidem
1700 2382 1851 2436 visus
1895 2392 1999 2448 est,
2023 2399 2144 2436 cum
2197 2398 2296 2452 pro

732 2471 1101 2538 pltilanthropo
1129 2471 1516 2538 micant/tropus
1548 2472 1735 2527 haberi
1765 2474 1995 2528 volebat.
2026 2473 2136 2543 Ego
2158 2477 2295 2528 mul-

733 2572 788 2614 to
822 2561 1037 2628 quidem
1089 2561 1291 2615 rectius
1340 2561 1583 2626 videbor,
1628 2578 1728 2632 pro
1771 2563 1966 2618 aﬁ‘ectu
2014 2580 2120 2633 quo
2153 2581 2291 2628 sum,

734 2648 1038 2717 misophilus
1100 2650 1502 2705 nominandus:
1561 2667 1687 2706 nam
1749 2669 1870 2708 cum
1921 2656 2063 2709 inter
2093 2656 2295 2710 amicos

735 2743 870 2794 mira
897 2741 1115 2810 quidem
1165 2744 1383 2797 virtutis
1431 2743 1785 2799 admiratione
1827 2745 1931 2799 frui
1967 2747 2197 2811 viderer,
2228 2747 2296 2801 de

736 2833 995 2886 l'ruitione
1038 2833 1355 2903 gaudebam,
1387 2843 1441 2888 et
1470 2836 1655 2888 statim
1686 2850 1808 2889 cum
1852 2837 2038 2890 dolore
2076 2837 2291 2901 acerbo,

737 2925 882 2984 inde,
934 2925 1078 2992 quod
1117 2941 1200 2978 me
1237 2926 1377 2979 male
1423 2927 1606 2992 habet,
1645 2929 1941 2993 exturbor;
1979 2929 2051 2982 ita
2090 2937 2149 2982 ut
2175 2929 2296 2998 qui-

737 3033 951 3086 cunque
985 3017 1074 3071 ille
1104 3027 1186 3070 est
1211 3019 1301 3086 qui
1336 3019 1497 3071 telum
1524 3020 1627 3073 hoc
1659 3021 1821 3073 in'me
1845 3020 2158 3084 amentavit,
2183 3020 2296 3074 sive

2397 1827 2484 1890 νὸς
2513 1829 2664 1896 φίλος
2695 1831 2768 1898 (οἵ
2804 1849 2894 1900 μοι
2923 1831 3064 1899 λέγω
3091 1832 3184 1884 καὶ
3211 1831 3407 1901 γράφω
3435 1830 3696 1897 σιγῶντος
3727 1829 3965 1896 ἐκείνου)

2396 1912 2566 1964 λιπὼν
2595 1916 2739 1983 ήμᾶς
2769 1918 2896 1978 τοὺς
2925 1919 3311 1987 προσκαίρους,
3339 1918 3454 1972 ἀνθ’
3479 1918 3658 1988 ἡμῶν,
3687 1917 3765 1978 ὡς
3797 1917 3964 1979 ἔοικε,

2395 2006 2518 2069 τοὺς
2550 2008 2796 2073 αἰωνίους
2831 2010 3015 2077 φίλους
3035 2009 3333 2080 ἠλλάξατο·
3359 2011 3544 2080 ὥσπερ
3572 2011 3670 2063 οὐκ
3699 2011 3966 2079 ἀνεχόμε-

2396 2113 2483 2159 νος
2513 2098 2714 2167 ἁρετὴν
2764 2099 3035 2168 τοσαύτην
3072 2103 3284 2171 καιροῖς
3314 2102 3575 2164 τοιούτοις
3603 2102 3965 2170 ἐμπολιτεύε-

2396 2189 2538 2241 σθαι.
2588 2190 2646 2241 '0
2680 2190 2779 2259 μὲν
2796 2187 2889 2244 οὖν
2913 2191 3142 2255 παλαιὸς
3172 2193 3379 2253 ἐκεῖνος
3400 2191 3609 2262 Τίμων,
3635 2192 3965 2263 μοχθηρίαις

2394 2281 2612 2342 ἀτόποις
2630 2281 2930 2351 ἀνθρώπων
2945 2283 3073 2345 ίσως
3087 2283 3408 2353 περιτυχὼν,
3427 2285 3572 2350 ἔδοξέ
3583 2301 3634 2337 τι
3655 2285 3814 2352 σοφὸν
3835 2286 3963 2337 ἑπι-

2393 2373 2584 2436 τελεῖν,
2604 2373 2724 2426 ἀντὶ
2742 2373 3188 2442 φιλανθρώπου,
3230 2373 3667 2443 μισάνθρωπος,
3701 2376 3798 2430 καὶ
3823 2373 3963 2429 εἶναι

2395 2465 2488 2516 καὶ
2515 2465 2891 2533 ὀνομάζεσθαι.
2931 2463 3070 2532 Ἐγὼ
3098 2465 3154 2518 δὲ
3183 2466 3360 2536 πολλῷ
3396 2467 3461 2520 ἂν
3486 2467 3710 2535 φανείην
3751 2469 3961 2520 δικαιὸ-

2393 2572 2548 2624 τερα,
2581 2551 2753 2624 οἶμαι,
2780 2556 3265 2627 διαπραττόμενος,
3285 2557 3400 2610 ἀνθ’
3428 2553 3595 2628 οὗπέρ
3625 2559 3762 2627 είμι,
3784 2561 3962 2627 μισό-

2393 2649 2571 2715 φιλος
2601 2647 2854 2715 γενέσθαι
2883 2647 3405 2719 διανωύμενος.Τῆς
3424 2651 3529 2722 γὰρ
3554 2653 3611 2703 ὲν
3632 2651 3806 2719 φίλοις
3831 2650 3963 2704 θαυο

2398 2738 2607 2808 μαστῆς
2636 2739 2830 2808 ήλίκης
2863 2741 3066 2809 ἀρετῆς
3112 2741 3404 2796 ἀπολαύειν
3463 2743 3786 2812 ἀρχόμενος,
3840 2745 3959 2811 ἅμα

2401 2827 2523 2896 μὲν,
2548 2827 2722 2899 χαίρω
2777 2830 2878 2897 τῆς
2924 2829 3272 2893 ἀπολαύσεως
3294 2873 3308 2896 ,
3345 2831 3459 2900 ἅμα
3488 2833 3544 2885 δὲ
3601 2832 3717 2885 λίαν
3746 2835 3961 2902 πικρῶς

2395 2919 2691 2988 ἀνιώμενος
2718 2959 2734 2982 ,
2781 2921 2986 2991 ταύτης
3023 2922 3224 2986 ἀθλίως
3261 2923 3554 2993 ἐλαύνομαι
3577 2938 3592 2953 ο
3654 2924 3840 2994 ὥσπερ
3873 2926 3959 2977 ἵνα

2399 3010 2556 3079 μόνον
2585 3010 2799 3083 λυπήσῃ
2858 3013 2952 3065 καὶ
3001 3013 3099 3082 τὴν
3133 3013 3483 3085 συναίσθησιν
3539 3014 3648 3068 τῶν
3690 3016 3960 3083 ἀλγεινῶν

739 3125 806 3160 ex
840 3109 1039 3162 invidia
1095 3109 1209 3162 sive
1262 3109 1482 3164 aliunde
1531 3122 1731 3177 motus,
1764 3113 1815 3165 id
1855 3115 1963 3182 egit
1996 3123 2201 3167 tantum
2239 3122 2295 3168 ut
2321 3104 2362 3163 C
2395 3102 2412 3153 ἀ

2286 3104 2362 3168 ιο
2395 3101 2665 3170 ἀφόρητον
2698 3105 2974 3173 ἐπαφήσῃ,
3015 3103 3105 3158 διὰ
3148 3104 3305 3158 τοῦτο
3361 3104 3522 3174 μόνον
3560 3107 3658 3175 τῆς
3698 3108 3959 3178 τοιαύτης

736 3201 1022 3260 cruciaret,
1051 3210 1106 3253 et
1147 3200 1214 3253 de
1245 3201 1520 3270 voluptate
1570 3203 1827 3256 extremis
1855 3205 2007 3271 quasi
2040 3203 2294 3258 labeculis

738 3289 1172 3357 degustaremus.
1206 3291 1369 3344 Extra
1416 3306 1503 3344 me
1532 3293 1708 3360 rapior
1746 3294 1814 3347 ab
1855 3294 1922 3348 iis
1957 3311 2077 3363 quae
2097 3296 2289 3365 patior,

737 3393 840 3431 nec
872 3387 954 3431 est
1001 3379 1143 3446 quod
1188 3379 1362 3432 dicam
1391 3381 1554 3443 aliud,
1587 3397 1752 3450 quam
1781 3384 1924 3451 quod
1939 3386 2160 3439 omnino
2187 3385 2293 3439 mei

739 3485 844 3521 non
898 3470 972 3523 sis
1018 3471 1295 3538 misertus,
1326 3487 1425 3526 nec
1453 3489 1575 3526 cum
1624 3476 1679 3528 in
1711 3475 1961 3529 exsilium
2003 3477 2291 3548 relegarer,

738 3573 838 3611 nec
873 3575 995 3612 cum
1023 3560 1077 3613 in
1103 3561 1316 3614 vincula
1349 3564 1670 3632 conjicerer,
1699 3580 1801 3618 nec
1850 3566 1906 3618 in
1935 3567 2112 3635 aliqua
2146 3583 2293 3622 mea-

739 3666 856 3703 rum
886 3650 1081 3719 quibus
1109 3653 1402 3707 exhaurior
1446 3655 1784 3709 miseriarum
1811 3673 1827 3709 :
1869 3657 1920 3710 in
1966 3659 2116 3712 nullo
2147 3660 2292 3728 ipso-

739 3758 861 3794 rum
893 3743 1184 3808 emollitus,
1248 3760 1443 3816 magno
1501 3747 1705 3816 impetu
1750 3748 1981 3802 amicum
2020 3760 2292 3819 arreptum

736 3851 766 3887 ιι
796 3850 879 3888 me
930 3836 1198 3900 avulsisti,
1250 3837 1342 3906 qui
1401 3839 1554 3902 abiit,
1605 3840 1879 3894 stimulum
1931 3843 2184 3895 acerbum
2237 3852 2293 3896 et

733 3925 1079 3979 inflexibilem
1105 3926 1282 3980 medio
1308 3941 1429 3981 meo
1449 3928 1597 3982 cordi
1627 3928 1872 3999 inﬁgens.
1918 3930 2023 3984 Sed
2050 3930 2292 3986 fortassis

733 4016 878 4070 baud
908 4016 1224 4070 diuturnum
1264 4019 1369 4072 erit
1405 4029 1639 4089 tempus,
1663 4031 1718 4074 et
1740 4022 1957 4090 penitus
1991 4022 2094 4076 hoc
2120 4023 2289 4076 conﬁ-

732 4110 1039 4177 ciet(istud
1073 4110 1218 4164 enim
1262 4112 1457 4176 solum,
1484 4123 1669 4183 utpote
1699 4115 1752 4167 in
1788 4115 1953 4169 tantis
1976 4116 2152 4180 malis,
2191 4131 2291 4169 nos

734 4200 1033 4270 refrigerat)
1060 4210 1114 4255 et
1142 4202 1207 4255 ad
1258 4203 1618 4258 desideratum
1666 4206 1820 4260 nobis
1861 4205 2184 4260 exturbabit.
2209 4205 2289 4259 Tu

732 4299 933 4355 autem,
961 4305 993 4345 o
1020 4290 1143 4344 vita:
1170 4307 1303 4346 meae
1339 4295 1577 4347 solamen
1616 4296 1807 4358 solum,
1853 4297 1997 4349 vale:
2031 4311 2117 4349 me
2147 4312 2286 4359 ama,

733 4379 1016 4447 exsequias
1048 4396 1166 4434 mea
1195 4383 1312 4436 vice
1358 4383 1579 4451 perﬁce,
1625 4394 1782 4452 prout
1807 4385 2032 4454 dignum
2062 4395 2149 4438 tua
2179 4388 2287 4438 vir-

2398 3193 2589 3261 ήδονῆς
2617 3196 2760 3262 ἡμᾶς
2788 3196 3084 3261 γεύσαντος
3122 3197 3238 3260 τοῦ,
3267 3197 3415 3259 ὅστις
3442 3199 3573 3250 ποτὲ
3617 3200 3765 3251 ἐστιν
3809 3201 3956 3252 έκεῖ-

2397 3300 2484 3345 νος
2540 3287 2568 3337 ό
2622 3285 2936 3354 τηλικοῦτον
2990 3287 3111 3340 καθ’
3139 3288 3296 3356 ήμῶν
3351 3288 3509 3357 ῥίψας
3535 3289 3594 3341 τὸ
3624 3289 3794 3358 βέλος,
3843 3294 3957 3344 εἴτε

2398 3375 2607 3443 φθόνος,
2632 3376 2739 3429 εἴτε
2766 3377 2940 3447 ψῆφος
2967 3379 3119 3448 ἄλλη.
3151 3379 3429 3449 Ἐξάγοιμι
3458 3381 3564 3450 γὰρ
3596 3382 3698 3434 ὑπὸ
3733 3382 3826 3434 τοῦ
3854 3385 3960 3436 πά-

2398 3467 2542 3532 θους,
2575 3468 2668 3521 καὶ
2696 3469 2796 3520 οὐκ
2825 3469 2932 3536 ἔχω
2958 3469 3010 3521 τί
3066 3470 3204 3521 εἴπω
3238 3470 3377 3539 πλὴν
3401 3471 3480 3522 ὅτι
3511 3471 3586 3540 μὴ
3619 3471 3972 3540 κατελέησαςι

2396 3560 2564 3628 ἡμᾶς,
2594 3561 2732 3629 μήτε
2757 3561 2856 3628 τῆς
2881 3560 3195 3631 ὑπερορίας,
3227 3564 3361 3630 μήτε
3394 3561 3493 3630 τῆς
3521 3561 3786 3630 φυλακῆς,
3814 3565 3957 3631 μήτε

2397 3651 2503 3702 τῶν
2557 3652 2729 3703 ἄλλων
2781 3651 3050 3719 χαλεπῶν,
3089 3644 3283 3713 οἷς·τὸν
3313 3651 3424 3718 βίον
3466 3652 3952 3721 περιαντλούμεθα.

2408 3745 2543 3798 Ὑπὸ
2582 3745 2804 3813 μηδενὸς
2827 3745 3031 3798 τούτων
3057 3745 3413 3815 δυσωπηθεὶς,
3440 3744 3615 3797 λαὸὼν
3639 3746 3833 3816 ἀθρόον
3859 3748 3956 3799 καὶ

2395 3836 2695 3898 διασπάσας
2749 3834 2840 3903 ἀφ’
2895 3836 3050 3904 ήμῶν
3073 3836 3165 3889 τὸν
3215 3836 3364 3904 φίλον
3393 3837 3595 3906 οἴχεται
3645 3838 3839 3906 πικρὸν
3862 3843 3955 3889 καὶ

2395 3929 2764 3999 ἀπαραίτητον
2789 3928 2926 3981 κατὰ
2952 3928 3121 3997 μέσης
3145 3929 3314 3999 αὐτῆς
3354 3929 3581 3998 καρδίας
3620 3929 3682 3982 τὸ
3727 3931 3954 4000 κέντρον

2395 4020 2662 4090 ἐμπήξας.
2701 4019 2991 4082 ἈλλῚσως
3023 4022 3082 4074 οὐ
3147 4021 3310 4084 πολὺς
3344 4023 3534 4092 χρόνος
3588 4023 3679 4075 καὶ
3727 4023 3953 4085 τελείως

2395 4109 2596 4176 ταύτην
2629 4108 3047 4178 διεργασάμενος
3087 4107 3262 4178 (τοῦτο
3292 4109 3398 4178 γὰρ
3421 4108 3495 4171 ὠς
3527 4110 3586 4161 ἐν
3609 4109 3951 4177 τηλικούτοις

2394 4202 2582 4261 κακοῖς
2606 4200 2750 4269 ἡμᾶς
2784 4199 2944 4268 μόνον
2972 4198 3256 4268 ἀναψύχει)
3295 4198 3429 4268 πρὸς
3479 4198 3571 4252 τὸν
3613 4198 3952 4267 ποθούμενον

2394 4291 2670 4344 ἀπελάσει.
2704 4291 2774 4341 Σὺ
2800 4289 2876 4354 δὲ,
2912 4287 2957 4340 ὦ
2979 4306 3070 4357 μοι
3102 4288 3284 4340 λοιπὸν
3303 4287 3394 4340 τοῦ
3431 4287 3544 4357 βίου
3577 4288 3950 4357 παραμύθιον,

2394 4382 2601 4451 ἔρρωσο
2625 4420 2639 4444 ,
2689 4382 2782 4432 καί
2818 4396 2883 4448 με
2911 4378 3082 4447 φίλει’
3129 4379 3223 4431 καὶ⁸
3261 4378 3358 4447 τὴν
3389 4378 3537 4430 ὁσίαν
3589 4379 3802 4448 ἐκείνῳ,
3832 4381 3930 4431 άνθ

733 4481 845 4524 tute
876 4481 931 4524 et
954 4473 1114 4537 [illius
1147 4449 1382 4527 amicitia
1426 4449 1700 4539 fuerin—et
1727 4491 1848 4530 meo
1868 4449 2015 4530 vloco
2048 4477 2288 4546 cognatis
2318 4449 2362 4504 Β
2390 4474 2406 4522 ’λ

2274 4494 2288 4532 ς
2318 4449 2362 4504 D
2390 4449 2564 4540 ήμῶν,
2595 4468 2882 4537 ἀξίως.τῆς
2917 4469 3015 4539 σῆς
3036 4467 3235 4537 ἀρετῆς
3254 4469 3347 4522 καὶ
3379 4467 3479 4536 τῆς
3507 4467 3713 4521 ἐκείνου
3741 4469 3947 4536 φιλίας,

731 4573 783 4615 et
814 4561 1058 4617 afﬁnibus
1090 4573 1144 4618 et
1170 4565 1482 4634 tibimetipsi
1511 4577 1727 4620 curator
1757 4577 1812 4622 et
1837 4579 2096 4638 patronus
2155 4584 2291 4623 con-

731 4651 973 4714 stitutus,
991 4652 1158 4704 alleva
1185 4669 1430 4724 magnam
1446 4655 1642 4710 doloris
1669 4657 2090 4727 partem.Neque
2119 4659 2285 4725 enim,

733 4743 951 4808 opinor,
986 4741 1212 4798 facultas
1245 4754 1349 4811 est,
1379 4746 1635 4801 defuncto
1660 4751 1833 4802 amico
1863 4751 2076 4804 aliunde
2105 4752 2284 4821 opitu-

730 4829 852 4890 lari.
887 4829 1046 4884 Certe
1096 4834 1246 4902 plura
1281 4850 1368 4889 me
1415 4838 1648 4891 scribere
1708 4841 1974 4894 volentem
2003 4843 2284 4899 inhibuere

728 4919 974 4991 lacrymze
996 4925 1348 4993 profusiores.

1339 5125 1555 5180 EPIST.
1585 5125 1766 5181 LXIII.

1236 5214 1496 5270 Damiano
1520 5224 1829 5273 xenodorho.

2387 4560 2642 4624 ἐπιτέλει,
2695 4561 2791 4611 καὶ
2812 4558 2920 4611 τῶν
2945 4558 3220 4627 συγγενῶν
3257 4560 3350 4611 καὶ
3379 4560 3594 4613 οίκείων
3641 4559 3758 4612 ἀνθ’
3786 4562 3948 4630 ήμῶν

2387 4649 2478 4702 καὶ
2502 4647 2699 4702 σαυτοῦ
2729 4650 3036 4718 προστάτης
3080 4648 3176 4701 καὶ
3225 4648 3476 4718 κηδεμὼν
3526 4649 3945 4719 καθιστάμενος,

2382 4741 2604 4811 κούφιζε
2632 4742 2694 4794 τὸ
2721 4742 2855 4793 πολὺ
2880 4741 2974 4793 τοῦ
3003 4739 3206 4803 πάθους
3240 4757 3255 4772 ’
3304 4740 3429 4793 ἀλλο
3465 4742 3573 4809 γὰρ
3600 4741 3750 4795 οὐδέν
3797 4745 3947 4796 ἐστιν

2381 4830 2534 4904 οἴμαι
2563 4833 2638 4903 τῷ
2660 4833 2894 4902 κειμένῳ
2918 4834 3363 4899 συνεισενεγκεῖν.
3390 4831 3451 4885 Ei
3477 4833 3521 4885 δ’
3544 4833 3624 4886 ἔτι
3658 4836 3751 4886 καὶ
3780 4835 3945 4888 πλέον

2391 4925 2580 4995 ήθελον
2609 4926 2838 4996 γράφειν
2859 4963 2874 4987 ,
2907 4923 3040 4976 ἀλλά
3076 4923 3428 4993 σφοδρότερον
3463 4923 3586 4993 ῥέον
3617 4924 3852 4995 ἐπέσχεν
3881 4929 3944 4979 τὸ

2390 5018 2623 5085 δάκρυον
2653 5017 2752 5083 τὴν
2805 5016 3038 5083 γραφήν.

2972 5125 3192 5178 ΕΠΙΣΤ.
3224 5125 3339 5177 EI".

2833 5212 3100 5283 Δαμιανῷ
3155 5213 3471 5280 ξενοδόχῳ.

1938 5333 2198 5382 Montacul.
2238 5336 2338 5399 (ep.
2377 5336 2482 5393 112,
2520 5346 2566 5394 ρ.
2602 5327 2729 5388 155)-

793 5403 925 5456 Cum
986 5417 1125 5460 tacet
1165 5412 1254 5476 qui
1312 5413 1559 5481 injuriam
1617 5417 1835 5484 patitur,
1888 5419 2056 5472 mullo
2111 5423 2277 5491 magis

717 5493 1039 5549 afﬁcientem
1100 5503 1409 5560 convincit:
1459 5519 1604 5575 patet
1634 5509 1776 5561 enim
1810 5511 1950 5576 quod
2001 5512 2102 5564 nisi
2127 5529 2276 5568 sum-

720 5599 859 5636 mam
891 5596 944 5639 ct
978 5587 1404 5657 inexlilicabilem
1433 5597 1682 5665 injuriam
1708 5599 2055 5668 irrogantium
2081 5604 2272 5656 crude-

2447 5420 2518 5471 Τὸ
2548 5417 2702 5484 σιγᾷν
2762 5409 3132 5478 ἀδικούμενον,
3189 5410 3408 5480 μείζονα
3463 5409 3571 5460 τῶν
3605 5409 3935 5463 ἀδικούντων

2374 5512 2606 5562 ποιεῖται
2658 5505 2747 5556 τὸν
2796 5503 3031 5571 ἔλεγχον·
3058 5501 3213 5570 δῆλον
3255 5501 3363 5570 γάρ
3405 5501 3481 5562 ὡς
3511 5501 3558 5552 εἰ
3591 5500 3666 5571 μή
3690 5505 3933 5572 μεγάλην

2372 5601 2491 5653 τινὰ
2547 5599 2634 5650 καὶ
2689 5596 3091 5666 ἀνυπέρῦλητον
3130 5593 3236 5646 τῶν
3298 5594 3630 5648 ἀδικούντων
3670 5596 3932 5665 ὠμότητα

1971 5695 2197 5750 VARI/E
2231 5695 2636 5751 LECTIUNI‘IS.

795 5759 822 5797 ς
855 5751 935 5805 ἵσ.
982 5753 1110 5805 ἐκεῖ.
