  <div class='ocr_page' id='page_1' title='image "/cluster/home/n/w/nwhite01/storage/ocr_20150623/102/nnc1.0046979620/448.png"; bbox 0 0 4236 6436; ppageno 0'>
   <div class='ocr_carea' id='block_1_1' title="bbox 280 397 384 458">
    <p class='ocr_par' dir='ltr' id='par_1_1' title="bbox 280 397 384 458">
     <span class='ocr_line' id='line_1_1' title="bbox 280 397 384 458; baseline -0.019 0"><span class='ocrx_word' id='word_1_1' title='bbox 280 397 384 458; x_wconf 80' lang='grc'><strong>8⁵7⁵1</strong></span> 
     </span>
    </p>
   </div>
   <div class='ocr_carea' id='block_1_2' title="bbox 1427 383 2342 444">
    <p class='ocr_par' dir='ltr' id='par_1_2' title="bbox 1427 383 2342 444">
     <span class='ocr_line' id='line_1_2' title="bbox 1427 383 2342 444; baseline -0.003 0"><span class='ocrx_word' id='word_1_2' title='bbox 1427 383 1952 444; x_wconf 63' lang='grc' dir='ltr'><strong>ΕΡΙΞΤΟΙΛΠΗΜ</strong></span> <span class='ocrx_word' id='word_1_3' title='bbox 1994 383 2220 443; x_wconf 79' lang='lat' dir='ltr'><strong>LIBER</strong></span> <span class='ocrx_word' id='word_1_4' title='bbox 2263 383 2342 442; x_wconf 91' lang='lat' dir='ltr'><strong>II.</strong></span> 
     </span>
    </p>
   </div>
   <div class='ocr_carea' id='block_1_3' title="bbox 3384 382 3488 444">
    <p class='ocr_par' dir='ltr' id='par_1_3' title="bbox 3384 382 3488 444">
     <span class='ocr_line' id='line_1_3' title="bbox 3384 382 3488 444; baseline 0 0"><span class='ocrx_word' id='word_1_5' title='bbox 3384 382 3488 444; x_wconf 88' lang='lat'><strong>878</strong></span> 
     </span>
    </p>
   </div>
   <div class='ocr_carea' id='block_1_4' title="bbox 283 495 1956 572">
    <p class='ocr_par' dir='ltr' id='par_1_4' title="bbox 283 499 1956 572">
     <span class='ocr_line' id='line_1_4' title="bbox 283 499 1956 572; baseline -0.007 -12"><span class='ocrx_word' id='word_1_6' title='bbox 283 504 708 572; x_wconf 79' lang='grc' dir='ltr'><strong>κατεγίνωσκεν,</strong></span> <span class='ocrx_word' id='word_1_7' title='bbox 740 502 838 555; x_wconf 83' lang='grc' dir='ltr'><strong>οὐκ</strong></span> <span class='ocrx_word' id='word_1_8' title='bbox 867 502 929 554; x_wconf 78' lang='grc' dir='ltr'>ἂν</span> <span class='ocrx_word' id='word_1_9' title='bbox 956 500 1112 570; x_wconf 72' lang='grc' dir='ltr'>ἀφεὶς</span> <span class='ocrx_word' id='word_1_10' title='bbox 1130 500 1191 552; x_wconf 82' lang='grc' dir='ltr'>τὸ</span> <span class='ocrx_word' id='word_1_11' title='bbox 1220 501 1388 552; x_wconf 83' lang='grc' dir='ltr'>κινεῖν</span> <span class='ocrx_word' id='word_1_12' title='bbox 1414 502 1500 552; x_wconf 76' lang='grc' dir='ltr'>ἐπ’</span> <span class='ocrx_word' id='word_1_13' title='bbox 1534 500 1698 563; x_wconf 81' lang='grc' dir='ltr'>ἔλεον,</span> <span class='ocrx_word' id='word_1_14' title='bbox 1723 499 1841 552; x_wconf 75' lang='grc' dir='ltr'>ἀντὶ</span> <span class='ocrx_word' id='word_1_15' title='bbox 1871 508 1912 556; x_wconf 79' lang='grc' dir='ltr'>Α</span> <span class='ocrx_word' id='word_1_16' title='bbox 1945 499 1956 549; x_wconf 97' lang='lat' dir='ltr'><strong>l</strong></span> 
     </span>
    </p>
   </div>
   <div class='ocr_carea' id='block_1_5' title="bbox 1811 495 3484 572">
    <p class='ocr_par' dir='ltr' id='par_1_5' title="bbox 1811 495 3484 565">
     <span class='ocr_line' id='line_1_5' title="bbox 1811 495 3484 565; baseline 0.002 -20"><span class='ocrx_word' id='word_1_17' title='bbox 1811 499 1841 550; x_wconf 72' lang='grc' dir='ltr'><strong>τὶ</strong></span> <span class='ocrx_word' id='word_1_18' title='bbox 1871 508 1912 556; x_wconf 79' lang='grc' dir='ltr'>Α</span> <span class='ocrx_word' id='word_1_19' title='bbox 1945 499 2146 551; x_wconf 89' lang='lat' dir='ltr'><strong>litatem</strong></span> <span class='ocrx_word' id='word_1_20' title='bbox 2181 497 2423 559; x_wconf 74' lang='lat' dir='ltr'><strong>sentiret,</strong></span> <span class='ocrx_word' id='word_1_21' title='bbox 2457 509 2561 549; x_wconf 92' lang='lat' dir='ltr'><strong>non</strong></span> <span class='ocrx_word' id='word_1_22' title='bbox 2593 509 2654 549; x_wconf 91' lang='lat' dir='ltr'><strong>ea</strong></span> <span class='ocrx_word' id='word_1_23' title='bbox 2699 495 2989 558; x_wconf 86' lang='lat' dir='ltr'><strong>omisisset,</strong></span> <span class='ocrx_word' id='word_1_24' title='bbox 3023 511 3142 565; x_wconf 74' lang='lat' dir='ltr'><strong>quae</strong></span> <span class='ocrx_word' id='word_1_25' title='bbox 3173 511 3392 552; x_wconf 91' lang='lat' dir='ltr'><strong>movere</strong></span> <span class='ocrx_word' id='word_1_26' title='bbox 3420 496 3484 552; x_wconf 87' lang='lat' dir='ltr'><strong>ad</strong></span> 
     </span>
    </p>
   </div>
   <div class='ocr_carea' id='block_1_6' title="bbox 279 591 1839 660">
    <p class='ocr_par' dir='ltr' id='par_1_6' title="bbox 279 591 1839 660">
     <span class='ocr_line' id='line_1_6' title="bbox 279 591 1839 660; baseline -0.007 -9"><span class='ocrx_word' id='word_1_27' title='bbox 279 599 470 651; x_wconf 77' lang='grc' dir='ltr'>τούτου</span> <span class='ocrx_word' id='word_1_28' title='bbox 499 613 557 649; x_wconf 86' lang='grc' dir='ltr'><strong>τε</strong></span> <span class='ocrx_word' id='word_1_29' title='bbox 589 595 684 648; x_wconf 80' lang='grc' dir='ltr'>καὶ</span> <span class='ocrx_word' id='word_1_30' title='bbox 705 594 812 646; x_wconf 84' lang='grc' dir='ltr'><strong>τῶν</strong></span> <span class='ocrx_word' id='word_1_31' title='bbox 840 593 1060 645; x_wconf 85' lang='grc' dir='ltr'>δικαίων</span> <span class='ocrx_word' id='word_1_32' title='bbox 1083 592 1275 658; x_wconf 83' lang='grc' dir='ltr'>λόγων,</span> <span class='ocrx_word' id='word_1_33' title='bbox 1297 592 1393 660; x_wconf 84' lang='grc' dir='ltr'>τὴν</span> <span class='ocrx_word' id='word_1_34' title='bbox 1418 591 1624 659; x_wconf 84' lang='grc' dir='ltr'>σιωπὴν</span> <span class='ocrx_word' id='word_1_35' title='bbox 1654 591 1839 656; x_wconf 79' lang='grc' dir='ltr'>ἐστερ-</span> 
     </span>
    </p>
   </div>
   <div class='ocr_carea' id='block_1_7' title="bbox 279 683 1839 758">
    <p class='ocr_par' dir='ltr' id='par_1_7' title="bbox 279 683 1839 758">
     <span class='ocr_line' id='line_1_7' title="bbox 279 683 1839 758; baseline -0.006 -15"><span class='ocrx_word' id='word_1_36' title='bbox 279 707 376 758; x_wconf 84' lang='grc' dir='ltr'><strong>γεν</strong></span> <span class='ocrx_word' id='word_1_37' title='bbox 401 707 412 719; x_wconf 88' lang='grc'><strong>·</strong></span> <span class='ocrx_word' id='word_1_38' title='bbox 447 688 560 743; x_wconf 78' lang='grc' dir='ltr'>ἀλλ’</span> <span class='ocrx_word' id='word_1_39' title='bbox 591 690 620 740; x_wconf 91' lang='lat'><strong>6</strong></span> <span class='ocrx_word' id='word_1_40' title='bbox 653 689 751 756; x_wconf 84' lang='grc' dir='ltr'><strong>μὲν</strong></span> <span class='ocrx_word' id='word_1_41' title='bbox 777 683 1038 753; x_wconf 84' lang='grc' dir='ltr'>δυστυχὴς</span> <span class='ocrx_word' id='word_1_42' title='bbox 1067 686 1267 746; x_wconf 82' lang='grc' dir='ltr'>ἐκεῖνος</span> <span class='ocrx_word' id='word_1_43' title='bbox 1308 685 1402 734; x_wconf 76' lang='grc' dir='ltr'><strong>καὶ</strong></span> <span class='ocrx_word' id='word_1_44' title='bbox 1446 684 1610 752; x_wconf 84' lang='grc' dir='ltr'>πένης</span> <span class='ocrx_word' id='word_1_45' title='bbox 1635 684 1839 751; x_wconf 84' lang='grc' dir='ltr'>ἄνθρω-</span> 
     </span>
    </p>
   </div>
   <div class='ocr_carea' id='block_1_8' title="bbox 279 775 1840 850">
    <p class='ocr_par' dir='ltr' id='par_1_8' title="bbox 279 775 1840 850">
     <span class='ocr_line' id='line_1_8' title="bbox 279 775 1840 850; baseline -0.005 -15"><span class='ocrx_word' id='word_1_46' title='bbox 279 801 405 845; x_wconf 86' lang='grc' dir='ltr'>πος,</span> <span class='ocrx_word' id='word_1_47' title='bbox 447 781 574 850; x_wconf 80' lang='grc' dir='ltr'>περὶ</span> <span class='ocrx_word' id='word_1_48' title='bbox 608 775 668 833; x_wconf 76' lang='grc' dir='ltr'><strong>οῦ</strong></span> <span class='ocrx_word' id='word_1_49' title='bbox 691 780 784 832; x_wconf 85' lang='grc' dir='ltr'><strong>καὶ</strong></span> <span class='ocrx_word' id='word_1_50' title='bbox 813 779 942 846; x_wconf 74' lang='grc' dir='ltr'>πρὶν</span> <span class='ocrx_word' id='word_1_51' title='bbox 970 777 1200 847; x_wconf 77' lang='grc' dir='ltr'>ἔγραψα,</span> <span class='ocrx_word' id='word_1_52' title='bbox 1229 777 1538 845; x_wconf 78' lang='grc' dir='ltr'><strong>ἠδικηκέναι</strong></span> <span class='ocrx_word' id='word_1_53' title='bbox 1575 778 1671 844; x_wconf 83' lang='grc' dir='ltr'><strong>μὲν</strong></span> <span class='ocrx_word' id='word_1_54' title='bbox 1697 777 1840 844; x_wconf 81' lang='grc' dir='ltr'>ὑμᾶς</span> 
     </span>
    </p>
   </div>
   <div class='ocr_carea' id='block_1_9' title="bbox 279 867 1839 942">
    <p class='ocr_par' dir='ltr' id='par_1_9' title="bbox 279 867 1839 942">
     <span class='ocr_line' id='line_1_9' title="bbox 279 867 1839 942; baseline -0.005 -16"><span class='ocrx_word' id='word_1_55' title='bbox 279 875 572 942; x_wconf 79' lang='grc' dir='ltr'>ὁμολογεῖ,</span> <span class='ocrx_word' id='word_1_56' title='bbox 609 870 703 924; x_wconf 78' lang='grc' dir='ltr'><strong>καὶ</strong></span> <span class='ocrx_word' id='word_1_57' title='bbox 759 871 866 921; x_wconf 84' lang='grc' dir='ltr'><strong>τῶν</strong></span> <span class='ocrx_word' id='word_1_58' title='bbox 921 870 1267 938; x_wconf 81' lang='grc' dir='ltr'><strong>ἀδικημάτων</strong></span> <span class='ocrx_word' id='word_1_59' title='bbox 1327 869 1423 921; x_wconf 85' lang='grc' dir='ltr'><strong>οὐκ</strong></span> <span class='ocrx_word' id='word_1_60' title='bbox 1478 869 1688 930; x_wconf 80' lang='grc' dir='ltr'>ἄλλους,</span> <span class='ocrx_word' id='word_1_61' title='bbox 1724 867 1839 920; x_wconf 79' lang='grc' dir='ltr'>ἀλλ’</span> 
     </span>
    </p>
   </div>
   <div class='ocr_carea' id='block_1_10' title="bbox 282 957 1839 1032">
    <p class='ocr_par' dir='ltr' id='par_1_10' title="bbox 282 957 1839 1032">
     <span class='ocr_line' id='line_1_10' title="bbox 282 957 1839 1032; baseline -0.004 -17"><span class='ocrx_word' id='word_1_62' title='bbox 282 965 427 1032; x_wconf 78' lang='grc' dir='ltr'>ὑμᾶς</span> <span class='ocrx_word' id='word_1_63' title='bbox 459 961 722 1028; x_wconf 81' lang='grc' dir='ltr'><strong>ἐπάγεται</strong></span> <span class='ocrx_word' id='word_1_64' title='bbox 779 959 1079 1028; x_wconf 84' lang='grc' dir='ltr'>μάρτυρας.</span> <span class='ocrx_word' id='word_1_65' title='bbox 1120 957 1311 1024; x_wconf 82' lang='grc' dir='ltr'><strong>Κύριοι</strong></span> <span class='ocrx_word' id='word_1_66' title='bbox 1343 959 1449 1028; x_wconf 79' lang='grc' dir='ltr'><strong>γὰρ</strong></span> <span class='ocrx_word' id='word_1_67' title='bbox 1495 958 1588 1008; x_wconf 92' lang='grc' dir='ltr'><strong>νῦν</strong></span> <span class='ocrx_word' id='word_1_68' title='bbox 1629 957 1839 1020; x_wconf 82' lang='grc' dir='ltr'>ἀξιοῦτε</span> 
     </span>
    </p>
   </div>
   <div class='ocr_carea' id='block_1_11' title="bbox 281 1048 1839 1122">
    <p class='ocr_par' dir='ltr' id='par_1_11' title="bbox 281 1048 1839 1122">
     <span class='ocr_line' id='line_1_11' title="bbox 281 1048 1839 1122; baseline -0.004 -16"><span class='ocrx_word' id='word_1_69' title='bbox 281 1055 536 1122; x_wconf 79' lang='grc' dir='ltr'>γενέσθαι</span> <span class='ocrx_word' id='word_1_70' title='bbox 557 1048 631 1105; x_wconf 83' lang='grc' dir='ltr'><strong>ὧν</strong></span> <span class='ocrx_word' id='word_1_71' title='bbox 657 1053 929 1121; x_wconf 80' lang='grc' dir='ltr'>τυραννίδι</span> <span class='ocrx_word' id='word_1_72' title='bbox 955 1051 1047 1104; x_wconf 79' lang='grc' dir='ltr'>καὶ</span> <span class='ocrx_word' id='word_1_73' title='bbox 1074 1049 1160 1118; x_wconf 73' lang='grc' dir='ltr'><strong>βίᾳ</strong></span> <span class='ocrx_word' id='word_1_74' title='bbox 1191 1049 1286 1118; x_wconf 83' lang='grc' dir='ltr'>τὴν</span> <span class='ocrx_word' id='word_1_75' title='bbox 1309 1049 1552 1114; x_wconf 76' lang='grc' dir='ltr'><strong>ἐξουσίαν</strong></span> <span class='ocrx_word' id='word_1_76' title='bbox 1585 1049 1839 1118; x_wconf 85' lang='grc' dir='ltr'>προειλή-</span> 
     </span>
    </p>
   </div>
   <div class='ocr_carea' id='block_1_12' title="bbox 283 1138 1838 1213">
    <p class='ocr_par' dir='ltr' id='par_1_12' title="bbox 283 1138 1838 1213">
     <span class='ocr_line' id='line_1_12' title="bbox 283 1138 1838 1213; baseline -0.004 -16"><span class='ocrx_word' id='word_1_77' title='bbox 283 1163 442 1213; x_wconf 81' lang='grc' dir='ltr'>φατε,</span> <span class='ocrx_word' id='word_1_78' title='bbox 490 1145 709 1197; x_wconf 79' lang='grc' dir='ltr'>Ἀνίατα</span> <span class='ocrx_word' id='word_1_79' title='bbox 735 1144 789 1195; x_wconf 84' lang='grc' dir='ltr'><strong>δὲ</strong></span> <span class='ocrx_word' id='word_1_80' title='bbox 823 1147 1016 1202; x_wconf 82' lang='grc' dir='ltr'>νοσεῖν,</span> <span class='ocrx_word' id='word_1_81' title='bbox 1044 1144 1135 1194; x_wconf 78' lang='grc' dir='ltr'><strong>καὶ</strong></span> <span class='ocrx_word' id='word_1_82' title='bbox 1161 1143 1439 1211; x_wconf 76' lang='grc' dir='ltr'><strong>κρείττους</strong></span> <span class='ocrx_word' id='word_1_83' title='bbox 1463 1138 1596 1192; x_wconf 76' lang='grc' dir='ltr'>εἶναι</span> <span class='ocrx_word' id='word_1_84' title='bbox 1621 1140 1838 1209; x_wconf 77' lang='grc' dir='ltr'>διορθώ-</span> 
     </span>
    </p>
   </div>
   <div class='ocr_carea' id='block_1_13' title="bbox 284 1230 1837 1300">
    <p class='ocr_par' dir='ltr' id='par_1_13' title="bbox 284 1230 1837 1300">
     <span class='ocr_line' id='line_1_13' title="bbox 284 1230 1837 1300; baseline -0.001 -18"><span class='ocrx_word' id='word_1_85' title='bbox 284 1249 420 1294; x_wconf 89' lang='grc' dir='ltr'>σεως</span> <span class='ocrx_word' id='word_1_86' title='bbox 450 1232 543 1284; x_wconf 76' lang='grc' dir='ltr'><strong>καὶ</strong></span> <span class='ocrx_word' id='word_1_87' title='bbox 571 1232 955 1300; x_wconf 75' lang='grc' dir='ltr'><strong>μεταμελείας,</strong></span> <span class='ocrx_word' id='word_1_88' title='bbox 981 1230 1132 1282; x_wconf 84' lang='grc' dir='ltr'>οῦπω</span> <span class='ocrx_word' id='word_1_89' title='bbox 1154 1233 1462 1298; x_wconf 82' lang='grc' dir='ltr'>κατέγνωκε</span> <span class='ocrx_word' id='word_1_90' title='bbox 1485 1248 1499 1262; x_wconf 79' lang='grc'><strong><em>⁸</em></strong></span> <span class='ocrx_word' id='word_1_91' title='bbox 1530 1231 1616 1284; x_wconf 80' lang='grc' dir='ltr'>διὰ</span> <span class='ocrx_word' id='word_1_92' title='bbox 1662 1230 1837 1291; x_wconf 88' lang='grc' dir='ltr'>τοῦτο,</span> 
     </span>
    </p>
   </div>
   <div class='ocr_carea' id='block_1_14' title="bbox 286 1323 1835 1392">
    <p class='ocr_par' dir='ltr' id='par_1_14' title="bbox 286 1323 1835 1392">
     <span class='ocr_line' id='line_1_14' title="bbox 286 1323 1835 1392; baseline 0 -18"><span class='ocrx_word' id='word_1_93' title='bbox 286 1325 380 1374; x_wconf 79' lang='grc' dir='ltr'><strong>καὶ</strong></span> <span class='ocrx_word' id='word_1_94' title='bbox 407 1324 589 1390; x_wconf 76' lang='grc' dir='ltr'>φίλους</span> <span class='ocrx_word' id='word_1_95' title='bbox 613 1325 942 1392; x_wconf 83' lang='grc' dir='ltr'>περινοστεῖ,</span> <span class='ocrx_word' id='word_1_96' title='bbox 975 1325 1068 1375; x_wconf 79' lang='grc' dir='ltr'><strong>καὶ</strong></span> <span class='ocrx_word' id='word_1_97' title='bbox 1100 1324 1289 1389; x_wconf 79' lang='grc' dir='ltr'>λόγους</span> <span class='ocrx_word' id='word_1_98' title='bbox 1324 1323 1616 1390; x_wconf 76' lang='grc' dir='ltr'>φθέγγεται</span> <span class='ocrx_word' id='word_1_99' title='bbox 1672 1323 1835 1375; x_wconf 77' lang='grc' dir='ltr'>ἐλεει-</span> 
     </span>
    </p>
   </div>
   <div class='ocr_carea' id='block_1_15' title="bbox 284 1411 1835 1484">
    <p class='ocr_par' dir='ltr' id='par_1_15' title="bbox 284 1411 1835 1484">
     <span class='ocr_line' id='line_1_15' title="bbox 284 1411 1835 1484; baseline 0.003 -22"><span class='ocrx_word' id='word_1_100' title='bbox 284 1414 426 1474; x_wconf 59' lang='grc' dir='ltr'>νοῦς,</span> <span class='ocrx_word' id='word_1_101' title='bbox 462 1415 551 1463; x_wconf 79' lang='grc' dir='ltr'><strong>καὶ</strong></span> <span class='ocrx_word' id='word_1_102' title='bbox 579 1413 684 1481; x_wconf 86' lang='grc' dir='ltr'><strong>πρὸ</strong></span> <span class='ocrx_word' id='word_1_103' title='bbox 715 1411 934 1472; x_wconf 81' lang='grc' dir='ltr'>τούτων,</span> <span class='ocrx_word' id='word_1_104' title='bbox 961 1412 1148 1481; x_wconf 82' lang='grc' dir='ltr'>ὥσπερ</span> <span class='ocrx_word' id='word_1_105' title='bbox 1180 1413 1460 1481; x_wconf 78' lang='grc' dir='ltr'>ἱκετηρίαν</span> <span class='ocrx_word' id='word_1_106' title='bbox 1482 1455 1496 1477; x_wconf 87' lang='grc'><strong>,</strong></span> <span class='ocrx_word' id='word_1_107' title='bbox 1544 1414 1673 1467; x_wconf 85' lang='grc' dir='ltr'>αὐτὸ</span> <span class='ocrx_word' id='word_1_108' title='bbox 1705 1432 1835 1484; x_wconf 84' lang='grc' dir='ltr'>προ-</span> 
     </span>
    </p>
   </div>
   <div class='ocr_carea' id='block_1_16' title="bbox 284 1500 1836 1574">
    <p class='ocr_par' dir='ltr' id='par_1_16' title="bbox 284 1500 1836 1574">
     <span class='ocr_line' id='line_1_16' title="bbox 284 1500 1836 1574; baseline 0.003 -23"><span class='ocrx_word' id='word_1_109' title='bbox 284 1501 443 1551; x_wconf 79' lang='grc' dir='ltr'>τείνει</span> <span class='ocrx_word' id='word_1_110' title='bbox 501 1502 560 1552; x_wconf 84' lang='grc' dir='ltr'><strong>τὸ</strong></span> <span class='ocrx_word' id='word_1_111' title='bbox 613 1500 851 1552; x_wconf 89' lang='grc' dir='ltr'>δίκαιον·</span> <span class='ocrx_word' id='word_1_112' title='bbox 905 1502 1003 1552; x_wconf 81' lang='grc' dir='ltr'><strong>οὐκ</strong></span> <span class='ocrx_word' id='word_1_113' title='bbox 1061 1503 1119 1554; x_wconf 81' lang='grc' dir='ltr'>ὲν</span> <span class='ocrx_word' id='word_1_114' title='bbox 1153 1504 1265 1564; x_wconf 85' lang='grc' dir='ltr'>τοῖς</span> <span class='ocrx_word' id='word_1_115' title='bbox 1301 1503 1495 1566; x_wconf 79' lang='grc' dir='ltr'>ἔξωθεν</span> <span class='ocrx_word' id='word_1_116' title='bbox 1516 1505 1836 1574; x_wconf 78' lang='grc' dir='ltr'>κριτηρίοις,</span> 
     </span>
    </p>
   </div>
   <div class='ocr_carea' id='block_1_17' title="bbox 285 1591 1839 1663">
    <p class='ocr_par' dir='ltr' id='par_1_17' title="bbox 285 1591 1839 1663">
     <span class='ocr_line' id='line_1_17' title="bbox 285 1591 1839 1663; baseline 0.003 -21"><span class='ocrx_word' id='word_1_117' title='bbox 285 1591 400 1642; x_wconf 68' lang='grc' dir='ltr'>ἀλλ’</span> <span class='ocrx_word' id='word_1_118' title='bbox 429 1593 484 1642; x_wconf 86' lang='grc' dir='ltr'><strong>ὲν</strong></span> <span class='ocrx_word' id='word_1_119' title='bbox 515 1591 698 1658; x_wconf 83' lang='grc' dir='ltr'>μέσοις</span> <span class='ocrx_word' id='word_1_120' title='bbox 727 1592 918 1660; x_wconf 83' lang='grc' dir='ltr'>φίλοις,</span> <span class='ocrx_word' id='word_1_121' title='bbox 954 1594 1046 1646; x_wconf 70' lang='grc' dir='ltr'>καὶ</span> <span class='ocrx_word' id='word_1_122' title='bbox 1069 1594 1159 1645; x_wconf 71' lang='grc' dir='ltr'><strong>ἐπὶ</strong></span> <span class='ocrx_word' id='word_1_123' title='bbox 1183 1593 1276 1646; x_wconf 89' lang='grc' dir='ltr'><strong>τοῦ</strong></span> <span class='ocrx_word' id='word_1_124' title='bbox 1305 1594 1543 1663; x_wconf 83' lang='grc' dir='ltr'>βήματος</span> <span class='ocrx_word' id='word_1_125' title='bbox 1569 1596 1665 1663; x_wconf 83' lang='grc' dir='ltr'>τῆς</span> <span class='ocrx_word' id='word_1_126' title='bbox 1689 1595 1839 1663; x_wconf 83' lang='grc' dir='ltr'>ὑμῶν</span> 
     </span>
    </p>
   </div>
   <div class='ocr_carea' id='block_1_18' title="bbox 289 1682 1839 1755">
    <p class='ocr_par' dir='ltr' id='par_1_18' title="bbox 289 1682 1839 1755">
     <span class='ocr_line' id='line_1_18' title="bbox 289 1682 1839 1755; baseline 0.003 -22"><span class='ocrx_word' id='word_1_127' title='bbox 289 1682 668 1750; x_wconf 82' lang='grc' dir='ltr'>συνειδήσεως.</span> <span class='ocrx_word' id='word_1_128' title='bbox 700 1684 762 1736; x_wconf 76' lang='lat' dir='ltr'><strong>El</strong></span> <span class='ocrx_word' id='word_1_129' title='bbox 793 1685 836 1736; x_wconf 80' lang='grc' dir='ltr'>δ’</span> <span class='ocrx_word' id='word_1_130' title='bbox 864 1686 944 1736; x_wconf 80' lang='grc' dir='ltr'><strong>ἑτι</strong></span> <span class='ocrx_word' id='word_1_131' title='bbox 981 1685 1145 1754; x_wconf 83' lang='grc' dir='ltr'>μηδὲν</span> <span class='ocrx_word' id='word_1_132' title='bbox 1176 1687 1407 1755; x_wconf 89' lang='grc' dir='ltr'>χρηστὸν</span> <span class='ocrx_word' id='word_1_133' title='bbox 1455 1687 1589 1755; x_wconf 84' lang='grc' dir='ltr'>μηδὲ</span> <span class='ocrx_word' id='word_1_134' title='bbox 1634 1687 1839 1739; x_wconf 81' lang='grc' dir='ltr'>δίκαιον</span> 
     </span>
    </p>
   </div>
   <div class='ocr_carea' id='block_1_19' title="bbox 288 1773 1838 1846">
    <p class='ocr_par' dir='ltr' id='par_1_19' title="bbox 288 1773 1838 1846">
     <span class='ocr_line' id='line_1_19' title="bbox 288 1773 1838 1846; baseline 0.003 -22"><span class='ocrx_word' id='word_1_135' title='bbox 288 1775 419 1841; x_wconf 81' lang='grc' dir='ltr'>περὶ</span> <span class='ocrx_word' id='word_1_136' title='bbox 443 1773 604 1826; x_wconf 81' lang='grc' dir='ltr'>αὑτὸν</span> <span class='ocrx_word' id='word_1_137' title='bbox 656 1777 963 1845; x_wconf 77' lang='grc' dir='ltr'>ἐννοήσητε,</span> <span class='ocrx_word' id='word_1_138' title='bbox 1002 1777 1122 1845; x_wconf 80' lang='grc' dir='ltr'>μηδ’</span> <span class='ocrx_word' id='word_1_139' title='bbox 1162 1776 1383 1829; x_wconf 82' lang='grc' dir='ltr'>ἐκείνων</span> <span class='ocrx_word' id='word_1_140' title='bbox 1414 1776 1561 1845; x_wconf 89' lang='grc' dir='ltr'>αὑτῷ</span> <span class='ocrx_word' id='word_1_141' title='bbox 1611 1779 1838 1846; x_wconf 84' lang='grc' dir='ltr'>ὲκστῆτε</span> 
     </span>
    </p>
   </div>
   <div class='ocr_carea' id='block_1_20' title="bbox 286 1864 1844 1936">
    <p class='ocr_par' dir='ltr' id='par_1_20' title="bbox 286 1864 1844 1936">
     <span class='ocr_line' id='line_1_20' title="bbox 286 1864 1844 1936; baseline 0.002 -19"><span class='ocrx_word' id='word_1_142' title='bbox 286 1864 323 1917; x_wconf 80' lang='grc' dir='ltr'><strong>ὃ.</strong></span> <span class='ocrx_word' id='word_1_143' title='bbox 351 1864 659 1933; x_wconf 81' lang='grc' dir='ltr'>τυραννίδος</span> <span class='ocrx_word' id='word_1_144' title='bbox 690 1866 851 1934; x_wconf 84' lang='grc' dir='ltr'>νόμος</span> <span class='ocrx_word' id='word_1_145' title='bbox 886 1865 1047 1918; x_wconf 78' lang='grc' dir='ltr'>αὐτοῦ</span> <span class='ocrx_word' id='word_1_146' title='bbox 1079 1866 1176 1933; x_wconf 84' lang='grc' dir='ltr'>μὲν</span> <span class='ocrx_word' id='word_1_147' title='bbox 1213 1867 1476 1936; x_wconf 83' lang='grc' dir='ltr'>ἥρπασεν,</span> <span class='ocrx_word' id='word_1_148' title='bbox 1509 1868 1634 1935; x_wconf 84' lang='grc' dir='ltr'>ὑμῖν</span> <span class='ocrx_word' id='word_1_149' title='bbox 1664 1868 1718 1920; x_wconf 83' lang='grc' dir='ltr'>δὲ</span> <span class='ocrx_word' id='word_1_150' title='bbox 1762 1871 1844 1919; x_wconf 81' lang='grc' dir='ltr'>ἐν·</span> 
     </span>
    </p>
   </div>
   <div class='ocr_carea' id='block_1_21' title="bbox 287 1958 1842 2028">
    <p class='ocr_par' dir='ltr' id='par_1_21' title="bbox 287 1958 1842 2028">
     <span class='ocr_line' id='line_1_21' title="bbox 287 1958 1842 2028; baseline 0.003 -22"><span class='ocrx_word' id='word_1_151' title='bbox 287 1958 577 2026; x_wconf 86' lang='grc' dir='ltr'>εχείρισεν,</span> <span class='ocrx_word' id='word_1_152' title='bbox 619 1959 752 2018; x_wconf 82' lang='grc' dir='ltr'>ίστε,</span> <span class='ocrx_word' id='word_1_153' title='bbox 789 1958 862 2020; x_wconf 88' lang='grc' dir='ltr'><strong>ώς</strong></span> <span class='ocrx_word' id='word_1_154' title='bbox 886 1959 1022 2026; x_wconf 79' lang='grc' dir='ltr'>ὅπερ</span> <span class='ocrx_word' id='word_1_155' title='bbox 1050 1960 1250 2020; x_wconf 76' lang='grc' dir='ltr'>ἐκεῖνος</span> <span class='ocrx_word' id='word_1_156' title='bbox 1282 1961 1308 2009; x_wconf 97' lang='lat'><strong>6</strong></span> <span class='ocrx_word' id='word_1_157' title='bbox 1333 1959 1420 2026; x_wconf 74' lang='grc' dir='ltr'><strong>ὑφ’</strong></span> <span class='ocrx_word' id='word_1_158' title='bbox 1452 1958 1601 2028; x_wconf 79' lang='grc' dir='ltr'>ὑμῶν</span> <span class='ocrx_word' id='word_1_159' title='bbox 1630 1959 1842 2011; x_wconf 76' lang='grc' dir='ltr'>ἀδικού-</span> 
     </span>
    </p>
   </div>
   <div class='ocr_carea' id='block_1_22' title="bbox 292 2049 1845 2118">
    <p class='ocr_par' dir='ltr' id='par_1_22' title="bbox 292 2049 1845 2118">
     <span class='ocr_line' id='line_1_22' title="bbox 292 2049 1845 2118; baseline 0.002 -19"><span class='ocrx_word' id='word_1_160' title='bbox 292 2066 453 2117; x_wconf 81' lang='grc' dir='ltr'>μενος</span> <span class='ocrx_word' id='word_1_161' title='bbox 482 2051 656 2100; x_wconf 87' lang='grc' dir='ltr'>είπεῖν</span> <span class='ocrx_word' id='word_1_162' title='bbox 710 2049 836 2100; x_wconf 86' lang='grc' dir='ltr'>καθ’</span> <span class='ocrx_word' id='word_1_163' title='bbox 857 2049 1009 2118; x_wconf 81' lang='grc' dir='ltr'>ὑμῶν</span> <span class='ocrx_word' id='word_1_164' title='bbox 1033 2049 1350 2117; x_wconf 78' lang='grc' dir='ltr'>ἐφυλάξατο,</span> <span class='ocrx_word' id='word_1_165' title='bbox 1377 2049 1527 2101; x_wconf 82' lang='grc' dir='ltr'>αὐτοὶ</span> <span class='ocrx_word' id='word_1_166' title='bbox 1563 2051 1682 2102; x_wconf 77' lang='grc' dir='ltr'>καθ’</span> <span class='ocrx_word' id='word_1_167' title='bbox 1723 2052 1845 2102; x_wconf 84' lang='grc' dir='ltr'>ἐαυ-</span> 
     </span>
    </p>
   </div>
   <div class='ocr_carea' id='block_1_23' title="bbox 286 2133 1842 2208">
    <p class='ocr_par' dir='ltr' id='par_1_23' title="bbox 286 2133 1842 2208">
     <span class='ocr_line' id='line_1_23' title="bbox 286 2133 1842 2208; baseline 0.002 -20"><span class='ocrx_word' id='word_1_168' title='bbox 286 2138 418 2199; x_wconf 82' lang='grc' dir='ltr'>τῶν,</span> <span class='ocrx_word' id='word_1_169' title='bbox 441 2139 526 2191; x_wconf 72' lang='grc' dir='ltr'><strong>διὰ</strong></span> <span class='ocrx_word' id='word_1_170' title='bbox 563 2139 669 2190; x_wconf 83' lang='grc' dir='ltr'>τῶν</span> <span class='ocrx_word' id='word_1_171' title='bbox 697 2139 894 2208; x_wconf 76' lang='grc' dir='ltr'>εργων,</span> <span class='ocrx_word' id='word_1_172' title='bbox 927 2139 988 2190; x_wconf 84' lang='grc' dir='ltr'><strong>τὸ</strong></span> <span class='ocrx_word' id='word_1_173' title='bbox 1021 2139 1320 2207; x_wconf 84' lang='grc' dir='ltr'>χειρίστους</span> <span class='ocrx_word' id='word_1_174' title='bbox 1364 2138 1663 2208; x_wconf 81' lang='grc' dir='ltr'>ἀνθρώπιον</span> <span class='ocrx_word' id='word_1_175' title='bbox 1706 2133 1842 2191; x_wconf 83' lang='grc' dir='ltr'>εἶναι</span> 
     </span>
    </p>
   </div>
   <div class='ocr_carea' id='block_1_24' title="bbox 291 2228 889 2299">
    <p class='ocr_par' dir='ltr' id='par_1_24' title="bbox 291 2228 889 2299">
     <span class='ocr_line' id='line_1_24' title="bbox 291 2228 889 2299; baseline 0.007 -20"><span class='ocrx_word' id='word_1_176' title='bbox 291 2230 509 2282; x_wconf 70' lang='grc' dir='ltr'>πάντων</span> <span class='ocrx_word' id='word_1_177' title='bbox 533 2228 889 2299; x_wconf 71' lang='grc' dir='ltr'>ἐψηφίσασθε.</span> 
     </span>
    </p>
   </div>
   <div class='ocr_carea' id='block_1_25' title="bbox 889 2427 1257 2480">
    <p class='ocr_par' dir='ltr' id='par_1_25' title="bbox 889 2427 1257 2480">
     <span class='ocr_line' id='line_1_25' title="bbox 889 2427 1257 2480; baseline 0 0"><span class='ocrx_word' id='word_1_178' title='bbox 889 2427 1112 2480; x_wconf 84' lang='grc' dir='ltr'><strong>ΕΠΙΣΤ.</strong></span> <span class='ocrx_word' id='word_1_179' title='bbox 1143 2427 1257 2480; x_wconf 76' lang='lat' dir='ltr'><strong>EA’.</strong></span> 
     </span>
    </p>
   </div>
   <div class='ocr_carea' id='block_1_26' title="bbox 501 2518 1631 2587">
    <p class='ocr_par' dir='ltr' id='par_1_26' title="bbox 501 2518 1631 2587">
     <span class='ocr_line' id='line_1_26' title="bbox 501 2518 1631 2587; baseline 0.004 -16"><span class='ocrx_word' id='word_1_180' title='bbox 501 2518 800 2587; x_wconf 72' lang='grc' dir='ltr'>Γρηγυριῳ</span> <span class='ocrx_word' id='word_1_181' title='bbox 824 2518 1078 2574; x_wconf 78' lang='grc' dir='ltr'>διακόνῳ</span> <span class='ocrx_word' id='word_1_182' title='bbox 1111 2518 1204 2572; x_wconf 83' lang='grc' dir='ltr'><strong>καί</strong></span> <span class='ocrx_word' id='word_1_183' title='bbox 1239 2521 1631 2586; x_wconf 71' lang='grc' dir='ltr'>χαρτυλαρίῳ.</span> 
     </span>
    </p>
   </div>
   <div class='ocr_carea' id='block_1_27' title="bbox 1941 593 3489 662">
    <p class='ocr_par' dir='ltr' id='par_1_27' title="bbox 1941 593 3489 662">
     <span class='ocr_line' id='line_1_27' title="bbox 1941 593 3489 662; baseline 0.001 -15"><span class='ocrx_word' id='word_1_184' title='bbox 1941 593 2360 647; x_wconf 89' lang='lat' dir='ltr'><strong>misericordiam</strong></span> <span class='ocrx_word' id='word_1_185' title='bbox 2411 602 2649 660; x_wconf 88' lang='lat' dir='ltr'><strong>possent,</strong></span> <span class='ocrx_word' id='word_1_186' title='bbox 2686 606 2786 645; x_wconf 85' lang='lat' dir='ltr'><strong>nec</strong></span> <span class='ocrx_word' id='word_1_187' title='bbox 2837 593 3109 646; x_wconf 91' lang='lat' dir='ltr'><strong>silentium</strong></span> <span class='ocrx_word' id='word_1_188' title='bbox 3165 594 3489 662; x_wconf 67' lang='lat' dir='ltr'><strong>prartulisset</strong></span> 
     </span>
    </p>
   </div>
   <div class='ocr_carea' id='block_1_28' title="bbox 1937 684 3491 752">
    <p class='ocr_par' dir='ltr' id='par_1_28' title="bbox 1937 684 3491 752">
     <span class='ocr_line' id='line_1_28' title="bbox 1937 684 3491 752; baseline 0.002 -15"><span class='ocrx_word' id='word_1_189' title='bbox 1937 685 2094 752; x_wconf 66' lang='lat' dir='ltr'><strong>justas</strong></span> <span class='ocrx_word' id='word_1_190' title='bbox 2149 685 2466 752; x_wconf 88' lang='lat' dir='ltr'><strong>injuriarum</strong></span> <span class='ocrx_word' id='word_1_191' title='bbox 2510 684 2880 752; x_wconf 88' lang='lat' dir='ltr'><strong>deplorationi.</strong></span> <span class='ocrx_word' id='word_1_192' title='bbox 2929 685 3086 739; x_wconf 83' lang='lat' dir='ltr'><strong>Miser</strong></span> <span class='ocrx_word' id='word_1_193' title='bbox 3114 695 3291 739; x_wconf 88' lang='lat' dir='ltr'><strong>autem</strong></span> <span class='ocrx_word' id='word_1_194' title='bbox 3327 688 3412 740; x_wconf 92' lang='lat' dir='ltr'><strong>ille</strong></span> <span class='ocrx_word' id='word_1_195' title='bbox 3433 695 3491 741; x_wconf 89' lang='lat' dir='ltr'><strong>et</strong></span> 
     </span>
    </p>
   </div>
   <div class='ocr_carea' id='block_1_29' title="bbox 1939 774 3487 843">
    <p class='ocr_par' dir='ltr' id='par_1_29' title="bbox 1939 774 3487 843">
     <span class='ocr_line' id='line_1_29' title="bbox 1939 774 3487 843; baseline 0.003 -17"><span class='ocrx_word' id='word_1_196' title='bbox 1939 790 2157 843; x_wconf 81' lang='lat' dir='ltr'><strong>pauper,</strong></span> <span class='ocrx_word' id='word_1_197' title='bbox 2217 774 2268 825; x_wconf 93' lang='lat' dir='ltr'><strong>in</strong></span> <span class='ocrx_word' id='word_1_198' title='bbox 2320 775 2476 842; x_wconf 85' lang='lat' dir='ltr'><strong>cujus</strong></span> <span class='ocrx_word' id='word_1_199' title='bbox 2509 775 2826 841; x_wconf 82' lang='lat' dir='ltr'><strong>jampridem</strong></span> <span class='ocrx_word' id='word_1_200' title='bbox 2877 790 3035 828; x_wconf 89' lang='lat' dir='ltr'><strong>causa</strong></span> <span class='ocrx_word' id='word_1_201' title='bbox 3081 776 3146 828; x_wconf 87' lang='lat' dir='ltr'><strong>ad</strong></span> <span class='ocrx_word' id='word_1_202' title='bbox 3196 783 3247 829; x_wconf 91' lang='lat' dir='ltr'><strong>te</strong></span> <span class='ocrx_word' id='word_1_203' title='bbox 3283 776 3487 830; x_wconf 74' lang='lat' dir='ltr'><strong>litteras</strong></span> 
     </span>
    </p>
   </div>
   <div class='ocr_carea' id='block_1_30' title="bbox 1939 865 3487 938">
    <p class='ocr_par' dir='ltr' id='par_1_30' title="bbox 1939 865 3487 938">
     <span class='ocr_line' id='line_1_30' title="bbox 1939 865 3487 938; baseline 0.003 -20"><span class='ocrx_word' id='word_1_204' title='bbox 1939 867 2081 931; x_wconf 89' lang='lat' dir='ltr'><strong>dedi,</strong></span> <span class='ocrx_word' id='word_1_205' title='bbox 2113 865 2309 919; x_wconf 78' lang='lat' dir='ltr'><strong>fatetur</strong></span> <span class='ocrx_word' id='word_1_206' title='bbox 2335 877 2386 919; x_wconf 92' lang='lat' dir='ltr'><strong>tc</strong></span> <span class='ocrx_word' id='word_1_207' title='bbox 2414 866 2660 934; x_wconf 75' lang='lat' dir='ltr'><strong>iniuriam</strong></span> <span class='ocrx_word' id='word_1_208' title='bbox 2696 867 2960 931; x_wconf 88' lang='lat' dir='ltr'><strong>intulisse,</strong></span> <span class='ocrx_word' id='word_1_209' title='bbox 2985 867 3299 934; x_wconf 88' lang='lat' dir='ltr'><strong>injuriarum</strong></span> <span class='ocrx_word' id='word_1_210' title='bbox 3329 885 3487 938; x_wconf 90' lang='lat' dir='ltr'><strong>porro</strong></span> 
     </span>
    </p>
   </div>
   <div class='ocr_carea' id='block_1_31' title="bbox 1943 959 3486 1026">
    <p class='ocr_par' dir='ltr' id='par_1_31' title="bbox 1943 959 3486 1026">
     <span class='ocr_line' id='line_1_31' title="bbox 1943 959 3486 1026; baseline 0 -15"><span class='ocrx_word' id='word_1_211' title='bbox 1943 959 2212 1011; x_wconf 87' lang='lat' dir='ltr'><strong>illatarum</strong></span> <span class='ocrx_word' id='word_1_212' title='bbox 2272 959 2415 1012; x_wconf 87' lang='lat' dir='ltr'><strong>haud</strong></span> <span class='ocrx_word' id='word_1_213' title='bbox 2461 959 2592 1010; x_wconf 90' lang='lat' dir='ltr'><strong>alios</strong></span> <span class='ocrx_word' id='word_1_214' title='bbox 2643 968 2808 1011; x_wconf 90' lang='lat' dir='ltr'><strong>testes</strong></span> <span class='ocrx_word' id='word_1_215' title='bbox 2848 973 3007 1023; x_wconf 87' lang='lat' dir='ltr'><strong>quam</strong></span> <span class='ocrx_word' id='word_1_216' title='bbox 3068 960 3295 1026; x_wconf 88' lang='lat' dir='ltr'><strong>teipsum</strong></span> <span class='ocrx_word' id='word_1_217' title='bbox 3337 960 3486 1014; x_wconf 82' lang='lat' dir='ltr'><strong>citat.</strong></span> 
     </span>
    </p>
   </div>
   <div class='ocr_carea' id='block_1_32' title="bbox 1940 1050 3486 1118">
    <p class='ocr_par' dir='ltr' id='par_1_32' title="bbox 1940 1050 3486 1118">
     <span class='ocr_line' id='line_1_32' title="bbox 1940 1050 3486 1118; baseline 0 -15"><span class='ocrx_word' id='word_1_218' title='bbox 1940 1050 2223 1104; x_wconf 90' lang='lat' dir='ltr'><strong>Dominum</strong></span> <span class='ocrx_word' id='word_1_219' title='bbox 2277 1065 2460 1101; x_wconf 83' lang='lat' dir='ltr'><strong>earum</strong></span> <span class='ocrx_word' id='word_1_220' title='bbox 2497 1065 2672 1101; x_wconf 89' lang='lat' dir='ltr'><strong>rerum</strong></span> <span class='ocrx_word' id='word_1_221' title='bbox 2725 1050 2906 1102; x_wconf 83' lang='lat' dir='ltr'><strong>haberi</strong></span> <span class='ocrx_word' id='word_1_222' title='bbox 2952 1057 3002 1102; x_wconf 87' lang='lat' dir='ltr'><strong>te</strong></span> <span class='ocrx_word' id='word_1_223' title='bbox 3034 1050 3114 1101; x_wconf 88' lang='lat' dir='ltr'><strong>vis</strong></span> <span class='ocrx_word' id='word_1_224' title='bbox 3169 1050 3486 1118; x_wconf 89' lang='lat' dir='ltr'><strong>legitimum,</strong></span> 
     </span>
    </p>
   </div>
   <div class='ocr_carea' id='block_1_33' title="bbox 1939 1141 3488 1210">
    <p class='ocr_par' dir='ltr' id='par_1_33' title="bbox 1939 1141 3488 1210">
     <span class='ocr_line' id='line_1_33' title="bbox 1939 1141 3488 1210; baseline 0.001 -19"><span class='ocrx_word' id='word_1_225' title='bbox 1939 1156 2071 1209; x_wconf 85' lang='lat' dir='ltr'><strong>quas</strong></span> <span class='ocrx_word' id='word_1_226' title='bbox 2099 1144 2212 1209; x_wconf 69' lang='lat' dir='ltr'><strong>’per</strong></span> <span class='ocrx_word' id='word_1_227' title='bbox 2246 1141 2350 1193; x_wconf 85' lang='lat' dir='ltr'><strong>vim</strong></span> <span class='ocrx_word' id='word_1_228' title='bbox 2398 1151 2453 1194; x_wconf 87' lang='lat' dir='ltr'><strong>et</strong></span> <span class='ocrx_word' id='word_1_229' title='bbox 2495 1141 2824 1210; x_wconf 81' lang='lat' dir='ltr'><strong>tyrannidem</strong></span> <span class='ocrx_word' id='word_1_230' title='bbox 2861 1142 3009 1207; x_wconf 91' lang='lat' dir='ltr'><strong>prius</strong></span> <span class='ocrx_word' id='word_1_231' title='bbox 3055 1141 3338 1193; x_wconf 75' lang='lat' dir='ltr'><strong>abstulisti.</strong></span> <span class='ocrx_word' id='word_1_232' title='bbox 3375 1141 3488 1193; x_wconf 89' lang='lat' dir='ltr'><strong>Non</strong></span> 
     </span>
    </p>
   </div>
   <div class='ocr_carea' id='block_1_34' title="bbox 1941 1233 3492 1302">
    <p class='ocr_par' dir='ltr' id='par_1_34' title="bbox 1941 1233 3492 1302">
     <span class='ocr_line' id='line_1_34' title="bbox 1941 1233 3492 1302; baseline -0.001 -16"><span class='ocrx_word' id='word_1_233' title='bbox 1941 1244 2118 1287; x_wconf 87' lang='lat' dir='ltr'><strong>tamen</strong></span> <span class='ocrx_word' id='word_1_234' title='bbox 2148 1235 2429 1302; x_wconf 86' lang='lat' dir='ltr'><strong>desperato</strong></span> <span class='ocrx_word' id='word_1_235' title='bbox 2454 1233 2641 1286; x_wconf 86' lang='lat' dir='ltr'><strong>morbo</strong></span> <span class='ocrx_word' id='word_1_236' title='bbox 2661 1233 2831 1286; x_wconf 89' lang='lat' dir='ltr'><strong>teneri</strong></span> <span class='ocrx_word' id='word_1_237' title='bbox 2857 1242 2928 1289; x_wconf 84' lang='lat' dir='ltr'><strong>te.</strong></span> <span class='ocrx_word' id='word_1_238' title='bbox 2947 1233 3026 1284; x_wconf 84' lang='lat' dir='ltr'><strong>vel</strong></span> <span class='ocrx_word' id='word_1_239' title='bbox 3059 1233 3361 1292; x_wconf 84' lang='lat' dir='ltr'><strong>ineurabili,</strong></span> <span class='ocrx_word' id='word_1_240' title='bbox 3394 1248 3492 1284; x_wconf 91' lang='lat' dir='ltr'><strong>nec</strong></span> 
     </span>
    </p>
   </div>
   <div class='ocr_carea' id='block_1_35' title="bbox 1940 1323 3489 1395">
    <p class='ocr_par' dir='ltr' id='par_1_35' title="bbox 1940 1323 3489 1395">
     <span class='ocr_line' id='line_1_35' title="bbox 1940 1323 3489 1395; baseline -0.004 -15"><span class='ocrx_word' id='word_1_241' title='bbox 1940 1327 2254 1395; x_wconf 74' lang='lat' dir='ltr'><strong>poenitentia</strong></span> <span class='ocrx_word' id='word_1_242' title='bbox 2305 1326 2640 1394; x_wconf 80' lang='lat' dir='ltr'><strong>corrigendo,</strong></span> <span class='ocrx_word' id='word_1_243' title='bbox 2687 1323 2994 1376; x_wconf 82' lang='lat' dir='ltr'><strong>arbitratur.</strong></span> <span class='ocrx_word' id='word_1_244' title='bbox 3046 1323 3248 1376; x_wconf 90' lang='lat' dir='ltr'><strong>ldeirco</strong></span> <span class='ocrx_word' id='word_1_245' title='bbox 3294 1324 3489 1392; x_wconf 84' lang='lat' dir='ltr'><strong>passim</strong></span> 
     </span>
    </p>
   </div>
   <div class='ocr_carea' id='block_1_36' title="bbox 1938 1415 3493 1483">
    <p class='ocr_par' dir='ltr' id='par_1_36' title="bbox 1938 1415 3493 1483">
     <span class='ocr_line' id='line_1_36' title="bbox 1938 1415 3493 1483; baseline -0.002 -14"><span class='ocrx_word' id='word_1_246' title='bbox 1938 1417 2138 1469; x_wconf 84' lang='lat' dir='ltr'><strong>amicos</strong></span> <span class='ocrx_word' id='word_1_247' title='bbox 2196 1417 2326 1480; x_wconf 89' lang='lat' dir='ltr'><strong>adit,</strong></span> <span class='ocrx_word' id='word_1_248' title='bbox 2389 1431 2664 1469; x_wconf 88' lang='lat' dir='ltr'><strong>sermones</strong></span> <span class='ocrx_word' id='word_1_249' title='bbox 2721 1417 2850 1469; x_wconf 90' lang='lat' dir='ltr'><strong>serit</strong></span> <span class='ocrx_word' id='word_1_250' title='bbox 2925 1415 3278 1475; x_wconf 87' lang='lat' dir='ltr'><strong>miserabiles,</strong></span> <span class='ocrx_word' id='word_1_251' title='bbox 3335 1424 3493 1483; x_wconf 86' lang='lat' dir='ltr'><strong>atque</strong></span> 
     </span>
    </p>
   </div>
   <div class='ocr_carea' id='block_1_37' title="bbox 1939 1506 3489 1578">
    <p class='ocr_par' dir='ltr' id='par_1_37' title="bbox 1939 1506 3489 1578">
     <span class='ocr_line' id='line_1_37' title="bbox 1939 1506 3489 1578; baseline 0 -19"><span class='ocrx_word' id='word_1_252' title='bbox 1939 1508 2183 1578; x_wconf 88' lang='lat' dir='ltr'><strong>inprimis</strong></span> <span class='ocrx_word' id='word_1_253' title='bbox 2210 1510 2297 1576; x_wconf 89' lang='lat' dir='ltr'><strong>jus</strong></span> <span class='ocrx_word' id='word_1_254' title='bbox 2357 1509 2528 1576; x_wconf 90' lang='lat' dir='ltr'><strong>ipsum</strong></span> <span class='ocrx_word' id='word_1_255' title='bbox 2571 1509 2973 1575; x_wconf 89' lang='lat' dir='ltr'><strong>deprecatorem</strong></span> <span class='ocrx_word' id='word_1_256' title='bbox 3017 1506 3173 1559; x_wconf 77' lang='lat' dir='ltr'><strong>olIcrt</strong></span> <span class='ocrx_word' id='word_1_257' title='bbox 3204 1523 3217 1557; x_wconf 89' lang='lat'><strong>:</strong></span> <span class='ocrx_word' id='word_1_258' title='bbox 3245 1521 3345 1559; x_wconf 90' lang='lat' dir='ltr'><strong>nec</strong></span> <span class='ocrx_word' id='word_1_259' title='bbox 3378 1522 3489 1559; x_wconf 84' lang='lat' dir='ltr'><strong>rem</strong></span> 
     </span>
    </p>
   </div>
   <div class='ocr_carea' id='block_1_38' title="bbox 1941 1598 3494 1668">
    <p class='ocr_par' dir='ltr' id='par_1_38' title="bbox 1941 1598 3494 1668">
     <span class='ocr_line' id='line_1_38' title="bbox 1941 1598 3494 1668; baseline -0.001 -16"><span class='ocrx_word' id='word_1_260' title='bbox 1941 1600 2085 1668; x_wconf 89' lang='lat' dir='ltr'><strong>apud</strong></span> <span class='ocrx_word' id='word_1_261' title='bbox 2125 1599 2358 1653; x_wconf 79' lang='lat' dir='ltr'><strong>forensia</strong></span> <span class='ocrx_word' id='word_1_262' title='bbox 2411 1599 2699 1652; x_wconf 87' lang='lat' dir='ltr'><strong>tribunalia</strong></span> <span class='ocrx_word' id='word_1_263' title='bbox 2737 1607 2949 1660; x_wconf 85' lang='lat' dir='ltr'><strong>tractat,</strong></span> <span class='ocrx_word' id='word_1_264' title='bbox 3005 1599 3097 1651; x_wconf 87' lang='lat' dir='ltr'><strong>sed</strong></span> <span class='ocrx_word' id='word_1_265' title='bbox 3128 1599 3314 1652; x_wconf 89' lang='lat' dir='ltr'><strong>amicis</strong></span> <span class='ocrx_word' id='word_1_266' title='bbox 3349 1598 3494 1652; x_wconf 86' lang='lat' dir='ltr'><strong>arbi-</strong></span> 
     </span>
    </p>
   </div>
   <div class='ocr_carea' id='block_1_39' title="bbox 1943 1688 3494 1755">
    <p class='ocr_par' dir='ltr' id='par_1_39' title="bbox 1943 1688 3494 1755">
     <span class='ocr_line' id='line_1_39' title="bbox 1943 1688 3494 1755; baseline -0.001 -13"><span class='ocrx_word' id='word_1_267' title='bbox 1943 1691 2063 1755; x_wconf 88' lang='lat' dir='ltr'><strong>tris,</strong></span> <span class='ocrx_word' id='word_1_268' title='bbox 2094 1699 2148 1744; x_wconf 90' lang='lat' dir='ltr'><strong>et</strong></span> <span class='ocrx_word' id='word_1_269' title='bbox 2196 1692 2258 1744; x_wconf 91' lang='lat' dir='ltr'><strong>ad</strong></span> <span class='ocrx_word' id='word_1_270' title='bbox 2299 1690 2532 1743; x_wconf 88' lang='lat' dir='ltr'><strong>tribunal</strong></span> <span class='ocrx_word' id='word_1_271' title='bbox 2567 1690 2911 1743; x_wconf 72' lang='lat' dir='ltr'><strong>conscientia:</strong></span> <span class='ocrx_word' id='word_1_272' title='bbox 2943 1699 3069 1741; x_wconf 66' lang='lat' dir='ltr'><strong>tute.</strong></span> <span class='ocrx_word' id='word_1_273' title='bbox 3119 1688 3174 1741; x_wconf 86' lang='lat' dir='ltr'><strong>Si</strong></span> <span class='ocrx_word' id='word_1_274' title='bbox 3201 1689 3376 1741; x_wconf 87' lang='lat' dir='ltr'><strong>adhuc</strong></span> <span class='ocrx_word' id='word_1_275' title='bbox 3419 1689 3494 1741; x_wconf 91' lang='lat' dir='ltr'><strong>nil</strong></span> 
     </span>
    </p>
   </div>
   <div class='ocr_carea' id='block_1_40' title="bbox 1945 1779 3490 1846">
    <p class='ocr_par' dir='ltr' id='par_1_40' title="bbox 1945 1779 3490 1846">
     <span class='ocr_line' id='line_1_40' title="bbox 1945 1779 3490 1846; baseline -0.001 -15"><span class='ocrx_word' id='word_1_276' title='bbox 1945 1781 2248 1842; x_wconf 90' lang='lat' dir='ltr'><strong>humanius,</strong></span> <span class='ocrx_word' id='word_1_277' title='bbox 2290 1779 2424 1832; x_wconf 88' lang='lat' dir='ltr'><strong>nihil</strong></span> <span class='ocrx_word' id='word_1_278' title='bbox 2468 1793 2589 1830; x_wconf 89' lang='lat' dir='ltr'><strong>cum</strong></span> <span class='ocrx_word' id='word_1_279' title='bbox 2621 1779 2823 1845; x_wconf 88' lang='lat' dir='ltr'><strong>jnstitia</strong></span> <span class='ocrx_word' id='word_1_280' title='bbox 2878 1779 3247 1846; x_wconf 88' lang='lat' dir='ltr'><strong>conjunctum,</strong></span> <span class='ocrx_word' id='word_1_281' title='bbox 3280 1787 3490 1831; x_wconf 82' lang='lat' dir='ltr'><strong>statuas</strong></span> 
     </span>
    </p>
   </div>
   <div class='ocr_carea' id='block_1_41' title="bbox 1950 1868 3491 1938">
    <p class='ocr_par' dir='ltr' id='par_1_41' title="bbox 1950 1868 3491 1938">
     <span class='ocr_line' id='line_1_41' title="bbox 1950 1868 3491 1938; baseline -0.003 -15"><span class='ocrx_word' id='word_1_282' title='bbox 1950 1870 2004 1923; x_wconf 93' lang='lat' dir='ltr'><strong>in</strong></span> <span class='ocrx_word' id='word_1_283' title='bbox 2033 1871 2132 1923; x_wconf 89' lang='lat' dir='ltr'><strong>hac</strong></span> <span class='ocrx_word' id='word_1_284' title='bbox 2162 1871 2279 1938; x_wconf 82' lang='lat' dir='ltr'><strong>ejus</strong></span> <span class='ocrx_word' id='word_1_285' title='bbox 2331 1885 2515 1932; x_wconf 91' lang='lat' dir='ltr'><strong>causa,</strong></span> <span class='ocrx_word' id='word_1_286' title='bbox 2561 1884 2662 1922; x_wconf 88' lang='lat' dir='ltr'><strong>nec</strong></span> <span class='ocrx_word' id='word_1_287' title='bbox 2690 1868 2882 1922; x_wconf 91' lang='lat' dir='ltr'><strong>cedere</strong></span> <span class='ocrx_word' id='word_1_288' title='bbox 2914 1869 3047 1922; x_wconf 82' lang='lat' dir='ltr'><strong>velis</strong></span> <span class='ocrx_word' id='word_1_289' title='bbox 3095 1869 3491 1936; x_wconf 84' lang='lat' dir='ltr'><strong>possessionem</strong></span> 
     </span>
    </p>
   </div>
   <div class='ocr_carea' id='block_1_42' title="bbox 1949 1959 3492 2029">
    <p class='ocr_par' dir='ltr' id='par_1_42' title="bbox 1949 1959 3492 2029">
     <span class='ocr_line' id='line_1_42' title="bbox 1949 1959 3492 2029; baseline -0.001 -16"><span class='ocrx_word' id='word_1_290' title='bbox 1949 1977 2131 2014; x_wconf 91' lang='lat' dir='ltr'><strong>eorum</strong></span> <span class='ocrx_word' id='word_1_291' title='bbox 2157 1977 2274 2029; x_wconf 71' lang='lat' dir='ltr'><strong>qua:</strong></span> <span class='ocrx_word' id='word_1_292' title='bbox 2303 1976 2400 2029; x_wconf 90' lang='lat' dir='ltr'><strong>per</strong></span> <span class='ocrx_word' id='word_1_293' title='bbox 2453 1961 2812 2029; x_wconf 85' lang='lat' dir='ltr'><strong>tyrannidem,</strong></span> <span class='ocrx_word' id='word_1_294' title='bbox 2845 1974 2948 2012; x_wconf 91' lang='lat' dir='ltr'><strong>non</strong></span> <span class='ocrx_word' id='word_1_295' title='bbox 2982 1961 3174 2028; x_wconf 81' lang='lat' dir='ltr'><strong>legem,</strong></span> <span class='ocrx_word' id='word_1_296' title='bbox 3209 1959 3492 2023; x_wconf 87' lang='lat' dir='ltr'><strong>abstulisti,</strong></span> 
     </span>
    </p>
   </div>
   <div class='ocr_carea' id='block_1_43' title="bbox 1949 2049 3493 2121">
    <p class='ocr_par' dir='ltr' id='par_1_43' title="bbox 1949 2049 3493 2121">
     <span class='ocr_line' id='line_1_43' title="bbox 1949 2049 3493 2121; baseline -0.003 -15"><span class='ocrx_word' id='word_1_297' title='bbox 1949 2054 2105 2117; x_wconf 89' lang='lat' dir='ltr'><strong>scias,</strong></span> <span class='ocrx_word' id='word_1_298' title='bbox 2143 2054 2284 2121; x_wconf 92' lang='lat' dir='ltr'><strong>quod</strong></span> <span class='ocrx_word' id='word_1_299' title='bbox 2330 2060 2600 2120; x_wconf 81' lang='lat' dir='ltr'><strong>utcunque</strong></span> <span class='ocrx_word' id='word_1_300' title='bbox 2632 2052 2717 2104; x_wconf 91' lang='lat' dir='ltr'><strong>ille</strong></span> <span class='ocrx_word' id='word_1_301' title='bbox 2749 2067 2907 2119; x_wconf 85' lang='lat' dir='ltr'><strong>quem</strong></span> <span class='ocrx_word' id='word_1_302' title='bbox 2935 2060 2988 2104; x_wconf 94' lang='lat' dir='ltr'><strong>tu</strong></span> <span class='ocrx_word' id='word_1_303' title='bbox 3044 2065 3330 2120; x_wconf 89' lang='lat' dir='ltr'><strong>pauperem</strong></span> <span class='ocrx_word' id='word_1_304' title='bbox 3360 2049 3493 2102; x_wconf 76' lang='lat' dir='ltr'><strong>alle-</strong></span> 
     </span>
    </p>
   </div>
   <div class='ocr_carea' id='block_1_44' title="bbox 1948 2140 3492 2208">
    <p class='ocr_par' dir='ltr' id='par_1_44' title="bbox 1948 2140 3492 2208">
     <span class='ocr_line' id='line_1_44' title="bbox 1948 2140 3492 2208; baseline -0.003 -14"><span class='ocrx_word' id='word_1_305' title='bbox 1948 2143 2065 2194; x_wconf 86' lang='lat' dir='ltr'><strong>cisti</strong></span> <span class='ocrx_word' id='word_1_306' title='bbox 2097 2142 2309 2208; x_wconf 83' lang='lat' dir='ltr'><strong>injuria,</strong></span> <span class='ocrx_word' id='word_1_307' title='bbox 2342 2141 2391 2194; x_wconf 91' lang='lat' dir='ltr'><strong>id</strong></span> <span class='ocrx_word' id='word_1_308' title='bbox 2422 2157 2527 2192; x_wconf 88' lang='lat' dir='ltr'><strong>non</strong></span> <span class='ocrx_word' id='word_1_309' title='bbox 2557 2151 2744 2193; x_wconf 86' lang='lat' dir='ltr'><strong>contra</strong></span> <span class='ocrx_word' id='word_1_310' title='bbox 2769 2151 2821 2192; x_wconf 92' lang='lat' dir='ltr'><strong>te</strong></span> <span class='ocrx_word' id='word_1_311' title='bbox 2849 2140 3062 2202; x_wconf 84' lang='lat' dir='ltr'><strong>dixerit,</strong></span> <span class='ocrx_word' id='word_1_312' title='bbox 3106 2149 3271 2192; x_wconf 87' lang='lat' dir='ltr'><strong>temet</strong></span> <span class='ocrx_word' id='word_1_313' title='bbox 3317 2148 3492 2191; x_wconf 90' lang='lat' dir='ltr'><strong>tamen</strong></span> 
     </span>
    </p>
   </div>
   <div class='ocr_carea' id='block_1_45' title="bbox 1947 2228 3497 2296">
    <p class='ocr_par' dir='ltr' id='par_1_45' title="bbox 1947 2228 3497 2296">
     <span class='ocr_line' id='line_1_45' title="bbox 1947 2228 3497 2296; baseline -0.001 -15"><span class='ocrx_word' id='word_1_314' title='bbox 1947 2238 2132 2282; x_wconf 87' lang='lat' dir='ltr'><strong>contra</strong></span> <span class='ocrx_word' id='word_1_315' title='bbox 2178 2238 2229 2282; x_wconf 90' lang='lat' dir='ltr'><strong>te</strong></span> <span class='ocrx_word' id='word_1_316' title='bbox 2287 2228 2538 2292; x_wconf 87' lang='lat' dir='ltr'><strong>sciscere,</strong></span> <span class='ocrx_word' id='word_1_317' title='bbox 2576 2244 2670 2296; x_wconf 89' lang='lat' dir='ltr'><strong>per</strong></span> <span class='ocrx_word' id='word_1_318' title='bbox 2700 2245 2760 2280; x_wconf 86' lang='lat' dir='ltr'><strong>ea</strong></span> <span class='ocrx_word' id='word_1_319' title='bbox 2806 2243 2925 2295; x_wconf 65' lang='lat' dir='ltr'><strong>quae</strong></span> <span class='ocrx_word' id='word_1_320' title='bbox 2964 2236 3261 2296; x_wconf 86' lang='lat' dir='ltr'><strong>perpetras,</strong></span> <span class='ocrx_word' id='word_1_321' title='bbox 3296 2241 3414 2280; x_wconf 88' lang='lat' dir='ltr'><strong>esse</strong></span> <span class='ocrx_word' id='word_1_322' title='bbox 3444 2236 3497 2280; x_wconf 92' lang='lat' dir='ltr'><strong>te</strong></span> 
     </span>
    </p>
   </div>
   <div class='ocr_carea' id='block_1_46' title="bbox 1946 2320 3229 2387">
    <p class='ocr_par' dir='ltr' id='par_1_46' title="bbox 1946 2320 3229 2387">
     <span class='ocr_line' id='line_1_46' title="bbox 1946 2320 3229 2387; baseline -0.001 -13"><span class='ocrx_word' id='word_1_323' title='bbox 1946 2320 2200 2374; x_wconf 88' lang='lat' dir='ltr'><strong>nimirum</strong></span> <span class='ocrx_word' id='word_1_324' title='bbox 2230 2321 2470 2374; x_wconf 90' lang='lat' dir='ltr'><strong>omnium</strong></span> <span class='ocrx_word' id='word_1_325' title='bbox 2503 2321 2778 2373; x_wconf 89' lang='lat' dir='ltr'><strong>hominum</strong></span> <span class='ocrx_word' id='word_1_326' title='bbox 2818 2320 3229 2387; x_wconf 90' lang='lat' dir='ltr'><strong>nequissimum.</strong></span> 
     </span>
    </p>
   </div>
   <div class='ocr_carea' id='block_1_47' title="bbox 2501 2433 2940 2487">
    <p class='ocr_par' dir='ltr' id='par_1_47' title="bbox 2501 2433 2940 2487">
     <span class='ocr_line' id='line_1_47' title="bbox 2501 2433 2940 2487; baseline -0.005 0"><span class='ocrx_word' id='word_1_327' title='bbox 2501 2433 2711 2487; x_wconf 82' lang='lat' dir='ltr'><strong>EPIST.</strong></span> <span class='ocrx_word' id='word_1_328' title='bbox 2763 2433 2940 2486; x_wconf 74' lang='lat' dir='ltr'><strong>LXIV.</strong></span> 
     </span>
    </p>
   </div>
   <div class='ocr_carea' id='block_1_48' title="bbox 2255 2525 3199 2594">
    <p class='ocr_par' dir='ltr' id='par_1_48' title="bbox 2255 2525 3199 2594">
     <span class='ocr_line' id='line_1_48' title="bbox 2255 2525 3199 2594; baseline -0.003 -14"><span class='ocrx_word' id='word_1_329' title='bbox 2255 2525 2500 2594; x_wconf 77' lang='lat' dir='ltr'><strong>Gregorio</strong></span> <span class='ocrx_word' id='word_1_330' title='bbox 2534 2527 2752 2578; x_wconf 81' lang='lat' dir='ltr'><strong>diacono</strong></span> <span class='ocrx_word' id='word_1_331' title='bbox 2782 2535 2830 2578; x_wconf 86' lang='lat' dir='ltr'><strong>et</strong></span> <span class='ocrx_word' id='word_1_332' title='bbox 2864 2525 3199 2577; x_wconf 82' lang='lat' dir='ltr'><strong>chartulario.</strong></span> 
     </span>
    </p>
   </div>
   <div class='ocr_carea' id='block_1_49' title="bbox 1502 2611 2287 2679">
    <p class='ocr_par' dir='ltr' id='par_1_49' title="bbox 1502 2611 2287 2679">
     <span class='ocr_line' id='line_1_49' title="bbox 1502 2611 2287 2679; baseline 0.01 -22"><span class='ocrx_word' id='word_1_333' title='bbox 1502 2611 1762 2662; x_wconf 80' lang='lat' dir='ltr'><strong>Montacut.</strong></span> <span class='ocrx_word' id='word_1_334' title='bbox 1800 2615 1900 2676; x_wconf 91' lang='lat' dir='ltr'><strong>(ep.</strong></span> <span class='ocrx_word' id='word_1_335' title='bbox 1940 2616 2045 2674; x_wconf 77' lang='lat'><strong>113,</strong></span> <span class='ocrx_word' id='word_1_336' title='bbox 2079 2630 2124 2674; x_wconf 91' lang='lat' dir='ltr'><strong>p.</strong></span> <span class='ocrx_word' id='word_1_337' title='bbox 2158 2617 2287 2679; x_wconf 79' lang='grc'>155).</span> 
     </span>
    </p>
   </div>
   <div class='ocr_carea' id='block_1_50' title="bbox 378 2715 1845 2786">
    <p class='ocr_par' dir='ltr' id='par_1_50' title="bbox 378 2715 1845 2786">
     <span class='ocr_line' id='line_1_50' title="bbox 378 2715 1845 2786; baseline 0.001 -16"><span class='ocrx_word' id='word_1_338' title='bbox 378 2717 806 2786; x_wconf 78' lang='grc' dir='ltr'>Ἀναθεμάτισαν</span> <span class='ocrx_word' id='word_1_339' title='bbox 834 2717 979 2785; x_wconf 80' lang='grc' dir='ltr'>ἡμᾶς</span> <span class='ocrx_word' id='word_1_340' title='bbox 1006 2715 1214 2785; x_wconf 81' lang='grc' dir='ltr'>χρόνοις</span> <span class='ocrx_word' id='word_1_341' title='bbox 1250 2720 1498 2786; x_wconf 88' lang='grc' dir='ltr'>μακροῖς,</span> <span class='ocrx_word' id='word_1_342' title='bbox 1547 2721 1693 2772; x_wconf 80' lang='grc' dir='ltr'>πᾶσα</span> <span class='ocrx_word' id='word_1_343' title='bbox 1720 2720 1845 2772; x_wconf 87' lang='grc' dir='ltr'>σύν-</span> 
     </span>
    </p>
   </div>
   <div class='ocr_carea' id='block_1_51' title="bbox 292 2808 1848 2882">
    <p class='ocr_par' dir='ltr' id='par_1_51' title="bbox 292 2808 1848 2882">
     <span class='ocr_line' id='line_1_51' title="bbox 292 2808 1848 2882; baseline 0.001 -19"><span class='ocrx_word' id='word_1_344' title='bbox 292 2812 412 2872; x_wconf 83' lang='grc' dir='ltr'>οδος</span> <span class='ocrx_word' id='word_1_345' title='bbox 435 2809 706 2878; x_wconf 81' lang='grc' dir='ltr'>αίρετικὴ,</span> <span class='ocrx_word' id='word_1_346' title='bbox 737 2808 831 2860; x_wconf 78' lang='grc' dir='ltr'>καὶ</span> <span class='ocrx_word' id='word_1_347' title='bbox 862 2809 969 2859; x_wconf 81' lang='grc' dir='ltr'>πᾶν</span> <span class='ocrx_word' id='word_1_348' title='bbox 999 2809 1380 2878; x_wconf 86' lang='grc' dir='ltr'>Εἰκονομάχων</span> <span class='ocrx_word' id='word_1_349' title='bbox 1410 2810 1684 2878; x_wconf 84' lang='grc' dir='ltr'>συνέδριον</span> <span class='ocrx_word' id='word_1_350' title='bbox 1707 2828 1720 2840; x_wconf 87' lang='grc'><strong>·</strong></span> <span class='ocrx_word' id='word_1_351' title='bbox 1751 2815 1848 2882; x_wconf 77' lang='grc' dir='ltr'>οὺχ</span> 
     </span>
    </p>
   </div>
   <div class='ocr_carea' id='block_1_52' title="bbox 294 2899 1851 2972">
    <p class='ocr_par' dir='ltr' id='par_1_52' title="bbox 294 2899 1851 2972">
     <span class='ocr_line' id='line_1_52' title="bbox 294 2899 1851 2972; baseline 0.002 -19"><span class='ocrx_word' id='word_1_352' title='bbox 294 2903 444 2970; x_wconf 82' lang='grc' dir='ltr'>ἡμᾶς</span> <span class='ocrx_word' id='word_1_353' title='bbox 496 2902 552 2954; x_wconf 82' lang='grc' dir='ltr'><strong>δὲ</strong></span> <span class='ocrx_word' id='word_1_354' title='bbox 581 2901 736 2969; x_wconf 85' lang='grc' dir='ltr'>μόνον</span> <span class='ocrx_word' id='word_1_355' title='bbox 756 2939 772 2964; x_wconf 90' lang='grc'><strong>,</strong></span> <span class='ocrx_word' id='word_1_356' title='bbox 801 2900 935 2951; x_wconf 85' lang='grc' dir='ltr'><strong>ἀλλά</strong></span> <span class='ocrx_word' id='word_1_357' title='bbox 983 2901 1078 2952; x_wconf 75' lang='grc' dir='ltr'>καὶ</span> <span class='ocrx_word' id='word_1_358' title='bbox 1107 2899 1320 2969; x_wconf 83' lang='grc' dir='ltr'>πατέρα</span> <span class='ocrx_word' id='word_1_359' title='bbox 1351 2901 1446 2954; x_wconf 78' lang='grc' dir='ltr'><strong>καὶ</strong></span> <span class='ocrx_word' id='word_1_360' title='bbox 1476 2902 1615 2955; x_wconf 91' lang='grc' dir='ltr'>θεῖον</span> <span class='ocrx_word' id='word_1_361' title='bbox 1664 2904 1851 2972; x_wconf 79' lang='grc' dir='ltr'>ἡμέτε-</span> 
     </span>
    </p>
   </div>
   <div class='ocr_carea' id='block_1_53' title="bbox 298 2992 1849 3067">
    <p class='ocr_par' dir='ltr' id='par_1_53' title="bbox 298 2992 1849 3067">
     <span class='ocr_line' id='line_1_53' title="bbox 298 2992 1849 3067; baseline 0.001 -20"><span class='ocrx_word' id='word_1_362' title='bbox 298 3013 413 3067; x_wconf 80' lang='grc' dir='ltr'>ρον,</span> <span class='ocrx_word' id='word_1_363' title='bbox 482 2994 675 3062; x_wconf 74' lang='grc' dir='ltr'>ἄνδρας</span> <span class='ocrx_word' id='word_1_364' title='bbox 723 2992 1057 3060; x_wconf 83' lang='grc' dir='ltr'>όμολογητάς</span> <span class='ocrx_word' id='word_1_365' title='bbox 1095 2993 1354 3061; x_wconf 84' lang='grc' dir='ltr'>Χριστοῦ,</span> <span class='ocrx_word' id='word_1_366' title='bbox 1413 2995 1504 3046; x_wconf 77' lang='grc' dir='ltr'><strong>καὶ</strong></span> <span class='ocrx_word' id='word_1_367' title='bbox 1553 2996 1849 3065; x_wconf 87' lang='grc' dir='ltr'>ἀρχιερέων</span> 
     </span>
    </p>
   </div>
   <div class='ocr_carea' id='block_1_54' title="bbox 301 3082 1853 3155">
    <p class='ocr_par' dir='ltr' id='par_1_54' title="bbox 301 3082 1853 3155">
     <span class='ocr_line' id='line_1_54' title="bbox 301 3082 1853 3155; baseline 0.003 -21"><span class='ocrx_word' id='word_1_368' title='bbox 301 3083 595 3151; x_wconf 73' lang='grc' dir='ltr'>σεμνολύγη</span> <span class='ocrx_word' id='word_1_369' title='bbox 606 3100 679 3151; x_wconf 89' lang='grc' dir='ltr'><strong>μα</strong></span> <span class='ocrx_word' id='word_1_370' title='bbox 699 3087 712 3100; x_wconf 88' lang='grc'><strong><em>⁸</em></strong></span> <span class='ocrx_word' id='word_1_371' title='bbox 737 3082 852 3134; x_wconf 77' lang='grc' dir='ltr'>ἀλλ’</span> <span class='ocrx_word' id='word_1_372' title='bbox 887 3082 1398 3151; x_wconf 82' lang='grc' dir='ltr'>ἀναθεματίσαντες,</span> <span class='ocrx_word' id='word_1_373' title='bbox 1435 3086 1514 3146; x_wconf 84' lang='grc' dir='ltr'><strong>είς</strong></span> <span class='ocrx_word' id='word_1_374' title='bbox 1538 3086 1628 3136; x_wconf 81' lang='grc' dir='ltr'><strong>τὸν</strong></span> <span class='ocrx_word' id='word_1_375' title='bbox 1669 3087 1853 3155; x_wconf 87' lang='grc' dir='ltr'>ἀρχιε-</span> 
     </span>
    </p>
   </div>
   <div class='ocr_carea' id='block_1_55' title="bbox 304 3174 1851 3245">
    <p class='ocr_par' dir='ltr' id='par_1_55' title="bbox 304 3174 1851 3245">
     <span class='ocr_line' id='line_1_55' title="bbox 304 3174 1851 3245; baseline -0.006 -19"><span class='ocrx_word' id='word_1_376' title='bbox 304 3175 522 3242; x_wconf 72' lang='grc' dir='ltr'>ρατικὸν</span> <span class='ocrx_word' id='word_1_377' title='bbox 563 3174 748 3242; x_wconf 87' lang='grc' dir='ltr'>θρόνον</span> <span class='ocrx_word' id='word_1_378' title='bbox 805 3174 951 3242; x_wconf 71' lang='grc' dir='ltr'>ἡμᾶς</span> <span class='ocrx_word' id='word_1_379' title='bbox 1008 3175 1280 3241; x_wconf 86' lang='grc' dir='ltr'>ἀνήγαγον</span> <span class='ocrx_word' id='word_1_380' title='bbox 1331 3177 1425 3228; x_wconf 71' lang='grc' dir='ltr'><strong>καὶ</strong></span> <span class='ocrx_word' id='word_1_381' title='bbox 1454 3177 1528 3245; x_wconf 80' lang='grc' dir='ltr'>μὴ</span> <span class='ocrx_word' id='word_1_382' title='bbox 1581 3177 1851 3241; x_wconf 70' lang='grc' dir='ltr'>θέλοντας.</span> 
     </span>
    </p>
   </div>
   <div class='ocr_carea' id='block_1_56' title="bbox 298 3264 1856 3337">
    <p class='ocr_par' dir='ltr' id='par_1_56' title="bbox 298 3264 1856 3337">
     <span class='ocr_line' id='line_1_56' title="bbox 298 3264 1856 3337; baseline 0.003 -21"><span class='ocrx_word' id='word_1_383' title='bbox 298 3264 836 3331; x_wconf 78' lang='grc' dir='ltr'>ἀναθεματιζέτωσαν</span> <span class='ocrx_word' id='word_1_384' title='bbox 880 3265 1165 3332; x_wconf 80' lang='grc' dir='ltr'>τοιγαροῦν</span> <span class='ocrx_word' id='word_1_385' title='bbox 1203 3266 1292 3317; x_wconf 85' lang='grc' dir='ltr'><strong>καὶ</strong></span> <span class='ocrx_word' id='word_1_386' title='bbox 1332 3265 1426 3317; x_wconf 88' lang='grc' dir='ltr'><strong>νῦν</strong></span> <span class='ocrx_word' id='word_1_387' title='bbox 1474 3269 1522 3317; x_wconf 92' lang='grc' dir='ltr'><strong>οί</strong></span> <span class='ocrx_word' id='word_1_388' title='bbox 1569 3269 1856 3337; x_wconf 82' lang='grc' dir='ltr'>παραπλη-</span> 
     </span>
    </p>
   </div>
   <div class='ocr_carea' id='block_1_57' title="bbox 304 3355 1854 3427">
    <p class='ocr_par' dir='ltr' id='par_1_57' title="bbox 304 3355 1854 3427">
     <span class='ocr_line' id='line_1_57' title="bbox 304 3355 1854 3427; baseline 0.003 -20"><span class='ocrx_word' id='word_1_389' title='bbox 304 3357 434 3417; x_wconf 86' lang='grc' dir='ltr'>σίως</span> <span class='ocrx_word' id='word_1_390' title='bbox 465 3357 687 3416; x_wconf 72' lang='grc' dir='ltr'>ἐκείνοις</span> <span class='ocrx_word' id='word_1_391' title='bbox 717 3355 826 3407; x_wconf 85' lang='grc' dir='ltr'><strong>τῶν</strong></span> <span class='ocrx_word' id='word_1_392' title='bbox 850 3357 1191 3408; x_wconf 86' lang='grc' dir='ltr'>Δεσποτικῶν</span> <span class='ocrx_word' id='word_1_393' title='bbox 1218 3357 1440 3410; x_wconf 78' lang='grc' dir='ltr'>ἐντολῶν</span> <span class='ocrx_word' id='word_1_394' title='bbox 1466 3360 1822 3427; x_wconf 83' lang='grc' dir='ltr'>ἀλογήσαντες</span> <span class='ocrx_word' id='word_1_395' title='bbox 1841 3400 1854 3421; x_wconf 88' lang='grc'><strong>,</strong></span> 
     </span>
    </p>
   </div>
   <div class='ocr_carea' id='block_1_58' title="bbox 299 3445 1862 3520">
    <p class='ocr_par' dir='ltr' id='par_1_58' title="bbox 299 3445 1862 3520">
     <span class='ocr_line' id='line_1_58' title="bbox 299 3445 1862 3520; baseline 0.003 -22"><span class='ocrx_word' id='word_1_396' title='bbox 299 3447 396 3499; x_wconf 72' lang='grc' dir='ltr'><strong>καὶ</strong></span> <span class='ocrx_word' id='word_1_397' title='bbox 448 3445 793 3515; x_wconf 84' lang='grc' dir='ltr'>παρανομίας</span> <span class='ocrx_word' id='word_1_398' title='bbox 846 3447 1060 3516; x_wconf 82' lang='grc' dir='ltr'>ἀπάσης</span> <span class='ocrx_word' id='word_1_399' title='bbox 1112 3448 1365 3501; x_wconf 89' lang='grc' dir='ltr'>πλατεῖαν</span> <span class='ocrx_word' id='word_1_400' title='bbox 1417 3449 1516 3518; x_wconf 79' lang='grc' dir='ltr'>τὴν</span> <span class='ocrx_word' id='word_1_401' title='bbox 1549 3451 1720 3520; x_wconf 82' lang='grc' dir='ltr'>πύλην</span> <span class='ocrx_word' id='word_1_402' title='bbox 1772 3451 1862 3502; x_wconf 69' lang='grc' dir='ltr'><strong>καλ⁸</strong></span> 
     </span>
    </p>
   </div>
   <div class='ocr_carea' id='block_1_59' title="bbox 300 3535 1853 3608">
    <p class='ocr_par' dir='ltr' id='par_1_59' title="bbox 300 3535 1853 3608">
     <span class='ocr_line' id='line_1_59' title="bbox 300 3535 1853 3608; baseline 0.003 -22"><span class='ocrx_word' id='word_1_403' title='bbox 300 3535 606 3604; x_wconf 73' lang='grc' dir='ltr'>εὐρύχωρον</span> <span class='ocrx_word' id='word_1_404' title='bbox 631 3535 1085 3598; x_wconf 78' lang='grc' dir='ltr'>ἀναπετάσαντες,</span> <span class='ocrx_word' id='word_1_405' title='bbox 1116 3536 1201 3588; x_wconf 83' lang='grc' dir='ltr'><strong>ἵνα</strong></span> <span class='ocrx_word' id='word_1_406' title='bbox 1224 3537 1316 3588; x_wconf 71' lang='grc' dir='ltr'><strong>καὶ</strong></span> <span class='ocrx_word' id='word_1_407' title='bbox 1345 3537 1494 3589; x_wconf 75' lang='grc' dir='ltr'>αὐτοὶ</span> <span class='ocrx_word' id='word_1_408' title='bbox 1520 3539 1624 3590; x_wconf 74' lang='grc' dir='ltr'>ἀπὸ</span> <span class='ocrx_word' id='word_1_409' title='bbox 1655 3542 1754 3608; x_wconf 83' lang='grc' dir='ltr'>γῆς</span> <span class='ocrx_word' id='word_1_410' title='bbox 1777 3542 1853 3601; x_wconf 87' lang='grc' dir='ltr'><strong>είς</strong></span> 
     </span>
    </p>
   </div>
   <div class='ocr_carea' id='block_1_60' title="bbox 299 3625 1859 3694">
    <p class='ocr_par' dir='ltr' id='par_1_60' title="bbox 299 3625 1859 3694">
     <span class='ocr_line' id='line_1_60' title="bbox 299 3625 1859 3694; baseline 0.003 -16"><span class='ocrx_word' id='word_1_411' title='bbox 299 3626 400 3693; x_wconf 79' lang='grc' dir='ltr'>τὴν</span> <span class='ocrx_word' id='word_1_412' title='bbox 447 3626 692 3694; x_wconf 75' lang='grc' dir='ltr'>οὐράνιον</span> <span class='ocrx_word' id='word_1_413' title='bbox 731 3627 875 3694; x_wconf 80' lang='grc' dir='ltr'>ἡμᾶς</span> <span class='ocrx_word' id='word_1_414' title='bbox 907 3625 1182 3694; x_wconf 85' lang='grc' dir='ltr'>βασιλείαν</span> <span class='ocrx_word' id='word_1_415' title='bbox 1213 3628 1304 3679; x_wconf 81' lang='grc' dir='ltr'>καὶ</span> <span class='ocrx_word' id='word_1_416' title='bbox 1336 3628 1622 3691; x_wconf 81' lang='grc' dir='ltr'>ὀκνοῦντας</span> <span class='ocrx_word' id='word_1_417' title='bbox 1675 3630 1859 3682; x_wconf 77' lang='grc' dir='ltr'>ἀναϐι-</span> 
     </span>
    </p>
   </div>
   <div class='ocr_carea' id='block_1_61' title="bbox 299 3716 557 3770">
    <p class='ocr_par' dir='ltr' id='par_1_61' title="bbox 299 3716 557 3770">
     <span class='ocr_line' id='line_1_61' title="bbox 299 3716 557 3770; baseline 0.012 -3"><span class='ocrx_word' id='word_1_418' title='bbox 299 3716 557 3770; x_wconf 69' lang='grc' dir='ltr'>ὁάσωσιν.</span> 
     </span>
    </p>
   </div>
   <div class='ocr_carea' id='block_1_62' title="bbox 920 3807 1283 3861">
    <p class='ocr_par' dir='ltr' id='par_1_62' title="bbox 920 3807 1283 3861">
     <span class='ocr_line' id='line_1_62' title="bbox 920 3807 1283 3861; baseline 0.008 -3"><span class='ocrx_word' id='word_1_419' title='bbox 920 3807 1139 3860; x_wconf 85' lang='grc' dir='ltr'><strong>ΕΠΙΣΤ.</strong></span> <span class='ocrx_word' id='word_1_420' title='bbox 1169 3808 1283 3861; x_wconf 78' lang='lat' dir='ltr'><strong>EE’.</strong></span> 
     </span>
    </p>
   </div>
   <div class='ocr_carea' id='block_1_63' title="bbox 511 3898 1648 3969">
    <p class='ocr_par' dir='ltr' id='par_1_63' title="bbox 511 3898 1648 3969">
     <span class='ocr_line' id='line_1_63' title="bbox 511 3898 1648 3969; baseline 0.004 -21"><span class='ocrx_word' id='word_1_421' title='bbox 511 3898 778 3967; x_wconf 62' lang='grc' dir='ltr'>Γεωραιίῳ</span> <span class='ocrx_word' id='word_1_422' title='bbox 803 3898 1060 3960; x_wconf 82' lang='grc' dir='ltr'>διακόνῳ</span> <span class='ocrx_word' id='word_1_423' title='bbox 1088 3901 1188 3951; x_wconf 75' lang='grc' dir='ltr'>καὶ</span> <span class='ocrx_word' id='word_1_424' title='bbox 1214 3902 1648 3969; x_wconf 59' lang='grc' dir='ltr'>ὀρφανοτρὸςῳ.</span> 
     </span>
    </p>
   </div>
   <div class='ocr_carea' id='block_1_64' title="bbox 2021 2720 3502 2792">
    <p class='ocr_par' dir='ltr' id='par_1_64' title="bbox 2021 2720 3502 2792">
     <span class='ocr_line' id='line_1_64' title="bbox 2021 2720 3502 2792; baseline 0.001 -18"><span class='ocrx_word' id='word_1_425' title='bbox 2021 2722 2374 2776; x_wconf 81' lang='lat' dir='ltr'><strong>Anathemate</strong></span> <span class='ocrx_word' id='word_1_426' title='bbox 2407 2737 2508 2775; x_wconf 91' lang='lat' dir='ltr'><strong>nos</strong></span> <span class='ocrx_word' id='word_1_427' title='bbox 2542 2722 2887 2790; x_wconf 89' lang='lat' dir='ltr'><strong>perculerunt</strong></span> <span class='ocrx_word' id='word_1_428' title='bbox 2927 2720 3240 2790; x_wconf 90' lang='lat' dir='ltr'><strong>jamdudum</strong></span> <span class='ocrx_word' id='word_1_429' title='bbox 3271 2722 3502 2792; x_wconf 88' lang='lat' dir='ltr'><strong>synodus</strong></span> 
     </span>
    </p>
   </div>
   <div class='ocr_carea' id='block_1_65' title="bbox 1952 2814 3501 2877">
    <p class='ocr_par' dir='ltr' id='par_1_65' title="bbox 1952 2814 3501 2877">
     <span class='ocr_line' id='line_1_65' title="bbox 1952 2814 3501 2877; baseline -0.001 -9"><span class='ocrx_word' id='word_1_430' title='bbox 1952 2815 2223 2877; x_wconf 66' lang='lat' dir='ltr'><strong>hmretica,</strong></span> <span class='ocrx_word' id='word_1_431' title='bbox 2253 2825 2310 2868; x_wconf 93' lang='lat' dir='ltr'><strong>et</strong></span> <span class='ocrx_word' id='word_1_432' title='bbox 2351 2815 2632 2867; x_wconf 89' lang='lat' dir='ltr'><strong>universus</strong></span> <span class='ocrx_word' id='word_1_433' title='bbox 2671 2814 3144 2868; x_wconf 87' lang='lat' dir='ltr'><strong>lconomachorum</strong></span> <span class='ocrx_word' id='word_1_434' title='bbox 3175 2828 3501 2877; x_wconf 86' lang='lat' dir='ltr'><strong>consessus;</strong></span> 
     </span>
    </p>
   </div>
   <div class='ocr_carea' id='block_1_66' title="bbox 1953 2903 3502 2972">
    <p class='ocr_par' dir='ltr' id='par_1_66' title="bbox 1953 2903 3502 2972">
     <span class='ocr_line' id='line_1_66' title="bbox 1953 2903 3502 2972; baseline -0.001 -14"><span class='ocrx_word' id='word_1_435' title='bbox 1953 2921 2054 2958; x_wconf 90' lang='lat' dir='ltr'><strong>nec</strong></span> <span class='ocrx_word' id='word_1_436' title='bbox 2094 2920 2194 2958; x_wconf 90' lang='lat' dir='ltr'><strong>nos</strong></span> <span class='ocrx_word' id='word_1_437' title='bbox 2235 2914 2464 2966; x_wconf 90' lang='lat' dir='ltr'><strong>tantum,</strong></span> <span class='ocrx_word' id='word_1_438' title='bbox 2497 2906 2590 2958; x_wconf 90' lang='lat' dir='ltr'><strong>sed</strong></span> <span class='ocrx_word' id='word_1_439' title='bbox 2639 2914 2693 2958; x_wconf 92' lang='lat' dir='ltr'><strong>et</strong></span> <span class='ocrx_word' id='word_1_440' title='bbox 2723 2913 2926 2972; x_wconf 87' lang='lat' dir='ltr'><strong>patrem</strong></span> <span class='ocrx_word' id='word_1_441' title='bbox 2962 2914 3016 2956; x_wconf 91' lang='lat' dir='ltr'><strong>et</strong></span> <span class='ocrx_word' id='word_1_442' title='bbox 3054 2912 3302 2972; x_wconf 90' lang='lat' dir='ltr'><strong>patruum</strong></span> <span class='ocrx_word' id='word_1_443' title='bbox 3342 2903 3502 2957; x_wconf 88' lang='lat' dir='ltr'><strong>etiam</strong></span> 
     </span>
    </p>
   </div>
   <div class='ocr_carea' id='block_1_67' title="bbox 1956 2994 3502 3065">
    <p class='ocr_par' dir='ltr' id='par_1_67' title="bbox 1956 2994 3502 3065">
     <span class='ocr_line' id='line_1_67' title="bbox 1956 2994 3502 3065; baseline 0.002 -18"><span class='ocrx_word' id='word_1_444' title='bbox 1956 3005 2218 3056; x_wconf 87' lang='lat' dir='ltr'><strong>nostrum,</strong></span> <span class='ocrx_word' id='word_1_445' title='bbox 2252 2996 2396 3049; x_wconf 90' lang='lat' dir='ltr'><strong>viros</strong></span> <span class='ocrx_word' id='word_1_446' title='bbox 2429 2995 2629 3049; x_wconf 86' lang='lat' dir='ltr'><strong>Christi</strong></span> <span class='ocrx_word' id='word_1_447' title='bbox 2657 2994 3020 3060; x_wconf 80' lang='lat' dir='ltr'><strong>confessores,</strong></span> <span class='ocrx_word' id='word_1_448' title='bbox 3047 3004 3099 3048; x_wconf 92' lang='lat' dir='ltr'><strong>et</strong></span> <span class='ocrx_word' id='word_1_449' title='bbox 3125 2997 3502 3065; x_wconf 88' lang='lat' dir='ltr'><strong>episcoporum</strong></span> 
     </span>
    </p>
   </div>
   <div class='ocr_carea' id='block_1_68' title="bbox 1954 3087 3503 3157">
    <p class='ocr_par' dir='ltr' id='par_1_68' title="bbox 1954 3087 3503 3157">
     <span class='ocr_line' id='line_1_68' title="bbox 1954 3087 3503 3157; baseline 0.003 -18"><span class='ocrx_word' id='word_1_450' title='bbox 1954 3087 2194 3157; x_wconf 82' lang='lat' dir='ltr'><strong>gloriam,</strong></span> <span class='ocrx_word' id='word_1_451' title='bbox 2240 3088 2332 3141; x_wconf 89' lang='lat' dir='ltr'><strong>sed</strong></span> <span class='ocrx_word' id='word_1_452' title='bbox 2371 3097 2547 3141; x_wconf 88' lang='lat' dir='ltr'><strong>tamen</strong></span> <span class='ocrx_word' id='word_1_453' title='bbox 2587 3088 3095 3141; x_wconf 84' lang='lat' dir='ltr'><strong>anathematizatum</strong></span> <span class='ocrx_word' id='word_1_454' title='bbox 3147 3089 3202 3142; x_wconf 89' lang='lat' dir='ltr'><strong>in</strong></span> <span class='ocrx_word' id='word_1_455' title='bbox 3249 3090 3503 3144; x_wconf 88' lang='lat' dir='ltr'><strong>thronum</strong></span> 
     </span>
    </p>
   </div>
   <div class='ocr_carea' id='block_1_69' title="bbox 1953 3179 3504 3246">
    <p class='ocr_par' dir='ltr' id='par_1_69' title="bbox 1953 3179 3504 3246">
     <span class='ocr_line' id='line_1_69' title="bbox 1953 3179 3504 3246; baseline 0.001 -15"><span class='ocrx_word' id='word_1_456' title='bbox 1953 3179 2460 3246; x_wconf 88' lang='lat' dir='ltr'><strong>archiepiscopalem</strong></span> <span class='ocrx_word' id='word_1_457' title='bbox 2510 3179 2842 3232; x_wconf 89' lang='lat' dir='ltr'><strong>intruserunt</strong></span> <span class='ocrx_word' id='word_1_458' title='bbox 2890 3195 2996 3232; x_wconf 90' lang='lat' dir='ltr'><strong>non</strong></span> <span class='ocrx_word' id='word_1_459' title='bbox 3037 3181 3342 3243; x_wconf 90' lang='lat' dir='ltr'><strong>volentem;</strong></span> <span class='ocrx_word' id='word_1_460' title='bbox 3374 3195 3504 3232; x_wconf 84' lang='lat' dir='ltr'><strong>ana-</strong></span> 
     </span>
    </p>
   </div>
   <div class='ocr_carea' id='block_1_70' title="bbox 1956 3270 3500 3333">
    <p class='ocr_par' dir='ltr' id='par_1_70' title="bbox 1956 3270 3500 3333">
     <span class='ocr_line' id='line_1_70' title="bbox 1956 3270 3500 3333; baseline 0.003 -13"><span class='ocrx_word' id='word_1_461' title='bbox 1956 3270 2226 3333; x_wconf 87' lang='lat' dir='ltr'><strong>themate,</strong></span> <span class='ocrx_word' id='word_1_462' title='bbox 2305 3285 2450 3322; x_wconf 91' lang='lat' dir='ltr'><strong>nunc</strong></span> <span class='ocrx_word' id='word_1_463' title='bbox 2517 3271 2677 3322; x_wconf 89' lang='lat' dir='ltr'><strong>etiam</strong></span> <span class='ocrx_word' id='word_1_464' title='bbox 2745 3285 2852 3322; x_wconf 90' lang='lat' dir='ltr'><strong>non</strong></span> <span class='ocrx_word' id='word_1_465' title='bbox 2917 3271 3092 3324; x_wconf 92' lang='lat' dir='ltr'><strong>minus</strong></span> <span class='ocrx_word' id='word_1_466' title='bbox 3137 3271 3330 3326; x_wconf 83' lang='lat' dir='ltr'><strong>feriant</strong></span> <span class='ocrx_word' id='word_1_467' title='bbox 3394 3271 3500 3330; x_wconf 73' lang='lat' dir='ltr'><strong>illi.</strong></span> 
     </span>
    </p>
   </div>
   <div class='ocr_carea' id='block_1_71' title="bbox 1958 3361 3503 3434">
    <p class='ocr_par' dir='ltr' id='par_1_71' title="bbox 1958 3361 3503 3434">
     <span class='ocr_line' id='line_1_71' title="bbox 1958 3361 3503 3434; baseline 0.003 -21"><span class='ocrx_word' id='word_1_468' title='bbox 1958 3361 2167 3413; x_wconf 84' lang='lat' dir='ltr'><strong>Domini</strong></span> <span class='ocrx_word' id='word_1_469' title='bbox 2205 3362 2453 3414; x_wconf 88' lang='lat' dir='ltr'><strong>mandata</strong></span> <span class='ocrx_word' id='word_1_470' title='bbox 2485 3361 2740 3414; x_wconf 79' lang='lat' dir='ltr'><strong>facientes</strong></span> <span class='ocrx_word' id='word_1_471' title='bbox 2765 3363 2936 3426; x_wconf 84' lang='lat' dir='ltr'><strong>ﬂocci,</strong></span> <span class='ocrx_word' id='word_1_472' title='bbox 2979 3364 3071 3417; x_wconf 90' lang='lat' dir='ltr'><strong>sed</strong></span> <span class='ocrx_word' id='word_1_473' title='bbox 3108 3373 3162 3417; x_wconf 87' lang='lat' dir='ltr'><strong>et</strong></span> <span class='ocrx_word' id='word_1_474' title='bbox 3200 3372 3503 3434; x_wconf 82' lang='lat' dir='ltr'><strong>transgres-</strong></span> 
     </span>
    </p>
   </div>
   <div class='ocr_carea' id='block_1_72' title="bbox 1961 3451 3505 3524">
    <p class='ocr_par' dir='ltr' id='par_1_72' title="bbox 1961 3451 3505 3524">
     <span class='ocr_line' id='line_1_72' title="bbox 1961 3451 3505 3524; baseline 0.003 -21"><span class='ocrx_word' id='word_1_475' title='bbox 1961 3452 2092 3503; x_wconf 79' lang='lat' dir='ltr'><strong>smni</strong></span> <span class='ocrx_word' id='word_1_476' title='bbox 2121 3451 2420 3519; x_wconf 80' lang='lat' dir='ltr'><strong>cuicunque</strong></span> <span class='ocrx_word' id='word_1_477' title='bbox 2443 3453 2736 3519; x_wconf 86' lang='lat' dir='ltr'><strong>spatiosum</strong></span> <span class='ocrx_word' id='word_1_478' title='bbox 2776 3462 2828 3504; x_wconf 91' lang='lat' dir='ltr'><strong>et</strong></span> <span class='ocrx_word' id='word_1_479' title='bbox 2864 3453 3096 3519; x_wconf 86' lang='lat' dir='ltr'><strong>amplum</strong></span> <span class='ocrx_word' id='word_1_480' title='bbox 3138 3464 3350 3522; x_wconf 90' lang='lat' dir='ltr'><strong>portum</strong></span> <span class='ocrx_word' id='word_1_481' title='bbox 3377 3470 3505 3524; x_wconf 89' lang='lat' dir='ltr'><strong>ape-</strong></span> 
     </span>
    </p>
   </div>
   <div class='ocr_carea' id='block_1_73' title="bbox 1963 3542 3502 3606">
    <p class='ocr_par' dir='ltr' id='par_1_73' title="bbox 1963 3542 3502 3606">
     <span class='ocr_line' id='line_1_73' title="bbox 1963 3542 3502 3606; baseline 0.004 -12"><span class='ocrx_word' id='word_1_482' title='bbox 1963 3543 2180 3606; x_wconf 88' lang='lat' dir='ltr'><strong>rientes,</strong></span> <span class='ocrx_word' id='word_1_483' title='bbox 2235 3543 2287 3596; x_wconf 91' lang='lat' dir='ltr'><strong>in</strong></span> <span class='ocrx_word' id='word_1_484' title='bbox 2333 3558 2454 3596; x_wconf 92' lang='lat' dir='ltr'><strong>eum</strong></span> <span class='ocrx_word' id='word_1_485' title='bbox 2487 3542 2648 3596; x_wconf 82' lang='lat' dir='ltr'><strong>tinem</strong></span> <span class='ocrx_word' id='word_1_486' title='bbox 2705 3552 2868 3597; x_wconf 81' lang='lat' dir='ltr'><strong>utine</strong></span> <span class='ocrx_word' id='word_1_487' title='bbox 2919 3545 2985 3598; x_wconf 89' lang='lat' dir='ltr'><strong>de</strong></span> <span class='ocrx_word' id='word_1_488' title='bbox 3019 3547 3236 3599; x_wconf 88' lang='lat' dir='ltr'><strong>terrain</strong></span> <span class='ocrx_word' id='word_1_489' title='bbox 3285 3546 3502 3600; x_wconf 69' lang='lat' dir='ltr'><strong>cmleste</strong></span> 
     </span>
    </p>
   </div>
   <div class='ocr_carea' id='block_1_74' title="bbox 1959 3637 2598 3704">
    <p class='ocr_par' dir='ltr' id='par_1_74' title="bbox 1959 3637 2598 3704">
     <span class='ocr_line' id='line_1_74' title="bbox 1959 3637 2598 3704; baseline 0.006 -18"><span class='ocrx_word' id='word_1_490' title='bbox 1959 3650 2177 3704; x_wconf 89' lang='lat' dir='ltr'><strong>regnum</strong></span> <span class='ocrx_word' id='word_1_491' title='bbox 2216 3637 2598 3690; x_wconf 80' lang='lat' dir='ltr'><strong>transmittant.</strong></span> 
     </span>
    </p>
   </div>
   <div class='ocr_carea' id='block_1_75' title="bbox 2544 3809 2948 3863">
    <p class='ocr_par' dir='ltr' id='par_1_75' title="bbox 2544 3809 2948 3863">
     <span class='ocr_line' id='line_1_75' title="bbox 2544 3809 2948 3863; baseline 0.002 -1"><span class='ocrx_word' id='word_1_492' title='bbox 2544 3809 2758 3863; x_wconf 81' lang='lat' dir='ltr'><strong>EPIST.</strong></span> <span class='ocrx_word' id='word_1_493' title='bbox 2795 3810 2948 3863; x_wconf 78' lang='lat' dir='ltr'><strong>LXV.</strong></span> 
     </span>
    </p>
   </div>
   <div class='ocr_carea' id='block_1_76' title="bbox 2226 3897 3249 3966">
    <p class='ocr_par' dir='ltr' id='par_1_76' title="bbox 2226 3897 3249 3966">
     <span class='ocr_line' id='line_1_76' title="bbox 2226 3897 3249 3966; baseline 0.001 -14"><span class='ocrx_word' id='word_1_494' title='bbox 2226 3897 2443 3966; x_wconf 82' lang='lat' dir='ltr'><strong>Georgio</strong></span> <span class='ocrx_word' id='word_1_495' title='bbox 2467 3899 2686 3950; x_wconf 80' lang='lat' dir='ltr'><strong>diacono</strong></span> <span class='ocrx_word' id='word_1_496' title='bbox 2713 3910 2759 3950; x_wconf 85' lang='lat' dir='ltr'><strong>ct</strong></span> <span class='ocrx_word' id='word_1_497' title='bbox 2789 3903 3222 3966; x_wconf 66' lang='lat' dir='ltr'><strong>orphanolroyho.</strong></span> <span class='ocrx_word' id='word_1_498' title='bbox 3247 3952 3249 3954; x_wconf 82' lang='grc'><strong>,</strong></span> 
     </span>
    </p>
   </div>
   <div class='ocr_carea' id='block_1_77' title="bbox 1515 4011 2292 4076">
    <p class='ocr_par' dir='ltr' id='par_1_77' title="bbox 1515 4011 2292 4076">
     <span class='ocr_line' id='line_1_77' title="bbox 1515 4011 2292 4076; baseline -0.004 -13"><span class='ocrx_word' id='word_1_499' title='bbox 1515 4016 1773 4064; x_wconf 82' lang='lat' dir='ltr'><strong>Montacut.</strong></span> <span class='ocrx_word' id='word_1_500' title='bbox 1813 4017 1912 4076; x_wconf 85' lang='lat' dir='ltr'><strong>(ep.</strong></span> <span class='ocrx_word' id='word_1_501' title='bbox 1946 4013 2052 4070; x_wconf 84' lang='grc'><strong>156,</strong></span> <span class='ocrx_word' id='word_1_502' title='bbox 2087 4028 2130 4073; x_wconf 92' lang='lat' dir='ltr'><strong>p.</strong></span> <span class='ocrx_word' id='word_1_503' title='bbox 2168 4011 2292 4070; x_wconf 84' lang='grc'><strong>189).</strong></span> 
     </span>
    </p>
   </div>
   <div class='ocr_carea' id='block_1_78' title="bbox 374 4112 1853 4186">
    <p class='ocr_par' dir='ltr' id='par_1_78' title="bbox 374 4112 1853 4186">
     <span class='ocr_line' id='line_1_78' title="bbox 374 4112 1853 4186; baseline 0.003 -22"><span class='ocrx_word' id='word_1_504' title='bbox 374 4114 432 4164; x_wconf 76' lang='lat' dir='ltr'><strong>El</strong></span> <span class='ocrx_word' id='word_1_505' title='bbox 459 4113 556 4181; x_wconf 79' lang='grc' dir='ltr'><strong>μὲν</strong></span> <span class='ocrx_word' id='word_1_506' title='bbox 582 4112 687 4165; x_wconf 80' lang='grc' dir='ltr'><strong>ἀπὸ</strong></span> <span class='ocrx_word' id='word_1_507' title='bbox 714 4113 812 4182; x_wconf 89' lang='grc' dir='ltr'>τῆς</span> <span class='ocrx_word' id='word_1_508' title='bbox 843 4115 1064 4184; x_wconf 83' lang='grc' dir='ltr'>γνώμης</span> <span class='ocrx_word' id='word_1_509' title='bbox 1101 4116 1301 4186; x_wconf 88' lang='grc' dir='ltr'>κρίνεις</span> <span class='ocrx_word' id='word_1_510' title='bbox 1324 4118 1388 4169; x_wconf 82' lang='grc' dir='ltr'>τὰ</span> <span class='ocrx_word' id='word_1_511' title='bbox 1416 4117 1730 4186; x_wconf 82' lang='grc' dir='ltr'>πράγματα,</span> <span class='ocrx_word' id='word_1_512' title='bbox 1761 4117 1853 4170; x_wconf 69' lang='grc' dir='ltr'>καὶ</span> 
     </span>
    </p>
   </div>
   <div class='ocr_carea' id='block_1_79' title="bbox 301 4203 1852 4274">
    <p class='ocr_par' dir='ltr' id='par_1_79' title="bbox 301 4203 1852 4274">
     <span class='ocr_line' id='line_1_79' title="bbox 301 4203 1852 4274; baseline 0.003 -20"><span class='ocrx_word' id='word_1_513' title='bbox 301 4206 522 4265; x_wconf 85' lang='grc' dir='ltr'>σκοπεῖς</span> <span class='ocrx_word' id='word_1_514' title='bbox 544 4205 640 4273; x_wconf 83' lang='grc' dir='ltr'>τὴν</span> <span class='ocrx_word' id='word_1_515' title='bbox 669 4203 987 4273; x_wconf 88' lang='grc' dir='ltr'>προαίρεσιν</span> <span class='ocrx_word' id='word_1_516' title='bbox 1017 4204 1178 4274; x_wconf 79' lang='grc' dir='ltr'>(οὕτω</span> <span class='ocrx_word' id='word_1_517' title='bbox 1204 4206 1257 4257; x_wconf 87' lang='grc' dir='ltr'>δὲ</span> <span class='ocrx_word' id='word_1_518' title='bbox 1281 4207 1542 4274; x_wconf 84' lang='grc' dir='ltr'>προσῆκε,</span> <span class='ocrx_word' id='word_1_519' title='bbox 1573 4207 1666 4257; x_wconf 76' lang='grc' dir='ltr'>καὶ</span> <span class='ocrx_word' id='word_1_520' title='bbox 1696 4207 1852 4258; x_wconf 87' lang='grc' dir='ltr'>θείων</span> 
     </span>
    </p>
   </div>
   <div class='ocr_carea' id='block_1_80' title="bbox 302 4296 1852 4366">
    <p class='ocr_par' dir='ltr' id='par_1_80' title="bbox 302 4296 1852 4366">
     <span class='ocr_line' id='line_1_80' title="bbox 302 4296 1852 4366; baseline -0.008 0"><span class='ocrx_word' id='word_1_521' title='bbox 302 4297 564 4366; x_wconf 75' lang='grc' dir='ltr'>χρησμῶν</span> <span class='ocrx_word' id='word_1_522' title='bbox 587 4298 732 4349; x_wconf 73' lang='grc' dir='ltr'>ἐστιν</span> <span class='ocrx_word' id='word_1_523' title='bbox 759 4298 792 4365; x_wconf 74' lang='grc' dir='ltr'>ἡ</span> <span class='ocrx_word' id='word_1_524' title='bbox 817 4296 1036 4366; x_wconf 71' lang='grc' dir='ltr'><strong>ψῆφος),</strong></span> <span class='ocrx_word' id='word_1_525' title='bbox 1069 4296 1209 4365; x_wconf 76' lang='grc' dir='ltr'>ἔχεις</span> <span class='ocrx_word' id='word_1_526' title='bbox 1242 4298 1404 4366; x_wconf 83' lang='grc' dir='ltr'>ἡμᾶς,</span> <span class='ocrx_word' id='word_1_527' title='bbox 1433 4299 1478 4348; x_wconf 76' lang='grc' dir='ltr'>εἰ</span> <span class='ocrx_word' id='word_1_528' title='bbox 1503 4297 1575 4366; x_wconf 82' lang='grc' dir='ltr'>μὴ</span> <span class='ocrx_word' id='word_1_529' title='bbox 1600 4298 1852 4366; x_wconf 76' lang='grc' dir='ltr'>φορτικὸν</span> 
     </span>
    </p>
   </div>
   <div class='ocr_carea' id='block_1_81' title="bbox 301 4387 1853 4456">
    <p class='ocr_par' dir='ltr' id='par_1_81' title="bbox 301 4387 1853 4456">
     <span class='ocr_line' id='line_1_81' title="bbox 301 4387 1853 4456; baseline -0.001 -17"><span class='ocrx_word' id='word_1_530' title='bbox 301 4391 496 4451; x_wconf 73' lang='grc' dir='ltr'>εἰπεῖν,</span> <span class='ocrx_word' id='word_1_531' title='bbox 525 4387 790 4456; x_wconf 79' lang='grc' dir='ltr'>λαμπρῶς</span> <span class='ocrx_word' id='word_1_532' title='bbox 817 4388 908 4438; x_wconf 74' lang='grc' dir='ltr'>ἐπὶ</span> <span class='ocrx_word' id='word_1_533' title='bbox 939 4388 1018 4439; x_wconf 73' lang='grc' dir='ltr'><strong>σοὶ</strong></span> <span class='ocrx_word' id='word_1_534' title='bbox 1055 4388 1510 4454; x_wconf 83' lang='grc' dir='ltr'>στεφανωθέντας.</span> <span class='ocrx_word' id='word_1_535' title='bbox 1559 4389 1619 4439; x_wconf 84' lang='grc' dir='ltr'>Εἰ</span> <span class='ocrx_word' id='word_1_536' title='bbox 1649 4389 1703 4439; x_wconf 81' lang='grc' dir='ltr'><strong>δὲ</strong></span> <span class='ocrx_word' id='word_1_537' title='bbox 1744 4391 1853 4450; x_wconf 83' lang='grc' dir='ltr'>τοῖς</span> 
     </span>
    </p>
   </div>
   <div class='ocr_carea' id='block_1_82' title="bbox 301 4480 1845 4549">
    <p class='ocr_par' dir='ltr' id='par_1_82' title="bbox 301 4480 1845 4549">
     <span class='ocr_line' id='line_1_82' title="bbox 301 4480 1845 4549; baseline -0.001 -18"><span class='ocrx_word' id='word_1_538' title='bbox 301 4483 483 4549; x_wconf 71' lang='grc' dir='ltr'>ἔργοις</span> <span class='ocrx_word' id='word_1_539' title='bbox 537 4480 691 4541; x_wconf 86' lang='grc' dir='ltr'>δίδως</span> <span class='ocrx_word' id='word_1_540' title='bbox 728 4481 818 4532; x_wconf 68' lang='grc' dir='ltr'><strong>τὸν</strong></span> <span class='ocrx_word' id='word_1_541' title='bbox 857 4480 1133 4546; x_wconf 78' lang='grc' dir='ltr'>στέφανον,</span> <span class='ocrx_word' id='word_1_542' title='bbox 1176 4481 1320 4548; x_wconf 83' lang='grc' dir='ltr'>ἡμᾶς</span> <span class='ocrx_word' id='word_1_543' title='bbox 1379 4481 1475 4549; x_wconf 79' lang='grc' dir='ltr'><strong>μὲν</strong></span> <span class='ocrx_word' id='word_1_544' title='bbox 1519 4482 1622 4532; x_wconf 79' lang='grc' dir='ltr'>οὐδ’</span> <span class='ocrx_word' id='word_1_545' title='bbox 1679 4480 1845 4542; x_wconf 72' lang='grc' dir='ltr'>οὕτως</span> 
     </span>
    </p>
   </div>
   <div class='ocr_carea' id='block_1_83' title="bbox 301 4569 1848 4639">
    <p class='ocr_par' dir='ltr' id='par_1_83' title="bbox 301 4569 1848 4639">
     <span class='ocr_line' id='line_1_83' title="bbox 301 4569 1848 4639; baseline 0 -17"><span class='ocrx_word' id='word_1_546' title='bbox 301 4572 452 4622; x_wconf 77' lang='grc' dir='ltr'>οὐδὲν</span> <span class='ocrx_word' id='word_1_547' title='bbox 487 4569 801 4639; x_wconf 79' lang='grc' dir='ltr'>ζημιώσεις.</span> <span class='ocrx_word' id='word_1_548' title='bbox 851 4571 983 4622; x_wconf 81' lang='grc' dir='ltr'>Οὐδὲ</span> <span class='ocrx_word' id='word_1_549' title='bbox 1017 4571 1148 4638; x_wconf 72' lang='grc' dir='ltr'>γὰρ,</span> <span class='ocrx_word' id='word_1_550' title='bbox 1180 4571 1298 4622; x_wconf 84' lang='grc' dir='ltr'>οὐδὲ</span> <span class='ocrx_word' id='word_1_551' title='bbox 1331 4571 1502 4635; x_wconf 86' lang='grc' dir='ltr'>τοῦτο,</span> <span class='ocrx_word' id='word_1_552' title='bbox 1541 4571 1713 4623; x_wconf 85' lang='grc' dir='ltr'>καίτοι</span> <span class='ocrx_word' id='word_1_553' title='bbox 1742 4571 1848 4622; x_wconf 82' lang='grc' dir='ltr'>τῶν</span> 
     </span>
    </p>
   </div>
   <div class='ocr_carea' id='block_1_84' title="bbox 304 4661 1851 4730">
    <p class='ocr_par' dir='ltr' id='par_1_84' title="bbox 304 4661 1851 4730">
     <span class='ocr_line' id='line_1_84' title="bbox 304 4661 1851 4730; baseline 0 -17"><span class='ocrx_word' id='word_1_554' title='bbox 304 4662 508 4730; x_wconf 82' lang='grc' dir='ltr'>καιρῶν</span> <span class='ocrx_word' id='word_1_555' title='bbox 539 4663 668 4730; x_wconf 81' lang='grc' dir='ltr'>ἡμῖν</span> <span class='ocrx_word' id='word_1_556' title='bbox 698 4662 1086 4714; x_wconf 85' lang='grc' dir='ltr'>ἀντιπνεόντων</span> <span class='ocrx_word' id='word_1_557' title='bbox 1105 4702 1120 4724; x_wconf 94' lang='grc'><strong>,</strong></span> <span class='ocrx_word' id='word_1_558' title='bbox 1152 4662 1480 4730; x_wconf 83' lang='grc' dir='ltr'>ὲνελίπομεν.</span> <span class='ocrx_word' id='word_1_559' title='bbox 1545 4661 1747 4713; x_wconf 83' lang='grc' dir='ltr'>Ἐκεῖνο</span> <span class='ocrx_word' id='word_1_560' title='bbox 1795 4662 1851 4713; x_wconf 86' lang='grc' dir='ltr'><strong>δέ</strong></span> 
     </span>
    </p>
   </div>
   <div class='ocr_carea' id='block_1_85' title="bbox 308 4750 1855 4822">
    <p class='ocr_par' dir='ltr' id='par_1_85' title="bbox 308 4750 1855 4822">
     <span class='ocr_line' id='line_1_85' title="bbox 308 4750 1855 4822; baseline 0 -18"><span class='ocrx_word' id='word_1_561' title='bbox 308 4770 364 4804; x_wconf 85' lang='grc' dir='ltr'><strong>σε</strong></span> <span class='ocrx_word' id='word_1_562' title='bbox 393 4753 630 4804; x_wconf 83' lang='grc' dir='ltr'>συνιέναι</span> <span class='ocrx_word' id='word_1_563' title='bbox 681 4751 805 4821; x_wconf 81' lang='grc' dir='ltr'>χρὴ,</span> <span class='ocrx_word' id='word_1_564' title='bbox 853 4753 932 4804; x_wconf 87' lang='grc' dir='ltr'><strong>ὄτι</strong></span> <span class='ocrx_word' id='word_1_565' title='bbox 982 4750 1153 4804; x_wconf 89' lang='grc' dir='ltr'>ταῦτα</span> <span class='ocrx_word' id='word_1_566' title='bbox 1177 4753 1558 4821; x_wconf 77' lang='grc' dir='ltr'>ψηφιζόμενος,</span> <span class='ocrx_word' id='word_1_567' title='bbox 1593 4754 1690 4822; x_wconf 82' lang='grc' dir='ltr'><strong>οὐχ</strong></span> <span class='ocrx_word' id='word_1_568' title='bbox 1711 4755 1855 4822; x_wconf 78' lang='grc' dir='ltr'>ἡμᾶς</span> 
     </span>
    </p>
   </div>
   <div class='ocr_carea' id='block_1_86' title="bbox 309 4840 1854 4911">
    <p class='ocr_par' dir='ltr' id='par_1_86' title="bbox 309 4840 1854 4911">
     <span class='ocr_line' id='line_1_86' title="bbox 309 4840 1854 4911; baseline -0.002 -17"><span class='ocrx_word' id='word_1_569' title='bbox 309 4843 507 4910; x_wconf 81' lang='grc' dir='ltr'>μᾶλλον</span> <span class='ocrx_word' id='word_1_570' title='bbox 564 4841 790 4910; x_wconf 83' lang='grc' dir='ltr'>θατέρου</span> <span class='ocrx_word' id='word_1_571' title='bbox 835 4841 942 4893; x_wconf 81' lang='grc' dir='ltr'><strong>τῶν</strong></span> <span class='ocrx_word' id='word_1_572' title='bbox 999 4840 1274 4907; x_wconf 67' lang='grc' dir='ltr'>στεφάνων</span> <span class='ocrx_word' id='word_1_573' title='bbox 1327 4844 1665 4911; x_wconf 85' lang='grc' dir='ltr'>ἀποστερεῖς,</span> <span class='ocrx_word' id='word_1_574' title='bbox 1721 4840 1854 4891; x_wconf 81' lang='grc' dir='ltr'>ἀλλὰ</span> 
     </span>
    </p>
   </div>
   <div class='ocr_carea' id='block_1_87' title="bbox 310 4930 1852 5006">
    <p class='ocr_par' dir='ltr' id='par_1_87' title="bbox 310 4930 1852 5006">
     <span class='ocr_line' id='line_1_87' title="bbox 310 4930 1852 5006; baseline -0.004 -18"><span class='ocrx_word' id='word_1_575' title='bbox 310 4936 532 4989; x_wconf 82' lang='grc' dir='ltr'>σεαυτοῦ</span> <span class='ocrx_word' id='word_1_576' title='bbox 578 4936 833 5006; x_wconf 80' lang='grc' dir='ltr'>ὲκάτερον</span> <span class='ocrx_word' id='word_1_577' title='bbox 863 4937 1110 5004; x_wconf 83' lang='grc' dir='ltr'>ἀφαιρεῖς</span> <span class='ocrx_word' id='word_1_578' title='bbox 1129 4949 1142 4967; x_wconf 84' lang='grc'><strong><em>⁸</em></strong></span> <span class='ocrx_word' id='word_1_579' title='bbox 1172 4936 1230 4987; x_wconf 84' lang='grc' dir='ltr'>ὃν</span> <span class='ocrx_word' id='word_1_580' title='bbox 1257 4951 1314 4986; x_wconf 89' lang='grc' dir='ltr'><strong>τε</strong></span> <span class='ocrx_word' id='word_1_581' title='bbox 1342 4934 1586 5002; x_wconf 78' lang='grc' dir='ltr'>προξενεῖ</span> <span class='ocrx_word' id='word_1_582' title='bbox 1605 4933 1670 4984; x_wconf 86' lang='grc' dir='ltr'><strong>τὰ</strong></span> <span class='ocrx_word' id='word_1_583' title='bbox 1700 4930 1852 5000; x_wconf 80' lang='grc' dir='ltr'>ἔργα,</span> 
     </span>
    </p>
   </div>
   <div class='ocr_carea' id='block_1_88' title="bbox 309 5026 1117 5096">
    <p class='ocr_par' dir='ltr' id='par_1_88' title="bbox 309 5026 1117 5096">
     <span class='ocr_line' id='line_1_88' title="bbox 309 5026 1117 5096; baseline -0.004 -17"><span class='ocrx_word' id='word_1_584' title='bbox 309 5029 400 5079; x_wconf 72' lang='grc' dir='ltr'>καὶ</span> <span class='ocrx_word' id='word_1_585' title='bbox 428 5028 485 5080; x_wconf 83' lang='grc' dir='ltr'>ὃν</span> <span class='ocrx_word' id='word_1_586' title='bbox 513 5027 699 5080; x_wconf 85' lang='grc' dir='ltr'>πλέκει</span> <span class='ocrx_word' id='word_1_587' title='bbox 725 5029 758 5096; x_wconf 81' lang='grc' dir='ltr'>ἡ</span> <span class='ocrx_word' id='word_1_588' title='bbox 787 5026 1117 5096; x_wconf 85' lang='grc' dir='ltr'>προαίρεσις.</span> 
     </span>
    </p>
   </div>
   <div class='ocr_carea' id='block_1_89' title="bbox 907 5136 1310 5201">
    <p class='ocr_par' dir='ltr' id='par_1_89' title="bbox 907 5136 1310 5201">
     <span class='ocr_line' id='line_1_89' title="bbox 907 5136 1310 5201; baseline 0.002 -14"><span class='ocrx_word' id='word_1_589' title='bbox 907 5136 1126 5188; x_wconf 75' lang='grc' dir='ltr'><strong>ΕΠιΣτ.</strong></span> <span class='ocrx_word' id='word_1_590' title='bbox 1179 5136 1310 5201; x_wconf 62' lang='lat' dir='ltr'><strong>scr.</strong></span> 
     </span>
    </p>
   </div>
   <div class='ocr_carea' id='block_1_90' title="bbox 360 5223 1828 5347">
    <p class='ocr_par' dir='ltr' id='par_1_90' title="bbox 360 5223 1828 5347">
     <span class='ocr_line' id='line_1_90' title="bbox 360 5223 1828 5347; baseline -0.003 -70"><span class='ocrx_word' id='word_1_591' title='bbox 360 5225 731 5289; x_wconf 83' lang='grc' dir='ltr'>Ἀναστασίῳ</span> <span class='ocrx_word' id='word_1_592' title='bbox 807 5225 1180 5347; x_wconf 51' lang='grc' dir='ltr'>πρεσίυτέρῳ</span> <span class='ocrx_word' id='word_1_593' title='bbox 1246 5225 1341 5278; x_wconf 78' lang='grc' dir='ltr'>καὶ</span> <span class='ocrx_word' id='word_1_594' title='bbox 1393 5223 1828 5291; x_wconf 76' lang='grc' dir='ltr'>βιόλοθηκαρίῳ</span> 
     </span>
     <span class='ocr_line' id='line_1_91' title="bbox 1016 5314 1193 5347; baseline 0.006 -1"><span class='ocrx_word' id='word_1_595' title='bbox 1016 5314 1193 5347; x_wconf 71' lang='grc' dir='ltr'>ωιιηο.</span> 
     </span>
    </p>
   </div>
   <div class='ocr_carea' id='block_1_91' title="bbox 1016 5314 1193 5362">
    <p class='ocr_par' dir='ltr' id='par_1_91' title="bbox 1016 5314 1193 5362">
     <span class='ocr_line' id='line_1_92' title="bbox 1016 5314 1193 5362; baseline 0.017 -16"><span class='ocrx_word' id='word_1_596' title='bbox 1016 5314 1193 5362; x_wconf 84' lang='grc' dir='ltr'>ωμης.</span> 
     </span>
    </p>
   </div>
   <div class='ocr_carea' id='block_1_92' title="bbox 2030 4113 3504 4183">
    <p class='ocr_par' dir='ltr' id='par_1_92' title="bbox 2030 4113 3504 4183">
     <span class='ocr_line' id='line_1_93' title="bbox 2030 4113 3504 4183; baseline -0.001 -17"><span class='ocrx_word' id='word_1_597' title='bbox 2030 4113 2304 4182; x_wconf 87' lang='lat' dir='ltr'><strong>Siquidem</strong></span> <span class='ocrx_word' id='word_1_598' title='bbox 2334 4113 2402 4167; x_wconf 91' lang='lat' dir='ltr'><strong>ab</strong></span> <span class='ocrx_word' id='word_1_599' title='bbox 2429 4115 2727 4167; x_wconf 90' lang='lat' dir='ltr'><strong>intentione</strong></span> <span class='ocrx_word' id='word_1_600' title='bbox 2755 4114 2822 4167; x_wconf 90' lang='lat' dir='ltr'><strong>de</strong></span> <span class='ocrx_word' id='word_1_601' title='bbox 2853 4115 3010 4167; x_wconf 91' lang='lat' dir='ltr'><strong>rebus</strong></span> <span class='ocrx_word' id='word_1_602' title='bbox 3042 4115 3176 4167; x_wconf 90' lang='lat' dir='ltr'><strong>actis</strong></span> <span class='ocrx_word' id='word_1_603' title='bbox 3199 4114 3425 4183; x_wconf 88' lang='lat' dir='ltr'><strong>judicas,</strong></span> <span class='ocrx_word' id='word_1_604' title='bbox 3449 4121 3504 4169; x_wconf 87' lang='lat' dir='ltr'><strong>et</strong></span> 
     </span>
    </p>
   </div>
   <div class='ocr_carea' id='block_1_93' title="bbox 1958 4204 3505 4275">
    <p class='ocr_par' dir='ltr' id='par_1_93' title="bbox 1958 4204 3505 4275">
     <span class='ocr_line' id='line_1_94' title="bbox 1958 4204 3505 4275; baseline 0.002 -18"><span class='ocrx_word' id='word_1_605' title='bbox 1958 4204 2288 4275; x_wconf 87' lang='lat' dir='ltr'><strong>propositum</strong></span> <span class='ocrx_word' id='word_1_606' title='bbox 2312 4205 2622 4258; x_wconf 90' lang='lat' dir='ltr'><strong>consideres</strong></span> <span class='ocrx_word' id='word_1_607' title='bbox 2640 4205 2800 4273; x_wconf 88' lang='lat' dir='ltr'><strong>(quod</strong></span> <span class='ocrx_word' id='word_1_608' title='bbox 2823 4220 2917 4273; x_wconf 91' lang='lat' dir='ltr'><strong>par</strong></span> <span class='ocrx_word' id='word_1_609' title='bbox 2941 4214 3023 4258; x_wconf 89' lang='lat' dir='ltr'><strong>est</strong></span> <span class='ocrx_word' id='word_1_610' title='bbox 3043 4204 3237 4268; x_wconf 81' lang='lat' dir='ltr'><strong>facere,</strong></span> <span class='ocrx_word' id='word_1_611' title='bbox 3264 4206 3505 4274; x_wconf 89' lang='lat' dir='ltr'><strong>quando-</strong></span> 
     </span>
    </p>
   </div>
   <div class='ocr_carea' id='block_1_94' title="bbox 1957 4293 3504 4364">
    <p class='ocr_par' dir='ltr' id='par_1_94' title="bbox 1957 4293 3504 4364">
     <span class='ocr_line' id='line_1_95' title="bbox 1957 4293 3504 4364; baseline 0.001 -17"><span class='ocrx_word' id='word_1_612' title='bbox 1957 4296 2172 4364; x_wconf 81' lang='lat' dir='ltr'><strong>quidem</strong></span> <span class='ocrx_word' id='word_1_613' title='bbox 2199 4295 2270 4347; x_wconf 90' lang='lat' dir='ltr'><strong>ita</strong></span> <span class='ocrx_word' id='word_1_614' title='bbox 2296 4293 2474 4346; x_wconf 87' lang='lat' dir='ltr'><strong>divina</strong></span> <span class='ocrx_word' id='word_1_615' title='bbox 2504 4295 2816 4363; x_wconf 70' lang='lat' dir='ltr'><strong>praecipiant</strong></span> <span class='ocrx_word' id='word_1_616' title='bbox 2841 4295 3281 4357; x_wconf 88' lang='lat' dir='ltr'><strong>oracula),habes</strong></span> <span class='ocrx_word' id='word_1_617' title='bbox 3299 4305 3350 4348; x_wconf 94' lang='lat' dir='ltr'><strong>et</strong></span> <span class='ocrx_word' id='word_1_618' title='bbox 3383 4311 3504 4360; x_wconf 87' lang='lat' dir='ltr'><strong>nos,</strong></span> 
     </span>
    </p>
   </div>
   <div class='ocr_carea' id='block_1_95' title="bbox 1959 4384 3508 4454">
    <p class='ocr_par' dir='ltr' id='par_1_95' title="bbox 1959 4384 3508 4454">
     <span class='ocr_line' id='line_1_96' title="bbox 1959 4384 3508 4454; baseline 0.001 -17"><span class='ocrx_word' id='word_1_619' title='bbox 1959 4401 2026 4439; x_wconf 90' lang='lat' dir='ltr'><strong>ne</strong></span> <span class='ocrx_word' id='word_1_620' title='bbox 2079 4385 2204 4453; x_wconf 90' lang='lat' dir='ltr'><strong>quid</strong></span> <span class='ocrx_word' id='word_1_621' title='bbox 2230 4385 2440 4454; x_wconf 84' lang='lat' dir='ltr'><strong>gravius</strong></span> <span class='ocrx_word' id='word_1_622' title='bbox 2469 4384 2661 4444; x_wconf 87' lang='lat' dir='ltr'><strong>dicam,</strong></span> <span class='ocrx_word' id='word_1_623' title='bbox 2700 4385 2974 4452; x_wconf 89' lang='lat' dir='ltr'><strong>splendide</strong></span> <span class='ocrx_word' id='word_1_624' title='bbox 3001 4401 3030 4437; x_wconf 92' lang='lat' dir='ltr'><strong>a</strong></span> <span class='ocrx_word' id='word_1_625' title='bbox 3056 4395 3107 4438; x_wconf 89' lang='lat' dir='ltr'><strong>te</strong></span> <span class='ocrx_word' id='word_1_626' title='bbox 3144 4394 3427 4438; x_wconf 91' lang='lat' dir='ltr'><strong>coronatos</strong></span> <span class='ocrx_word' id='word_1_627' title='bbox 3453 4397 3508 4438; x_wconf 92' lang='lat' dir='ltr'><strong>et</strong></span> 
     </span>
    </p>
   </div>
   <div class='ocr_carea' id='block_1_96' title="bbox 1957 4475 3509 4538">
    <p class='ocr_par' dir='ltr' id='par_1_96' title="bbox 1957 4475 3509 4538">
     <span class='ocr_line' id='line_1_97' title="bbox 1957 4475 3509 4538; baseline 0 -9"><span class='ocrx_word' id='word_1_628' title='bbox 1957 4477 2244 4530; x_wconf 90' lang='lat' dir='ltr'><strong>honoratos</strong></span> <span class='ocrx_word' id='word_1_629' title='bbox 2268 4492 2280 4526; x_wconf 91' lang='lat'>:</span> <span class='ocrx_word' id='word_1_630' title='bbox 2305 4476 2386 4527; x_wconf 85' lang='lat' dir='ltr'><strong>sin</strong></span> <span class='ocrx_word' id='word_1_631' title='bbox 2421 4475 2552 4528; x_wconf 86' lang='lat' dir='ltr'><strong>actis</strong></span> <span class='ocrx_word' id='word_1_632' title='bbox 2570 4475 2782 4528; x_wconf 90' lang='lat' dir='ltr'><strong>dederis</strong></span> <span class='ocrx_word' id='word_1_633' title='bbox 2812 4491 3083 4533; x_wconf 90' lang='lat' dir='ltr'><strong>coronam,</strong></span> <span class='ocrx_word' id='word_1_634' title='bbox 3103 4489 3202 4528; x_wconf 91' lang='lat' dir='ltr'><strong>nos</strong></span> <span class='ocrx_word' id='word_1_635' title='bbox 3225 4475 3389 4538; x_wconf 91' lang='lat' dir='ltr'><strong>nullo,</strong></span> <span class='ocrx_word' id='word_1_636' title='bbox 3410 4492 3509 4529; x_wconf 89' lang='lat' dir='ltr'><strong>nec</strong></span> 
     </span>
    </p>
   </div>
   <div class='ocr_carea' id='block_1_97' title="bbox 1955 4566 3511 4636">
    <p class='ocr_par' dir='ltr' id='par_1_97' title="bbox 1955 4566 3511 4636">
     <span class='ocr_line' id='line_1_98' title="bbox 1955 4566 3511 4636; baseline -0.001 -15"><span class='ocrx_word' id='word_1_637' title='bbox 1955 4569 2030 4622; x_wconf 86' lang='lat' dir='ltr'><strong>sic</strong></span> <span class='ocrx_word' id='word_1_638' title='bbox 2056 4567 2292 4636; x_wconf 89' lang='lat' dir='ltr'><strong>quidem,</strong></span> <span class='ocrx_word' id='word_1_639' title='bbox 2334 4567 2529 4620; x_wconf 88' lang='lat' dir='ltr'><strong>damno</strong></span> <span class='ocrx_word' id='word_1_640' title='bbox 2565 4567 2776 4622; x_wconf 82' lang='lat' dir='ltr'><strong>aﬂicies.</strong></span> <span class='ocrx_word' id='word_1_641' title='bbox 2821 4566 3000 4635; x_wconf 87' lang='lat' dir='ltr'><strong>Neque</strong></span> <span class='ocrx_word' id='word_1_642' title='bbox 3052 4568 3193 4622; x_wconf 86' lang='lat' dir='ltr'><strong>enim</strong></span> <span class='ocrx_word' id='word_1_643' title='bbox 3226 4583 3322 4621; x_wconf 92' lang='lat' dir='ltr'><strong>nos</strong></span> <span class='ocrx_word' id='word_1_644' title='bbox 3343 4609 3356 4630; x_wconf 88' lang='lat'><strong>,</strong></span> <span class='ocrx_word' id='word_1_645' title='bbox 3386 4569 3511 4622; x_wconf 90' lang='lat' dir='ltr'><strong>licet</strong></span> 
     </span>
    </p>
   </div>
   <div class='ocr_carea' id='block_1_98' title="bbox 1958 4655 3511 4726">
    <p class='ocr_par' dir='ltr' id='par_1_98' title="bbox 1958 4655 3511 4726">
     <span class='ocr_line' id='line_1_99' title="bbox 1958 4655 3511 4726; baseline -0.001 -16"><span class='ocrx_word' id='word_1_646' title='bbox 1958 4667 2201 4726; x_wconf 87' lang='lat' dir='ltr'><strong>tempore</strong></span> <span class='ocrx_word' id='word_1_647' title='bbox 2266 4659 2512 4720; x_wconf 91' lang='lat' dir='ltr'><strong>adverso,</strong></span> <span class='ocrx_word' id='word_1_648' title='bbox 2567 4657 2857 4709; x_wconf 81' lang='lat' dir='ltr'><strong>defecimus</strong></span> <span class='ocrx_word' id='word_1_649' title='bbox 2905 4656 3112 4709; x_wconf 87' lang='lat' dir='ltr'><strong>ollicio:</strong></span> <span class='ocrx_word' id='word_1_650' title='bbox 3168 4666 3222 4709; x_wconf 90' lang='lat' dir='ltr'><strong>et</strong></span> <span class='ocrx_word' id='word_1_651' title='bbox 3279 4655 3407 4709; x_wconf 88' lang='lat' dir='ltr'><strong>illud</strong></span> <span class='ocrx_word' id='word_1_652' title='bbox 3459 4666 3511 4709; x_wconf 87' lang='lat' dir='ltr'><strong>te</strong></span> 
     </span>
    </p>
   </div>
   <div class='ocr_carea' id='block_1_99' title="bbox 1961 4749 3509 4818">
    <p class='ocr_par' dir='ltr' id='par_1_99' title="bbox 1961 4749 3509 4818">
     <span class='ocr_line' id='line_1_100' title="bbox 1961 4749 3509 4818; baseline -0.003 -16"><span class='ocrx_word' id='word_1_653' title='bbox 1961 4761 2171 4818; x_wconf 87' lang='lat' dir='ltr'><strong>oportet</strong></span> <span class='ocrx_word' id='word_1_654' title='bbox 2194 4749 2352 4813; x_wconf 89' lang='lat' dir='ltr'><strong>scire,</strong></span> <span class='ocrx_word' id='word_1_655' title='bbox 2382 4749 2522 4816; x_wconf 92' lang='lat' dir='ltr'><strong>quod</strong></span> <span class='ocrx_word' id='word_1_656' title='bbox 2553 4750 2622 4801; x_wconf 89' lang='lat' dir='ltr'><strong>ita</strong></span> <span class='ocrx_word' id='word_1_657' title='bbox 2650 4749 3010 4810; x_wconf 89' lang='lat' dir='ltr'><strong>decernendo,</strong></span> <span class='ocrx_word' id='word_1_658' title='bbox 3035 4763 3140 4800; x_wconf 91' lang='lat' dir='ltr'><strong>non</strong></span> <span class='ocrx_word' id='word_1_659' title='bbox 3169 4756 3275 4800; x_wconf 92' lang='lat' dir='ltr'><strong>tam</strong></span> <span class='ocrx_word' id='word_1_660' title='bbox 3303 4763 3400 4800; x_wconf 90' lang='lat' dir='ltr'><strong>nos</strong></span> <span class='ocrx_word' id='word_1_661' title='bbox 3437 4749 3509 4799; x_wconf 86' lang='lat' dir='ltr'><strong>al-</strong></span> 
     </span>
    </p>
   </div>
   <div class='ocr_carea' id='block_1_100' title="bbox 1961 4840 3510 4910">
    <p class='ocr_par' dir='ltr' id='par_1_100' title="bbox 1961 4840 3510 4910">
     <span class='ocr_line' id='line_1_101' title="bbox 1961 4840 3510 4910; baseline -0.002 -14"><span class='ocrx_word' id='word_1_662' title='bbox 1961 4853 2160 4896; x_wconf 85' lang='lat' dir='ltr'><strong>terutra</strong></span> <span class='ocrx_word' id='word_1_663' title='bbox 2192 4857 2508 4896; x_wconf 91' lang='lat' dir='ltr'><strong>coronarum</strong></span> <span class='ocrx_word' id='word_1_664' title='bbox 2541 4841 2740 4909; x_wconf 90' lang='lat' dir='ltr'><strong>privas,</strong></span> <span class='ocrx_word' id='word_1_665' title='bbox 2773 4855 2931 4910; x_wconf 89' lang='lat' dir='ltr'><strong>quam</strong></span> <span class='ocrx_word' id='word_1_666' title='bbox 2966 4851 3246 4908; x_wconf 89' lang='lat' dir='ltr'><strong>utramque</strong></span> <span class='ocrx_word' id='word_1_667' title='bbox 3277 4856 3305 4893; x_wconf 96' lang='lat' dir='ltr'><strong>a</strong></span> <span class='ocrx_word' id='word_1_668' title='bbox 3335 4840 3510 4908; x_wconf 90' lang='lat' dir='ltr'><strong>teipso</strong></span> 
     </span>
    </p>
   </div>
   <div class='ocr_carea' id='block_1_101' title="bbox 1963 4929 3509 4998">
    <p class='ocr_par' dir='ltr' id='par_1_101' title="bbox 1963 4929 3509 4998">
     <span class='ocr_line' id='line_1_102' title="bbox 1963 4929 3509 4998; baseline 0 -15"><span class='ocrx_word' id='word_1_669' title='bbox 1963 4933 2143 4996; x_wconf 87' lang='lat' dir='ltr'><strong>tollis;</strong></span> <span class='ocrx_word' id='word_1_670' title='bbox 2184 4946 2374 4998; x_wconf 91' lang='lat' dir='ltr'><strong>nempe</strong></span> <span class='ocrx_word' id='word_1_671' title='bbox 2405 4945 2562 4998; x_wconf 86' lang='lat' dir='ltr'><strong>quam</strong></span> <span class='ocrx_word' id='word_1_672' title='bbox 2608 4929 2902 4998; x_wconf 83' lang='lat' dir='ltr'><strong>largiuntur</strong></span> <span class='ocrx_word' id='word_1_673' title='bbox 2935 4943 3119 4998; x_wconf 89' lang='lat' dir='ltr'><strong>opera,</strong></span> <span class='ocrx_word' id='word_1_674' title='bbox 3155 4938 3208 4982; x_wconf 92' lang='lat' dir='ltr'><strong>et</strong></span> <span class='ocrx_word' id='word_1_675' title='bbox 3235 4944 3392 4997; x_wconf 90' lang='lat' dir='ltr'><strong>quam</strong></span> <span class='ocrx_word' id='word_1_676' title='bbox 3415 4945 3509 4983; x_wconf 93' lang='lat' dir='ltr'><strong>vo-</strong></span> 
     </span>
    </p>
   </div>
   <div class='ocr_carea' id='block_1_102' title="bbox 1967 5022 2825 5091">
    <p class='ocr_par' dir='ltr' id='par_1_102' title="bbox 1967 5022 2825 5091">
     <span class='ocr_line' id='line_1_103' title="bbox 1967 5022 2825 5091; baseline -0.005 -15"><span class='ocrx_word' id='word_1_677' title='bbox 1967 5022 2143 5076; x_wconf 89' lang='lat' dir='ltr'><strong>luntas</strong></span> <span class='ocrx_word' id='word_1_678' title='bbox 2174 5022 2359 5091; x_wconf 90' lang='lat' dir='ltr'><strong>plectit</strong></span> <span class='ocrx_word' id='word_1_679' title='bbox 2385 5031 2439 5074; x_wconf 90' lang='lat' dir='ltr'><strong>et</strong></span> <span class='ocrx_word' id='word_1_680' title='bbox 2473 5022 2825 5090; x_wconf 91' lang='lat' dir='ltr'><strong>propositum.</strong></span> 
     </span>
    </p>
   </div>
   <div class='ocr_carea' id='block_1_103' title="bbox 2484 5133 2916 5187">
    <p class='ocr_par' dir='ltr' id='par_1_103' title="bbox 2484 5133 2916 5187">
     <span class='ocr_line' id='line_1_104' title="bbox 2484 5133 2916 5187; baseline -0.002 0"><span class='ocrx_word' id='word_1_681' title='bbox 2484 5133 2696 5187; x_wconf 83' lang='lat' dir='ltr'><strong>EPIST.</strong></span> <span class='ocrx_word' id='word_1_682' title='bbox 2739 5133 2916 5186; x_wconf 82' lang='lat' dir='ltr'><strong>LXVI.</strong></span> 
     </span>
    </p>
   </div>
   <div class='ocr_carea' id='block_1_104' title="bbox 2072 5225 3473 5294">
    <p class='ocr_par' dir='ltr' id='par_1_104' title="bbox 2072 5225 3473 5294">
     <span class='ocr_line' id='line_1_105' title="bbox 2072 5225 3473 5294; baseline -0.001 -15"><span class='ocrx_word' id='word_1_683' title='bbox 2072 5227 2346 5279; x_wconf 80' lang='lat' dir='ltr'><strong>Anastasio</strong></span> <span class='ocrx_word' id='word_1_684' title='bbox 2396 5228 2684 5294; x_wconf 78' lang='lat' dir='ltr'><strong>presbytero</strong></span> <span class='ocrx_word' id='word_1_685' title='bbox 2742 5236 2789 5278; x_wconf 78' lang='lat' dir='ltr'><strong>et</strong></span> <span class='ocrx_word' id='word_1_686' title='bbox 2818 5226 3199 5278; x_wconf 80' lang='lat' dir='ltr'><strong>bibliothecario</strong></span> <span class='ocrx_word' id='word_1_687' title='bbox 3221 5225 3473 5278; x_wconf 84' lang='lat' dir='ltr'><strong>Romano.</strong></span> 
     </span>
    </p>
   </div>
   <div class='ocr_carea' id='block_1_105' title="bbox 1527 5386 2303 5447">
    <p class='ocr_par' dir='ltr' id='par_1_105' title="bbox 1527 5386 2303 5447">
     <span class='ocr_line' id='line_1_106' title="bbox 1527 5386 2303 5447; baseline -0.003 -11"><span class='ocrx_word' id='word_1_688' title='bbox 1527 5389 1785 5437; x_wconf 80' lang='lat' dir='ltr'><strong>Montacut.</strong></span> <span class='ocrx_word' id='word_1_689' title='bbox 1820 5387 1921 5447; x_wconf 89' lang='lat' dir='ltr'><strong>(ep.</strong></span> <span class='ocrx_word' id='word_1_690' title='bbox 1958 5386 2062 5441; x_wconf 84' lang='grc'><strong>170,</strong></span> <span class='ocrx_word' id='word_1_691' title='bbox 2095 5401 2142 5447; x_wconf 92' lang='lat' dir='ltr'><strong>p.</strong></span> <span class='ocrx_word' id='word_1_692' title='bbox 2174 5388 2303 5444; x_wconf 70' lang='grc'><strong>244).</strong></span> 
     </span>
    </p>
   </div>
   <div class='ocr_carea' id='block_1_106' title="bbox 393 5472 1850 5547">
    <p class='ocr_par' dir='ltr' id='par_1_106' title="bbox 393 5472 1850 5547">
     <span class='ocr_line' id='line_1_107' title="bbox 393 5472 1850 5547; baseline -0.002 -19"><span class='ocrx_word' id='word_1_693' title='bbox 393 5472 488 5544; x_wconf 80' lang='grc' dir='ltr'><strong>Ἀφ</strong></span> <span class='ocrx_word' id='word_1_694' title='bbox 555 5478 707 5547; x_wconf 78' lang='grc' dir='ltr'>ἱερᾶς</span> <span class='ocrx_word' id='word_1_695' title='bbox 767 5478 866 5547; x_wconf 90' lang='grc' dir='ltr'><strong>μέν</strong></span> <span class='ocrx_word' id='word_1_696' title='bbox 924 5494 1025 5538; x_wconf 90' lang='grc' dir='ltr'><strong>σοι⁹</strong></span> <span class='ocrx_word' id='word_1_697' title='bbox 1056 5477 1116 5529; x_wconf 78' lang='grc' dir='ltr'>τὸ</span> <span class='ocrx_word' id='word_1_698' title='bbox 1155 5477 1535 5546; x_wconf 84' lang='grc' dir='ltr'>παροιμιῶδες,</span> <span class='ocrx_word' id='word_1_699' title='bbox 1591 5476 1619 5526; x_wconf 88' lang='lat'><strong>6</strong></span> <span class='ocrx_word' id='word_1_700' title='bbox 1666 5476 1850 5543; x_wconf 88' lang='grc' dir='ltr'>ἀγών·</span> 
     </span>
    </p>
   </div>
   <div class='ocr_carea' id='block_1_107' title="bbox 306 5567 1854 5640">
    <p class='ocr_par' dir='ltr' id='par_1_107' title="bbox 306 5567 1854 5640">
     <span class='ocr_line' id='line_1_108' title="bbox 306 5567 1854 5640; baseline -0.003 -19"><span class='ocrx_word' id='word_1_701' title='bbox 306 5567 407 5636; x_wconf 76' lang='grc' dir='ltr'><strong>ὀψὲ</strong></span> <span class='ocrx_word' id='word_1_702' title='bbox 466 5569 520 5621; x_wconf 79' lang='grc' dir='ltr'>δὲ</span> <span class='ocrx_word' id='word_1_703' title='bbox 548 5569 648 5638; x_wconf 81' lang='grc' dir='ltr'>τῆς</span> <span class='ocrx_word' id='word_1_704' title='bbox 691 5571 892 5640; x_wconf 88' lang='grc' dir='ltr'>χρείας,</span> <span class='ocrx_word' id='word_1_705' title='bbox 926 5572 1018 5624; x_wconf 81' lang='grc' dir='ltr'>καὶ</span> <span class='ocrx_word' id='word_1_706' title='bbox 1063 5571 1160 5639; x_wconf 82' lang='grc' dir='ltr'>τῆς</span> <span class='ocrx_word' id='word_1_707' title='bbox 1197 5571 1416 5638; x_wconf 85' lang='grc' dir='ltr'>γνώμης</span> <span class='ocrx_word' id='word_1_708' title='bbox 1446 5569 1506 5620; x_wconf 73' lang='grc' dir='ltr'><strong>οὐ</strong></span> <span class='ocrx_word' id='word_1_709' title='bbox 1553 5570 1854 5636; x_wconf 71' lang='grc' dir='ltr'>μέμφομαι.</span> 
     </span>
    </p>
   </div>
   <div class='ocr_carea' id='block_1_108' title="bbox 310 5659 1862 5732">
    <p class='ocr_par' dir='ltr' id='par_1_108' title="bbox 310 5659 1862 5732">
     <span class='ocr_line' id='line_1_109' title="bbox 310 5659 1862 5732; baseline -0.001 -22"><span class='ocrx_word' id='word_1_710' title='bbox 310 5659 415 5711; x_wconf 74' lang='grc' dir='ltr'>Τὸν</span> <span class='ocrx_word' id='word_1_711' title='bbox 482 5663 667 5730; x_wconf 80' lang='grc' dir='ltr'>καιρὸν</span> <span class='ocrx_word' id='word_1_712' title='bbox 727 5664 769 5714; x_wconf 77' lang='grc' dir='ltr'>δ’</span> <span class='ocrx_word' id='word_1_713' title='bbox 815 5663 923 5730; x_wconf 77' lang='grc' dir='ltr'>6ρῶ</span> <span class='ocrx_word' id='word_1_714' title='bbox 974 5663 1386 5732; x_wconf 84' lang='grc' dir='ltr'>παρελάσαντα,</span> <span class='ocrx_word' id='word_1_715' title='bbox 1442 5661 1531 5713; x_wconf 86' lang='grc' dir='ltr'><strong>καί</strong></span> <span class='ocrx_word' id='word_1_716' title='bbox 1585 5678 1671 5728; x_wconf 82' lang='grc' dir='ltr'><strong>μοι</strong></span> <span class='ocrx_word' id='word_1_717' title='bbox 1720 5660 1862 5710; x_wconf 82' lang='grc' dir='ltr'>δοκεῖ</span> 
     </span>
    </p>
   </div>
   <div class='ocr_carea' id='block_1_109' title="bbox 307 5749 1861 5822">
    <p class='ocr_par' dir='ltr' id='par_1_109' title="bbox 307 5749 1861 5822">
     <span class='ocr_line' id='line_1_110' title="bbox 307 5749 1861 5822; baseline -0.001 -22"><span class='ocrx_word' id='word_1_718' title='bbox 307 5750 490 5801; x_wconf 72' lang='grc' dir='ltr'>τοῦτον</span> <span class='ocrx_word' id='word_1_719' title='bbox 549 5753 647 5803; x_wconf 71' lang='grc' dir='ltr'>οὐκ</span> <span class='ocrx_word' id='word_1_720' title='bbox 715 5753 972 5822; x_wconf 72' lang='grc' dir='ltr'>ἀκόμψως</span> <span class='ocrx_word' id='word_1_721' title='bbox 1033 5756 1060 5804; x_wconf 89' lang='lat'><strong>6</strong></span> <span class='ocrx_word' id='word_1_722' title='bbox 1095 5751 1501 5818; x_wconf 71' lang='grc' dir='ltr'>αἰνιγματιστὴς</span> <span class='ocrx_word' id='word_1_723' title='bbox 1556 5749 1861 5810; x_wconf 77' lang='grc' dir='ltr'>ἀπεικάζων</span> 
     </span>
    </p>
   </div>
   <div class='ocr_carea' id='block_1_110' title="bbox 2033 5474 3510 5542">
    <p class='ocr_par' dir='ltr' id='par_1_110' title="bbox 2033 5474 3510 5542">
     <span class='ocr_line' id='line_1_111' title="bbox 2033 5474 3510 5542; baseline 0.003 -16"><span class='ocrx_word' id='word_1_724' title='bbox 2033 5477 2076 5526; x_wconf 86' lang='grc' dir='ltr'><strong>Α</strong></span> <span class='ocrx_word' id='word_1_725' title='bbox 2102 5490 2250 5528; x_wconf 89' lang='lat' dir='ltr'><strong>sacra</strong></span> <span class='ocrx_word' id='word_1_726' title='bbox 2281 5474 2437 5534; x_wconf 89' lang='lat' dir='ltr'><strong>linea,</strong></span> <span class='ocrx_word' id='word_1_727' title='bbox 2479 5484 2536 5526; x_wconf 92' lang='lat' dir='ltr'><strong>ut</strong></span> <span class='ocrx_word' id='word_1_728' title='bbox 2562 5475 2898 5542; x_wconf 83' lang='lat' dir='ltr'><strong>proverbium</strong></span> <span class='ocrx_word' id='word_1_729' title='bbox 2918 5475 3096 5538; x_wconf 82' lang='lat' dir='ltr'><strong>habet,</strong></span> <span class='ocrx_word' id='word_1_730' title='bbox 3117 5478 3210 5532; x_wconf 91' lang='lat' dir='ltr'><strong>tibi</strong></span> <span class='ocrx_word' id='word_1_731' title='bbox 3240 5488 3510 5533; x_wconf 85' lang='lat' dir='ltr'><strong>certamen</strong></span> 
     </span>
    </p>
   </div>
   <div class='ocr_carea' id='block_1_111' title="bbox 1966 5563 3513 5636">
    <p class='ocr_par' dir='ltr' id='par_1_111' title="bbox 1966 5563 3513 5636">
     <span class='ocr_line' id='line_1_112' title="bbox 1966 5563 3513 5636; baseline 0.003 -21"><span class='ocrx_word' id='word_1_732' title='bbox 1966 5564 2212 5616; x_wconf 89' lang='lat' dir='ltr'><strong>sumitur.</strong></span> <span class='ocrx_word' id='word_1_733' title='bbox 2231 5563 2339 5616; x_wconf 88' lang='lat' dir='ltr'><strong>Nec</strong></span> <span class='ocrx_word' id='word_1_734' title='bbox 2367 5565 2722 5632; x_wconf 88' lang='lat' dir='ltr'><strong>reprehendo,</strong></span> <span class='ocrx_word' id='word_1_735' title='bbox 2750 5565 2890 5633; x_wconf 89' lang='lat' dir='ltr'><strong>quod</strong></span> <span class='ocrx_word' id='word_1_736' title='bbox 2911 5576 3031 5634; x_wconf 91' lang='lat' dir='ltr'><strong>post</strong></span> <span class='ocrx_word' id='word_1_737' title='bbox 3074 5583 3230 5620; x_wconf 92' lang='lat' dir='ltr'><strong>usum</strong></span> <span class='ocrx_word' id='word_1_738' title='bbox 3248 5580 3301 5620; x_wconf 88' lang='lat' dir='ltr'><strong>et</strong></span> <span class='ocrx_word' id='word_1_739' title='bbox 3328 5569 3513 5636; x_wconf 82' lang='lat' dir='ltr'><strong>cogni-</strong></span> 
     </span>
    </p>
   </div>
   <div class='ocr_carea' id='block_1_112' title="bbox 1970 5655 3512 5722">
    <p class='ocr_par' dir='ltr' id='par_1_112' title="bbox 1970 5655 3512 5722">
     <span class='ocr_line' id='line_1_113' title="bbox 1970 5655 3512 5722; baseline 0.003 -17"><span class='ocrx_word' id='word_1_740' title='bbox 1970 5655 2166 5707; x_wconf 89' lang='lat' dir='ltr'><strong>tionem</strong></span> <span class='ocrx_word' id='word_1_741' title='bbox 2187 5656 2638 5721; x_wconf 90' lang='lat' dir='ltr'><strong>opportunitatem</strong></span> <span class='ocrx_word' id='word_1_742' title='bbox 2689 5655 2923 5722; x_wconf 90' lang='lat' dir='ltr'><strong>elapsam</strong></span> <span class='ocrx_word' id='word_1_743' title='bbox 2958 5655 3131 5709; x_wconf 86' lang='lat' dir='ltr'><strong>video.</strong></span> <span class='ocrx_word' id='word_1_744' title='bbox 3176 5655 3284 5710; x_wconf 83' lang='lat' dir='ltr'><strong>Nec</strong></span> <span class='ocrx_word' id='word_1_745' title='bbox 3321 5657 3512 5711; x_wconf 89' lang='lat' dir='ltr'><strong>inscite</strong></span> 
     </span>
    </p>
   </div>
   <div class='ocr_carea' id='block_1_113' title="bbox 1972 5745 3512 5816">
    <p class='ocr_par' dir='ltr' id='par_1_113' title="bbox 1972 5745 3512 5816">
     <span class='ocr_line' id='line_1_114' title="bbox 1972 5745 3512 5816; baseline 0 -18"><span class='ocrx_word' id='word_1_746' title='bbox 1972 5746 2103 5798; x_wconf 88' lang='lat' dir='ltr'><strong>mihi</strong></span> <span class='ocrx_word' id='word_1_747' title='bbox 2143 5745 2354 5799; x_wconf 78' lang='lat' dir='ltr'><strong>videtur</strong></span> <span class='ocrx_word' id='word_1_748' title='bbox 2375 5747 2702 5816; x_wconf 79' lang='lat' dir='ltr'><strong>a-nigmatica</strong></span> <span class='ocrx_word' id='word_1_749' title='bbox 2745 5747 2913 5801; x_wconf 89' lang='lat' dir='ltr'><strong>oratio</strong></span> <span class='ocrx_word' id='word_1_750' title='bbox 2944 5747 3045 5801; x_wconf 87' lang='lat' dir='ltr'><strong>hoc</strong></span> <span class='ocrx_word' id='word_1_751' title='bbox 3070 5747 3361 5811; x_wconf 88' lang='lat' dir='ltr'><strong>insinuare,</strong></span> <span class='ocrx_word' id='word_1_752' title='bbox 3394 5761 3512 5815; x_wconf 73' lang='lat' dir='ltr'><strong>quae</strong></span> 
     </span>
    </p>
   </div>
  </div>
