4236 6436
804 334 905 396 879

1941 329 2195 391 PHOTII
2234 329 2729 389 PATRIARCIIE
2787 330 2896 388 (ΣΡ.

3925 325 4029 388 880

805 453 980 506 fronte
1022 451 1328 519 capillatam
1349 449 1707 512 occasionem,
1732 462 1761 500 a
1789 449 1992 516 postico
2014 448 2219 499 calvam
2248 447 2366 514 pin-
2398 457 2439 507 Α
2469 445 2478 495 1

2356 457 2439 507 -Α
2469 445 2645 510 λόγος,
2709 442 3015 512 ἔμπροσθεν
3068 441 3165 510 μὲν
3227 440 3602 511 ἀκερσεκόμην
3633 478 3649 503 ,
3698 437 3922 490 ὄπισθεν
3975 439 4029 489 δὲ

803 543 899 611 git.
927 540 1059 593 Nam
1111 555 1233 593 cum
1286 539 1626 607 praeterlapso
1673 546 1914 606 tempore
1966 535 2367 599 advenit,licet

808 633 1060 686 omnibus
1085 630 1347 684 machinis
1395 637 1768 698 persequatur,
1827 626 1968 682 haud
2008 625 2367 695 comprehen-

806 722 902 778 det
954 732 1153 775 tamen.
1212 718 1318 773 Sed
1364 719 1504 773 bene
1563 719 1632 772 sit
1683 718 2029 788 compatienti
2092 717 2366 787 proposito

806 822 920 877 tuo,
959 821 1238 881 utcunque
1263 809 1412 864 tarde
1462 807 1762 863 advenerit.
1801 809 1970 863 Amici
1993 809 2139 864 enim
2167 808 2368 863 debent

803 903 1025 974 gratiam
1051 917 1159 955 non
1186 916 1285 954 usu
1326 911 1381 954 et
1437 900 1760 955 necessitate
1788 900 1984 965 metiri,
2037 900 2134 955 sed
2170 898 2367 954 aﬂectu

803 1005 857 1048 et
888 994 1184 1047 voluntate.

1324 1101 1545 1158 EPIST.
1598 1101 1800 1156 LXVII.

1287 1195 1548 1248 Damiano
1585 1195 1897 1249 xenodocho.

2467 538 2690 606 κουρίαν
2754 538 2810 586 ἐν
2863 531 3441 604 χρῷ,διαγράψασθαι.
3491 531 3742 583 Ἐπειδὰν
3785 531 3897 597 γάρ
3950 545 4031 589 τις

2467 627 2640 679 ὀπίσω
2675 624 2769 677 τοῦ
2811 626 3001 694 χρόνου
3030 624 3278 693 γένηται,
3314 624 3419 675 κᾶν
3453 623 3673 691 μυρίαις
3710 620 3875 672 αὐτὸν
3906 621 4028 670 ἐπι-

2465 716 2634 786 διώκῃ
2663 717 2897 786 τέχναις,
2918 717 3017 768 οὐκ
3043 716 3188 767 ἐστιν
3208 713 3373 767 αὑτοῦ
3397 711 3840 783 περιδράξασϐαι.
3887 709 4030 761 Ἀλλ’

2472 803 2599 875 εὖγέ
2632 824 2716 860 σοι
2763 808 2856 861 καὶ
2895 807 2993 874 τῆς
3031 805 3120 860 διὰ
3171 804 3397 876 βράδους
3428 803 3686 872 ἐλθούσης
3711 799 4030 869 συμπαθοῦς

2465 899 2853 968 προαιρέσεως.
2884 898 3057 950 Φίλων
3093 898 3223 968 γὰρ,
3254 897 3374 965 οὐχὶ
3411 899 3476 964 τῇ
3514 893 3672 963 χρείᾳ
3718 892 3815 962 τὴν
3870 891 4032 958 χάριν

2467 991 2697 1060 μετρεῖν,
2721 992 2787 1060 τῇ
2811 989 3027 1060 προθὲει
3049 990 3104 1042 δέ
3135 990 3335 1058 κρίνειν
3356 989 3453 1055 την
3468 985 3696 1040 εὔνοιαν.

3038 1103 3274 1155 ἘΠΙΣΤ.
3325 1099 3443 1155 ΞΖ’.

2929 1193 3194 1262 Δαμιανῷ
3244 1191 3559 1262 ξεινοδόκῳ.

2015 1309 2276 1359 llontaeul.
2314 1311 2414 1371 (ep.
2448 1308 2554 1368 195,
2585 1320 2634 1370 p.
2665 1307 2797 1369 295).

877 1407 934 1462 Si
968 1407 1238 1478 graviores
1284 1421 1442 1475 quam
1494 1405 1686 1461 delicta
1747 1417 2022 1462 merentur
2067 1423 2256 1479 pmnas
2299 1408 2371 1461 ir-

807 1500 1097 1568 rogaveris,
1137 1499 1250 1551 noli
1307 1498 1567 1552 arbitrare
1599 1507 1651 1552 te
1669 1499 1890 1567 justitia:
1920 1499 2054 1553 fines
2097 1517 2205 1554 non
2229 1511 2371 1554 tran-

2536 1405 2626 1476 Μὴ
2659 1405 2874 1476 μείζους
2897 1406 3141 1458 ἀπαιτῶν
3177 1405 3273 1467 τὰς
3293 1405 3399 1457 τῶν
3421 1405 3772 1474 πταισμάτων
3799 1405 4032 1474 εἰσπράο

2475 1497 2583 1562 ξεις
2630 1500 2733 1565 ἔξω
2760 1498 2942 1568 νόμιζε
2972 1498 3184 1560 δικαίας
3218 1500 3408 1568 ποινῆς
3437 1499 3697 1568 πράττειν
3733 1511 3748 1527 ⁸
3769 1497 3831 1550 οὐ
3867 1499 4029 1566 μόνον

806 1591 953 1646 silire
990 1608 1002 1643 :
1051 1605 1175 1642 nam
1209 1605 1314 1642 non
1350 1598 1557 1641 tantum
1603 1592 1701 1643 hoc
1750 1591 1941 1643 rationi
2006 1591 2288 1645 reddendae
2323 1601 2374 1645 te
2467 1602 2479 1649 Ἴ

2351 1605 2374 1644 3
2467 1587 2572 1655 γάρ
2594 1588 2691 1639 οὑκ
2714 1586 3023 1652 ἀνεύθυνον,
3051 1586 3150 1639 κᾶν
3178 1587 3262 1638 ἐπ’
3279 1587 3499 1656 ὀνόματι
3523 1588 3684 1654 νόμου
3709 1586 3867 1639 τοῦτο
3898 1589 4024 1655 ποιῇ

806 1697 914 1734 non
942 1679 1210 1747 subjiciet,
1243 1679 1368 1732 licet
1403 1679 1538 1748 legis
1589 1689 1847 1749 praetextu
1898 1681 2004 1744 ﬁat,
2068 1681 2160 1733 sed
2197 1682 2373 1750 dupli-

2467 1695 2571 1743 τις,
2625 1677 2758 1730 ἀλλά
2814 1680 2908 1731 καὶ
2965 1677 3169 1740 διπλοῖς
3239 1678 3418 1747 ἔνοχον
3505 1678 3834 1746 ἀδικήμασιν
3865 1694 3881 1708 ·
3944 1678 4026 1728 ὅτι

805 1780 936 1825 cata:
988 1770 1262 1839 injustitia:
1287 1785 1434 1822 reum
1464 1769 1606 1833 facit,
1640 1770 1912 1834 nimirum,
1946 1770 2087 1839 quod
2116 1771 2366 1838 injuriam
2394 1804 2440 1862 Β
2468 1786 2478 1819 1

2351 1787 2440 1862 1B
2468 1770 2560 1862 κα)⁵
2627 1769 2835 1831 ἀδικίας
2897 1769 3049 1840 ἄρχει
3079 1809 3094 1833 ,
3145 1768 3238 1822 καὶ
3279 1769 3497 1862 νᾴμουςγ
3538 1767 3792 1862 ὐδρίζειᾼ·
3860 1767 4024 1862 μέχρι

807 1861 1004 1924 intulit,
1061 1870 1115 1914 et
1169 1861 1310 1929 leges
1390 1859 1550 1912 afIicit
1613 1861 1988 1915 contumelia:

807 1952 987 2006 forsan
1018 1966 1228 2020 aequum
1274 1961 1328 2004 et
1374 1950 1666 2019 legitimum
1699 1963 1800 2015 est,
1855 1952 1921 2005 ab
1981 1953 2181 2022 injuria
2246 1953 2363 2008 affi-

806 2042 982 2094 ciente
1011 2056 1224 2109 poenam
1269 2056 1589 2110 reposcere:
1627 2051 1680 2094 at
1712 2058 2016 2095 mensuram
2069 2043 2362 2114 transgredi

808 2131 862 2185 in
893 2131 1175 2185 inferendo
1212 2132 1493 2200 supplicio,
1523 2142 1715 2185 contra
1753 2132 1896 2201 leges
1938 2132 2219 2188 manifeste
2267 2150 2365 2204 pu-

807 2231 953 2292 gnat,
1019 2232 1072 2276 et
1134 2222 1397 2291 supplicio
1461 2223 1677 2293 dignum
1751 2222 1877 2277 facit
1931 2225 2162 2289 eodem,
2222 2228 2365 2294 quod

808 2315 1080 2384 irrogavit,
1114 2315 1155 2368 si
1212 2330 1317 2368 non
1345 2315 1604 2385 graviore,
1645 2325 1790 2370 certe
1838 2332 1946 2370 non
1973 2317 2361 2372 moderatiore:

807 2407 897 2458 dat
930 2407 1072 2459 enim
1113 2407 1321 2459 initium
1377 2407 1527 2460 alteri
1569 2407 1776 2476 injuriae
1811 2425 1824 2460 :
1876 2408 1920 2461 si
1965 2419 2110 2462 certe
2151 2409 2241 2478 qui
2297 2410 2364 2463 ab

811 2498 980 2548 altero
1044 2511 1229 2564 pmnas
1277 2512 1372 2566 pro
1420 2497 1613 2565 injuria
1645 2498 1894 2565 reposcit,
1937 2512 2001 2551 eo
2052 2496 2169 2566 ipso
2205 2498 2365 2553 debet

811 2585 926 2652 ipse
956 2585 1376 2638 moderationem
1423 2585 1651 2650 discere,
1681 2599 1749 2638 ne
1773 2585 1916 2653 juste
1943 2600 2005 2638 ea
2032 2600 2188 2654 pinna
2212 2601 2365 2654 repo—

809 2684 986 2728 scatur
1037 2676 1106 2728 ab
1136 2675 1276 2744 ipso.
1327 2673 1480 2740 Quod
1526 2675 1569 2728 si
1592 2674 1888 2729 debitorem
1919 2676 2106 2730 decem
2139 2677 2364 2730 millium

813 2766 1138 2818 talentorum
1173 2767 1354 2819 animo
1394 2766 1618 2827 recolas,
1694 2776 1749 2820 et
1791 2767 2077 2821 terribilem
2121 2769 2263 2821 illam
2310 2778 2364 2822 et

814 2856 1035 2909 horrore
1064 2856 1276 2925 plenam
1333 2857 1824 2921 comminationem,
1858 2857 1981 2911 licet
2021 2859 2154 2912 nihil
2185 2869 2364 2914 extor-

809 2947 1005 3014 quebat
1043 2962 1151 3002 non
1179 2946 1439 3012 debitum,
1489 2956 1694 3001 tantum
1720 2949 1864 3017 quod
1894 2949 2123 3005 debitori
2148 2966 2254 3004 non
2277 2967 2365 3020 pe-

810 3038 976 3104 percit
1017 3057 1030 3091 :
1063 3053 1222 3093 scena
1257 3039 1344 3093 illa
1372 3047 1427 3093 et
1457 3047 1767 3108 praeteritus,
1815 3049 1866 3095 te
1903 3042 2198 3096 secundum
2222 3042 2363 3112 leges

2046 1860 2150 1915 huc
2198 1879 2364 1931 usque
2394 1859 2431 1862 ⁷
2469 1861 2568 1930 μὲν
2617 1862 2723 1932 γὰρ
2773 1862 2929 1914 τοῦτο
2963 1900 2978 1924 ,
3038 1861 3150 1914 ἴσον
3203 1861 3354 1929 παρά
3414 1861 3506 1914 τοῦ
3547 1860 3866 1929 ἠδικηκότος
3932 1859 4021 1911 λα-

2463 1953 2598 2018 ϐεῖν,
2625 1953 2853 2024 νόμιμον
2904 1954 3030 2016 ῐσως
3086 1955 3196 2016 τοῖς
3241 1952 3449 2016 πολλοῖς
3493 1953 3585 2004 καὶ
3621 1951 3680 2003 οὑ
3724 1950 3962 2018 χαλεπόν
3993 1966 4006 1976 ·

2465 2042 2875 2113 ὑπερὸεὸηκότα
2919 2042 2976 2094 δέ
3017 2041 3076 2094 τὸ
3119 2041 3336 2112 μέτρον,
3365 2041 3444 2092 ἔτι
3502 2039 3690 2100 ποινὰς
3719 2038 4023 2106 ἐπιζητεῖν,

2463 2132 2772 2202 παράνομον
2793 2133 3041 2200 φανερῶς
3054 2132 3418 2201 καὶτιμωρίας
3435 2129 3613 2199 ἔνοχον
3630 2123 3694 2198 ἧς
3718 2125 4023 2197 ἀπῄτησεν,

2469 2223 2556 2275 ἱνα
2585 2222 2659 2294 μὴ
2683 2222 2822 2290 λέγω
2846 2223 3170 2293 βαρυτέρας,
3193 2223 3328 2284 τέως
3354 2221 3413 2272 οὐ
3441 2219 3808 2290 μετριωτέρας
3834 2235 3846 2247 ·
3874 2219 4022 2287 ἀρχὴ

2463 2314 2570 2385 γάρ
2599 2316 2742 2366 ἐστιν
2761 2313 3090 2383 ἀδικήματος
3118 2311 3274 2366 ἄλλου
3307 2327 3322 2341 ο
3351 2310 3546 2381 καίπερ
3578 2313 3605 2362 ὁ
3633 2310 3786 2378 δίκην
3809 2309 4021 2378 ἕτερον,

2463 2405 2600 2473 ὑπὲρ
2638 2399 2712 2458 ὧν
2739 2405 3012 2474 ἠδίκησεν,
3044 2403 3308 2469 ἀπαιτῶν,
3331 2402 3555 2455 αὐτόθεν
3605 2401 3833 2470 ὤφειλεν
3869 2401 4015 2469 ἔχειν

2461 2496 2551 2549 τὸν
2573 2497 2961 2566 σωφρονισμὸν,
2980 2497 3058 2559 είς
3083 2495 3142 2547 τὸ
3179 2496 3251 2565 μὴ
3281 2494 3374 2546 ἐπὶ
3400 2497 3511 2557 τοῖς
3531 2494 3660 2556 [σοις
3692 2493 3786 2544 καὶ
3816 2494 4024 2561 ὁμοίοις

2461 2588 2560 2656 τὴν
2587 2588 2737 2655 δίκην
2769 2587 3020 2655 ὀφείλειν,
3043 2587 3176 2650 ἀλλ’,
3206 2588 3278 2648 ὼς
3319 2586 3513 2648 ἔοικεν,
3536 2586 3635 2636 οὐκ
3660 2584 3809 2636 ἔστιν
3848 2583 4020 2654 ὀργῆς

2462 2680 2882 2748 ἐμμανέστερον.
2919 2679 2979 2730 EI
3004 2677 3061 2729 δέ
3090 2678 3183 2730 καὶ
3211 2677 3300 2728 τὸν
3329 2676 3607 2744 ὀφειλέτην
3647 2674 3756 2726 τῶν
3808 2674 4019 2742 μυρίων

2462 2769 2742 2823 ταλάντων
2789 2771 2868 2832 είς
2918 2767 3041 2821 νοῦν
3099 2766 3421 2829 ἀναλάὸοις,
3480 2765 3575 2818 καὶ
3633 2766 3732 2833 τὴν
3782 2763 4022 2831 φοϐεράν

2463 2861 2695 2931 ἐκείνην,
2728 2860 2822 2912 καί
2847 2877 2928 2911 τοι
2958 2859 3104 2911 οὐδὲν
3139 2859 3263 2913 ἄλλο
3289 2859 3320 2926 ἢ
3351 2859 3485 2926 ὅπερ
3530 2856 3871 2925 ἐχρεώστητο
3912 2859 4020 2910 ἀπο

2461 2954 2579 3024 ῄτει
2598 2953 2688 3005 καὶ
2705 2954 2902 3021 φρίκης
2920 2951 3190 3020 γέμουσαν
3205 2949 3450 3017 ἀπειλὴν,
3469 2949 3552 3001 ὅτι
3583 2947 3657 3018 μὴ
3681 2947 4024 3014 συγγνώμων

2462 3047 2667 3113 ἐγίνετο
2699 3045 2777 3114 τῷ
2813 3043 3084 3113 ὀφειλέτη,
3115 3044 3234 3094 τίνα
3263 3044 3327 3095 ἄν
3360 3058 3440 3093 σοι
3471 3043 3504 3109 ἡ
3542 3038 3713 3108 σκηνὴ
3742 3037 3839 3091 τοῦ
3884 3038 4022 3090 κατά

809 3128 1006 3195 facere,
1034 3130 1162 3200 quid
1203 3131 1477 3201 proderit?
1505 3130 1645 3199 quod
1665 3131 1920 3185 auxilium
1953 3141 2079 3187 tunc
2101 3148 2353 3202 procura-
2379 3133 2422 3192 C
2454 3155 2482 3189 ν

2347 3166 2353 3175 -
2379 3133 2422 3192 C
2454 3138 2612 3206 νόμον
2636 3134 2842 3187 οἴεσθαι
2862 3145 2884 3171 ι’
2909 3137 3164 3204 πράττειν
3183 3171 3196 3193 ,
3221 3135 3314 3186 καὶ
3341 3131 3738 3202 παρανομοῦντι
3765 3129 4020 3199 βοήθειαν

810 3221 915 3273 bit?

1327 3334 1539 3389 EPIST.
1592 3334 1818 3390 LXVIII.

1193 3424 1356 3477 Paulo
1397 3428 1645 3478 monacho
1707 3428 1868 3494 lapso.

2465 3225 2758 3294 ἐμπυρίσῃς

3031 3335 3250 3388 ΕΠΙΣΤ.
3295 3331 3416 3386 EH’.

2705 3426 2920 3492 Παύλῴ
2957 3423 3199 3495 μοναχῷ
3249 3421 3753 3489 ἀποστατήσαντι.

2042 3548 2301 3596 Montacut.
2339 3551 2440 3610 (ep.
2475 3547 2522 3606 7,
2559 3561 2604 3608 p.
2640 3547 2737 3606 7|).

877 3647 1042 3701 Deum
1074 3657 1314 3701 nostrum
1370 3648 1640 3702 Christum
1663 3650 1945 3718 abnegavit
1978 3651 2168 3704 Petrus
2204 3669 2217 3704 :
2249 3652 2353 3706 dif-

808 3740 1002 3793 fidebat
1038 3739 1209 3792 eidem
1243 3737 1506 3799 Thomas;
1540 3738 1705 3792 Judas
1769 3749 1946 3793 autem
1982 3742 2237 3809 prodidit.
2273 3743 2354 3795 Tu

805 3842 982 3883 autem
1025 3831 1068 3882 si
1126 3830 1416 3899 resipueris
1453 3829 1519 3882 ab
1573 3830 1638 3882 iis
1683 3846 1800 3898 qum
1861 3842 2046 3884 contra
2095 3849 2213 3896 nos,
2265 3844 2359 3886 aut

808 3934 953 3974 tuam
1000 3921 1175 3989 potius
1235 3921 1480 3986 salutem,
1525 3920 1705 3974 furore
1757 3923 1993 3988 percitus
2040 3925 2352 3990 patraveris,

805 4026 925 4080 qua:
965 4018 1015 4063 te
1057 4010 1122 4061 ad
1157 4018 1389 4062 mentem
1428 4024 1610 4062 sanam
1661 4011 1916 4065 reducere
1946 4013 2231 4075 debebant,
2261 4013 2354 4065 de-

805 4116 1018 4170 sperare
1044 4101 1173 4153 noli.
1210 4099 1317 4154 Nos
1346 4100 1512 4162 enim,
1539 4110 1808 4170 utcunque
1838 4113 1947 4156 tute
1972 4104 2082 4171 ipse
2106 4118 2354 4158 emansor

806 4191 991 4251 fueris,
1032 4190 1098 4241 ab
1120 4188 1313 4242 affectu
1349 4190 1403 4242 in
1442 4199 1492 4244 te
1557 4202 1739 4246 nostro
1768 4208 1874 4244 non
1901 4194 2356 4247 excidimus.Sint

804 4279 1038 4333 Thomas
1060 4290 1112 4332 et
1160 4279 1347 4333 Petrus
1378 4282 1594 4349 antiqua
1627 4283 1716 4334 tibi
1749 4284 1991 4352 exempla
2023 4285 2087 4337 ad
2127 4300 2352 4338 conver-

802 4370 1006 4424 sionem
1045 4389 1056 4423 :
1093 4371 1186 4424 sed
1217 4381 1269 4424 et
1313 4372 1447 4425 alios
1488 4373 1645 4424 etiam
1681 4374 1940 4441 collapsos
1989 4374 2350 4438 conservahis,

2522 3656 2623 3707 Τὸν
2666 3650 2896 3721 Χριστὸν
2949 3649 3041 3700 καὶ
3090 3647 3220 3700 Θεὸν
3272 3644 3448 3715 ἡμῶν,
3495 3644 3524 3694 ὁ
3579 3642 3783 3709 Πέτρος
3842 3638 4015 3708 ἠρνή-

2457 3767 2604 3811 σατο,
2657 3749 2686 3800 ὁ
2736 3746 2934 3814 Θωμᾶς
2986 3743 3308 3813 ἠπίστησεν,
3364 3743 3393 3794 ὁ
3450 3738 3648 3798 Ἰούδας
3701 3734 4008 3804 προῦδωγε·

2456 3845 2520 3894 σὺ
2568 3840 2753 3902 οὗν,εἱ
2815 3839 2911 3907 μὲν
2975 3836 3242 3906 μετέγνως
3290 3835 3374 3901 ἐφ’
3427 3829 3527 3895 οἷς,
3579 3831 3638 3894 ἐξ
3678 3823 3752 3882 ὧν
3799 3829 3905 3879 ἔδει
3955 3844 4014 3878 σε

2458 3932 2772 3999 σωφρονεῖν,
2797 3930 2916 3982 καθ’
2945 3929 3119 3997 ἡμῶν,
3154 3925 3351 3995 μᾶλλον
3376 3924 3430 3976 δὲ
3453 3924 3552 3992 τῆς
3584 3923 3682 3990 σῆς
3716 3921 4012 3989 σωτηρίας.

2455 4023 2678 4091 ἐμάνης,
2718 4021 2880 4090 μηδὲν
2916 4018 3184 4087 ἁπογνῷς.
3222 4015 3356 4068 Οῠτε
3387 4015 3494 4084 γὰρ
3549 4014 3646 4080 τῆς
3681 4011 3836 4081 ἡμῶν
3878 4011 4011 4078 πρὸς

2455 4108 2534 4171 σὲ,
2576 4106 2676 4158 κᾶν
2704 4107 2864 4168 αὐτὸς
2908 4104 3146 4174 ἐξέστης,
3199 4104 3518 4171 ἀπέστημεν
3568 4101 3884 4160 διαθέσεως,
3917 4100 4011 4149 καὶ

2453 4198 2650 4260 Θωμᾶς
2671 4216 2751 4249 σοι
2780 4200 2876 4267 τῆς
2901 4196 3259 4265 ἐπιστροφῆς,
3293 4195 3388 4248 καὶ
3418 4194 3638 4262 Πέτρος,
3664 4192 3870 4244 παλαιά
3897 4208 4006 4242 πα-

2466 4287 2798 4355 ραδείγματα
2828 4299 2845 4315 ο
2875 4285 3065 4346 σώσεις
3095 4284 3138 4334 δ’
3161 4284 3287 4345 ἴσως
3331 4284 3418 4335 καὶ
3449 4283 3605 4342 αὐτὸς
3633 4281 3824 4342 ἄλλους
3876 4297 4010 4346 σφα-

2454 4378 2663 4439 λέντας,
2699 4376 2770 4428 δι’
2805 4369 2878 4428 ὧν
2907 4375 3066 4437 αὐτὸς
3113 4375 3339 4444 ἀνέστης
3363 4371 3575 4425 πεσώνο
3607 4372 3655 4423 εἰ
3709 4371 3767 4423 δέ
3802 4371 3876 4439 μὴ
3912 4387 3999 4437 με·

802 4477 924 4515 cuin
983 4477 1012 4514 a
1069 4478 1196 4514 casu
1250 4472 1340 4514 tuo
1380 4465 1723 4517 resuscitatus
1757 4464 1940 4518 fueris.
1996 4465 2146 4529 Quod
2175 4465 2216 4517 si
2255 4481 2349 4518 ne-
2384 4455 2424 4506 υ
2451 4484 2475 4519 τ

2333 4495 2349 4502 -
2384 4455 2424 4506 υ
2451 4466 2683 4534 ταγνῷς,
2735 4448 2833 4519 κᾶν
2883 4466 3189 4534 ἀνιώμενοι,
3238 4465 3486 4534 λέγομεν,
3518 4463 3652 4533 πρὸς
3699 4463 3794 4514 τὸν
3840 4460 4006 4513 ’ἰούδα

800 4567 1066 4619 quaquam
1134 4552 1505 4619 pcenitentiam
1559 4554 1751 4622 egeris,
1806 4564 1858 4607 te
1942 4555 2065 4608 licet
2117 4556 2358 4610 dolentes

801 4643 878 4696 sic
913 4641 1155 4706 affamur,
1213 4643 1474 4711 reliquum
1555 4655 1636 4696 est
1670 4653 1726 4697 ut
1776 4643 1923 4697 Judae
1977 4646 2222 4713 laqueum
2270 4662 2354 4700 re-

798 4731 1016 4799 spicias.

1355 4841 1566 4895 EPIST.
1619 4841 1800 4894 LXIX.

1289 4935 1532 4987 Monac/io
1564 4931 1626 4985 E.
1668 4934 1910 4999 collapsa.

2453 4574 2510 4608 σε
2548 4558 2736 4626 βρόχον
2760 4557 3045 4609 ὑπόλοιπον
3068 4558 3297 4626 ἀφορᾷν.

3059 4846 3274 4898 ΕΠΙΣΤ.
3309 4845 3426 4896 ΞΘ.

2847 4937 3168 4995 Mortifera
3202 4941 3266 4989 E.
3298 4937 3563 4987 πεσόντι.

2013 5048 2254 5097 Montacut
2310 5059 2409 5111 (ep.
2447 5053 2522 5112 12,
2555 5067 2600 5115 p.
2639 5057 2737 5117 74);

865 5151 1156 5202 Peccasti:
1202 5152 1497 5204 humanum
1529 5163 1628 5205 est.
1664 5153 1767 5206 Sed
1832 5163 2049 5222 peccato
2114 5154 2344 5208 admisso
2433 5179 2461 5219 ί
2525 5161 2538 5173 “

2328 5172 2344 5208 )
2433 5179 2461 5219 ί
2525 5159 2802 5226 Ἢμαρτες
2829 5173 2841 5185 ⁸
2878 5154 3212 5224 ἀνθρώπινον
3240 5153 3412 5206 τοῦτο.
3452 5152 3588 5203 Ἀλλ’
3620 5151 3900 5218 ἐπιμένεις
3926 5151 4001 5216 τῷ

796 5236 1043 5301 iuhzeres,
1081 5255 1178 5291 nec
1217 5243 1501 5294 reverteris
1537 5261 1548 5294 :
1597 5244 1676 5295 hei
1703 5244 1860 5295 niihil
1896 5244 1995 5296 hoc
2024 5244 2344 5299 diabolicum

793 5333 893 5377 est.
924 5324 1234 5391 Considera,
1255 5345 1452 5397 quaeso,
1479 5347 1543 5383 an
1575 5348 1679 5384 non
1707 5332 1980 5400 professus
2005 5349 2123 5387 cum
2155 5350 2342 5388 mona-

792 5415 909 5471 chis
933 5427 1154 5482 sortem,
1194 5431 1247 5474 et
1296 5424 1578 5491 stipulatus
1639 5425 1929 5492 angelicam
1980 5430 2342 5481 conversatio—

2450 5247 2622 5316 κακῷ,
2655 5250 2746 5300 καὶ
2773 5249 2870 5300 οὐκ
2912 5249 3213 5318 ἐπιστρέφῃ
3238 5264 3250 5275 ’
3281 5246 3566 5314 δαιμόνων,
3602 5244 3656 5295 οῖ
3682 5261 3792 5312 μοι,
3820 5241 3997 5294 τοῦτο.

2451 5339 2643 5390 Σκόπει
2670 5339 2756 5406 δὴ,
2788 5338 2862 5407 μὴ
2893 5340 3014 5390 ἀντὶ
3042 5339 3135 5389 τοῦ
3169 5335 3528 5406 παραγγεῖλαί
3564 5351 3620 5386 σε
3654 5336 3734 5396 εἰς
3761 5334 3856 5401 τὴν
3895 5334 3999 5384 τῶν

2459 5429 3294 5502 μοναζόντωνικληρουχίαν,καὶ
3331 5428 3756 5496 ἐπαγγείλασθαί
3790 5445 3849 5481 σε
3902 5428 3999 5498 τὴν

2047 5580 2274 5634 νΛΙίΙίΕ
2329 5581 2725 5636 LECTIONES.

867 5735 886 5764 τ
920 5729 1007 5782 ἷσ.
1036 5723 1206 5800 οἶμαι.
