4236 6436
300 433 407 498 881

1444 455 1975 518 EPISTOLARUM
2016 460 2243 522 LIBER
2286 465 2363 523 II.

3407 476 3508 538 882

289 550 407 602 τῶν
457 549 703 618 ἀγγέλων
773 557 1069 624 πολιτείαν,
1148 566 1224 624 εἰς
1272 566 1369 633 τὴν
1434 568 1540 620 τῶν
1588 570 1853 639 δαιμόνων
1881 577 1962 634 Α]

1811 589 1853 622 ιν
1881 577 1929 634 Α
1954 589 2097 639 nem,
2120 576 2173 629 in
2210 576 2500 631 infaustum
2529 574 2918 634 daemoniorum
2944 589 3145 637 statum
3200 588 3448 645 recidens
3469 633 3484 658 ,

290 643 624 713 κατενεχθῇς
689 646 1025 718 μοχθηρίαν,
1102 656 1194 705 καὶ
1266 658 1403 724 πρὸς
1480 661 1578 727 τὴν
1636 662 1852 714 ἐκείνων
1947 684 1963 721 ε

1827 681 1852 714 ν
1947 669 2013 721 ad
2071 669 2277 725 illorum
2301 687 2485 739 pmnas
2512 670 2882 742 przccipitaris,
2928 673 3019 727 ubi
3049 688 3224 733 cessat
3256 684 3500 753 proposi-

288 734 600 807 ἀπενεχθῇς
636 742 949 810 τιμωρίανο
1001 746 1087 797 ὅτε
1147 750 1297 801 πᾶσα
1350 754 1619 819 πρόφασις
1667 755 1845 825 ἀργεῖ,

289 827 388 878 καὶ
422 830 500 891 είς
550 830 703 884 κενὸν
738 836 771 903 ή
822 837 1096 904 μετάνοια.

905 950 1125 1005 ΕΠΙΣΤ.
1167 954 1237 1006 0’.

581 1036 905 1103 Ἀθανασίῳ
944 1042 1184 1111 μοναχῷ
1239 1047 1619 1117 ἡσυχάζοντι.

1506 1165 1767 1216 Monlacut.
1804 1168 1904 1228 (eo.

375 1246 434 1298 '0
471 1246 571 1316 μὲν
601 1251 698 1319 τῆς
738 1254 987 1325 Ἐριστὴς
1006 1268 1026 1297 ³
1056 1260 1370 1329 ἐπίσκοπος,
1406 1270 1523 1329 ταῖς
1553 1269 1842 1339 ὑμετέραις

290 1336 475 1403 εὐχαῖς
520 1340 797 1409 ὀρθωθεὶς,
842 1348 1115 1418 ἀνέρῤωσε
1157 1353 1250 1404 τοῦ
1301 1356 1543 1418 πάθους·
1586 1336 1679 1411 καὶ
1727 1336 1844 1428 *τῆς

293 1433 659 1500 σχισματικῆς
706 1438 993 1504 σηπεδόνος
1024 1443 1378 1511 ἀπαλλαγεὶς,
1410 1450 1475 1516 τῇ
1504 1448 1716 1518 όλότητι
1746 1451 1836 1503 τοῦ

286 1522 740 1590 ἐκκλησιαστικοῦ
779 1531 1045 1599 σώματος,
1085 1537 1275 1605 μέλους
1311 1542 1403 1593 καὶ
1447 1541 1643 1612 μέρους
1692 1545 1842 1610 τάξιν

286 1612 610 1681 ἀνειληφὼς,
654 1623 1212 1693 συνηρμόσθη,πολλά
1265 1632 1361 1697 μὲν
1412 1634 1509 1701 τῆς
1574 1634 1841 1703 προτέρας
1870 1667 1913 1723 Β

287 1706 588 1768 καταγνοὺς
632 1712 1086 1779 φρενοϐλαϐείας,
1121 1718 1332 1781 πολλοῖς
1380 1720 1436 1771 δέ
1488 1722 1716 1792 δάκρυσι
1778 1726 1838 1778 τὸ

285 1790 481 1856 ἔδαφος
522 1794 739 1862 ῥαίνων,
768 1802 1031 1869 οἰμωγαῖς
1067 1806 1121 1858 δὲ
1152 1808 1391 1870 πολλαῖς,
1418 1812 1513 1863 καὶ
1560 1790 1839 1867 ἐλεεινολο-

286 1880 434 1946 γίαις
468 1884 566 1954 τὴν
596 1889 875 1957 παροῦσαν
894 1894 1127 1960 σύνοδον,
1160 1898 1534 1969 ἀπαραίτητον
1552 1904 1638 1956 ἐπ’
1680 1906 1840 1958 αὑτὸν

283 1972 517 2040 ὁρῶσαν,
551 1979 629 2040 εἰς
668 1981 980 2053 οίκτιρμοὺς
1009 1988 1260 2054 διαλύσας
1296 2008 1307 2019 ·
1344 1993 1438 2043 καὶ
1471 1994 1498 2045 ὅ
1548 2012 1609 2061 γε
1643 1997 1778 2065 ἀνὴρ
1813 1999 1831 2032 ί

284 2065 404 2134 οὑχὶ
441 2066 628 2131 πολιᾶς
656 2073 1197 2149 συγγνώμηνῇτησεν
1227 2083 1261 2134 ἀ
1286 2086 1484 2147 κακίας
1508 2102 1521 2116 °
1552 2086 1684 2138 ἀλλά
1717 2105 1836 2139 νεα-

281 2163 570 2232 νιευμὲνην
612 2164 775 2229 ἔδειξε
811 2169 1043 2237 μισήσας
1088 2174 1369 2241 πονηρίαν.
1401 2175 1472 2225 Οὑ
1523 2177 1628 2244 γὰρ
1668 2176 1833 2228 ἁπλό-

282 2269 442 2320 τητος
494 2251 560 2325 ἦν
605 2258 632 2309 ὁ
678 2258 876 2327 γέρων,
936 2261 1049 2313 ἀλλ’
1087 2263 1300 2333 ἀπάτης
1354 2265 1610 2335 θήραμαο
1650 2260 1743 2329 ὧν,
1774 2268 1833 2319 τὸ

284 2350 401 2414 μὲν,
428 2348 677 2418 βοηθείας
733 2354 900 2423 μόνης
932 2372 947 2386 ·
984 2358 1043 2409 τὸ
1095 2358 1149 2409 δὲ
1183 2360 1353 2413 δεῖται
1398 2361 1488 2412 καὶ
1519 2362 1832 2431 προκαθάρ-

280 2457 418 2501 σεως
439 2457 455 2474 ο
481 2442 611 2493 ἀλλὰ
633 2444 739 2512 γάρ
760 2450 870 2509 τοῖς
896 2448 1173 2518 ὑμετέροις
1200 2452 1381 2514 πόνοις
1403 2453 1580 2515 καλῶς
1613 2456 1705 2507 τοῦ
1735 2456 1826 2523 γέ-

281 2545 461 2595 ροντος
489 2529 920 2601 ἐξεργασθέντος,
945 2538 1039 2587 καὶ
1066 2537 1172 2589 τῶν
1210 2539 1310 2607 τῆς
1346 2541 1624 2605 νουθεσίας
1660 2561 1829 2611 σπερ-

278 2620 464 2683 μάτων
527 2625 1113 2695 προκαταὸληθέντων,
1170 2632 1330 2700 ἡμεῖς
1394 2635 1601 2696 ἀπόνως
1663 2638 1826 2690 αὑτοῦ

272 2707 370 2774 τὴν
386 2712 653 2778 σωτηρίαν
676 2714 1132 2785 ἐκαρπωσάμεθα.
1160 2720 1277 2772 Τῶν
1297 2721 1352 2772 δὲ
1375 2721 1630 2789 ἰατρικῶν
1647 2723 1823 2789 εἰδῶν,

272 2799 450 2851 πάντα
480 2801 577 2869 μὲν
606 2804 703 2855 οὑκ
735 2801 803 2874 ἦν
830 2808 1006 2876 εὑρεῖν
1046 2811 1184 2862 κατά
1210 2814 1393 2882 χεῖρας
1426 2830 1439 2842 ·
1481 2816 1579 2866 ὅσα
1609 2816 1665 2867 δὲ
1687 2833 1828 2884 παρ-

270 2891 359 2956 ῆν,
404 2893 703 2964 ἀπεστάλη.
782 2898 902 2950 Τῶν
946 2900 1250 2954 ὑπολοίπων
1282 2906 1315 2973 ἡ
1350 2907 1587 2974 φροντὶς,
1624 2906 1727 2970 ἓως
1759 2909 1824 2960 ἂν

271 2982 623 3051 πορισθῶσιν,
683 2988 781 3039 οὑκ
834 2988 1116 3058 ἐπιλείψει.
1187 2994 1310 3056 Τοῖς
1359 2995 1550 3066 δώροις
1604 2998 1658 3050 δὲ
1720 2999 1886 3073 τῆςο

277 3072 547 3143 ὑμετέρας
580 3076 874 3146 ὁσιότητος,
906 3081 996 3132 ἐπὶ
1040 3084 1178 3150 μέγα
1201 3085 1647 3157 ἡγαλλιασάμεθα
1679 3105 1693 3118 ·
1724 3091 1823 3159 μά-

267 3162 421 3214 λιστά
449 3182 509 3232 γε
538 3168 634 3235 τῆς
659 3169 913 3240 ἀληθινῆς
933 3173 1147 3242 ἀγάπης
1171 3175 1342 3229 ταῦτα
1370 3178 1742 3249 πληθυνούσης
1767 3194 1815 3247 υ,

267 3254 363 3303 καὶ
413 3256 491 3315 είς
553 3258 777 3324 μέγεθος
828 3262 920 3312 καὶ
968 3262 1161 3325 κάλλος
1208 3262 1566 3337 ἐξαπλούσης,
1598 3271 1690 3320 καὶ
1751 3271 1819 3322 δι’

267 3342 448 3394 αὑτῶν
480 3344 725 3409 διδούσης
756 3350 1035 3412 εἰκονίςειν
1055 3353 1115 3403 τὸ
1141 3353 1233 3404 τοῦ
1266 3353 1379 3421 βίου
1418 3356 1615 3426 ὑψηλόν
1640 3375 1697 3410 τε
1728 3360 1821 3411 καὶ

270 3434 577 3503 μετάρσιον.
616 3435 887 3509 Ἐρῤωσο.

840 3697 1059 3753 ΕΠΙΣΤ.
1114 3704 1234 3755 OA'.

506 3785 742 3853 Ζωσιμᾷ
764 3790 1075 3857 μονάζοντι
1108 3793 1207 3845 καὶ
1230 3794 1571 3863 ΰσυχαστῇ.

1950 769 2081 827 tum,
2124 770 2178 815 et
2223 761 2514 816 frustratur
2542 767 2877 821 omnitentia.

2442 961 2653 1016 I‘IPIST.
2711 965 2869 1021 LXX.

2177 1053 2459 1106 Athanasio
2497 1060 2741 1109 monacho
2768 1059 3116 1115 anachoreta.

1940 1168 2019 1227 20,
2054 1180 2103 1228 p.
2139 1166 2242 1228 8|).

2022 1270 2209 1322 Erista:
2277 1271 2581 1339 episcopus,
2639 1273 2834 1325 vestris
2884 1275 3135 1341 precibus
3191 1285 3422 1340 erectus,
3462 1292 3491 1330 a

1939 1362 2124 1414 morbo
2150 1363 2417 1414 convaluit
2452 1402 2465 1425 ,
2506 1362 2647 1415 etde
2692 1366 2983 1432 putredine
3016 1367 3271 1421 liberatus
3344 1370 3489 1422 schi-

1938 1452 2164 1503 smatica
2200 1492 2213 1514 ,
2279 1452 2440 1518 partis
2480 1453 2588 1520 jam
2655 1463 2707 1506 et
2753 1456 2978 1508 membri
3014 1471 3208 1510 munus
3263 1458 3485 1522 obiens,

1939 1558 2060 1595 cum
2092 1542 2455 1596 ecclesiastico
2482 1553 2595 1595 toto
2619 1554 2760 1596 etetu
2782 1547 3187 1616 compaginatus
3214 1559 3315 1611 est,
3346 1552 3490 1617 prio-

1942 1648 2054 1685 rem
2122 1634 2314 1685 mentis
2382 1649 2493 1686 suae
2546 1648 2692 1687 same
2738 1636 3059 1688 amotionem
3123 1639 3303 1691 multis
3357 1654 3489 1692 con-

1942 1723 2223 1786 demnans,
2260 1724 2505 1798 lacrymis
2544 1726 2905 1792 pavimentum
2970 1727 3159 1796 rigavit
3186 1729 3385 1791 multis,
3438 1739 3495 1783 et

1941 1823 2255 1880 praesentem
2297 1815 2579 1883 synodum,
2631 1833 2792 1883 quam
2847 1818 2899 1869 in
2930 1833 2987 1871 se
3019 1819 3231 1871 videbat
3256 1819 3493 1871 inexora-

1940 1903 2118 1967 bilem,
2171 1906 2440 1967 lamentis,
2496 1905 2763 1961 flebilibus
2784 1908 3141 1973 sermonibus,
3177 1914 3387 1963 tandem
3421 1910 3488 1964 ad

1936 1997 2358 2063 eompassionem
2420 1998 2701 2051 convertit.
2733 1996 2843 2051 Nec
2876 1998 3084 2052 veniam
3122 1999 3274 2067 quasi
3301 2000 3487 2053 insons

1936 2089 2147 2140 canitiei
2181 2088 2567 2157 deprecabatur
2589 2129 2603 2153 ,
2639 2090 2731 2143 sed
2770 2091 2892 2144 odio
2920 2106 2978 2146 se
3008 2091 3201 2144 habere
3233 2092 3485 2156 ostendit,

1934 2178 2334 2232 insolentiorem
2385 2181 2622 2248 juventa:
2699 2181 3113 2248 improbitatem.
3170 2181 3327 2235 Certe
3378 2197 3486 2234 non

1932 2283 2027 2336 per
2076 2270 2471 2337 simplicitatem
2504 2285 2689 2334 senex,
2758 2271 2851 2323 sed
2898 2270 3021 2324 dolo
3074 2280 3257 2339 captus
3300 2288 3487 2341 pecca-

1929 2369 2119 2424 verat;
2168 2361 2357 2412 borum
2426 2360 2657 2413 duorum
2705 2360 2858 2413 alteri
2909 2376 3044 2430 opus
3092 2369 3176 2415 est
3207 2362 3350 2415 nudo
3396 2377 3486 2415 au-

1936 2450 2083 2513 xilio,
2144 2451 2295 2504 alteri
2329 2460 2507 2505 autem
2542 2453 2878 2522 purgatione.
2929 2456 3062 2507 Cum
3096 2470 3223 2507 vero
3263 2470 3358 2523 per
3396 2471 3486 2509 ve-

1928 2547 2097 2593 strum
2126 2541 2421 2593 exhibitum
2465 2542 2513 2595 ei
2550 2543 2787 2595 studium
2826 2544 3032 2612 Optime
3060 2543 3486 2597 reformeturillc

1928 2646 2108 2695 senex,
2142 2632 2437 2685 seminibus
2474 2633 2681 2686 consilii
2730 2634 2877 2702 prius
2940 2634 3160 2703 sparsis,
3214 2651 3314 2689 nos
3367 2636 3482 2689 fru-

1926 2730 2069 2773 ctum
2110 2721 2251 2775 illius
2303 2722 2489 2775 salutis
2526 2725 2642 2777 sine
2666 2724 2775 2778 ullo
2832 2734 3019 2778 nostro
3072 2726 3255 2779 labore
3295 2727 3482 2780 retuli-

1926 2823 2063 2862 mus.
2132 2808 2332 2863 Omnes
2378 2827 2539 2878 porro
2587 2813 2796 2881 species
2851 2814 3131 2868 medicina:
3195 2816 3349 2868 nobis
3416 2818 3483 2870 ad

1924 2914 2116 2953 manus
2143 2915 2252 2953 non
2286 2910 2440 2954 erant
2464 2913 2693 2971 praesto;
2722 2906 2865 2972 quod
2901 2906 3143 2958 erantin
3180 2908 3480 2974 procinctu,

1925 2990 2101 3043 missae
2156 3001 2300 3044 sunt.
2333 2991 2473 3045 Cura
2504 2993 2571 3046 de
2621 2995 2869 3061 residuis,
2924 2996 3098 3050 donec
3130 2998 3257 3065 ipsae
3284 3013 3481 3065 suppe-

1923 3078 2186 3144 ditentur,
2246 3097 2345 3135 nec
2405 3098 2511 3135 non
2585 3083 2815 3138 deﬁciet.
2890 3083 3053 3140 Donis
3126 3088 3283 3140 nobis
3320 3103 3348 3140 a
3389 3097 3479 3141 tua

1922 3172 2203 3226 sanctitate
2222 3173 2475 3240 profectis
2501 3176 2859 3244 maximopere
2889 3177 3290 3232 exsultabamus
3323 3187 3478 3232 :sunt

1920 3272 2096 3314 autem
2150 3264 2393 3331 inprimis
2424 3266 2509 3318 illa
2565 3280 2595 3318 a
2653 3268 2828 3322 veraci
2867 3268 3105 3338 profecta
3140 3270 3427 3324 dilectione
3462 3313 3476 3336 ,

1919 3370 2036 3423 qua:
2085 3357 2135 3408 in
2180 3356 2424 3409 eximiam
2452 3359 2875 3427 magnitudinem
2920 3371 2977 3413 et
3022 3361 3475 3429 pulchritudinem

1919 3449 2207 3509 succrevit,
2268 3464 2385 3517 quae
2431 3465 2688 3515 amorem,
2727 3454 2870 3506 unde
2911 3454 3244 3519 oriebantur,
3266 3454 3476 3508 faciunt

1920 3534 2044 3586 vim
2132 3534 2493 3589 excelsitatem
2574 3546 2629 3590 et
2711 3540 3092 3595 sublimitatem
3163 3557 3468 3612 repraesen-

1924 3631 2056 3673 tare.

2505 3715 2609 3768 ΕΡΙ
2618 3716 2720 3771 ST.
2764 3718 2948 3776 LXXI.

2172 3802 2394 3857 Zosimat
2433 3810 2683 3861 monacho
2729 3819 2778 3864 et
2822 3815 3164 3873 anachoretaz.

1473 3910 1733 3959 Montacut.
1772 3912 1873 3974 (ep.
1911 3913 1988 3969 25,
2024 3926 2071 3974 p.
2108 3914 2209 3972 83).

337 4003 524 4070 Ὀρειά
547 4019 627 4055 σοι
666 4004 731 4057 τά
755 4004 923 4073 δῶρα,
951 4010 1192 4065 κάστανά
1218 4015 1311 4065 καὶ
1336 4015 1595 4083 ἀμανίται
1621 4035 1634 4048 ο
1666 4018 1801 4071 ἀλλὰ
1835 4020 1876 4071 ῐ)
1974 4015 2010 4067 Μ

1795 4020 1876 4071 ιῐ)
1974 4015 2225 4071 Montana
2277 4027 2365 4073 tua
2417 4036 2645 4077 munera
2706 4039 3161 4091 sunt,castanea2
3197 4048 3393 4104 nempe
3414 4050 3468 4093 et

260 4095 545 4162 βασιλικῆς
568 4094 911 4161 πολυτελείας
940 4101 998 4151 τὸ
1024 4102 1226 4170 πλῆθος
1259 4121 1273 4135 ·
1308 4108 1400 4159 καὶ
1426 4109 1501 4175 τῷ
1527 4110 1625 4176 μὲν
1647 4112 1807 4181 ὀρείῳ
1902 4120 1929 4157 3

1794 4133 1807 4163 ,
1902 4108 2303 4172 amanitae;sed
2342 4112 2540 4181 regiam
2593 4115 2845 4184 adimplet
2904 4122 3323 4178 muniﬁcentiam
3373 4144 3467 4183 εον

253 4186 475 4254 ἣδυνας,
499 4188 593 4256 οὑχ
622 4190 818 4255 ὁμοίως
856 4190 912 4241 δὲ
936 4190 1012 4257 τῷ
1058 4194 1335 4247 πολυτελεῖ
1361 4198 1618 4267 διέθκηας
1649 4217 1661 4227 ·
1706 4201 1804 4271 ὅρη
1903 4212 1926 4263 ῐ

1795 4220 1804 4271 ι
1903 4196 2026 4263 pia;
2081 4201 2442 4255 montanismo
2474 4204 2777 4273 delectasti,
2833 4224 2941 4263 non
3012 4215 3237 4281 perinde
3296 4220 3468 4271 abun-

254 4296 315 4328 τε
374 4280 572 4331 ἀδικῶν
609 4320 624 4344 ,
685 4283 777 4333 καὶ
843 4283 1116 4352 βασιλείαν
1192 4287 1435 4340 κλέπτων
1498 4291 1554 4341 ἐν
1603 4291 1804 4361 ὄρεσιν.
1902 4286 1927 4338 (1

1791 4333 1804 4347 ,
1902 4286 2118 4354 dantia;
2173 4302 2383 4345 montes
2440 4295 2607 4360 laedis,
2654 4308 2709 4351 et
2765 4315 2987 4370 regnum
3018 4280 3111 4358 tibi
3154 4306 3210 4359 in
3270 4312 3464 4363 monti-

257 4370 513 4438 ’Ἔγραψα
534 4370 724 4438 ταῦτα,
754 4374 838 4425 ἵνα
860 4376 952 4427 καὶ
978 4379 1258 4448 συστείλῃς
1296 4380 1355 4431 τὸ
1384 4380 1583 4450 πλῆθος
1601 4384 1695 4435 καὶ
1710 4386 1807 4454 τὴν
1902 4373 1930 4426 Ῑ]

1788 4402 1807 4436 ν
1902 4373 2001 4428 bus
2051 4376 2350 4432 suﬂ‘uraris.
2405 4382 2531 4435 Haec
2582 4384 2703 4439 ideo
2753 4389 2960 4458 scripsi,
3008 4394 3148 4447 utde
3194 4396 3343 4464 copia
3369 4401 3461 4452 dc-

254 4461 432 4511 εἱδίαν
458 4460 725 4533 φυλάττῃς
751 4464 858 4517 τῶν
873 4466 1059 4537 δώρων
1082 4484 1094 4497 ·
1127 4469 1425 4540 ἐϐουλόμην
1450 4490 1530 4525 σοι
1562 4490 1807 4544 παραγε-

253 4552 459 4614 νέσθαι,
486 4555 619 4605 ἀλλά
641 4557 736 4623 τῆς
760 4558 933 4629 ὁρμῆς
954 4561 1183 4632 ἐσχέθην
1218 4580 1231 4594 ·
1257 4565 1403 4632 ὅμως
1430 4566 1526 4617 οὑκ
1581 4569 1659 4630 είς
1704 4585 1807 4636 μα-

252 4643 411 4709 κρὰν,
441 4645 748 4713 ἀνθ’ήμῶν,
770 4650 1048 4719 σταλήται,
1076 4653 1229 4719 ὃς,οὑ
1247 4654 1386 4717 λέγω
1421 4658 1804 4727 ἀναπληρώσει

251 4736 394 4800 (οὑδὲ
417 4737 522 4805 γὰρ
544 4739 713 4803 αὑτοὶ,
735 4741 842 4793 οὐδ’
876 4742 1059 4794 ἄλλοτε
1092 4746 1297 4813 ἡμεῖς),
1345 4747 1477 4801 ἀλλά
1515 4749 1803 4818 μετριώσει

248 4827 311 4876 τὸ
358 4827 639 4897 ὑστέρημα
669 4832 843 4899 ἡμῶν.
876 4833 955 4887 Τά
982 4834 1023 4885 δ’
1070 4836 1220 4899 ἄλλα,
1254 4838 1522 4908 ἐρῤωσθαί
1574 4856 1665 4891 σου
1706 4841 1802 4910 τὴν

250 4916 522 4986 πατρικὴν
555 4920 804 4987 ὁσιότητα
864 4924 1219 4993 ἐπευχόμεθα,
1267 4928 1359 4979 καὶ
1409 4928 1504 4997 τῆς
1541 4929 1698 4997 ἡμῶν
1729 4930 1802 4999 μὴ

249 5004 597 5075 ἐπιλελῆσθαι
649 5010 1015 5077 μετριότητος.

854 5186 1071 5240 ΕΠΙΣΤ.
1113 5189 1208 5241 OB'

467 5271 794 5337 Ἀθανασίφ
834 5278 1074 5345 μοναχῷ
1126 5280 1223 5332 καὶ
1277 5282 1652 5349 ἡσυχάζοντι.

1905 4483 2036 4533 mas,
2070 4477 2123 4522 et
2150 4471 2203 4523 in
2234 4475 2551 4529 muneribus
2577 4493 2867 4549 congruam
2938 4486 3173 4541 retineas
3201 4494 3459 4557 speciem.

1911 4558 2111 4614 Vellem
2144 4564 2231 4617 tibi
2268 4580 2502 4631 przesens
2523 4571 2731 4636 adesse,
2790 4575 2880 4628 sed
2912 4580 3321 4636 retardaturille
3352 4586 3456 4637 im-

1911 4662 2105 4719 petus;
2173 4667 2538 4713 verumtamen
2614 4678 2721 4716 non
2764 4665 2855 4719 diu
2910 4668 3012 4721 erit
3078 4686 3198 4723 cum
3276 4688 3462 4731 nostra

1909 4743 2025 4797 vice
2072 4746 2399 4814 ablegabitur
2417 4752 2506 4818 qui
2540 4767 2645 4805 non
2675 4754 2847 4808 dicam
2887 4759 3221 4828 adimplebit,
3257 4765 3457 4833 (neque

1908 4834 2051 4887 enim
2088 4836 2188 4889 hoc
2218 4838 2504 4906 aliquando
2543 4844 2625 4896 vel
2698 4845 2801 4914 ipsi
2858 4861 3108 4916 praestare
3138 4856 3454 4924 poterimus)

1907 4925 2001 4977 sed
2057 4926 2461 4984 admensnrabit
2484 4932 2754 4990 defectum
2789 4949 3051 4995 nostrum.
3086 4943 3289 4999 Caetera
3313 4951 3457 5015 quod

1906 5018 2117 5071 attinet.
2155 5020 2321 5074 Deum
2355 5040 2600 5089 veneror,
2630 5039 2847 5096 paterna
2867 5047 2961 5085 sua
2984 5036 3239 5091 sanctitas
3260 5041 3454 5107 valeat,

1908 5111 2071 5167 nolito
2108 5126 2307 5172 nostrae
2334 5120 2574 5176 oblivisci
2604 5124 3008 5183 mediocritatis.

2405 5213 2618 5268 EPIST.
2651 5215 2861 5272 LXXII.

2111 5299 2395 5354 Athanasio
2425 5305 2674 5357 monacho
2703 5316 2751 5358 et
2784 5309 3130 5366 anachoreta.

1486 5394 1741 5447 Montacut.
1780 5402 1878 5463 (ep.
1914 5404 1988 5463 26,
2014 5421 2057 5467 ιι.
2093 5408 2193 5469 85).

317 5482 405 5542 Εἰς
437 5482 533 5551 τὴν
558 5485 655 5553 τῆς
696 5487 988 5555 ἡγεμονίας
1036 5491 1233 5560 ἐπέστη
1265 5494 1453 5563 ἀρχὴν,
1491 5498 1548 5549 ὃν
1606 5502 1791 5569 ἄρχειν

242 5570 341 5636 τῆς
370 5577 736 5644 πνευματικῆς
770 5579 968 5649 ἀγέλης
1007 5584 1037 5650 ἡ
1084 5584 1147 5649 σὴ
1193 5586 1401 5653 ὁσιότης
1444 5589 1531 5640 διὰ
1566 5589 1792 5660 δοκιμῆς

1967 5509 2045 5561 Ad
2093 5511 2451 5581 principatum
2485 5527 2539 5570 et
2561 5520 2928 5588 magistratum
2960 5535 3237 5591 promotus
3269 5526 3312 5579 is
3336 5538 3436 5593 est,

1898 5617 2055 5669 quem
2109 5613 2199 5659 tua
2257 5610 2532 5674 sanctitas,
2601 5612 2930 5681 experientia
2972 5625 3146 5685 capta,
3212 5632 3439 5687 przecsse

1504 5737 1726 5793 ΥΑΙὶΙᾸΞ
1764 5743 2161 5803 LECTIONES.

325 5845 344 5869 -‘
376 5838 460 5888 tv.
506 5836 768 5908 Ἐριστῆς.
855 5845 866 5879 ί
902 5846 984 5897 to.
1013 5844 1114 5898 διὰ.
1196 5858 1217 5883 ιι
1251 5863 1337 5913 γρ.
1372 5849 1729 5923 πληθυούσης.
