4236 6436
730 372 833 436 883

1864 370 2122 431 ΡΗΟΤΙΙ
2154 374 2647 436 PATRIARCH/E
2686 377 2793 436 CP.

3829 370 3948 436 884

735 479 877 550 gregi
921 477 1051 531 fecit
1083 477 1368 547 spirituali.
1422 475 1647 532 Precare
1692 493 1841 549 ergo,
1871 479 2047 546 Pater,
2077 491 2134 534 ut
2172 498 2272 536 nec
2297 486 2347 543 Α
2371 487 2408 536 ἐτ

2270 522 2272 531 ι
2297 486 2347 543 Α
2371 485 2676 554 ἐποιήσατο.
2697 483 2866 554 Εὐχου
2888 477 2998 547 οῦν,
3026 483 3227 554 Πάτερ,
3259 483 3394 552 μήτε
3421 481 3518 551 τὴν
3541 479 3640 548 σὴν
3667 479 3943 548 σφαλῆναι

733 582 824 624 tuo
849 569 1052 638 judicio
1091 568 1375 638 decipiaris
1416 570 1518 640 (est
1550 569 1691 622 enim
1733 571 1832 625 hoc
1881 573 1961 626 vel
2017 573 2286 642 inprimis,

734 661 776 713 si
827 660 956 728 quid
999 659 1165 721 aliud,
1197 674 1494 729 congruum
1541 674 1663 712 cum
1696 671 1800 715 IUZB
1846 663 2138 726 sanctitati,
2173 673 2286 716 tum

733 754 895 807 etiam
951 753 1071 822 illi),
1095 767 1196 806 nec
1231 767 1486 805 manuum
1548 762 1850 806 nostrarum
1897 753 2169 822 impositio
2221 754 2288 808 ad

735 846 1056 900 reddendam
1078 854 1302 900 vocetur
1324 844 1583 897 rationem
1609 886 1624 908 ,
1675 845 1768 898 sed
1792 856 1847 899 ut
1893 846 2052 914 plane
2093 847 2289 917 dignus

736 939 823 992 ille
864 938 1262 992 demonstretur
1306 946 1361 992 et
1388 947 1566 991 vestro
1592 937 1868 1009 suffragio,
1895 947 1950 991 et
1987 955 2083 1008 spe
2132 941 2288 993 nobis

2386 576 2562 646 κρίσιν
2585 576 2758 644 (τοῦτο
2787 577 2894 646 γὰρ
2925 577 2991 645 τῇ
3018 592 3075 626 τε
3107 578 3171 644 σῇ
3209 575 3466 642 ὁσιότητι,
3489 571 3745 640 κὰκείνῳ,
3777 572 3944 639 ειπερ

2383 687 2435 720 τι
2463 670 2611 732 ἄλλο,
2646 668 3126 734 λυσιτελέστατον),
3147 668 3280 735 μήτε
3308 667 3403 736 τὴν
3423 664 3578 734 ἡμῶν
3602 661 3947 733 χειροθεσίαν

2383 760 2631 822 εὐθύναις
2673 759 3006 829 ἐνορᾶσθαι·
3060 758 3175 811 ἀλλ’
3199 758 3345 822 ἄξιον
3392 758 3480 809 τὸν
3527 757 3713 824 ἄνδρα,
3748 753 3842 804 τοῦ
3879 768 3948 803 τε

2384 852 2646 920 ὑμετέρου
2691 852 3060 922 ψηφίσματος,
3090 849 3184 902 καὶ
3231 848 3336 900 τῶν
3389 847 3672 919 ἡμετέρων
3705 845 3948 896 ἐλπίδων

2383 943 2795 1012 ἀναδειχθῆναι·
2826 944 2893 996 τὰ
2935 944 2978 996 δ’
3011 943 3142 996 ἄλλα
3195 939 3465 1010 tepescat
3531 955 3622 990 σου
3656 936 3753 1006 τὴν
3796 936 3945 988 ὁσιό-

735 1037 1022 1097 concepta.
1077 1025 1282 1081 Cretera
1336 1027 1480 1095 quod
1548 1037 1800 1097 spectat,
1871 1028 2053 1082 valere
2100 1040 2293 1099 exopto
2380 1051 2408 1086 τ

2275 1046 2293 1086 )
2380 1051 2518 1102 τητα
2547 1034 2912 1105 ἐπευχόμεθα,
2939 1032 3148 1103 καὶτῆς
3174 1029 3330 1102 ἡμῶν
3358 1030 3433 1099 μὴ
3452 1028 3797 1099 ἐπιλελῆσθαι
3845 1043 3948 1094 με-

735 1128 882 1172 tuam
906 1119 1266 1184 sanctitatem,
1314 1126 1371 1172 et
1409 1129 1607 1174 nostra:
1654 1119 2039 1175 mediocritatis
2090 1120 2287 1192 iugiter

736 1225 1070 1266 meminisse.

1302 1318 1516 1373 EPIST.
1566 1318 1799 1374 LXXIII.

1396 1409 1600 1465 Eidem.

2387 1144 2417 1178 τ
2428 1126 2666 1196 ριότητος
2675 1166 2689 1179 .

2990 1332 3209 1388 ΕΠΙΣΤ.
3243 1333 3359 1386 ΟΓ’.

3022 1423 3106 1490 Τῷ
3126 1422 3303 1489 αὐτῷ.

1979 1535 2238 1582 ιιοοισωι.
2277 1533 2377 1597 (ep.
2401 1537 2479 1598 27,
2512 1553 2560 1601 p.
2588 1540 2692 1602 86).

844 1628 924 1682 Ad
980 1643 1041 1683 ea
1093 1645 1211 1698 qua:
1269 1630 1545 1683 attendere
1600 1629 1787 1683 debuit
1861 1629 1928 1693 is,
1957 1633 2047 1699 qui
2104 1644 2292 1687 vestra:
2327 1647 2364 1699 Β

741 1720 1038 1772 sanctitatis
1076 1720 1280 1773 litteras
1303 1721 1501 1783 attulit,
1532 1721 1846 1774 brevissimo
1869 1730 1921 1772 et
1991 1731 2292 1790 opportuno

744 1820 984 1877 tempore
1009 1810 1389 1864 instruebatur.
1455 1809 1711 1864 Praestitit
1775 1810 1859 1861 ille
1884 1825 1942 1862 se
1962 1811 2283 1879 morigerum

742 1900 825 1952 vel
875 1900 1124 1962 maxime,
1145 1911 1196 1954 et
1240 1901 1711 1968 pollicitationibus
1739 1900 2022 1953 declaravit
2063 1901 2294 1954 fructum

744 2009 802 2046 se
823 1994 1049 2046 laturum
1102 1995 1556 2048 admonitionibus
1586 1995 1690 2048 illis
1744 1993 1982 2063 dignum,
2039 1994 2292 2047 nimirum

743 2084 918 2152 quoad
952 2093 1164 2147 caetera,
1204 2086 1569 2154 complacente
1622 2085 1748 2149 Deo,
1785 2085 1948 2137 vitam
1989 2084 2294 2150 instituere,

746 2191 849 2229 nec
891 2176 974 2230 vel
1000 2175 1245 2244 digitum,
1302 2177 1444 2244 quod
1473 2177 1686 2240 dicitur,
1719 2175 1962 2228 attollere
1991 2174 2191 2243 absque
2210 2192 2298 2230 ve-

746 2275 857 2318 stra
888 2266 1186 2320 directione
1217 2283 1232 2331 ;
1261 2265 1432 2319 Deum
1498 2281 1598 2320 oro
1645 2274 1702 2319 ut
1758 2263 2117 2332 respondeant
2162 2264 2298 2319 facta

746 2354 943 2416 verbis,
969 2370 1036 2408 ne
1064 2355 1107 2407 si
1173 2353 1313 2408 forte
1359 2354 1413 2407 in
1474 2370 1600 2408 saxa
1662 2355 2016 2417 seminantes,
2046 2353 2301 2408 destituat

747 2461 848 2502 nos
875 2459 1084 2518 tempus
1107 2448 1218 2518 agri
1246 2449 1505 2502 metendi.

852 2538 1095 2593 Monaclii
1152 2541 1512 2610 symbolorum
1538 2542 1839 2597 inordinate
1890 2560 1948 2599 se
1980 2553 2296 2615 gesserunt,

748 2631 840 2700 qui
901 2647 1186 2685 censuram
1217 2633 1319 2686 sibi
1355 2644 1670 2704 arrogarunt
1701 2645 1754 2689 et
1792 2646 2108 2704 potestatem
2134 2637 2302 2690 abba-

751 2723 820 2775 tis
871 2721 1195 2790 deponendi.
1225 2723 1369 2776 Idem
1399 2724 1608 2779 facinus
1632 2727 1768 2790 ausi,
1815 2742 1878 2780 ac
1912 2728 1955 2780 si
1980 2728 2033 2780 in
2064 2730 2301 2798 aurigam

751 2813 1088 2883 insurgerent
1141 2815 1291 2883 equi,
1357 2831 1543 2885 greges
1591 2816 1643 2868 in
1692 2825 1980 2887 pastorem,
2039 2827 2216 2872 nauta:
2247 2821 2302 2872 in

751 2904 1063 2958 uauclerum
1091 2921 1104 2956 :
1137 2903 1246 2956 imo
1277 2905 1444 2957 multo
1477 2905 1578 2960 hoc
1634 2908 1803 2975 magis
1831 2908 2092 2960 absonum
2117 2918 2220 2971 est,
2244 2918 2305 2962 ut

2462 1635 2560 1692 Ὧν
2593 1642 2700 1695 ἔδει
2727 1644 2992 1713 κατήκοον
3045 1641 3297 1708 γενέσθαι
3339 1639 3430 1690 τὸν
3485 1632 3954 1706 γραμματοφόρον

2394 1731 2490 1800 τῆς
2515 1733 2665 1798 ὑμῶν
2693 1733 2987 1801 ὁσιότητος,
3010 1733 3082 1795 ὡς
3105 1732 3163 1781 ἐν
3193 1727 3509 1799 βραχυτάτῳ
3539 1723 3734 1792 καιρῷ,
3768 1722 3956 1774 πάντα

2396 1821 2696 1889 παρῃνέθη,
2726 1821 2819 1872 καὶ
2869 1821 3026 1883 αὐτὺς
3079 1819 3240 1872 αὐτὸν
3287 1815 3538 1883 εὐπειθῆ,
3593 1813 3687 1865 καὶ
3734 1813 3954 1880 καρπὸν

2396 1910 2561 1961 οῐσειν
2620 1910 2726 1962 τών
2775 1910 3147 1980 παραινέσεων
3178 1907 3345 1972 ἁξιον,
3412 1905 3531 1965 ταῖς
3588 1901 3955 1969 ὑποσχέσεσιν

2395 2001 2582 2066 ἔδειξε,
2604 2002 2670 2053 τά
2701 2018 2758 2053 τε
2800 2001 2930 2054 ἄλλα
2978 1999 3095 2069 Θεῷ
3140 2000 3443 2069 εὐαρέστως
3467 1995 3634 2066 βιοῦν,
3666 1994 3760 2046 καὶ
3814 1991 3955 2061 μηδὲ

2394 2093 2486 2145 τὸν
2550 2093 2827 2154 δάκτυλον,
2879 2093 2906 2144 ὃ
2952 2092 3014 2161 δή
3077 2108 3229 2158 φασι,
3288 2090 3456 2143 κινεῖν
3521 2086 3619 2154 τῆς
3670 2083 3950 2153 ὑμετέρας

2397 2182 2563 2252 χωρὶς
2621 2181 2947 2250 ἐπικρίσεως
2974 2198 2987 2211 ·
3013 2179 3284 2250 εὐχόμεθα
3335 2179 3398 2246 δὴ
3441 2177 3551 2239 τοίς
3587 2175 3767 2243 ἔργοις
3816 2189 3959 2240 συμ-

2398 2275 2679 2334 ϐαίνοντας
2711 2273 2836 2326 ίδείν
2865 2275 2987 2334 τοὺς
3018 2273 3226 2339 λόγους,
3258 2271 3343 2323 ἵνα
3380 2269 3453 2339 μὴ
3496 2267 3825 2337 σπείραντας
3873 2265 3958 2324 είς

2399 2366 2671 2434 πέτρας,ὁ
2710 2363 2801 2417 τοῦ
2843 2364 3106 2433 γεωργίου
3164 2361 3351 2431 καιρὸς
3397 2359 3551 2430 ἡμᾶς
3599 2355 3957 2424 ἐξελέγξειεν.

2471 2545 2533 2596 Οί
2561 2543 2618 2595 δέ
2645 2542 2753 2595 τῶν
2803 2539 3086 2608 συμϐόλων
3119 2539 3340 2607 μοναχοὶ
3369 2535 3617 2595 ἀτάκτως
3669 2529 3962 2601 ἐχώρησαν

2401 2636 2609 2696 ἑαυτοῖς
2662 2633 2760 2704 τὴν
2817 2631 2942 2700 περὶ
2991 2629 3085 2681 τοῦ
3151 2628 3298 2697 σφῶν
3351 2626 3653 2695 ἡγουμένου
3708 2622 3963 2686 ἐξουσίαν

2402 2725 2498 2777 καὶ
2544 2725 2723 2794 κρίσιν
2776 2720 3202 2790 ἐπιτρέψαντες·
3244 2719 3357 2771 ἴσον
3408 2716 3515 2784 γάρ
3565 2717 3708 2766 ἐστιν
3758 2713 3962 2774 ἵππους

2403 2815 2630 2886 ἡνιόχων
2683 2809 3187 2878 κατεξανίστασθαι,
3214 2810 3308 2862 καὶ
3351 2808 3594 2877 πρόϐατα
3642 2803 3736 2855 τοῦ
3769 2807 3964 2869 ποιμέ-

2405 2925 2513 2970 νος,
2545 2906 2640 2958 καὶ
2665 2904 2860 2968 ναύτας
2897 2903 2991 2955 τοῦ
3042 2901 3368 2969 κυϐερνήτου
3399 2915 3412 2927 ·
3441 2897 3638 2966 μᾶλλον
3666 2896 3722 2947 δὲ
3779 2893 3963 2961 πολλῷ

753 2994 1000 3046 monachi
1039 2993 1259 3047 audacia
1311 3005 1500 3048 contra
1541 2997 1899 3065 hegumenum
1935 2997 2266 3052 insolescant
2291 3041 2304 3062 ,
2331 2983 2374 3044 C
2408 3001 2426 3052 ἀ

2291 3041 2304 3062 ,
2331 2983 2374 3044 C
2408 2997 2749 3067 ἀτοπώτερον
2780 3037 2794 3060 ,
2846 2996 3108 3064 μοναχοὺς
3145 2994 3254 3046 τῶν
3310 2988 3736 3058 καθηγουμένων
3794 3003 3962 3038 κατα-

752 3086 842 3154 qui
887 3086 1147 3138 rationem
1205 3085 1324 3138 aliis
1351 3096 1565 3139 tenetur
1590 3096 1646 3140 et
1672 3103 1782 3140 non
1812 3087 1941 3156 ipsis
1980 3089 2221 3142 reddere.
2249 3089 2304 3142 Si

754 3175 883 3244 quid
927 3174 1108 3228 abillo
1131 3174 1384 3228 delictum
1425 3174 1619 3239 fuerat,
1663 3175 1897 3243 judicem
1930 3177 2076 3230 adire
2139 3176 2307 3245 majo-

759 3281 873 3320 rem
920 3267 1206 3328 debebant,
1244 3281 1342 3318 uec
1380 3265 1446 3317 ad
1494 3281 1551 3318 se
1610 3267 1846 3334 arripere
1887 3266 2143 3335 judicium
2191 3267 2310 3335 epi-

754 3356 985 3426 scopale,
1035 3373 1154 3410 cum
1189 3357 1274 3410 vix
1317 3357 1370 3410 in
1429 3372 1655 3411 numero
1723 3359 2018 3412 consistant
2069 3359 2308 3427 judican-

754 3449 968 3501 dorum.
1037 3446 1401 3500 Nihilominus
1455 3463 1577 3500 cum
1630 3447 1696 3500 ad
1749 3457 1979 3501 vestram
2038 3447 2310 3500 conﬂuxe-

757 3540 864 3590 rint
903 3539 1240 3590 sanctitatem
1272 3579 1286 3601 ,
1331 3537 1623 3591 remittitur
1657 3538 1758 3590 illis
1796 3538 1966 3591 audax
1992 3539 2118 3591 illud
2149 3553 2311 3590 anar-

757 3628 892 3682 cinize
944 3628 1170 3687 facinus,
1229 3637 1283 3680 et
1333 3627 1613 3681 seditionis
1673 3638 1848 3691 motae,
1903 3629 1995 3682 sed
2051 3629 2122 3682 ita
2162 3639 2220 3682 ut
2255 3645 2312 3684 se

759 3717 1022 3785 recipiant
1069 3716 1432 3783 promittendo
1461 3715 1527 3768 de
1555 3725 1748 3768 caetero
1781 3716 1986 3770 futuros
2061 3717 2313 3770 obedien-

763 3811 962 3872 tiores;
1004 3808 1054 3860 id
1099 3815 1279 3859 autem
1327 3807 1398 3859 ita
1429 3807 1855 3860 demonstratum
1899 3806 2163 3869 dederint,
2189 3809 2232 3860 si
2259 3808 2311 3860 in

761 3901 1005 3952 abbatem
1031 3898 1407 3951 consenserint
1434 3913 1464 3950 a
1496 3907 1584 3950 tua
1615 3898 1897 3950 sanctitate
1934 3899 2265 3951 nominatum
2296 3915 2310 3962 ;

760 4004 936 4057 neque
977 3988 1121 4040 enim
1170 3988 1257 4040 illa
1297 3994 1579 4040 versentur
1631 3987 1903 4056 opinione,
1952 3986 2313 4043 toleratumiri

763 4094 822 4136 ut
869 4083 958 4150 qui
1018 4081 1083 4134 ad
1135 4080 1454 4133 seditionem
1503 4078 1626 4133 elati
1706 4079 2204 4140 commovebantur,
2259 4079 2312 4131 in

762 4174 913 4227 illum
955 4172 1135 4226 denuo
1172 4169 1512 4224 consentiant
1539 4179 1593 4222 et
1648 4170 1960 4236 conspirent
1983 4169 2312 4239 eligendum,

764 4280 950 4333 quem,
1011 4261 1230 4316 calculis
1275 4261 1423 4330 prius
1453 4260 1704 4328 scriptis,
1771 4261 1872 4314 sibi
1935 4260 2311 4331 designarant.

766 4356 1021 4409 Suﬂicere
1063 4353 1497 4421 delinquentibus
1547 4352 1708 4405 debet
1752 4353 1795 4405 si
1862 4354 2072 4407 veniam
2116 4355 2183 4408 de
2225 4355 2314 4408 ad-

763 4448 941 4501 missis
975 4444 1418 4513 impetraverint;
1459 4456 1800 4510 nequaquam
1831 4457 1959 4496 vero
2007 4443 2318 4511 aspirabunt

763 4540 828 4592 ad
889 4555 994 4590 non
1037 4535 1460 4603 delinquentium
1489 4534 1914 4603 praerogativam,
1944 4543 2003 4586 ut
2040 4550 2108 4587 ne
2129 4550 2214 4587 res
2235 4535 2318 4587 in-

762 4631 1094 4686 diiferentes.
1133 4628 1355 4689 bonum,
1390 4627 1610 4687 malum,
1658 4635 1802 4678 recte
1855 4639 2030 4694 agere,
2061 4635 2115 4676 et
2147 4626 2318 4678 delin-

763 4735 930 4787 quere
988 4718 1306 4779 habeantur,
1342 4716 1544 4785 judicio
1576 4716 1641 4769 de
1675 4726 1900 4783 utroque
1949 4715 2316 4769 indifferenter

764 4811 975 4863 affecto.
1004 4810 1206 4863 Caetera
1266 4808 1408 4876 quod
1447 4815 1669 4876 spectat,
1713 4822 1902 4877 precor
1944 4818 2089 4862 tuam
2143 4809 2320 4862 valere

767 4884 1103 4955 sanctitatem
1138 4943 1151 4964 ,
1202 4909 1258 4954 et
1311 4911 1508 4953 nostra:
1563 4899 1944 4953 mediocritatis
2003 4914 2108 4952 non
2181 4900 2318 4954 obli-

765 4993 915 5046 visci.

1312 5099 1524 5154 EPIST.
1567 5101 1795 5153 LXXIV.

1248 5193 1502 5245 Barnaba:
1543 5193 1815 5244 monac/io.

2406 3088 2788 3160 φρυάττεσθαι,
2810 3087 3026 3152 οἱλὸγον
3051 3085 3270 3151 ὑπέχειν
3291 3081 3466 3134 αὐτῶν
3488 3083 3712 3149 ἑτέροις,
3727 3078 3840 3130 ἀλλ’
3861 3079 3966 3128 οὐκ

2405 3180 2630 3241 ἐκείνοις
2653 3220 2666 3243 ,
2708 3176 3102 3245 ἐπιστεύθησαν
3129 3191 3142 3204 ·
3171 3176 3219 3226 εί
3259 3174 3315 3225 δέ
3347 3190 3398 3224 τι
3453 3169 3762 3240 πλημμελεῖ
3788 3209 3802 3230 ,
3841 3168 3964 3236 μεί-

2407 3272 2532 3335 ζονα
2556 3269 2746 3342 κριτὴν
2792 3266 3068 3336 ἐπιζητεῖν
3094 3265 3220 3328 ἔδει,
3256 3263 3390 3316 ἀλλὰ
3443 3262 3516 3330 μὴ
3559 3260 3822 3330 ἁρπάζειν
3862 3259 3966 3325 τὴν

2409 3364 2591 3432 κρίσιν
2620 3361 2727 3412 τῶν
2780 3358 3104 3429 ἀρχιερέων,
3139 3357 3261 3416 τούς
3301 3356 3358 3406 ἐν
3387 3356 3452 3422 τῇ
3483 3352 3590 3404 τῶν
3631 3351 3968 3420 κρινομένων

2409 3453 2560 3523 χώρᾳ
2598 3450 2750 3515 μόλις
2781 3449 3200 3515 ἐξεταζομένους
3233 3463 3247 3476 ·
3279 3447 3426 3513 ὅμως
3472 3444 3593 3495 ἐπεὶ⁵
3623 3446 3686 3511 τῇ
3718 3441 3966 3510 ὑμετέρᾳ,

2411 3541 2833 3614 προσερῤὑησαν
2885 3537 3183 3606 ἁγιωσύνῃ,
3219 3537 3436 3604 ἀφίεται
3462 3534 3643 3595 αὐτοῖς
3665 3533 3762 3599 τῆς
3795 3532 3965 3597 ἀναρ-

2411 3637 2534 3704 χίας
2569 3634 2627 3684 τδ
2659 3631 2931 3701 τόλμημα,
2965 3629 3058 3680 καὶ
3104 3629 3199 3697 τῆς
3240 3626 3497 3687 στάσεως,
3548 3626 3596 3676 εί
3654 3624 3746 3674 κιιῖ⁵
3808 3622 3967 3674 αὐτοὶ

2411 3723 2676 3784 εὐπειθῶς
2695 3721 2788 3773 τοῦ
2821 3719 3006 3772 λοιποῦ
3032 3716 3403 3771 πολιτεύεσθαι
3440 3712 3920 3768 διαϐεϐαιώσαιντο
3950 3728 3966 3741 ο

2410 3815 2640 3878 δείξουσι
2671 3813 2748 3875 δέ,
2790 3811 2885 3862 ἐὰν
2918 3811 3012 3862 ἒνα
3036 3810 3178 3870 τινὰ,
3201 3809 3260 3859 ὃν
3291 3808 3355 3860 ἂν
3375 3805 3604 3876 βουληθῇ
3633 3822 3723 3857 σου
3757 3806 3790 3871 ἠ
3821 3803 3966 3854 ὁσιό-

2411 3923 2530 3974 της,
2585 3905 2662 3965 είς
2712 3901 3014 3971 ἡγούμενον
3064 3900 3340 3961 δέξονται·
3386 3900 3458 3968 μὴ
3503 3899 3607 3966 γὰρ
3658 3899 3840 3956 αὐτοῖς
3877 3897 3970 3946 ἐπὶ

2413 3999 2538 4051 νοῦν
2583 3998 2730 4065 ἥκοι,
2771 3995 2846 4057 ὡς
2893 3994 2940 4046 οί
2988 3990 3441 4053 καταστασιάζειν
3491 3989 3838 4058 ἐπαρθέντες,
3873 3989 3968 4038 ἁν-

2412 4091 2556 4161 δρὸς,
2588 4087 2730 4157 ὑπὲρ
2761 4079 2821 4138 οὑ
2864 4084 2964 4146 τὰς
2991 4083 3198 4152 ψήφους
3245 4081 3555 4151 ἐγγράφους
3591 4080 3791 4143 ἔθεντο,
3823 4073 3970 4131 οῦτοι

2415 4182 2574 4235 πάλιν
2636 4177 2965 4248 ψηφίζεσθαι
3036 4175 3130 4227 καὶ
3184 4174 3480 4243 μαρτυρεῖν
3550 4171 3966 4238 ἁξιωθήσονται.

2429 4275 2611 4343 Ἀρκεῖ
2638 4272 2743 4340 γὰρ
2768 4272 2878 4331 τοῖς
2904 4265 3310 4337 πλημμελοῦσιν
3336 4267 3368 4336 ἠ
3407 4264 3515 4317 τῶν
3545 4262 3970 4333 ἁμαρτηθέντων

2419 4360 2710 4429 συγγνώμη
2731 4379 2743 4390 ·
2773 4359 2833 4410 τὸ
2853 4357 2909 4410 δέ
2938 4357 3229 4426 προνόμιον
3256 4356 3363 4407 τῶν
3394 4354 3852 4422 ἁνεξαμαρτήτων
3874 4351 3969 4419 οὐχ

2415 4454 2644 4516 ἕξουσιν,
2679 4452 2765 4503 ἴνα
2793 4451 2867 4521 μὴ
2901 4449 3188 4517 ἀδιάφορον
3234 4446 3311 4515 τῷ
3341 4445 3524 4514 ἁγαθῷ
3562 4444 3622 4495 τὸ
3651 4443 3842 4502 κακὸν,
3877 4442 3970 4492 καὶ

2413 4548 2491 4617 τῷ
2518 4544 2812 4615 κατορθοῦν
2859 4544 2920 4595 τὸ
2973 4539 3329 4611 ἁμαρτάνειν,
3356 4540 3413 4590 ἐν
3452 4537 3728 4605 ἁδιαφόρῳ
3772 4538 3838 4602 τῇ
3886 4535 3970 4600 ἐφ’

2416 4639 2674 4707 ἐκατέρου
2704 4637 2880 4706 κρίσει
2904 4635 3188 4701 λογίζοιτο.
3207 4631 3286 4683 Τὰ
3317 4630 3362 4682 δ’
3390 4629 3544 4692 ἄλλα,
3577 4625 3847 4697 ἐρρῶσθαί
3877 4641 3968 4676 σου

2414 4732 2512 4800 τὴν
2562 4731 2813 4799 ὁσιότητα
2840 4725 3203 4796 ἐπευχόμεθα,
3238 4721 3451 4790 καὶτῆς
3495 4718 3651 4788 ἡμῶν
3685 4716 3760 4787 μὴ
3792 4716 3970 4768 ἐπιλεο

2416 4822 2480 4890 λῆ
2489 4821 2610 4873 σθαι
2635 4820 3007 4890 μετριότητος.

3017 5095 3240 5152 ΕΠΙΣΤ.
3269 5096 3382 5145 ΟΔ’.

2864 5185 3133 5254 Βαρνάϐᾳ
3171 5182 3498 5253 μονάζοντι.

1984 5302 2240 5349 Montacul.
2279 5306 2380 5362 (cp.
2416 5301 2492 5359 ὀί,
2527 5315 2573 5361 p.
2608 5298 2706 5357 98).

841 5409 979 5474 Quid
1030 5417 1394 5476 paupertatem
1443 5407 1991 5461 defles?.lustusnon
2035 5407 2319 5460 deseritur.

776 5502 886 5555 Imo
950 5499 1205 5568 (inquies)
1270 5499 1616 5553 deserebatur
1672 5498 1791 5553 Job.
1855 5499 1959 5553 Sed
1990 5515 2053 5552 eo
2086 5499 2209 5561 line,
2263 5505 2324 5551 ut

777 5592 1002 5659 impium
1046 5593 1191 5644 illum
1220 5591 1483 5645 vincendo
1518 5592 1755 5644 vinceret
1784 5591 1872 5657 qui
1919 5606 2014 5658 per
2061 5606 2321 5644 summam

778 5684 1184 5752 Impudentiam,
1207 5684 1545 5751 purissimam
1584 5682 1750 5750 ipsius
1775 5682 2024 5748 pietatem
2057 5681 2174 5733 vitm
2197 5696 2323 5748 pro-

780 5790 939 5845 Spero
983 5791 1142 5828 cursu
1185 5785 1238 5828 et
1289 5774 1538 5828 felicitate
1569 5773 1777 5828 volebat
1834 5778 2141 5841 cauponam,
2168 5782 2324 5841 atque

2491 5403 2554 5454 Τί
2585 5401 2796 5470 θρηνεῖς
2819 5399 3034 5464 πενίαν;
3062 5398 3265 5458 δίκαιος
3298 5397 3394 5447 οὐκ
3415 5390 3963 5461 ἐγκαταλιμπάνεται.

2431 5495 2568 5547 Ἀλλ’
2611 5492 2730 5545 Ἰὼϐ
2765 5489 3172 5558 ἐγκατελείφθη.
3234 5487 3480 5538 Ἀλλ’ῖνα
3524 5487 3615 5538 καὶ
3663 5485 3754 5535 τὸν
3805 5501 3966 5551 πονη-

2424 5587 2513 5655 ρὸν
2563 5585 2642 5646 εἰς
2673 5583 2870 5652 κράτος
2918 5583 3111 5651 νικήσῃ
3139 5577 3399 5647 εὐπαθείᾳ
3441 5577 3534 5628 καὶ
3589 5574 3703 5643 βίου
3765 5576 3965 5642 εὐροίᾳ,

2421 5677 2516 5745 τὴν
2542 5674 2704 5729 αὐτοῦ
2732 5673 2974 5741 καθαρὰν
3007 5670 3280 5723 εὐσέϐειαν
3325 5666 3651 5736 καπηλεύειν
3680 5668 3963 5733 ἀναισχυν-

2426 5773 2657 5840 τήταντα
2687 5787 2696 5798 ·
2732 5768 2819 5821 καὶ
2854 5768 2934 5820 ἵνα
2971 5765 3123 5818 πλέον
3155 5756 3227 5818 ὧν
3255 5759 3562 5830 ἐγυμνώθη,
3602 5759 3791 5827 ὀφθείη
3829 5776 3964 5826 πέμ·
