4236 6436
300 406 402 469 885
1439 406 1968 469 EPISTOLARUM

1833 406 1968 466 [ΗΜ
2000 407 2225 465 LIBER
2270 408 2348 465 ΙΙ.
3406 406 3506 467 886

290 514 647 581 6αλλόμενος·
676 513 810 568 ἀλλὰ
849 514 944 566 καὶ
978 514 1183 579 Παῦλὸς
1237 532 1420 584 φησιν·
1467 518 1554 569 Ἐν
1586 516 1725 585 λιμῷ
1755 516 1847 568 καὶ
1873 526 1923 584 Α
1950 528 1963 563 ι

1832 516 1847 565 t
1873 526 1923 584 Α
1950 519 2006 564 ut
2038 511 2194 581 longe
2242 512 2486 580 pluribus
2514 512 2843 575 instructus,
2872 527 3033 580 quam
3096 513 3291 580 quibus
3329 514 3505 583 priva-

287 606 432 672 δίψει
475 604 676 667 διεϐίω,
704 607 795 657 καὶ
825 605 984 674 ψύχει
1020 608 1112 658 καὶ
1149 608 1476 677 γυμνότητι·
1505 607 1617 659 ἀλλ’
1673 606 1833 659 ἑκών.
1946 602 1960 654 I

1946 602 2122 664 batur,
2167 603 2454 656 videretur.
2520 603 2623 656 Sed
2679 612 2733 655 et
2773 602 2970 656 Paulus
3021 602 3225 671 inquit:
3255 603 3311 657 In
3367 606 3506 661 fame

304 696 443 747 Ἀλλ’
492 698 653 767 ἀρκεῖ
680 713 761 747 σοι
808 696 1016 749 Παῦλον
1057 697 1201 766 ἔχειν
1233 699 1352 751 ἀντὶ
1392 699 1588 761 παντὸς
1615 698 1844 750 πλούτου
1943 709 1970 746 a

1831 717 1844 749 ι
1943 704 2102 762 atque
2158 695 2243 748 siti
2297 695 2422 759 vixi,
2458 694 2512 747 in
2544 696 2741 764 frigore
2773 704 2828 747 et
2886 695 3160 758 nuditate;
3196 708 3388 763 sponte
3421 709 3504 752 ta—

289 786 385 839 καὶ
412 786 593 855 πάσης
615 786 960 856 εὐδαιμονίας
990 790 1068 851 εὶς
1098 790 1470 857 παράδειγμα.
1944 803 1959 838 ι

1944 801 2102 839 men.
2160 785 2399 840 Squiciat
2469 797 2646 840 autem
2702 785 2794 840 tibi
2859 784 3003 838 Pauli
3042 787 3349 847 exemplum
3410 806 3505 859 pro

1944 874 2273 944 quibuslibet
2317 876 2531 943 opibus,
2563 884 2615 928 et
2641 887 2962 943 quacunque
2984 871 3256 928 felicitate.

906 992 1126 1045 ΕΠΙΣΤ.
1151 993 1266 1045 OE’.
2460 986 2579 1040 EPIE

2460 986 2670 1040 EPIST.
2741 986 2946 1040 LXXV.

732 1086 776 1135 Σ
778 1086 1044 1151 ωφρονίῳ
1072 1085 1403 1153 μονάζοντι.
2402 1118 2405 1132 ι

1306 1102 1403 1138 ru.
2402 1079 2686 1147 Sophronia
2714 1079 2979 1132 monacho.

1508 1200 1769 1249 Montacut.
1808 1201 1907 1261 (ep.
1939 1199 2017 1258 42,
2049 1212 2097 1260 p.
2130 1198 2231 1258 98).

365 1302 572 1370 Ὠσπερ
603 1303 658 1354 αἱ
684 1302 792 1355 ἀπὸ
814 1302 919 1353 τῶν
939 1304 1266 1371 τραυμάτων
1295 1304 1467 1369 οὐλαὶ,
1500 1307 1625 1367 τοὺς
1649 1305 1846 1367 τόπους
2016 1303 2038 1365 ί

1831 1322 1846 1367 ;
2016 1301 2474 1368 Quemadmodum
2495 1301 2723 1355 obducta
2772 1299 3111 1355 cicatricibus
3122 1300 3340 1354 vulnera
3364 1299 3504 1355 locos

291 1392 552 1457 ἐκείνους,
584 1392 704 1445 καθ’
725 1392 817 1454 οὒς
842 1394 1337 1464 ὲνεσκιρῤώθησαν,
1370 1398 1465 1449 καὶ
1493 1396 1630 1465 μετὰ
1659 1398 1846 1464 ὑγείαν
1946 1396 1961 1449 i

1828 1414 1846 1448 ν
1946 1395 2085 1459 illos,
2121 1394 2391 1462 inquibus
2419 1395 2611 1447 callum
2638 1393 3080 1461 superinductum
3099 1392 3315 1451 habent,
3343 1392 3501 1445 etiam

290 1481 545 1543 εὐπαθεϊς
608 1482 700 1533 καὶ
757 1482 1008 1545 νοσώδεις
1078 1485 1591 1552 παρασκευάζουσιν
1623 1503 1638 1517 ·
1706 1486 1845 1538 οὕτω
1948 1504 1963 1555 ι

1829 1504 1845 1537 ›
1948 1497 2067 1555 post
2120 1487 2449 1539 curationem
2507 1485 2710 1537 morbis
2758 1494 2812 1537 et
2869 1484 3313 1552 iinpressiouibus
3350 1493 3502 1550 aptos

289 1574 383 1625 καὶ
410 1574 459 1623 oi
493 1575 551 1624 ὲν
570 1576 636 1643 τῇ
670 1574 813 1643 ψυχῇ
846 1575 956 1626 τῶν
982 1575 1395 1645 ἁμαρτημάτων
1442 1576 1727 1643 μώλωπες,
1754 1579 1846 1630 καὶ
1949 1594 1962 1631 1

1831 1580 1846 1630 ί
1949 1578 2182 1632 reddunt
2224 1596 2236 1630 :
2292 1578 2360 1631 ita
2396 1586 2450 1629 et
2480 1576 2673 1629 animae
2705 1590 2799 1644 per
2830 1586 3103 1643 peccatum
3134 1574 3319 1628 inflicti
3360 1575 3504 1628 livo-

291 1664 431 1730 μετά
449 1665 547 1729 τὴν
568 1664 860 1734 θεραπείαν
891 1666 1289 1733 εὑπαράδεκτον
1320 1668 1486 1735 αὐτὴν
1509 1668 1600 1719 καὶ
1624 1670 1843 1738 ἑτοίμην
1872 1714 1915 1767 Β
1950 1685 1964 1721 1

1831 1688 1915 1767 ρΒ
1950 1685 2056 1733 res,
2100 1660 2268 1738 ipsam
2307 1670 2534 1723 reddunt
2564 1669 2706 1737 (post
2748 1668 3111 1735 curationem)
3149 1676 3273 1735 apte
3318 1667 3504 1734 dispo-

287 1755 422 1823 πρὸς
468 1756 567 1824 τὴν
616 1757 1018 1820 καταστίξασαν
1059 1758 1334 1827 ἁμαρτίαν
1398 1758 1799 1829 ἀπεργάζονται
1826 1778 1837 1790 ·
1872 1749 1915 1767 υ
1948 1776 1960 1813 ξ

1828 1749 1915 1790 ’³³
1948 1762 2102 1814 sitam
2170 1771 2225 1815 et
2284 1749 2608 1829 paratiorem
2654 1758 2718 1811 ad
2793 1759 3039 1828 stigmata
3094 1772 3191 1826 per
3226 1767 3501 1825 peccatum

285 1846 453 1913 φεῦγε
488 1848 665 1898 τοίνυν
700 1849 757 1899 ὲν
810 1848 1041 1913 νεότητι,
1073 1849 1213 1901 κατὰ
1256 1850 1436 1902 πᾶσαν
1463 1850 1742 1919 ,σπουδὴν,
1773 1849 1840 1903 τὰ
1946 1851 1958 1904 i

1831 1868 1840 1903 ι
1946 1851 2230 1905 inurenda.
2276 1851 2492 1904 Declina
2527 1851 2685 1920 igitur
2742 1865 2836 1918 per
2872 1848 3288 1902 adolescentiam
3318 1863 3504 1915 pecca-

282 1937 651 2005 ἁμαρτήματα
681 1951 694 1965 ο
726 1938 805 1988 ὅτι
834 1936 1045 2005 συμὸἀν
1095 1954 1154 1988 σε
1200 1937 1407 1997 τούτοις
1446 1940 1836 2007 περιπαρῆναι,
1941 1952 1955 1994 ι

1830 1978 1836 2000 .
1941 1952 2055 1995 tum
2092 1943 2241 1996 omni
2292 1942 2472 1995 studio
2506 1960 2519 1993 :
2555 1940 2810 2009 quoniam
2868 1939 2911 1992 si
2967 1949 3017 1991 te
3059 1937 3127 1989 ab
3165 1936 3266 1989 illis
3292 1937 3503 1991 confodi

280 2021 383 2075 κᾶν
422 2024 520 2091 τῆς
572 2024 787 2093 πληγῆς
841 2026 938 2077 σὺν
993 2027 1139 2095 πόνῳ
1167 2026 1345 2096 πολλῷ
1408 2028 1747 2095 ἀπαλλαγεὶς
1785 2038 1832 2093 ν,
1938 2048 1953 2088 ι

1829 2070 1832 2086 .
1938 2034 2257 2104 contigerit,
2292 2044 2565 2102 utcunque
2600 2042 2651 2086 te
2679 2048 2708 2085 a
2751 2032 2903 2101 plaga
2936 2046 3057 2083 cum
3112 2030 3280 2082 multo
3322 2029 3502 2083 labore

282 2113 399 2166 ἀλλ’
453 2108 546 2167 οὖν
616 2117 665 2167 οἱ
717 2116 879 2169 τύποι
925 2117 1035 2171 τῶν
1094 2119 1412 2188 στιγμάτων
1483 2122 1575 2173 καὶ
1649 2122 1698 2172 οἱ
1740 2139 1837 2190 χα-
1937 2141 1955 2179 ε

1829 2153 1837 2163 ι
1937 2126 2305 2187 extricaveris,
2355 2126 2663 2196 stigmatum
2745 2135 2922 2176 tamen
2978 2123 3238 2190 impressa
3282 2121 3502 2189 vestigia

278 2205 567 2275 ρακτῆρες,
620 2207 739 2259 οὐδὲ
792 2208 951 2279 μέχρι
1004 2210 1208 2279 γήρους
1258 2210 1609 2281 σχολάσουσιν
1654 2211 1829 2282 ὲρεθί-
1937 2230 1951 2267 ι

1826 2240 1829 2250 ι
1937 2224 1991 2268 et
2018 2216 2375 2279 characteres,
2414 2232 2583 2284 usque
2605 2216 2672 2268 ad
2717 2214 2941 2269 senilem
2971 2222 3183 2265 aetatem
3212 2227 3317 2264 non
3342 2212 3499 2264 omit-

275 2292 478 2357 ζοντες,
528 2296 618 2348 καὶ
650 2296 755 2348 τῶν
787 2299 1001 2351 οἰκείων
1036 2301 1127 2351 καὶ
1158 2300 1434 2367 συγγενῶν
1479 2301 1667 2353 παθῶν
1714 2302 1835 2354 ἐπι·
1934 2316 1948 2359 1

1827 2329 1835 2342 -
1934 2316 2051 2360 teut
2088 2308 2469 2362 irritationem:
2508 2318 2709 2362 etcum
2750 2307 2843 2359 tibi
2873 2305 3212 2359 familiarium
3239 2305 3500 2357 malorum

271 2384 577 2448 δεικνύντες
624 2388 683 2439 τὸ
708 2388 941 2454 εἴδωλον,
972 2392 1031 2443 οὐ
1082 2392 1334 2459 χαλεπῶς
1367 2410 1427 2445 σε
1486 2393 1622 2462 πρὸς
1677 2392 1833 2446 τοῦτο
1928 2413 1944 2451 ε

1828 2415 1833 2441 ι
1928 2409 1984 2451 et
2049 2401 2458 2470 congenitorum
2517 2399 2783 2469 imagines
2833 2396 3359 2462 reprzesentaverint,
3395 2412 3501 2448 nou

273 2476 763 2545 διαμορφώσουσιν.
1929 2505 1946 2543 ι

1929 2490 2212 2546 difficulter
2263 2502 2314 2546 te
2373 2493 2437 2545 ad
2490 2493 2575 2545 illa
2634 2491 3026 2546 conformatum
3056 2488 3298 2542 reddent.

856 2592 1076 2647 sum.
1115 2598 1251 2662 oq'.
2488 2605 2527 2656 E

2488 2604 2704 2657 EPIST.
2752 2601 2982 2657 LXXVI.

448 2683 810 2751 Μητροςράνῃ
849 2686 1093 2755 μοναχῷ
1116 2689 1621 2759 ἁποστατήσαντι.

1537 2708 1621 2743 τι.
2281 2695 2611 2762 Μεινοριιαηὶ
2646 2697 2895 2747 monac/io
2935 2702 3210 2760 apostataa.

1486 2806 1749 2857 Montacut.
1786 2808 1889 2870 (ep.
1920 2810 1998 2869 65,
2032 2823 2078 2869 p.
2116 2809 2241 2871 118).

342 2901 526 2964 Οὐδεὶς
554 2903 875 2973 ἀνθρώπων,
907 2906 1013 2958 οὐδ’
1054 2910 1081 2959 ὁ
1112 2908 1333 2971 τέλειος,
1374 2909 1479 2962 ἀπὸ
1507 2910 1676 2978 ῥύπου
1729 2928 1827 2963 κα·
1854 2929 1899 2987 c
1996 2912 2015 2963 Ι

1854 2929 1899 2987 c
1996 2911 2166 2965 Nemo
2219 2913 2548 2974 mortalium.
2578 2925 2646 2965 ne
2694 2911 2910 2980 quidem
2970 2909 3274 2979 perfectus,
3327 2925 3355 2963 a
3389 2925 3500 2962 ma-

271 2993 435 3060 θαρός
461 3010 473 3022 ·
505 2996 596 3047 καὶ
620 2997 791 3058 οὐδεὶς
819 2998 1142 3068 ἀνθρώπων,
1175 3000 1283 3052 οὐδ’
1316 3002 1343 3051 ὁ
1374 3002 1648 3067 κάκιστος,
1690 3020 1823 3056 παν-
1923 3019 1944 3055 (1

1923 3003 2057 3055 culis
2093 3018 2259 3071 purus
2294 3012 2348 3055 et
2399 3004 2668 3057 sordibus.
2702 3003 2890 3055 Nullus
2940 3002 3121 3064 homo,
3162 3018 3229 3055 ne
3285 3002 3498 3069 quidem

270 3084 441 3147 τελῶς
482 3088 746 3156 ἀμέτοχος
782 3090 981 3157 ἀρετῆς
1008 3107 1020 3119 ’
1053 3091 1225 3161 δόγμα
1269 3092 1495 3144 παλαιὸν
1537 3094 1629 3144 καὶ
1666 3093 1823 3163 μέχρι
1924 3110 1943 3162 ι

1924 3096 2212 3162 pessimus,
2254 3094 2382 3163 quin
2429 3095 2653 3163 alicujus
2682 3093 2893 3147 virtutis
2931 3094 3201 3161 particeps
3228 3093 3331 3147 sit:
3362 3094 3502 3146 anti-~

273 3176 370 3228 νῦν
402 3180 521 3239 ταῖς
554 3179 804 3232 ἁπάντων
833 3182 925 3232 καὶ
950 3180 1146 3251 ψήφοις
1176 3182 1269 3234 καὶ
1301 3182 1530 3251 πράξεσι
1567 3184 1823 3250 φυλαττό-
1923 3201 1946 3253 q

1923 3201 2089 3253 quum
2128 3185 2319 3254 dogma
2389 3194 2490 3248 est,
2535 3185 2831 3238 etiamnum
2892 3182 3228 3250 singulorum
3284 3182 3501 3236 calculis

277 3284 456 3335 μενον.
492 3269 581 3338 Μὴ
612 3271 841 3343 θελήσῃς
863 3271 1039 3335 λῦσαι,
1063 3273 1138 3343 τῷ
1159 3272 1296 3325 κατὰ
1326 3274 1547 3325 σεαυτὸν
1579 3274 1825 3341 ύποδείγ-
1925 3293 1950 3330 c

1925 3286 1979 3330 et
2033 3277 2336 3330 actionibus
2377 3276 2723 3329 custoditum.
2782 3273 2899 3327 Noli
2960 3283 3016 3327 tu
3060 3273 3132 3335 id,
3181 3288 3287 3325 non
3318 3284 3502 3326 exem‘

275 3374 403 3425 ματι
423 3398 438 3423 ,
464 3360 616 3411 κενὸν
644 3362 864 3429 ἁπάσης
893 3363 1089 3432 ἀρετῆς
1121 3362 1311 3414 σαυτὸν
1360 3364 1616 3427 ἐπιδεῖξαι
1648 3367 1825 3432 φιλον-
1926 3384 1948 3435 ι

1824 3397 1825 3402 ι
1926 3369 2016 3435 plo
2052 3376 2369 3419 evacuatum
2419 3366 2678 3418 reddere:
2740 3366 2869 3419 dum
2905 3371 2955 3418 te
3000 3364 3216 3431 penitus
3260 3363 3497 3415 inanem!

272 3450 435 3503 εικῶν
463 3453 552 3504 καὶ
590 3453 743 3505 κενὸν
766 3452 1068 3523 ἀνθρώποις
1093 3453 1352 3524 διήγημα.
1930 3473 1945 3509 ε

1930 3466 1985 3509 et
2011 3456 2345 3524 quantalibet
2402 3454 2613 3508 virtutis
2664 3455 2912 3524 portione
2956 3468 3182 3506 vacuum
3217 3452 3499 3506 contendis

1942 3546 2216 3609 exhibere,
2252 3555 2305 3599 et
2325 3545 2504 3599 fabula
2532 3545 2671 3613 apud
2696 3554 2919 3597 cunctos
2964 3542 3138 3597 inanis
3161 3541 3275 3594 fias.

883 3651 1102 3703 ΕΠΙΣΤ.
1127 3653 1243 3707 ΟΖ⁹.
2497 3652 2556 3709 ΕΙ

2497 3651 2713 3709 EPIST.
2760 3650 3018 3705 LXXVII.

914 3741 998 3806 Τῷ
1026 3741 1204 3806 αὐτῷ.

1167 3742 1204 3795 3.
2639 3745 2840 3799 Eidem.

1503 3859 1765 3909 Montacut.
1801 3862 1903 3924 (ep.
1930 3864 2008 3924 66,
2044 3879 2091 3927 p.
2125 3864 2251 3925 IIS).

346 3954 544 4007 Ἐπεσε
587 3954 770 4023 Δαόὶδ,
795 3958 909 4010 ἀλλ’
951 3960 1147 4030 ἀνέστη
1172 3978 1186 3991 ·
1239 3962 1436 4033 ἀνέστη
1467 3964 1522 4018 δὲ
1564 3969 1832 4036 προσευχῇ
2012 3973 2019 4013 4

1825 3970 1832 4036 i
2012 3969 2220 4022 Cecidit
2260 3966 2446 4031 David,
2488 3967 2581 4019 sed
2611 3965 2843 4019 surrexit
2878 3967 3153 4019 :surrexit
3195 3964 3373 4020 autem
3405 3981 3498 4035 per

269 4048 585 4115 προφήτου,
637 4050 730 4101 καὶ
775 4050 1002 4120 δάκρυσι
1035 4066 1091 4117 ι,
1145 4054 1236 4105 καὶ
1288 4059 1502 4125 πικροῖς
1598 4058 1836 4128 ἐλέγχοις
1940 4074 1942 4124 )

1821 4077 1836 4121 ;
1940 4059 2216 4125 prOpIieta:
2263 4071 2476 4126 preces,
2520 4056 2729 4109 acerbis
2776 4057 3040 4125 lacrymis,
3071 4066 3125 4108 et
3169 4058 3365 4110 amaris
3410 4073 3494 4111 re-

266 4138 654 4206 προσαχθεῖσιν
702 4139 805 4192 ὑπὸ
864 4142 1099 4211 δράματι
1134 4159 1148 4174 ο
1188 4144 1275 4196 ναὶ
1315 4145 1375 4213 δὴ
1407 4149 1500 4199 καὶ
1536 4148 1715 4211 πόνοις
1742 4151 1833 4201 καὶ
1935 4166 1939 4217 1

1823 4165 1833 4201 ι
1935 4151 2405 4217 prehensionibus,
2467 4148 2587 4201 ﬁcta
2650 4147 2865 4214 quidem
2908 4162 3160 4214 persona,
3192 4146 3496 4201 oceultein-

268 4229 602 4300 μεταμελείᾳ
650 4232 745 4284 κα)¹
790 4234 855 4302 τῇ
893 4233 1023 4304 ἄλλῃ
1064 4237 1230 4305 ἀρετῇ
1258 4238 1419 4289 αὑτοῦ
1458 4241 1686 4302 ἐκείνου,
1735 4241 1825 4292 τοῦ
1853 4277 1905 4335 D
1936 4245 1941 4284 1

1820 4241 1825 4289 ἱ
1853 4277 1905 4335 D
1936 4236 2176 4288 tentatis.
2217 4234 2322 4289 Sed
2348 4244 2402 4288 et
2430 4249 2520 4303 per
2556 4233 2771 4287 labores
2809 4234 3048 4301 insuper,
3097 4235 3493 4303 paenitentiam,

266 4321 688 4390 κατενεχθέντος
744 4324 841 4392 μὲν
867 4325 942 4394 τῷ
971 4327 1243 4396 πτώματι,
1275 4329 1597 4392 διατιθέντος
1633 4331 1687 4383 δὲ
1735 4351 1817 4400 φι-
1853 4321 1901 4335 υ
1928 4342 1939 4377 ε

1853 4321 1901 4335 ³⁷
1928 4334 1981 4378 et
2024 4325 2250 4379 virtutes
2278 4326 2406 4379 alias
2433 4325 2598 4393 ipsius
2637 4324 2728 4393 qui
2760 4325 3079 4393 perlapsum
3116 4326 3492 4379 sternebatur.

266 4410 505 4478 λοσόφως
537 4414 674 4483 πρὸς
706 4416 796 4467 τὸν
826 4416 1062 4487 ἔλεγχον.
1103 4419 1335 4483 Ἐπεσες
1384 4423 1475 4473 καὶ
1498 4422 1657 4485 αύτός
1683 4439 1695 4452 ⁸
1729 4425 1821 4476 καὶ
1924 4417 1939 4469 f

1816 4463 1821 4474 .
1924 4417 2345 4485 Comparabatur
2402 4426 2583 4469 autem
2613 4416 2985 4484 philosophice
3009 4417 3070 4468 ad
3134 4416 3489 4469 taxationem.

264 4504 548 4572 προφήτην
606 4505 703 4574 ούχ
752 4507 863 4576 ὁρῶ
896 4524 909 4538 ·
953 4509 1033 4561 ὅτι
1068 4511 1203 4579 μηδὲ
1240 4511 1334 4563 τοῦ
1387 4513 1548 4566 Δαϐὶδ
1601 4533 1818 4568 ταπειν-
1935 4524 1937 4546 ¹

1817 4547 1818 4553 η
1935 4509 2186 4563 Cecidisti
2238 4519 2290 4563 et
2317 4518 2369 4562 tu
2400 4526 2412 4562 :
2449 4508 2763 4578 prophetam
2792 4509 3000 4561 nullum
3034 4509 3223 4575 video;
3259 4525 3365 4563 non
3391 4510 3490 4561 Da-

263 4594 564 4665 οφροσύνην
600 4599 693 4649 καὶ
747 4599 1033 4667 μετάνοιαν
1069 4618 1082 4631 ·
1133 4603 1224 4654 σόν
1269 4605 1382 4655 ἐστι
1432 4605 1612 4659 λοιπὸν
1662 4608 1819 4660 καθο-
1924 4619 1936 4644 ‘

1924 4602 2060 4655 vidis
2083 4600 2433 4654 humilitatem
2470 4601 2655 4663 animi,
2689 4616 2794 4653 non
2843 4602 3277 4670 resipiscentiam.
3330 4602 3410 4655 Ad
3443 4611 3492 4655 te

266 4686 365 4753 ρᾷν
390 4689 483 4739 καὶ
506 4691 807 4758 φροντίζειν
830 4691 975 4755 ὅπως
998 4694 1275 4765 ἀναστήσῃ
1307 4697 1400 4747 τοῦ
1432 4701 1739 4766 πτώματος,
1772 4701 1819 4751 εἰ
1924 4710 1939 4745 (

1814 4702 1819 4751 ἱ
1924 4693 2179 4759 deinceps
2242 4699 2450 4759 spectat
2503 4692 2685 4745 videre
2746 4701 2798 4743 et
2858 4707 3067 4753 curare,
3118 4704 3175 4746 ut
3240 4708 3270 4746 a
3338 4692 3487 4760 lapsu

269 4777 343 4845 μή
380 4794 461 4828 σοι
491 4778 549 4829 τὸ
581 4780 762 4831 δοῦναι
780 4781 931 4851 δίκην
952 4782 1045 4836 καὶ
1064 4784 1205 4846 τότε,
1237 4786 1561 4854 τὴνέκεῖθεν
1586 4787 1678 4839 τοῦ
1701 4789 1815 4841 δια⁶
1918 4800 1942 4835 1·

1918 4782 2294 4837 resusciteris.
2348 4783 2449 4835 nisi
2519 4782 2610 4835 tibi
2666 4783 2792 4836 dare
2851 4798 3039 4851 pmnas
3091 4784 3217 4837 olim
3280 4785 3330 4837 iu
3398 4800 3490 4836 vo-

269 4871 480 4935 φυγεῖν,
510 4869 657 4923 ἐστὶν
687 4872 1062 4942 αἱρετώτερον.
1922 4885 1938 4927 ι

1922 4876 1986 4927 tis
2044 4874 2207 4943 magis
2246 4875 2445 4927 haereat
2493 4874 2787 4943 proposito,
2818 4890 2980 4944 quam
3024 4890 3052 4928 a
3102 4876 3362 4944 supplicio
3391 4894 3482 4932 ex-

1921 4966 2111 5035 pediri.

860 5074 1081 5128 ΕΠΙΣΤ.
1108 5077 1231 5130 OH'.
2432 5077 2533 5132 EPI

2432 5077 2647 5132 EPIST.
2684 5077 2963 5134 LXXVIII.

496 5166 773 5234 Εὑθυμιῳ
795 5167 1109 5235 μονάζοντι
1158 5171 1581 5236 παραπεσόντι.

1458 5171 1581 5224 ira.
2282 5170 2557 5239 Euthymio
2594 5186 2744 5222 manu
2753 5171 2844 5224 cho
2883 5170 3015 5222 colla
3021 5188 3131 5237 pso.

1479 5283 1739 5332 Montacut.
1776 5286 1876 5344 (ep.
1904 5284 1982 5338 68,
2018 5299 2063 5343 p.
2102 5284 2225 5341 119).

334 5381 394 5432 Εί
429 5382 566 5451 μήτε
597 5384 694 5453 τῆς
719 5386 925 5441 ἐκεῖθεν
958 5388 1228 5458 βασιλείας
1264 5392 1291 5443 ό
1328 5392 1510 5457 πόθος,
1554 5393 1691 5462 μήτε
1722 5392 1818 5460 τῆς
1998 5395 2007 5421 ¹

1809 5409 1818 5454 ς
1998 5392 2053 5445 Si
2088 5408 2261 5460 neque
2285 5391 2519 5446 caelestis
2543 5392 2689 5463 regni
2716 5391 3064 5455 desiderium,
3088 5406 3191 5446 nec
3217 5391 3482 5447 inelucta-

256 5469 631 5540 ἀπαραιτήτου
649 5476 916 5543 τιμωρίας
933 5477 960 5528 ὁ
976 5477 1156 5544 φόϐος,
1188 5479 1323 5531 ἀλλὰ
1344 5480 1474 5547 μηδὲ
1492 5480 1597 5531 τῶν
1620 5481 1817 5549 ὁμοίως
1925 5485 1929 5537 1

1816 5500 1817 5505 ‘
1925 5485 2044 5538 bilis
2080 5484 2322 5551 supplicii
2375 5494 2568 5546 metus.
2611 5499 2707 5539 nec
2753 5500 2962 5548 eorum,
3004 5484 3094 5552 qui
3134 5484 3210 5537 tui
3252 5486 3489 5544 simules,

259 5576 345 5613 σοι
370 5562 460 5614 τὸν
518 5564 630 5633 βίον
666 5569 722 5618 ὲν
774 5569 1005 5639 τοσαύτῃ
1057 5572 1290 5642 πονηρίᾳ
1332 5573 1812 5642 καταδαπανησάν-
1924 5592 1932 5608 ε

1924 5575 2085 5627 vitam
2127 5583 2230 5627 tam
2260 5574 2451 5643 insigni
2488 5575 2831 5643 improbitate
2864 5572 3058 5629 foedam
3094 5577 3485 5643 trans'igeruut,

1504 5705 1733 5760 VARUE
1771 5705 2169 5761 LECTIONES.

336 5839 357 5867 ν
384 5850 472 5899 γρ.
511 5834 895 5907 ἀπαλλαγείης,
976 5846 1000 5875 ι
1041 5840 1123 5893 io.
1158 5839 1281 5894 add.
1319 5841 1555 5908 οἰκείοις,
1581 5858 1687 5896 nou
1720 5843 1860 5897 CllIllI
1889 5843 2161 5912 propheta:
2193 5842 2470 5896 Milionia.
