4236 6436
750 365 856 429 887

1872 368 2129 429 PHOTII
2166 368 2661 432 PATRIARCH/E
2697 372 2804 433 (ΣΡ.

3863 371 3964 435 888

746 477 1152 543 dura‘,dillicilia
1169 486 1223 533 et
1250 477 1583 534 intoleranda
1611 494 1730 549 quae
1757 481 1938 535 statim
1973 481 2117 551 passi
2139 489 2291 545 sunt,
2328 492 2375 548 Α
2400 502 2419 537 1

2286 520 2291 541 ι
2328 492 2529 551 Ατων,
2575 484 2646 537 τὰ
2693 484 2835 537 κατὰ
2887 483 3056 549 πόδας
3107 484 3321 557 χαλεπὰ
3371 490 3466 544 καὶ
3504 486 3761 544 δύσοιστα
3794 485 3959 555 πάθη,

746 573 840 627 sed
871 587 970 626 nec
998 572 1068 627 ab
1096 572 1351 628 omnibus
1376 570 1585 641 ingesta
1612 571 1923 640 opprobria,
1966 573 2032 627 ad
2071 588 2302 627 conver-

746 666 956 718 sionem
1003 673 1058 718 et
1108 662 1453 718 sobrietatem
1501 663 1569 716 ab
1630 663 1924 719 audacibus
1975 664 2305 720 facinoribus

745 754 925 810 adhuc
955 754 1262 809 excitarunt
1286 772 1301 807 :
1338 768 1535 808 vereor
1562 769 1663 825 ego
1692 763 1863 820 certe,
1899 770 1969 809 ne
1996 755 2303 812 daemonum

746 852 940 900 natura
970 844 1195 899 formam
1225 844 1280 897 in
1304 854 1355 899 te
1384 845 1719 900 simulaverit
1747 845 2061 900 humanam.
2087 846 2303 902 Utinam

749 950 1023 1004 nunquam
1067 950 1156 990 Ine
1197 936 1265 990 ad
1312 935 1412 989 ista
1459 934 1783 1004 proferenda
1825 936 2115 1007 adegisses.
2143 937 2303 991 Certe

749 1027 1008 1095 prooemia
1062 1026 1220 1082 nobis
1267 1026 1484 1081 venturi
1530 1025 1848 1083 Antichristi
1912 1028 1966 1081 in
2019 1029 2304 1099 temetipso

746 1121 995 1177 exhibes.

1268 1233 1487 1289 EPIST.
1529 1234 1768 1290 LXXIX.

1166 1324 1348 1379 Marco
1395 1324 1571 1379 Sicula
1615 1326 1901 1400 monacho._

2406 578 2540 647 μήτε
2565 576 2634 630 τὰ
2656 577 2807 629 κοινὰ
2827 577 2980 648 παρὰ
3000 577 3222 632 πάντων
3240 578 3439 650 ὀνείδη,
3461 580 3599 651 πρὸς
3626 579 3962 649 ἐπιστροφήν

2402 686 2463 722 σε
2484 670 2578 722 καὶ
2630 668 2789 739 νῆψιν
2845 670 2956 722 τῶν
3003 670 3369 740 τολμωμένων
3432 670 3589 724 οῦπω
3653 670 3913 740 διεγείρει
3942 686 3956 700 ο

2402 762 2611 815 δέδοικα
2636 763 2710 831 μὴ
2738 762 3011 831 δαιμόνων
3052 761 3215 831 φύσις
3255 761 3546 835 ἀνθρώπου
3577 762 3793 833 μορφὴν
3829 762 3962 814 ὑπο-

2408 853 2674 924 κρίνεται.
2740 854 2877 907 Ἀλλ“
2930 855 3043 909 είθε
3101 856 3177 926 μὴ
3233 856 3538 928 συνήλασας
3595 858 3745 926 ἡμᾶς
3788 853 3961 908 ταῦτα

2402 946 2593 1009 εἰπεῖν,
2632 944 2725 999 καὶ
2767 945 2862 999 τοῦ
2925 947 3289 1019 Ἀντιχρίστου
3331 947 3421 1003 διὰ
3460 947 3555 1001 σοῦ
3605 948 3639 1017 ἠ
3693 944 3963 1016 παρουσία

2407 1038 2835 1107 προοιμιάζεται.

2987 1236 3212 1292 ΕΗΙΣΤ.
3252 1238 3372 1292 08'.

2773 1326 2986 1396 Μάρκῳ
3006 1325 3230 1391 Σικελῷ
3252 1324 3583 1397 μονάζοντι.

1961 1437 2223 1487 Montacut.
2258 1439 2359 1501 (ep.
2390 1440 2468 1497 84,
2491 1454 2538 1501 p.
2572 1440 2700 1501 150).

817 1536 966 1592 Multi
1011 1538 1255 1593 historici
1296 1540 1514 1603 docent,
1552 1540 1695 1608 quod
1738 1555 1861 1594 cum
1909 1556 2006 1609 per
2044 1550 2305 1595 terrarum
2338 1544 2384 1604 Β
2480 1543 2490 1558 '

2289 1558 2305 1594 ι
2338 1544 2384 1604 Β
2480 1542 2617 1604 Τοὺς
2641 1541 3059 1612 πρδςἘσπέραν
3088 1538 3426 1610 ἀνθρώπους,
3457 1538 3547 1592 ὅτε
3563 1536 3836 1606 πανταχοῦ
3861 1538 3962 1605 γῆς

750 1628 933 1682 orbem
980 1638 1154 1683 totum
1206 1630 1456 1697 impietas
1513 1629 1933 1693 dill'undebatur,
1992 1630 2304 1696 Saturnum,

750 1718 1012 1772 Venerem
1031 1760 1045 1783 ,
1076 1728 1130 1773 et
1157 1719 1535 1789 Proserpinam
1560 1759 1575 1782 ,
1624 1719 2000 1774 Occidentales
2037 1722 2180 1774 solos
2212 1735 2309 1789 pro

750 1810 853 1863 diis
883 1810 1134 1864 habuisse
1164 1827 1179 1863 :
1213 1818 1268 1864 et
1293 1811 1435 1877 quod
1466 1825 1644 1879 neque
1687 1811 1951 1864 malorum
1994 1811 2310 1864 toleratissi-

749 1912 895 1950 mum
915 1895 1221 1963 Herculem,
1241 1913 1343 1953 nec
1355 1896 1654 1953 Vulcanum
1678 1899 2008 1953 laudandum
2027 1900 2307 1961 artiﬁcem,

750 2003 851 2041 nec
882 1988 1304 2042 rhetoricantem
1333 1991 1663 2043 Mercurium
1685 2032 1699 2055 ,
1736 2005 1837 2044 nec
1877 1990 2039 2043 alium
2078 1990 2309 2058 quemli-

750 2081 842 2133 bet
872 2094 1082 2143 eorum,
1120 2095 1256 2149 quos
1285 2080 1481 2134 fabulze
1523 2096 1750 2149 operum
1793 2083 2118 2150 optimorum
2149 2092 2204 2136 et
2231 2083 2312 2135 in-

750 2184 1052 2239 genuorum
1110 2171 1368 2239 praesides
1415 2181 1468 2225 et
1525 2181 1803 2226 curatores
1869 2182 2196 2264 suggerunt,
2256 2174 2308 2226 in

749 2262 975 2317 deorum
1015 2261 1197 2315 album
1237 2263 1505 2329 retulisse,
1545 2274 1639 2318 aut
1684 2261 1970 2318 admittere
2028 2265 2262 2319 voluisse
2294 2282 2307 2317 :

749 2355 842 2408 sed
873 2368 974 2408 nec
1010 2369 1157 2407 aram
1178 2355 1421 2423 iustitiae,
1448 2356 1836 2425 temperantiae,
1858 2366 1953 2410 aut
1975 2358 2133 2413 alicui
2157 2357 2312 2411 alteri

751 2448 937 2500 virtuti
968 2447 1282 2511 adiﬁeasse,
1318 2464 1451 2517 quas
1484 2449 1681 2503 multas
1714 2450 1974 2504 mortales
2014 2458 2127 2504 tum
2162 2449 2312 2503 deifi-

752 2540 968 2604 cabant,
1000 2550 1055 2595 et
1085 2541 1469 2609 superstitione
1511 2542 1835 2611 pnevalentc
1866 2542 2134 2596 colebant.
2172 2542 2313 2607 Quid

753 2641 868 2684 erat
897 2640 1077 2685 autem
1113 2648 1211 2685 cur
1234 2633 1378 2701 apud
1418 2633 1552 2686 istos
1594 2632 1894 2697 Saturnus,
1923 2631 2129 2697 Venus,
2180 2632 2313 2686 Pro-

753 2722 966 2791 serpina
992 2723 1331 2788 colebantur,
1379 2724 1557 2778 solum
1602 2739 1669 2777 eo
1698 2724 1841 2790 quod
1892 2724 2138 2779 homines
2186 2725 2316 2779 solis

752 2812 954 2867 addicti
994 2825 1147 2866 erant
1193 2815 1561 2884 voluptatibus
1600 2815 1827 2879 ventris,
1854 2825 1908 2869 et
1934 2830 2114 2869 rerum
2147 2830 2315 2868 vene-

2407 1632 2687 1701 ὲξήπλωτο
2720 1632 3017 1701 ήὰσέϐεια,
3055 1632 3283 1701 Κρόνον.
3326 1632 3418 1683 καὶ
3472 1630 3813 1699 ⁹Αφροδίτην.
3868 1628 3966 1681 καὶ

2410 1720 2754 1789 Περσεφόνην
2788 1721 2979 1789 μόνους
3012 1720 3254 1790 νομίζειν
3287 1720 3441 1782 θεοὺς
3504 1722 3605 1785 τῆς
3663 1717 3902 1786 ἱστορίας
3930 1718 3964 1785 ἡ

2410 1815 2571 1882 πεῖρα
2618 1812 2928 1881 παρέδωκεν
2955 1852 2972 1876 ,
3010 1813 3107 1865 καὶ
3142 1810 3264 1864 οὔτε
3290 1809 3539 1879 τληπαθῆ
3568 1809 3664 1861 καὶ
3711 1825 3966 1878 καρτερι-

2410 1904 2504 1956 κὸν
2558 1902 2826 1973 Ἠρακλέα
2851 1942 2868 1965 ,
2927 1901 3052 1954 οὔτε
3093 1900 3395 1967 Ἥφαιστον
3425 1897 3803 1965 κλυτοτέχνην,
3849 1894 3969 1947 ἀλλ’

2410 1995 2530 2047 οὐδὲ
2581 1992 2759 2060 λόγιον
2800 1992 3005 2061 Ἑρμῆν
3031 2030 3047 2055 ,
3087 1991 3197 2044 οὐδ’
3248 1990 3406 2044 ἄλλον
3462 1990 3584 2042 τινὰ
3612 1982 3688 2042 ὧν
3742 1988 3771 2039 ό
3800 1985 3966 2057 μῦθος

2410 2086 2660 2157 χρηστῶν
2693 2086 2784 2139 καὶ
2826 2084 3132 2138 σπουδαίων
3158 2084 3336 2154 ἔργων
3376 2081 3687 2153 προστάτας
3730 2081 3824 2132 καὶ
3868 2080 3967 2147 ἑφ-

2410 2178 2567 2249 ὁρους
2592 2176 2929 2240 ὑποτίθεται,
2960 2175 3146 2227 οὐδένα
3180 2175 3383 2226 τούτων
3428 2172 3553 2225 οὔτε
3581 2171 3817 2233 θειᾶσαι,
3842 2167 3969 2222 οὔτε

2411 2267 2838 2340 παραδέξασθαι,
2866 2267 2988 2320 οὐδὲ
3011 2265 3194 2336 βωμὸν
3225 2264 3434 2335 ἱδρῦσαι
3478 2261 3845 2331 δικαιοσύνης,
3905 2261 3968 2313 ού

2414 2361 2523 2431 μὴν
2547 2359 2666 2413 οὐδὲ
2703 2358 3079 2430 σωφροσύνης,
3120 2359 3226 2410 οὐδ’
3254 2358 3419 2426 ἄλλης
3476 2357 3621 2418 τινὸς
3647 2356 3873 2425 ἀρετῆς,
3902 2354 3970 2425 ἢν

2411 2451 2710 2521 τηνικαῦτα
2759 2450 2822 2504 τὸ
2872 2449 3214 2521 ἀνθρώπινον
3258 2450 3415 2517 γένος
3453 2449 3717 2502 ὲθεοποίει
3769 2464 3830 2499 τε
3877 2448 3973 2499 καὶ

2414 2544 2565 2596 ἔσεόε
2590 2542 2986 2613 δεισιδαιμονίᾳ
3015 2542 3377 2611 κατεχόμενον
3398 2557 3411 2571 ·
3436 2541 3524 2593 διὰ
3559 2540 3612 2592 τί
3634 2535 3725 2592 οὖν
3772 2539 3971 2606 Ἀφρο-

2413 2633 2552 2703 δίτη,
2586 2634 2677 2685 καὶ
2704 2632 2933 2702 Κρόνος,
2959 2632 3053 2683 καὶ
3092 2629 3403 2698 Περσεφόνη
3444 2628 3654 2690 τούτοις
3706 2626 3972 2695 ἐτιμήθη-

2419 2741 2547 2789 adv;
2572 2726 2653 2777 ὃτι
2684 2723 2849 2793 μόνης
2877 2721 3071 2790 ἡδονῆς
3101 2720 3195 2772 καὶ
3232 2719 3466 2789 γαστρὸς
3515 2719 3609 2771 καὶ
3646 2709 3974 2786 ἀφροδισίων

2416 2817 2504 2869 ἀεὶ
2525 2814 2811 2884 γεγόνασιν
2842 2812 3135 2883 ἄνθρωποι.
3186 2812 3292 2864 Καὶ
3334 2811 3443 2880 γὰρ
3468 2811 3563 2862 καὶ
3588 2809 3810 2871 τούτους
3876 2806 3970 2870 οὓς

754 2919 989 2959 rearum.
1025 2904 1188 2959 Certe
1236 2883 1376 2959 enim
1418 2906 1535 2960 illos
1588 2921 1723 2975 quos
1752 2905 2002 2961 colebant
2037 2906 2168 2960 deos
2213 2906 2316 2959 mi-
2340 2883 2383 2939 (ἶ
2420 2910 2427 2959 l

2301 2936 2316 2945 -
2340 2883 2383 2939 θ
2420 2907 2624 2972 εσεόον,
2646 2904 2931 2976 μιγνύντες
2953 2904 3198 2975 ἀλλήλοις
3230 2901 3324 2955 καὶ
3368 2900 3749 2962 διαπλέκοντες
3772 2940 3787 2965 ,
3845 2917 3974 2971 τρο-

757 2999 972 3045 scentes
990 2990 1241 3059 invicem,
1258 3002 1313 3047 et
1330 2994 1652 3063 promiscuis
1673 2994 2040 3064 complexibus
2056 2995 2319 3049 inbaaren-

758 3090 859 3145 tes,
888 3080 1162 3148 alimenta,
1196 3082 1401 3147 luxum,
1437 3099 1600 3138 omne
1649 3101 1818 3156 genus
1862 3087 2221 3156 voluptatum,
2250 3086 2319 3140 ab

757 3172 863 3225 illis
884 3171 1010 3237 diis,
1060 3181 1122 3227 ut
1161 3172 1343 3227 verbis
1396 3172 1663 3239 ferebant,
1707 3173 1967 3241 ﬂuentes,
2013 3175 2319 3230 actionibus

756 3264 870 3318 suis
897 3264 1311 3319 coacervabant.
1345 3264 1462 3318 Non
1498 3276 1581 3320 est
1622 3281 1750 3336 ergo
1782 3267 2005 3328 mirum,
2035 3267 2080 3321 si
2113 3275 2192 3330 tu,
2224 3266 2317 3335 qui

757 3372 929 3426 genus
956 3356 1025 3409 ab
1056 3356 1499 3412 Occidentalibus
1527 3358 1764 3422 derivas,
1794 3358 1932 3412 nihil
1959 3358 2200 3428 prudens
2226 3368 2320 3413 aut

758 3455 1113 3517 temperatum
1157 3447 1340 3503 dicere
1385 3448 1468 3503 vel
1506 3447 1681 3503 facere
1726 3450 1899 3518 possis
1945 3468 1958 3503 :
2032 3456 2181 3502 certe
2226 3464 2321 3517 pa—

759 3549 924 3593 terna:
943 3539 1363 3594 consuetudines
1388 3539 1475 3593 vix
1505 3550 1597 3593 aut
1620 3556 1689 3594 ne
1719 3541 1804 3594 vix
1827 3540 2040 3609 quidem
2094 3540 2322 3608 corrigis

760 3642 816 3685 ct
843 3632 896 3684 in
928 3631 1174 3686 ordinem
1205 3631 1371 3703 redigi
1412 3642 1640 3701 possunt
1688 3633 1917 3686 maxima
1945 3632 2182 3686 adhibita
2204 3632 2324 3685 dili-

760 3722 959 3790 gentia,
990 3736 1142 3786 cura,
1179 3731 1234 3776 et
1268 3722 1563 3776 laboribus.

1309 3834 1521 3891 EPIST.
1562 3833 1773 3888 LXXX.

868 3927 1025 3981 Saba!
1059 3930 1419 3993 anachoreta,
1464 3946 1582 3981 cum
1620 3929 1875 3998 apostatis
1910 3928 2208 3981 immorata.

2424 2999 2531 3068 φάς
2559 3013 2618 3049 τε
2659 2996 2755 3048 καὶ
2814 2991 3023 3062 τρυφὰς
3077 2991 3171 3045 καὶ
3216 2988 3409 3058 ἡδονὰς
3463 2986 3720 3050 παντοίας
3767 2984 3979 3038 ἐκεῖθεν

2420 3090 2604 3148 αὐτοῖς
2630 3086 2710 3155 τῷ
2739 3085 2880 3153 λόγῳ
2912 3080 3137 3154 ῥεούσας
3188 3082 3277 3135 διὰ
3311 3080 3419 3134 τῶν
3458 3078 3709 3148 πράξεων
3752 3075 3974 3129 συνελέ-

2425 3194 2603 3248 γοντο.
2649 3176 2814 3231 Οὐδὲν
2856 3171 2949 3228 οὖν
2996 3172 3306 3243 θαυμαστὸν
3364 3171 3412 3223 εί
3449 3171 3544 3223 καὶ
3589 3171 3654 3222 σὺ
3703 3169 3766 3220 τὸ
3820 3167 3981 3236 γένος

2419 3272 2589 3325 ἕλκων
2618 3268 2677 3333 ἐξ
2700 3269 2990 3337 Ἐσπέρας,
3022 3264 3195 3327 οὐδὲν,
3218 3261 3342 3315 οὔτε
3372 3263 3587 3331 σῶφρον
3612 3260 3791 3327 λέγειν
3810 3259 3980 3327 ἔχεις,

2418 3361 2539 3415 οὔτε
2565 3358 3007 3430 διαπράττεσθαι.
3038 3349 3288 3426 Μεγίστη
3316 3352 3424 3422 γὰρ
3454 3350 3654 3424 σπουδῇ
3683 3350 3779 3403 καὶ
3800 3350 3982 3412 πόνοις

2422 3455 2518 3508 καὶ
2548 3450 2795 3522 μελέταις
2828 3452 2896 3503 τὰ
2932 3449 2991 3515 ἐξ
3034 3447 3185 3511 ἔθους
3222 3445 3317 3499 καὶ
3349 3443 3603 3513 πατρίδος
3639 3442 3793 3512 μόλις
3846 3442 3982 3494 ποτε

2422 3546 2563 3615 φιλεῖ
2592 3540 3141 3615 μεταρρυθμίζεσθαι.

3048 3824 3265 3876 ΕΠΙΣΤ.
3303 3822 3383 3873 ll'.

2428 3922 2588 3987 Σάὸᾳ
2617 3917 2962 3989 ἠσυχαστῇ,
2985 3919 3135 3985 μετὰ
3156 3913 3273 3967 τῶν
3298 3911 3653 3968 ἀποστατῶν
3685 3911 3982 3979 τεγιογότι.

1980 4037 2245 4087 Montacut.
2272 4037 2374 4099 (ep.
2407 4036 2486 4095 90,
2520 4050 2569 4097 p.
2608 4034 2735 4096 155).

833 4136 988 4193 Unde
1018 4138 1239 4205 factum,
1274 4148 1334 4195 ut
1369 4156 1493 4196 cum
1524 4140 1589 4195 ad
1610 4142 1789 4196 omnia
1836 4139 1984 4195 tarde
2014 4150 2067 4195 et
2094 4155 2320 4195 onerose

762 4232 1052 4294 movearis,
1075 4232 1141 4285 ad
1169 4234 1598 4288 machinationes
1617 4244 1801 4288 contra
1831 4250 1918 4287 me
1952 4234 2099 4288 celer
2152 4243 2207 4287 et
2229 4249 2321 4287 ve-

764 4319 988 4375 hemens
1036 4322 1357 4377 exstiteris?
1404 4323 1597 4393 Liquet
1644 4323 1787 4386 hinc,
1836 4323 2047 4393 opinor,
2081 4322 2221 4393 quod
2267 4324 2321 4376 in

760 4411 958 4479 quibus
1003 4412 1302 4466 secundum
1338 4413 1601 4467 rationem
1652 4414 1898 4483 procedit
1932 4415 2089 4479 ratio,
2130 4425 2323 4468 utcun-

2496 4139 2665 4191 Πόθεν
2716 4138 2753 4207 ἡ
2794 4134 2929 4204 πρὸς
2982 4130 3158 4183 πάντα
3210 4145 3305 4181 σου
3357 4126 3572 4197 κίνησις
3620 4124 3844 4195 βραδεῖα
3890 4126 3984 4177 καὶ

2426 4230 2622 4299 νωθὴς,
2664 4230 2743 4291 είς
2770 4227 2869 4297 τὴν
2892 4223 3013 4278 καθ’
3040 4222 3199 4293 ἡμῶν
3235 4219 3472 4288 κατέστη
3523 4216 3791 4284 συσκευὴν
3831 4215 3982 4279 ὀξεῖα

2428 4323 2520 4375 καί
2560 4318 2852 4389 σφοδρά;ἦ
2896 4317 3073 4385 δῆλον,
3131 4314 3205 4376 ὡς
3262 4313 3318 4364 ἐν
3366 4305 3449 4372 οἷς
3504 4310 3601 4377 μὲν
3644 4307 3916 4377 ἔπραττεν
3950 4310 3980 4360 ό

2426 4412 2679 4482 λογισμὸς
2699 4410 2838 4462 κατὰ
2870 4408 3048 4477 φύσιν,
3085 4405 3184 4458 κᾶν
3212 4405 3311 4457 οὐκ
3339 4398 3407 4473 ἦν
3433 4400 3580 4470 αύτῷ
3606 4399 3771 4467 τάχος
3805 4398 3985 4467 ἔμφυο

760 4516 867 4570 que
903 4501 1137 4570 ingenita
1169 4504 1267 4573 ipsi
1298 4505 1547 4558 celeritas
1577 4522 1683 4559 non
1722 4506 1792 4560 sit
1816 4507 1882 4560 ad
1913 4516 2037 4561 ante
2064 4507 2322 4560 vertenda
2354 4492 2433 4540 ν’

2308 4523 2322 4559 ι
2354 4492 2399 4516 υ
2424 4524 2515 4558 τον
2541 4506 2620 4567 εἰς
2662 4500 2946 4571 ἀντίληψιν
2996 4498 3106 4551 τῶν
3138 4496 3345 4559 κακῶν,
3382 4495 3527 4563 ὅμως
3563 4492 3681 4545 οὐδὲ
3721 4492 3981 4560 ἀκρατῶς

764 4593 1130 4657 mola,tamen
1180 4595 1458 4651 incitatius
1488 4609 1543 4651 et
1576 4598 1857 4662 continuo,
1912 4614 2012 4652 nec
2060 4614 2324 4668 suspenso

764 4692 941 4749 motu,
969 4684 1036 4739 ad
1099 4688 1233 4740 mala
1269 4687 1395 4742 ferri
1442 4704 1550 4742 non
1596 4690 1729 4744 vult.
1766 4691 1836 4743 At
1869 4704 1990 4745 cum
2034 4690 2158 4744 inde
2179 4690 2325 4744 exci-

762 4775 906 4829 derit
934 4775 1078 4842 quod
1100 4778 1399 4833 secundum
1452 4790 1700 4835 naturam
1726 4791 1829 4845 est,
1862 4798 1967 4836 una
2002 4782 2164 4835 etiam
2190 4781 2322 4836 επε-

759 4874 974 4931 runtur,
1003 4878 1059 4921 et
1092 4876 1269 4922 motus
1296 4884 1485 4926 omnes
1512 4882 1566 4927 et
1592 4873 1834 4927 actiones
1853 4874 2078 4944 singula:
2111 4874 2166 4926 in
2201 4883 2323 4926 sta-

763 4966 877 5010 tum
927 4958 1298 5013 turbulentum
1347 4971 1399 5015 et
1456 4962 1739 5017 furiosum.
1813 4965 1949 5018 scito
2006 4974 2185 5019 autem
2238 4978 2323 5016 me

758 5046 915 5101 valde
946 5048 1155 5117 pudore
1182 5051 1473 5120 suffusum,
1522 5064 1577 5109 et
1624 5070 1857 5111 maerore
1901 5058 2040 5111 ultra
2099 5056 2317 5111 modum

758 5148 1059 5207 arreptum,
1091 5156 1201 5197 non
1216 5144 1362 5213 quod
1389 5161 1579 5202 omnes
1607 5147 1661 5201 in
1692 5150 1975 5218 praesentia
2004 5150 2133 5202 aleae
2158 5149 2318 5217 iacta:

760 5228 869 5279 sint
904 5228 959 5281 in
987 5246 1095 5297 me,
1130 5233 1226 5288 sed
1256 5238 1400 5305 quod
1425 5238 1554 5294 olim
1589 5246 1644 5293 tu
1680 5255 1747 5294 ex
1780 5240 1847 5294 iis
1878 5239 2144 5297 videbaris
2171 5253 2317 5293 esse.

760 5318 853 5387 qui
882 5334 971 5377 me
998 5326 1272 5383 amabant.

2425 4598 2555 4650 είαγ
2584 4594 2719 4665 πρὸς
2750 4592 2817 4648 τὰ
2844 4590 3021 4659 φαῦλα
3069 4587 3347 4659 φέρεσθαι,
3400 4586 3493 4639 καὶ
3540 4584 3835 4645 ἀνενδότως
3882 4583 3986 4651 τὴν

2422 4691 2615 4760 ὁρμήν.
2654 4687 2806 4740 Ἐπεὶ
2829 4686 2883 4739 δὲ
2913 4686 3007 4738 καὶ
3038 4683 3215 4737 αὐτῶν
3245 4682 3465 4747 ἐξέπεσε
3491 4679 3597 4731 τῶν
3626 4677 3766 4730 κατὰ
3795 4675 3982 4745 φύσιν,

2425 4779 2884 4851 ωνεξηνέχθησαν
2908 4776 3056 4845 αὐτῷ
3094 4775 3187 4827 καὶ
3214 4774 3269 4825 αἱ
3297 4772 3542 4841 κινήσεις
3567 4770 3759 4832 πᾶσαι,
3800 4768 3895 4820 καὶ
3922 4768 3981 4820 αἱ

2424 4874 2649 4943 πράξεις
2668 4874 2747 4934 είς
2784 4870 2844 4923 τὸ
2873 4868 3164 4929 στασιῶδες
3209 4861 3338 4937 ἦθος
3386 4865 3479 4916 καὶ
3522 4860 3795 4933 ὲμμανέςο
3831 4861 3983 4929 ἡμᾶς

2421 4965 2477 5017 δὲ
2505 4964 2736 5031 γίνωσκε
2763 4960 2881 5014 λίαν
2931 4957 3281 5029 αἰσχύνεσθαι
3336 4956 3429 5009 καὶ
3474 4953 3825 5022 ύπεραλγεῖν,
3869 4951 3970 5019 οὐχ

2422 5055 2501 5107 ὅτι
2524 5052 2617 5106 νῦν
2645 5053 2852 5113 πάντας
2888 5050 3081 5113 κύϐους
3104 5046 3224 5100 καθ’
3255 5045 3412 5115 ἡμῶν
3441 5042 3821 5113 ἁναρῤίπτεις,
3862 5038 3982 5091 ἀλλ’

2424 5146 2504 5199 ὅτι
2545 5146 2636 5198 καὶ
2657 5143 2817 5208 αὐτὸς
2835 5138 2915 5209 εἷς
2942 5140 3147 5206 ἐδόκεις
3172 5138 3337 5193 πάλαι
3356 5134 3466 5190 τῶν
3492 5132 3791 5205 φιλούντων
3832 5131 3983 5200 ἡμᾶς

2420 5231 2584 5292 εἶναι.

2063 5481 2292 5539 ὙΛΒΙᾸΕ
2330 5476 2726 5539 LECTIONES.

834 5651 864 5696 τ
890 5646 973 5701 ἴσ.
999 5649 1105 5721 είη.
