4236 6436
317 394 423 461 889

898 516 1117 575 ΕΠΙΣΤ.
1144 522 1275 580 IIA'.

496 598 824 673 Ἀθανασίφ
844 610 1160 677 μονάζοντι
1201 616 1300 671 καί
1345 618 1692 691 ἠσυχαστῇ.

1454 417 1980 485 EPISTOLARUM
2018 425 2246 488 LIBER
2285 428 2369 490 II;

1895 541 1944 599 A

3417 442 3525 506 890

2488 540 2711 600 ενιετ.
2752 543 2991 603 LXXXI.

2222 632 2509 689 Athanasio
2551 638 2801 692 monacho
2838 648 2889 693 et
2925 641 3253 696 anachoreta:

1553 733 1815 786 Iontacut.
1855 739 1960 801 (ep.
1984 740 2064 799 93,
2097 754 2147 800 p.
2180 740 2312 805 151).

384 815 489 871 Τδν
514 819 735 887 φοίνικα
762 822 896 889 φασὶ
919 824 981 878 τὸ
1011 828 1176 896 φυτὸν
1206 832 1273 902 τῇ
1297 832 1517 908 ἀλμυρᾷ
1542 838 1755 894 θάλλειν
1775 846 1871 914 γῇ,

314 910 407 961 καὶ
434 911 533 980 τὴν
565 912 742 984 κόμην
762 917 842 979 είς
880 916 1013 986 ῦψος
1039 920 1356 992 ἐκτρέφειν,
1404 930 1500 982 καὶ
1551 934 1768 1001 καρπὸν
1792 910 1872 998 είς

310 1001 512 1071 πλῆθος
551 1004 645 1056 ml.
697 1006 899 1077 πολλὴν
941 1010 1249 1083 γλυκύτητα
1310 1017 1509 1087 φέρειν
1533 1038 1547 1051 ·
1589 1026 1682 1075 καὶ
1736 1025 1871 1087 ὅλως

310 1096 511 1162 φοίνικι
542 1099 635 1151 καὶ
654 1100 954 1171 ἐπιτήδειον
976 1105 1193 1177 άλμυρά
1220 1110 1289 1180 γῆ
1308 1126 1321 1140 ⁸
1346 1112 1520 1167 καίτοι
1561 1118 1670 1169 τῶν
1694 1118 1870 1172 ἀλλων

312 1189 661 1258 σπερμάτων,
684 1191 786 1245 ὅσα
813 1194 873 1245 τὸ
902 1194 1071 1261 γλυκὺ
1095 1199 1269 1265 φιλεῖν
1297 1202 1470 1257 ἐθέλει
1494 1209 1590 1259 καὶ
1619 1208 1865 1279 λιπαρὸν,

310 1278 625 1350 ὑπάρχουσα
657 1283 947 1358 φθαρτική.
990 1290 1186 1354 Καλῶς
1217 1288 1309 1346 οὖν
1336 1297 1429 1349 καὶ
1449 1298 1635 1362 αὐτὸς,
1678 1302 1726 1353 εί
1760 1278 1868 1355 καὶ

312 1368 389 1439 μὴ
420 1372 645 1436 πολλοὺς
672 1374 813 1445 ἔχεις
835 1377 959 1442 τοὺς
998 1386 1352 1451 συνεραστάς,
1395 1388 1517 1441 ἀντὶ
1571 1390 1680 1443 τῶν
1716 1393 1867 1445 πολι-

310 1461 759 1533 τικῶνθορύϐων,
789 1470 887 1538 τὴν
916 1471 1123 1541 ἔρημον
1152 1476 1320 1531 οίκεῖν
1354 1480 1604 1549 ᾑρετήσω
1625 1492 1673 1536 ι.
1708 1486 1867 1554 Ῥᾷον

310 1554 421 1621 γὰρ
449 1554 513 1605 ἐκ
544 1555 745 1626 ταύτης
763 1559 898 1622 ἐστὶ,
927 1564 1011 1615 σοί
1041 1581 1101 1616 τε
1132 1566 1225 1618 καὶ
1263 1570 1375 1631 τοῖς
1411 1570 1721 1641 ὑψικόμοις,
1757 1578 1867 1639 τοῖς

2036 847 2203 902 Aiunt
2228 851 2457 919 palmam
2486 853 2733 908 arborem
2761 853 2903 908 salsa
2930 854 3164 925 gaudere
3210 855 3421 923 tellure,
3469 868 3526 914 et

1968 938 2186 994 frondes
2211 942 2263 995 in
2294 943 2462 996 altum
2490 946 2759 1009 attollere,
2790 955 2847 1001 et
2888 946 3123 1000 fructum
3173 949 3523 1017 multiplicem

1968 1030 2229 1099 proferre,
2250 1043 2306 1087 et
2339 1050 2549 1088 summa
2594 1038 2876 1104 praeditum
2922 1037 3251 1092 dulcedine:
3301 1040 3371 1093 ita
3406 1056 3522 1093 om-

1966 1121 2098 1174 nino
2124 1123 2222 1177 soli
2249 1126 2385 1179 salsa
2434 1127 2594 1180 tellus
2640 1128 2830 1195 palma:
2877 1144 3135 1198 congrua,
3168 1144 3287 1197 quae
3329 1139 3522 1186 caetera

1968 1214 2148 1266 omnia
2174 1216 2375 1269 semina
2400 1226 2454 1271 et
2483 1218 2692 1284 plantas
2735 1233 2856 1286 qua:
2900 1218 3187 1273 dulcedine
3233 1221 3522 1289 capiuntur

1966 1314 2023 1358 et
2058 1306 2382 1376 pinguedine
2432 1310 2705 1377 salsugine
2759 1319 2975 1365 enecat.
3032 1312 3210 1375 Quare
3266 1322 3412 1367 recte
3464 1323 3522 1367 tu

1967 1396 2207 1464 quidem,
2240 1398 2365 1451 licet
2391 1401 2589 1453 multos
2616 1416 2726 1452 non
2751 1400 2951 1454 habeas
2990 1402 3205 1465 rivales,
3239 1418 3339 1470 pro
3357 1403 3525 1457 civili-

1967 1486 2069 1540 bus
2102 1489 2291 1542 turmis
2320 1500 2375 1543 et
2394 1491 2713 1545 tumultibus
2732 1507 2975 1545 eremum
3002 1492 3243 1545 incolere
3271 1493 3477 1561 elegisti
3505 1511 3521 1547 :

1968 1592 2032 1630 ex
2068 1578 2152 1631 illa
2178 1581 2320 1633 enim
2348 1581 2636 1635 solitudine
2658 1581 2813 1636 facile
2848 1584 2942 1636 tibi
2985 1583 3145 1637 fuerit
3173 1593 3227 1637 et
3255 1584 3523 1639 similibus

309 1641 450 1695 κατά
479 1645 557 1710 σὲ,
588 1647 726 1716 πρὸς
747 1649 971 1705 οὐοανὸν
997 1657 1119 1719 ταῖς
1148 1657 1367 1728 ἀρεταῖς
1396 1660 1703 1731 ἀναφέρςσθ
1718 1681 1783 1721 1L
1895 1652 1939 1707 Β
1963 1684 1982 1726 ε

1895 1652 2177 1728 Bexcelsa
2223 1686 2378 1725 coma
2427 1672 2685 1741 praditis,
2732 1674 2800 1727 ad
2828 1674 3044 1728 ‘ctelum
3093 1676 3384 1731 ascendere
3429 1691 3521 1745 per

893 1854 1116 1910 ΕΠΙΣΤ.
1150 1858 1273 1913 IIB'.

441 1940 819 2007 Mntpogadrst
857 1946 1170 2017 μονάζοντι
1206 1952 1718 2024 ἀποστατήσαντι.

1968 1758 2213 1815 virtutes.

2478 1872 2696 1929 EPIST.
2738 1875 2996 1929 LXXXII.

2258 1961 2591 2033 Hetruplzam‘
2629 1968 2881 2021 monac/to
2918 1975 3192 2036 apostatae.

1512 2062 1779 2115 Montacut.
1802 2066 1906 2129 (ep.
1930 2068 2039 2131 105,
2059 2082 2107 2131 ρ.
2133 2069 2265 2131 149).

369 2144 481 2238 τῆς
506 2150 769 2218 πονηρίας
797 2152 857 2205 τὸ
873 2154 1042 2218 πάθος
1066 2156 1257 2227 (πάθος
1284 2162 1392 2233 γὰρ
1420 2165 1591 2236 ἔγωγε
1617 2170 1849 2238 μάλιστα

297 2236 445 2331 καλῶ
480 2242 587 2331 πάν
616 2242 751 2313 ὅπερ
792 2246 1112 2316 λυμαίνεται
1134 2256 1247 2318 τοῖς
1290 2258 1429 2311 κατά
1462 2236 1659 2331 φύσιν)
1693 2262 1851 2316 τοῦτο

292 2326 359 2397 δὴ
387 2329 605 2383 ὲπειδάν
633 2337 875 2402 κρεῖττον
898 2340 1121 2411 γένηται
1152 2343 1253 2413 τῆς
1274 2346 1381 2399 ἀπὸ
1399 2348 1507 2400 τῶν
1525 2326 1849 2419 παραινούν-

290 2435 401 2471 των
427 2421 662 2492 ἰατρείας
688 2442 700 2454 ·
725 2426 756 2495 ἢ
783 2430 1101 2501 σφοδρότητι
1123 2436 1415 2506 τιμωρίας,
1455 2439 1486 2508 ἢ
1514 2439 1591 2510 τῷ
1612 2440 1846 2512 θανάτῳ,

288 2512 389 2581 τὴν
422 2516 512 2567 ἐπὶ
538 2516 605 2569 τά
637 2519 804 2589 χείρω
827 2524 994 2593 νομὴν
1033 2527 1427 2582 ἀνακόπτεται·
1468 2535 1850 2607 παρῃνέσαμεν

288 2604 389 2696 οῦκ
418 2606 584 2673 ἅπαξ,
607 2610 741 2664 ἀλλά
762 2614 855 2666 καὶ
881 2616 1159 2681 πολλάκις
1190 2622 1411 2690 κωφῶν
1429 2623 1497 2676 δὲ
1514 2626 1627 2693 ἄρα
1649 2604 1852 2696 θύρας,

286 2691 386 2760 τὴν
412 2696 726 2765 παροιμίαν,
753 2700 1072 2770 ἀπέδειξας
1089 2706 1440 2776 κόπτοντας.
1482 2691 1620 2767 Ἀλλ’
1647 2691 1855 2783 ἔδειξας

289 2783 392 2849 μὲν
414 2786 577 2873 νόσον,
596 2790 940 2867 ἀνθρωπίνης
967 2799 1185 2865 μείζονα
1206 2801 1526 2873 θεραπείας,
1554 2807 1613 2859 οὑ
1659 2808 1855 2873 δείξεις

285 2874 370 2939 δὲ,
396 2870 569 2947 οἶμαι,
594 2883 688 2934 καὶ
714 2884 815 2953 τῆς
833 2888 940 2939 ἀπὸ
951 2889 1059 2942 τῶν
1076 2891 1255 2960 νόμων
1272 2870 1560 2966 τιμωρίας.
1594 2900 1656 2953 Εἰ
1679 2900 1736 2954 δὲ

2025 2173 2387 2243 Improbitatis
2453 2177 2639 2245 passio
2692 2180 3020 2247 (passionem
3098 2196 3198 2251 ego
3279 2183 3519 2255 inlclligo

1954 2266 2214 2335 quidquid
2244 2267 2371 2323 illud
2396 2269 2539 2339 quod
2585 2271 2888 2324 secundum
2938 2283 3185 2325 naturam
3215 2283 3299 2327 est
3333 2276 3517 2329 demo-

1952 2354 2104 2422 litur)
2134 2356 2248 2410 haec
2271 2372 2393 2411 cum
2423 2359 2667 2428 superior
2687 2361 3083 2416 evaseritomni
3122 2364 3515 2421 admonitorum

1956 2443 2271 2506 medecina,
2320 2447 2403 2500 vel
2454 2462 2552 2515 per
2599 2449 2849 2517 supplicii
2890 2451 3206 2520 gravitatem
3234 2494 3247 2515 ,
3282 2455 3364 2508 vel
3419 2471 3516 2524 per

1956 2542 2184 2587 mortem
2214 2534 2557 2605 intercipitur
2593 2553 2663 2591 ne
2689 2539 2745 2591 in
2783 2539 3026 2594 deterius
3054 2543 3311 2609 procedat
3353 2563 3366 2597 :
3419 2544 3514 2598 ad-

1951 2624 2136 2677 monui
2165 2640 2273 2678 non
2300 2627 2489 2692 semel,
2543 2628 2638 2681 sed
2665 2630 2899 2698 saepius;
2947 2640 3003 2685 at
3049 2641 3127 2691 tu.
3157 2635 3299 2703 quod
3352 2636 3513 2691 habet

1950 2725 2106 2770 vetus
2122 2718 2365 2779 verbum.
2433 2717 2711 2774 Pulsantea
2732 2725 2871 2791 [aras
2900 2726 3088 2778 surdus
3118 2742 3219 2778 non
3245 2729 3510 2784 audivisti.

1951 2804 2151 2860 Verum
2181 2809 2368 2863 morbo
2432 2817 2486 2863 te
2528 2812 2775 2867 laborare
2818 2815 2911 2882 qui
2966 2815 3257 2871 humanam
3289 2819 3514 2874 excedat

1951 2901 2305 2966 curationem,
2337 2902 2532 2968 doces;
2564 2904 2678 2970 sed,
2697 2904 2908 2973 opinor,
2926 2922 3034 2960 non
3066 2909 3347 2977 praestabis
3374 2911 3513 2965 ultra

285 2966 517 3066 ταῦτην,
565 2972 839 3046 ὑπερϐολῇ
900 2978 1131 3060 θράσους
1166 2984 1384 3053 ἐλέγξαι
1432 2989 1849 3060 φιλονεικήσεις,
1878 2983 1958 3042 α]

1839 3035 1849 3058 ,
1878 2983 1922 3041 C
1954 2990 2161 3060 legibus
2184 3006 2398 3060 poenam
2430 2966 2792 3063 irrogandam.
2836 2966 2990 3059 Quod
3043 2966 3112 3059 si,
3143 3013 3267 3066 quae
3306 3008 3397 3053 tua
3428 3009 3512 3055 est

285 3057 402 3149 ἀλλ’
432 3054 526 3114 οὖν
556 3062 823 3118 ἁλώσεταί
850 3085 913 3135 γε
941 3054 1156 3136 πάντως
1182 3074 1260 3145 τῷ
1290 3054 1505 3149 θανάτῳ
1544 3082 1605 3134 τὸ
1635 3054 1726 3139 σὸν

285 3148 353 3217 τῇ
390 3152 586 3206 σαυτοῦ
620 3164 972 3234 καταστροφῇ
995 3163 1133 3235 πρὸς
1170 3166 1349 3223 πάντα
1393 3148 1717 3239 φιλόνεικον.

875 3357 1102 3412 ΕΠΙΣΤ.
1137 3361 1260 3417 ΗΓ.

500 3443 793 3512 θεοδοσίφ
813 3451 1128 3518 μονάζοντι
1151 3454 1250 3509 καί
1290 3458 1641 3530 ήσυχαστῇ.

1942 3081 2182 3150 improba
2221 3082 2443 3138 audacia
2466 3123 2484 3147 ,
2522 3092 2579 3138 et
2622 3084 2766 3138 illam
2821 3086 3056 3141 volueris
3095 3088 3249 3143 ﬂocci
3310 3090 3508 3158 facere,

1942 3172 2167 3227 omnino
2193 3172 2397 3228 evitare
2427 3175 2697 3244 nequibis,
2716 3192 2825 3245 quo
2849 3177 3027 3232 minus
3053 3188 3144 3234 tua
3175 3181 3263 3236 illa
3295 3182 3501 3254 impor-

1948 3269 2080 3316 tuna
2110 3262 2389 3317 contentio
2414 3263 2469 3316 in
2502 3264 2624 3333 ipso
2656 3264 2763 3319 ﬁne
2790 3266 2931 3321 male
2962 3271 3300 3326 succumbat.

2445 3372 2664 3429 EPIST.
2703 3375 2988 3431 LXXXIII.

2202 3461 2483 3519 Theodosio
2517 3467 2771 3519 monacho
2806 3475 2857 3520 et
2892 3469 3247 3526 anachoreta.

1501 3569 1766 3623 lontacut.
1790 3575 1893 3638 (ep.
1914 3573 2023 3635 117,
2045 3588 2095 3636 p.
2119 3574 2252 3637 158).

356 3655 421 3707 Τί
451 3655 747 3728 θαυμάζεις
771 3665 817 3715 εί
848 3667 1157 3733 προκάθητο
1196 3670 1293 3740 μὲν
1331 3671 1739 3746 ὲξοφρυωμένον
1778 3680 1839 3732 τὸ

286 3750 519 3821 ἀνίερον,
544 3757 845 3824 παρίστατο
887 3760 944 3813 δὲ
976 3762 1083 3816 τῶν
1112 3766 1410 3837 ἀρχιερέων
1444 3769 1577 3821 Θεοῦ
1615 3771 1676 3823 τὸ
1717 3772 1839 3825 ὲπί-

286 3856 494 3909 σημον;
570 3846 663 3897 καὶ
721 3850 928 3915 κρίνειν
982 3852 1081 3920 μὲν
1111 3854 1327 3921 ἐλέγετο
1370 3856 1429 3909 τὸ
1481 3859 1835 3932 κατάκριτον,

286 3931 661 3996 κατεδικάζετο
687 3936 743 3988 δὲ
768 3936 939 4005 ξίφεσι
974 3947 1520 4017 περιεστοιχισμένον,
1560 3950 1701 4022 ὑπὲρ
1743 3952 1838 4005 τοῦ

290 4022 423 4091 μηδὲ
455 4027 637 4095 φωνὴν
658 4028 893 4095 ἀφεῖναι,
926 4033 988 4083 τὺ
1004 4034 1330 4102 ἀνεύθυνον;
1359 4039 1504 4107 ἔχεις
1536 4042 1644 4111 γὰρ
1667 4043 1837 4097 πολλὰ

284 4115 379 4165 καὶ
429 4115 525 4167 νέα
577 4117 668 4169 καὶ
728 4121 932 4174 παλαιά
982 4126 1429 4197 παραδείγματα”
1480 4133 1680 4195 ’Δννας
1745 4137 1837 4187 καὶ

2007 3678 2275 3743 Quorsum
2310 3678 2523 3733 miraris
2552 3679 2598 3734 si
2637 3681 2849 3750 profani
2891 3698 3014 3738 cum
3056 3684 3343 3754 supercilio
3367 3702 3505 3756 pra:-

1939 3770 2139 3833 sident,
2189 3770 2401 3839 gloriosi
2436 3779 2617 3825 autem
2655 3773 2921 3827 antistites
2962 3775 3054 3829 Dei
3087 3778 3304 3830 astent?
3352 3781 3501 3847 quid,

1940 3860 2083 3929 quod
2102 3861 2360 3929 judicium
2385 3872 2642 3917 exercent
2660 3864 2863 3933 judicio
2881 3866 3139 3931 damnati,
3162 3870 3319 3939 culpa
3344 3873 3500 3925 vacui

1941 3952 2148 4021 judicio
2192 3954 2474 4016 sistantur,
2520 3956 2711 4023 gladiis
2750 3957 3159 4026 circumvallati,
3203 3961 3277 4015 ita
3328 3971 3386 4015 ut
3433 3980 3505 4019 ne

1942 4059 2131 4097 vocem
2162 4046 2411 4099 emittere
2434 4047 2701 4100 audeant?
2733 4049 2828 4101 sed
2884 4050 3257 4119 hujuscemodi
3302 4070 3502 4123 suppe-

1944 4142 2062 4187 tunt
2090 4135 2277 4196 multa,
2317 4144 2373 4188 et
2429 4144 2612 4188 vetera
2641 4144 2696 4190 et
2736 4132 2940 4193 novitia
2978 4143 3239 4209 exempla.
3286 4145 3494 4210 Annas,

286 4206 535 4272 Καϊάφας
576 4209 670 4263 καὶ
698 4211 927 4276 Πιλάτος
960 4216 1223 4282 ἐδίκαζον,
1254 4220 1345 4271 καὶ
1386 4220 1610 4291 Ἰησοῦς,
1637 4224 1664 4275 6
1708 4226 1838 4295 ἐμὸς
1870 4243 1913 4297 Ῑ)
1941 4224 1959 4278 (

1828 4244 1838 4288 ς
1870 4243 1913 4297 Ῑ)
1941 4224 2193 4293 Caipbas,
2239 4232 2295 4279 et
2338 4226 2539 4279 Pilatus
2570 4227 2822 4283 sedentes
2858 4245 2957 4299 pro
3003 4206 3257 4286 tribunali
3293 4206 3501 4303 judica-

284 4299 555 4368 Δεσπότης
598 4302 693 4353 καὶ
721 4302 872 4367 Θεὸς,
922 4308 1014 4359 καὶ
1063 4310 1236 4371 κοινὸς
1284 4311 1551 4366 ἀπάντων
1616 4318 1831 4385 κριτὴς,

287 4388 585 4456 παρίστατο
616 4392 959 4465 ὲταζόμενος.
1010 4399 1279 4467 Στέφανος
1324 4404 1352 4453 6
1387 4404 1712 4472 καλλίνικος,
1744 4412 1839 4461 καὶ

285 4479 500 4549 πρῶτος
523 4482 632 4535 τῶν
664 4486 895 4555 Χριστοῦ
951 4490 1241 4563 μαρτύρων
1286 4495 1613 4563 παρίστατο,
1646 4502 1739 4553 καὶ
1777 4503 1837 4554 τὸ

281 4572 378 4638 τῆς
430 4577 736 4643 μιαιφονίας
785 4581 1078 4651 συνέδριον,
1140 4584 1309 4648 λίθοις
1342 4586 1694 4656 θεολογοῦντα
1738 4594 1837 4646 τὸν

281 4660 517 4734 ἀθλητὴν
550 4669 941 4738 κατεχώννυον.
998 4673 1251 4738 Ἰάκωϐος
1303 4677 1332 4727 6
1391 4679 1605 4746 πρῶτος
1648 4684 1835 4752 ἀρχιε-

285 4751 444 4821 ρέων,
481 4754 573 4809 καὶ
615 4760 912 4834 Δεσποτικῇ
943 4768 1084 4835 χειρὶ
1121 4767 1182 4819 τὸ
1219 4768 1361 4835 ἱερὸν
1381 4770 1586 4839 χρίσμα
1620 4751 1711 4826 καὶ
1742 4775 1835 4845 τὴν

281 4845 505 4914 ἐφορίαν
574 4849 956 4923 Ἰεροσολύμων
1013 4857 1225 4927 λαχὼν,
1277 4863 1660 4930 παρειστήκει·
1739 4866 1834 4918 καὶ

283 4936 510 5001 ’Λνανος
560 4940 589 4993 6
621 4943 685 4995 ὲκ
726 4944 1116 5015 Σαδδουκαίων,
1139 4951 1352 5021 ἐκρότει
1398 4955 1690 5024 συνέδριον,
1743 4957 1834 5008 καὶ

279 5026 508 5119 θάνατος
545 5026 612 5103 ἦν
632 5035 790 5099 εὐθὺς
811 5038 888 5109 τῷ
921 5040 1111 5114 δικαίῳ
1140 5045 1247 5098 τῶν
1279 5048 1732 5119 παρανομούντων
1774 5048 1834 5100 τὺ

280 5117 553 5192 ψήφισμα.
587 5125 796 5192 Παῦλος
838 5131 1019 5199 πάλιν,
1045 5136 1073 5187 6
1102 5138 1272 5205 μέγας
1312 5140 1404 5192 καὶ
1439 5117 1687 5209 λαμπρὸς
1735 5140 1834 5208 τῆς

279 5213 599 5288 οἰκουμένης
624 5220 817 5291 κῆρυξ,
844 5227 1161 5294 παρίστατο,
1193 5232 1286 5284 καὶ
1318 5232 1581 5297 Ἀνανίας,
1611 5236 1638 5286 6
1672 5234 1833 5286 καθά-

282 5320 385 5373 περ
407 5309 518 5369 tot;
551 5311 759 5379 χρόνοις
811 5314 1028 5370 Ἀνάνου
1076 5322 1361 5394 πρότερος,
1407 5323 1548 5377 οὕτω
1594 5324 1686 5376 καὶ
1724 5326 1833 5387 τοῖς

280 5394 501 5461 τρόποις
535 5400 595 5452 οὑ
619 5400 887 5475 δεύτερος,
918 5409 978 5460 τὸ
1028 5411 1127 5479 τῆς
1151 5413 1407 5483 ἀληθείας
1452 5416 1625 5485 στόμα
1665 5432 1830 5483 προσ-

284 5485 472 5540 έταττε
504 5490 830 5550 τύπτεσθαι’
874 5498 1009 5555 ἀλλά
1056 5502 1268 5559 Παύλου
1303 5507 1581 5577 μνησθεὶς,
1624 5504 1831 5558 πολλῶν

1940 4316 2089 4381 bant,
2135 4318 2345 4371 astabat
2404 4331 2562 4371 meus
2601 4318 2864 4389 Dominus
2896 4322 3054 4387 Deus,
3101 4332 3155 4376 et
3199 4327 3498 4381 communis

1936 4409 2061 4462 olim
2116 4410 2355 4462 omnium
2404 4408 2617 4465 futurus
2672 4412 2857 4480 iudex,
2900 4414 3133 4466 examini
3198 4417 3497 4485 subjectus.

1935 4498 2241 4569 Stephanus
2259 4498 2347 4552 ille
2375 4500 2612 4571 martyrii
2636 4501 2912 4555 lemniscis
2927 4503 3184 4558 etadorea
3211 4506 3493 4575 gloriosus,

1936 4606 2035 4659 pro
2081 4590 2334 4643 tribunali
2384 4592 2577 4653 stetit,
2627 4599 2683 4645 et
2733 4593 3019 4647 concilium
3077 4595 3488 4664 homicidarum,

1934 4682 2185 4734 athletam
2214 4681 2365 4734 illum
2412 4682 2479 4735 de
2498 4682 2696 4736 Christi
2726 4682 3008 4737 divinitate
3042 4686 3487 4753 concionantem,

1936 4774 2202 4843 lapidibus
2239 4775 2560 4828 obruerunt.
2592 4775 2825 4830 Iacobus
2854 4776 2944 4830 ille
2991 4777 3241 4847 princeps
3286 4781 3494 4848 episco-

1935 4881 2145 4935 porum,
2168 4865 2365 4934 quique
2392 4866 2461 4920 de
2491 4881 2653 4919 manu
2677 4866 2887 4920 Domini
2924 4868 3231 4924 unctionem
3261 4886 3491 4937 sacram,

1933 4966 1989 5012 et
2030 4956 2571 5027 Hierosolymitanum
2602 4959 2952 5027 praesulatum
2986 4961 3212 5029 accepit,
3257 4977 3355 5030 pro
3394 4965 3491 5017 tri-

1934 5048 2114 5103 bunali
2170 5050 2345 5111 stetit;
2392 5057 2447 5102 et
2512 5049 2749 5105 Ananias
2795 5050 3121 5106 Sadducazus
3164 5067 3487 5110 consessum

1933 5140 2294 5209 congregavit,
2345 5153 2376 5191 a
2431 5153 2541 5206 quo
2584 5155 2736 5193 mors
2788 5140 3184 5194 decernebatur
3230 5142 3489 5195 continuo

1932 5238 2116 5282 contra
2154 5231 2328 5282 virum
2368 5229 2574 5299 justum
2622 5230 2773 5298 quasi
2828 5230 2960 5299 legis
3006 5240 3482 5302 transgressorem.

1932 5321 2127 5374 Paulus
2159 5321 2247 5374 ille
2274 5336 2499 5391 magnus
2526 5328 2582 5375 et
2634 5321 2857 5376 illustris
2900 5322 3066 5376 totius
3112 5323 3259 5377 orbis
3307 5340 3484 5393 prmco

1932 5413 2117 5478 astitit,
2150 5423 2205 5467 et
2225 5413 2480 5477 Ananias,
2508 5414 2599 5484 qui
2622 5422 2860 5483 tempore
2877 5422 2937 5467 ut
2971 5414 3242 5483 pmcessit
3272 5415 3481 5481 Anam),

1932 5506 2001 5559 ita
2042 5504 2284 5559 moribus
2306 5504 2380 5560 illi
2421 5505 2689 5562 secundus
2730 5504 2874 5561 baud
2898 5504 3126 5573 exstitit,
3154 5503 3395 5561 veritatis
3419 5521 3483 5560 os

1560 5674 1789 5731 VARUS
1831 5674 2226 5733 LECTIONES.

360 5827 377 5853 ι
409 5818 659 5890 ήρετίσω,
692 5820 908 5880 IImsch.
