4236 6436
712 358 815 422 891

1859 352 2117 415 ΡΙΙΟΤΙΙ
2149 346 2648 410 PATRIARCHIE
2687 347 2799 408 (ΖΡ.

3837 334 3940 398 892

713 475 841 529 illud
874 473 1066 544 pugnis
1088 472 1218 528 etedi
1243 472 1465 542 iubebat
1495 489 1506 525 :
1539 470 1685 524 Pauli
1721 478 1901 523 autem
1942 469 2032 522 ubi
2076 467 2272 534 injecta
2299 470 2386 527 A1

2265 487 2272 516 ι
2299 470 2347 527 Α
2371 457 2623 510 τοιούτων
2655 459 2906 529 εὑρήσεις
2939 456 3228 527 συνεδρίων
3251 453 3644 522 ἀπαρίθμησιν.
3671 451 3734 503 Τί
3766 450 3821 503 δὲ
3862 451 3938 502 δεῖ

711 576 794 618 est
817 566 1039 625 mentio,
1073 564 1230 617 simul
1263 564 1426 616 multa
1455 562 1716 630 ejusmodi
1746 560 1974 614 concilia
2006 559 2056 610 in
2086 571 2278 609 nume-

717 667 829 708 rato
903 656 1449 723 reprasentabantur.
1489 654 1626 717 Quid
1655 652 1852 705 viritim
1874 650 2113 720 singulos
2161 664 2281 716 per-

714 763 936 801 censere
962 750 1131 817 0pns?
1158 748 1445 801 crudelitas
1469 757 1520 799 et
1546 747 1694 798 furor
1724 745 1812 796 ille
1841 742 2064 794 insanus
2093 755 2278 810 perse—

717 848 963 890 cuturum
1029 848 1081 891 et
1139 848 1486 907 tyrannorum
1545 848 2026 903 quorumcunqne,
2094 844 2276 886 contra

717 928 914 982 Christi
968 938 1228 997 martyres
1292 939 1344 980 et
1414 926 1792 990 confessorcs,
1855 929 2117 980 illustrem
2182 923 2274 976 tibi

719 1019 960 1088 praeclari
1009 1021 1164 1073 istius
1210 1021 1422 1073 concilii
1474 1020 2004 1089 repraesentationem
2053 1018 2276 1072 dabunt.

721 1110 871 1164 Patet
906 1112 1048 1163 enim
1081 1112 1220 1178 quod
1265 1112 1318 1162 in
1368 1111 1470 1163 illis
1519 1111 1788 1172 homines,
1845 1125 1952 1162 non
2002 1124 2128 1172 una,
2188 1118 2280 1162 aut

721 1202 948 1270 simplici
997 1211 1203 1253 tantum
1255 1210 1428 1253 morte
1468 1201 1634 1269 digni,
1673 1200 1765 1253 sed
1804 1199 2108 1268 multiplici,
2154 1213 2277 1252 cum

722 1289 1071 1357 superciliosa
1128 1290 1358 1356 quadam
1411 1289 1671 1356 gravitate
1714 1303 1811 1354 pro
1853 1284 2104 1338 tribunali
2148 1299 2280 1336 con-

725 1380 981 1440 sederint,
1015 1379 1374 1447 legislatorum
1408 1385 1460 1430 et
1484 1377 1726 1443 judicum
1761 1392 1959 1430 nomen
1992 1375 2198 1440 induti;
2228 1382 2283 1430 et

727 1471 824 1532 illi,
868 1470 1062 1537 quibus
1106 1469 1337 1521 mundus
1398 1469 1539 1521 haud
1592 1468 1785 1537 dignus
1829 1468 1961 1530 fuit,
2011 1468 2282 1522 astiterint

725 1561 936 1627 capitali
970 1560 1235 1612 sententia
1270 1558 1528 1612 damnati.
1564 1558 1680 1610 Noli
1723 1557 1884 1626 igitur
1929 1558 2086 1610 rebus
2117 1558 2280 1627 gestis

724 1649 883 1701 nimis
910 1649 1258 1701 vehementer
1286 1647 1511 1716 percuti,
1544 1648 1636 1699 sed
1672 1661 1772 1699 nec
1818 1645 1910 1699 Dei
1965 1647 2278 1714 patientiam

721 1751 775 1791 et
803 1740 1257 1808 longanimitalem
1289 1740 1341 1791 in
1375 1739 1439 1791 iis
1471 1737 1766 1791 tolerandis
1792 1738 1869 1790 sic
1901 1738 2277 1805 interpretare,

2383 550 2477 600 καὶ
2508 549 2625 600 κατ’
2653 549 2818 618 ἄνδρα
2839 549 3016 616 λέγειν
3041 567 3056 614 ;
3081 549 3231 601 πᾶσα
3281 546 3387 597 τῶν
3423 543 3668 598 διωκτῶν
3701 541 3796 594 καὶ
3846 559 3938 592 τυ-

2381 639 2604 706 ράννων,
2635 641 2830 707 ηκατά
2857 639 2966 692 τῶν
2998 637 3340 708 ὁμολογητῶν
3387 633 3620 704 Χριστοῦ
3660 634 3752 685 καὶ
3798 650 3938 701 μαρ-

2379 731 2576 797 τύρων,
2620 729 2839 799 ὠμότης
2879 731 2973 783 καὶ
3014 731 3259 790 ἀπόνοια,
3308 727 3537 797 ὑπάρξει
3565 742 3644 776 σοι
3681 723 3773 776 τοῦ
3798 725 3942 791 λαμ-

2381 825 2515 895 ττροῦ
2546 825 2731 878 τούτου
2773 828 3049 898 συνεδρίου
3129 825 3566 896 παραδείγματα.
3633 821 3720 872 Ἐν
3772 821 3942 872 άπασι

2379 921 2485 988 γὰρ
2516 921 2741 982 ἐκείνοις
2764 920 2943 988 δῆλον,
2973 920 3140 984 ὡς,.οί
3183 919 3280 990 μὲν
3303 917 3400 984 οὐχ
3436 914 3602 978 auus,
3639 913 3776 965 ἀλλά
3808 913 3938 964 πολ-

2379 1013 2532 1075 λάκις
2570 1014 2748 1065 θανεῖν
2784 1013 2922 1077 ἄξιοι
2981 1012 3119 1082 μετά
3164 1009 3396 1079 σοὸαροῦ
3441 1009 3536 1061 τοῦ
3597 1007 3944 1078 φρονήματος

2380 1106 2771 1174 προεκάθηντο,
2797 1104 3101 1174 νομοθετῶν
3136 1105 3232 1156 καὶ
3258 1103 3459 1170 κριτῶν
3484 1099 3778 1170 περιϐεὗλη
3790 1098 3942 1166 μένοι

2379 1199 2576 1265 ὄνομα·
2610 1191 2683 1250 ὧν
2737 1197 2910 1249 δὀὐκ
2960 1193 3029 1267 ἦν
3081 1197 3229 1260 ἄξιος
3277 1196 3386 1248 οὐδ’
3427 1194 3587 1254 αὑτὸς
3642 1191 3671 1244 ὁ
3717 1193 3944 1257 κόσμος,

2381 1290 2726 1359 παρεστῶτες
2748 1289 2846 1358 τὴν
2882 1289 2974 1341 ἐπὶ
3015 1288 3228 1358 θανάτῳ
3273 1287 3672 1356 κατεκρίνοντο.
3725 1283 3943 1349 Μηκέτι

2380 1381 2474 1434 οὖν
2517 1383 2782 1449 ἐκπλήτου
2820 1383 2982 1443 ιιτοῖς
3027 1381 3471 1450 τετολμημένοις,
3521 1378 3655 1448 μηδέ
3710 1374 3808 1444 τὴν
3858 1374 3947 1424 ἐπ’

2381 1472 2561 1533 αὐτοῖς
2581 1472 2774 1540 ἀνοχὴν
2800 1471 2894 1522 τοῦ
2917 1470 3052 1524 Θεοῦ
3080 1471 3176 1525 καὶ
3210 1469 3595 1541 μακροθυμίαν
3618 1465 3945 1535 ἐγκατάλει-

2381 1564 2472 1631 ψιν
2515 1564 2678 1617 αὑτοῦ
2733 1565 2918 1634 νόμιζε
2965 1565 3071 1617 τῶν
3124 1565 3499 1632 ἀνθρωπίνων.
3563 1561 3636 1613 Οὑ
3701 1559 3810 1626 γὰρ
3869 1559 3951 1617 εἰς

2373 1654 2804 1725 ’ἀνεπιστάτητον
2862 1656 2956 1709 καὶ
3009 1657 3342 1725 ἀπρονόητον
3397 1655 3492 1706 νῦν
3544 1653 3707 1705 ποθεν
3745 1652 3811 1703 τὰ
3850 1649 3952 1716 τῆς

2383 1745 2638 1814 προνοίας
2671 1747 2956 1814 περιέστη.
2993 1746 3105 1798 Ἀεὶ
3136 1746 3192 1796 δὲ
3233 1745 3300 1798 τὰ
3351 1744 3596 1812 ἡμέτερα
3647 1742 3783 1808 σοφῇ
3842 1755 3954 1789 τινι

719 1829 870 1896 quasi
917 1845 1095 1880 rerum
1150 1829 1506 1880 humanarum
1555 1834 1699 1880 esset
1741 1827 2016 1880 derelictio
2053 1844 2066 1879 :
2102 1842 2278 1895 neque
2308 1829 2392 1886 B:

2308 1829 2352 1886 Β
2381 1835 2470 1886 καὶ
2495 1837 2788 1907 ἀπορρήτῳ
2822 1838 2913 1889 καὶ
2941 1838 3080 1908 ὑπὲρ
3104 1836 3246 1897 νοῦν,
3277 1837 3366 1889 ἐπὶ
3393 1837 3452 1888 τὸ
3484 1834 3701 1905 ἄριστόν
3752 1849 3810 1883 τε
3855 1830 3953 1882 καὶ

720 1921 866 1972 enim
912 1936 1008 1988 per
1053 1921 1164 1972 haec
1211 1927 1452 1988 tempora
1501 1918 1681 1972 divina
1730 1918 2065 1986 providentia
2111 1920 2273 1974 rebus
2387 1928 2393 1970 ι

1853 1918 2065 1973 νίἁεηιία
2111 1920 2273 1974 rebus
2387 1924 2827 1994 θαυμασιώτατον
2853 1928 3192 1996 μεθοδεύεται
3227 1927 3526 1996 οἰκονομίᾳ.

722 2032 972 2084 praeesse,
1007 2025 1098 2068 aut
1127 2031 1217 2068 eas
1258 2030 1546 2084 procurare
1593 2015 1833 2080 destitit;
1883 2031 2006 2068 nam
2039 2018 2129 2085 qui
2170 2019 2362 2086 poterit
2426 2021 2556 2076 illud
2607 2025 2767 2077 lieri?
2802 2024 2909 2079 Sed
2961 2025 3034 2078 ita
3065 2035 3168 2088 est,
3210 2025 3540 2093 dispensatio
3612 2021 3794 2076 divina
3863 2033 3956 2072 res

721 2117 933 2162 nostras
958 2108 1228 2178 sapienter
1261 2116 1316 2161 et
1343 2107 1595 2160 inell‘abili
1637 2107 1816 2172 modo,
1863 2123 2024 2177 supra
2053 2119 2271 2178 captum
2310 2110 2631 2178 humanum,
2667 2115 2930 2184 optimum
2968 2125 3023 2170 et
3050 2115 3353 2169 mirandum
3382 2115 3438 2167 in
3463 2113 3683 2167 modum
3745 2110 3952 2180 dirigit.

1233 2220 1449 2272 EPIST.
1489 2219 1772 2275 LXXXIV.

1397 2311 1604 2367 Eidem.

2979 2226 3203 2279 ΕΠΙΣΤ.
3234 2227 3355 2280 ΠΔ’.

3040 2315 3126 2381 Τῷ
3160 2315 3338 2380 αὐτῷ.

1937 2402 2200 2453 Montacut.
2226 2405 2328 2467 (ep.
2353 2406 2457 2466 118,
2479 2421 2526 2469 p.
2550 2405 2682 2469 159).

802 2506 1116 2568 Enimvero,
1152 2505 1276 2558 licet
1310 2504 1589 2572 hucusque
1633 2520 1742 2558 non
1782 2504 1850 2557 sit
1886 2504 2140 2558 audacter
2169 2513 2291 2559 ten-

725 2611 916 2664 tatum,
948 2610 999 2652 et
1014 2600 1129 2651 sine
1149 2597 1393 2664 exemplo
1415 2597 1502 2660 sit,
1525 2604 1584 2649 ut
1603 2595 1988 2649 lsmaelitarum
2009 2597 2290 2650 atheorum

727 2692 881 2762 legati
918 2702 971 2742 ct
998 2689 1296 2742 administri
1362 2688 1411 2740 in
1468 2687 1906 2755 arcliiepiscopos
1940 2687 2290 2755 reiingantur,

727 2793 782 2836 et
831 2793 887 2834 nt
931 2781 1379 2850 patriarclialibus
1433 2779 1799 2849 prmrogativis
1852 2789 2200 2844 exornentur,
2236 2789 2290 2833 et

729 2873 1028 2927 admirandi
1084 2873 1321 2940 ipsorum
1377 2869 1590 2924 concilii
1645 2869 1897 2937 praesides
1954 2869 2110 2933 ﬁant;
2181 2869 2291 2922 noli

731 2974 909 3018 tamen
950 2974 1004 3016 nt
1043 2963 1240 3030 hospes
1281 2962 1378 3014 hac
1427 2961 1482 3013 in
1535 2976 1592 3012 re
1662 2961 1863 3012 versari
1907 2960 2142 3025 diutius;
2207 2975 2292 3012 re-

729 3055 1112 3124 spondetenim
1144 3053 1350 3106 caeteris
1383 3053 1622 3119 ipsorum
1655 3052 1913 3114 audaciis,
1939 3053 2294 3120 sciebantque

731 3147 1013 3200 sacerdotii
1048 3145 1293 3215 gratiam,
1327 3154 1380 3197 et
1419 3143 1546 3210 ipsis
1573 3151 1628 3196 et
1657 3143 1759 3195 illis
1788 3159 1854 3196 ex
1889 3159 2042 3210 atquo
2074 3143 2292 3207 factam,

731 3246 1038 3305 competere
1067 3256 1078 3290 :
1113 3252 1219 3289 non
1251 3233 1407 3288 erant
1437 3234 1588 3287 facile
1613 3233 1821 3302 profani
1854 3234 1928 3287 illi
1962 3234 2292 3297 inveniendi,

733 3330 823 3396 qui
874 3329 1092 3381 alterius
1135 3327 1347 3382 concilii
1396 3341 1707 3379 consessum
1758 3327 2150 3395 adimplerent;
2195 3343 2297 3382 nec

735 3420 844 3483 isti,
877 3436 1000 3472 cum
1032 3427 1216 3472 essent
1243 3417 1470 3486 apostoli
1512 3433 1698 3470 eorum
1730 3417 1820 3485 qui
1849 3417 2123 3471 Christum
2165 3420 2295 3473 ode-

736 3521 875 3574 rant,
909 3511 1018 3564 ﬁeri
1051 3518 1298 3580 poterant
1355 3511 1622 3579 principes
1663 3521 1716 3564 et
1748 3511 2019 3580 coryphmi
2066 3512 2296 3565 aliorum

733 3600 800 3651 ab
831 3600 958 3666 ipsis
997 3615 1462 3668 quorumcunque.
1515 3600 1678 3668 Ecqui
1718 3602 1859 3653 enim
1891 3601 1980 3653 alii
2024 3603 2086 3653 ad
2111 3617 2296 3655 eorum

735 3697 915 3752 partes
939 3691 1274 3750 accederent,
1303 3696 1485 3740 contra
1518 3696 1616 3749 tot,
1661 3687 1792 3740 tales
1814 3727 1828 3748 ,
1866 3697 2041 3741 tantos
2073 3688 2166 3741 Dei
2196 3704 2296 3742 an-

740 3777 940 3830 tislites
961 3787 1013 3829 et
1037 3777 1368 3841 sacerdotes,
1387 3788 1441 3831 et
1462 3794 1646 3831 eorum
1676 3779 1909 3830 furorem
1933 3779 2294 3844 imitarentur,

737 3867 837 3920 nisi
865 3868 1216 3920 barbarorum
1247 3869 1522 3922 Christum
1552 3880 1606 3922 et
1659 3869 1824 3922 Deum
1867 3871 2296 3939 oppugnantium

736 3957 990 4020 ministri,
1039 3957 1266 4022 alumni,
1315 3961 1566 4014 soboles?
1613 3961 1935 4016 Judicialem
1981 3978 2142 4030 porro
2183 3963 2297 4018 sive

739 4050 1382 4119 synodalemconsessnm
1419 4068 1626 4116 eorum,
1681 4053 1922 4106 barbaris
1973 4052 2291 4118 immistnm,

2477 2509 2640 2562 Ἀλλά
2658 2509 2766 2578 γάρ
2805 2509 2853 2560 εί
2883 2509 2976 2561 καὶ
3011 2507 3172 2577 μέχρι
3233 2505 3327 2557 νῦν
3375 2505 3433 2557 ού
3467 2501 3815 2571 τετόλμηται,
3844 2498 3959 2550 οὐδ’

2393 2601 2538 2651 ἐστίν
2581 2600 2702 2668 ἔχον
2747 2600 2773 2637 b
2799 2599 3168 2668 παράδειγμα,
3213 2595 3568 2665 Ἰσμαηλιτῶν
3607 2593 3784 2645 ἀθέων
3822 2594 3961 2659 πρέο

2394 2693 2539 2752 σὸεις
2565 2692 2658 2742 καὶ
2692 2691 2989 2760 ὑπηρέτας,
3021 2690 3099 2750 είς
3130 2685 3546 2758 ἀρχιερατικους
3561 2684 3758 2751 ἄνδρας
3793 2699 3958 2750 μετα-

2392 2782 2611 2843 πλάσαι,
2644 2782 2737 2832 καὶ
2771 2781 3142 2849 πατριαρχικά
3169 2779 3383 2840 τούτοις
3406 2775 3678 2845 προνόμια
3704 2775 3954 2842 περιθεῖ-

2394 2891 2500 2932 ναι,
2533 2873 2627 2923 καὶ
2645 2871 2736 2924 τοῦ
2770 2871 3072 2941 θαυμασίου
3105 2871 3288 2924 αὐτῶν
3318 2868 3592 2936 συνεδρίου
3620 2866 3955 2934 κορυφαίους

2395 2963 2695 3031 ἀποφῆναι.
2751 2962 2886 3014 Ἀλλ’
2911 2959 3002 3015 οὖν
3027 2963 3159 3031 μηδὲ
3199 2960 3356 3014 τοῦτό
3405 2976 3462 3011 σε
3491 2958 3772 3023 ξενιζέτωο
3829 2957 3959 3008 ἀκό-

2395 3052 2579 3105 λουθόν
2600 3070 2658 3103 τε
2687 3053 2792 3122 γὰρ
2825 3053 2944 3114 ταῖς
2969 3052 3156 3114 ἄλλαις
3206 3051 3386 3104 αὐτῶν
3425 3049 3649 3118 τόλμαις
3677 3063 3688 3074 ·
3721 3049 3812 3100 καὶ¹
3843 3048 3961 3115 ᾔδεα

2396 3163 2490 3197 σαν
2524 3146 2620 3213 τῆς
2652 3144 2950 3214 ἱερωσύνης
2985 3146 3084 3213 τὴν
3117 3144 3298 3214 χάριν,
3338 3143 3517 3204 αὑτοῖς
3567 3157 3624 3192 τε
3691 3139 3963 3200 κάκείνοις

2395 3237 2452 3302 ἐξ
2484 3237 2596 3288 ἴσου
2628 3237 2871 3305 ἀνήκειν.
2901 3234 3037 3288 Ούτε
3061 3231 3152 3288 οὖν
3203 3233 3425 3295 τούτους
3467 3228 3534 3302 ἦν
3579 3233 3780 3302 εὑρεῖν,
3815 3231 3962 3284 ἀνιέ-

2397 3343 2522 3396 ρους
2577 3328 2885 3394 γεγονότας,
2925 3327 3110 3397 ἐτέρου
3151 3326 3422 3394 συνεδρίου
3475 3325 3752 3393 πλήρωμα
3803 3324 3960 3390 γενέ-

2397 3420 2519 3472 σθαι
2546 3438 2558 3450 ·
2591 3419 2712 3472 οὔτε
2746 3420 2986 3482 ἐκείνους
3025 3419 3384 3489 μισοχρίστων
3424 3417 3754 3478 ἀποστόλους
3777 3417 3962 3480 ὄντας,

2396 3512 2568 3565 ἄλλων
2599 3511 2760 3563 τινῶν
2803 3511 3132 3580 κορυφαίους
3171 3511 3265 3562 καὶ
3315 3510 3597 3578 ἐξάρχους,
3633 3509 3680 3559 εἰ
3729 3507 3803 3576 μὴ
3833 3507 3962 3558 τού-

2396 3621 2500 3655 των
2545 3602 2948 3673 ἀναρῤηθῆναι.
3009 3602 3164 3663 Τίνες
3206 3601 3248 3652 δ’
3291 3600 3357 3654 ἂν
3398 3601 3581 3662 αὐτοῖς
3623 3601 3717 3650 καὶ
3769 3597 3964 3664 συνῆλ-

2398 3691 2510 3757 θον,
2537 3695 2680 3745 κατὰ
2709 3693 2976 3745 τοσούτων
2998 3694 3093 3745 καὶ
3122 3691 3456 3760 τηλικούτων
3489 3690 3788 3760 ἀρχιερέων
3822 3688 3960 3740 Θεοῦ

2397 3787 2490 3834 καὶ
2519 3785 2708 3852 ίερέων
2739 3784 3166 3852 συνεκμανῆναι,
3221 3785 3269 3836 εἰ
3303 3782 3380 3853 μὴ
3424 3782 3705 3852 θεομάχων
3757 3780 3965 3852 βαρὸά-

2399 3892 2508 3946 ρων
2536 3877 2629 3928 καὶ
2660 3877 2947 3945 ὑπηρέται,
2990 3875 3084 3927 καὶ
3110 3875 3421 3944 θρέμματα,
3471 3874 3567 3926 καὶ
3611 3874 3961 3940 γεννήματα;

2395 3967 2456 4020 τὸ
2492 3968 2548 4018 δὲ
2572 3967 2855 4036 κριτήριον
2889 3967 2986 4035 μὲν
3029 3967 3122 4018 καὶ
3157 3965 3372 4018 σύνοδον
3420 3963 3517 4034 τὴν
3563 3962 3967 4032 ριξοὸάρόαρον

2398 4057 2574 4111 αὑτῶν
2601 4058 2816 4127 ἐνέδραν
2837 4057 3204 4112 ἀποκαλέσαι.
3235 4052 3368 4110 Εἶτα
3406 4055 3462 4109 δὲ
3513 4056 3650 4124 μήτε
3680 4053 3968 4123 μάρτυράς

738 4143 945 4196 insidiis
969 4145 1301 4198 occultandis
1328 4146 1504 4199 locum
1533 4146 1803 4214 appellare
1835 4146 1994 4209 licet;
2027 4161 2148 4199 cum
2181 4161 2289 4199 non
2324 4149 2366 4204 D
2392 4167 2411 4200 τ

2324 4149 2366 4204 D
2392 4149 2552 4202 ποθέν
2577 4166 2720 4212 τινος
2752 4149 3108 4230 ἀδικήματος,
3162 4150 3298 4218 μήτε
3360 4146 3696 4216 κατηγόρους
3723 4155 3745 4182 ε
3783 4159 3965 4213 παρα-

739 4243 904 4289 testes
967 4235 1173 4302 injuria:
1231 4237 1386 4290 illatae
1445 4253 1545 4290 nec
1599 4247 1939 4291 accusatores
1993 4238 2291 4306 producere

738 4337 986 4395 possunt,
1039 4338 1314 4397 utcunque
1370 4345 1453 4382 res
1505 4323 1701 4398 susque
1751 4331 1923 4398 deque
1974 4331 2289 4400 agebantur,

739 4421 832 4473 sed
857 4435 955 4473 nec
983 4421 1184 4487 aliquid
1207 4422 1422 4489 culpare
1443 4422 1584 4488 quod
1613 4432 1762 4476 certo
1785 4423 2065 4476 constabat
2094 4422 2292 4476 factum

739 4527 878 4565 esse.
907 4510 1044 4576 Quid
1075 4521 1250 4564 autem
1285 4513 1509 4566 ulterius
1561 4513 1757 4567 ﬁebat?
1787 4523 1933 4568 certe
1982 4513 2173 4583 gladiis
2205 4529 2294 4566 ar-

741 4612 914 4656 matus
954 4605 1131 4656 stabat
1170 4606 1457 4666 exercitus,
1509 4615 1733 4658 mortem
1786 4605 2059 4658 intentans
2107 4605 2159 4657 in
2193 4605 2296 4657 cir-

739 4697 886 4747 cuitu
918 4696 1117 4748 vocatis
1143 4695 1195 4746 in
1225 4696 1513 4764 judicium,
1545 4697 1634 4764 qui
1678 4697 1882 4750 interea
1936 4712 2034 4750 nec
2083 4697 2296 4751 hiscere

740 4803 842 4840 nec
869 4803 1052 4840 vocem
1083 4787 1276 4841 eﬂerre
1311 4788 1608 4853 audebant;
1631 4805 1737 4856 quo
1785 4797 1948 4852 statu,
1981 4788 2044 4842 ad
2077 4803 2166 4841 sex
2205 4798 2297 4840 aut

743 4895 934 4932 novem
970 4880 1133 4933 etiam
1161 4880 1320 4932 horas
1341 4881 1838 4948 circumsepientes,
1871 4879 2015 4932 nulla
2051 4880 2296 4933 satietate

744 4972 1063 5023 tenebantur
1120 4971 1472 5023 insolescendi
1519 4970 1955 5038 lasciviendique,
1999 4970 2128 5038 quin
2169 4986 2298 5022 con-

745 5062 976 5114 tumeliis
1011 5072 1269 5130 perpetuo
1317 5062 1674 5115 incesserent.
1733 5061 1940 5114 Interea
1997 5062 2299 5130 prodigiose

745 5152 910 5203 multa
937 5152 1374 5214 ostendebantur,
1405 5161 1654 5219 tanquam
1686 5153 1738 5204 in
1771 5168 1929 5205 scena
1962 5153 2297 5222 perageban-

745 5251 834 5294 tur
877 5251 1045 5304 actus,
1105 5242 1344 5294 barbara:
1374 5250 1427 5294 et
1457 5243 1780 5309 blasphemas
1830 5243 2142 5310 legebantur
2183 5243 2300 5310 epi-

749 5332 918 5385 stolae.
957 5333 1047 5385 llis
1079 5333 1148 5386 ita
1196 5334 1478 5400 expeditis,
1521 5334 1723 5387 tardius
1765 5334 1977 5386 tandem
2033 5335 2300 5387 theatrum

746 5424 1089 5490 dimiserunt,
1122 5423 1255 5503 nihil
1278 5424 1605 5488 humanitus,
1639 5425 1762 5479 licet
1793 5425 1842 5478 id
1872 5426 2297 5493 praetendebant,

2395 4239 2610 4307 στῆσαι,
2665 4241 2800 4293 ἀλλά
2861 4240 2996 4310 μηδὲ
3048 4241 3381 4310 κατηγορίαν
3427 4237 3547 4290 τινὰ
3598 4238 3961 4305 προενεγκεῖν

2396 4331 2698 4400 ἐξισχῦσαι,
2745 4333 2920 4386 καίτοι
2953 4331 3060 4384 τῶν
3116 4333 3227 4386 ἄνω
3278 4331 3426 4382 κάτω
3456 4328 3756 4396 γινομένων
3779 4345 3791 4356 ο
3817 4329 3958 4396 μήτε

2396 4422 2502 4491 μὴν
2529 4424 2663 4484 ὅλως
2701 4440 2752 4476 τι
2783 4421 3164 4476 αἰτιάσασθαι·
3191 4422 3241 4473 εί
3280 4420 3397 4473 τόδε
3429 4417 3456 4458 ἀ
3491 4418 3542 4470 τί
3579 4419 3819 4486 γέγονεν,
3867 4418 3914 4468 εί
3938 4428 3964 4455 ο

2398 4512 2472 4583 μὴ
2531 4515 2680 4579 τόδε;
2753 4512 3107 4584 ξηφῄρηταιί
3171 4512 3398 4582 στρατὸν
3459 4510 3808 4581 περιστῆσαι,
3872 4509 3966 4562 τὸν

2397 4604 2619 4657 θάνατον
2642 4606 2752 4667 τοῖς
2789 4605 3046 4674 ἀθληταῖς
3085 4603 3457 4666 ἀνασείοντας,
3490 4601 3629 4655 ῶστε
3654 4601 3788 4670 μηδὲ
3845 4619 3959 4669 φω-

2396 4696 2488 4762 νὴν
2523 4699 2767 4763 ἀφεῖναι·
2799 4697 2893 4748 καὶ
2921 4696 3018 4765 τὴν
3053 4696 3241 4748 στάσιν
3264 4696 3447 4756 αὑτοῖς
3473 4693 3556 4760 ἐφ’
3579 4693 3728 4753 ὅλαις
3758 4692 3816 4757 ἒξ
3865 4695 3964 4745 καὶ

2397 4789 2550 4839 ἐννέα
2581 4787 2771 4857 ὥραις,
2803 4783 2890 4841 οἷα
2952 4788 3111 4857 κόρον
3138 4788 3237 4839 οὑκ
3286 4787 3504 4856 ἔχοντας
3563 4784 3966 4850 ἐνασελγαίνειν

2399 4879 2492 4931 καὶ
2520 4880 2729 4948 τρυφᾷν
2768 4878 2944 4929 αὑτῶν
2970 4882 3087 4940 ταῖς
3110 4877 3318 4947 ὕϐρεσι,
3357 4878 3708 4945 παρατεῖναι·
3746 4875 3964 4944 μακρᾶς

2404 4972 2571 5039 ἄλλης
2621 4972 2906 5040 τερατείας
2972 4969 3443 5037 ἐπιδεικνυμένης,
3492 4969 3586 5020 καὶ
3645 4967 3962 5035 δραμάτων,

2402 5063 2588 5131 ὥσπερ
2620 5063 2710 5114 ἐπὶ
2748 5063 2972 5130 σκηνῆς,
3007 5061 3179 5114 ἄλλων
3209 5059 3295 5111 ἐπ’
3320 5060 3497 5118 ἀλλοις
3537 5057 3644 5110 τῶν
3694 5057 3963 5127 βαρδαρι-

2401 5155 2512 5206 κῶν
2554 5155 2646 5206 καὶ
2687 5153 3019 5222 βλασφήμων
3055 5153 3393 5222 γραμμάτων
3433 5151 3799 5204 ἐπεισιόντων,
3840 5151 3966 5204 Ἐπὶ

2401 5244 2458 5297 δὲ
2482 5245 2711 5309 τούτοις,
2745 5245 2802 5296 τὸ
2833 5245 3056 5313 θέατρον
3102 5243 3327 5306 λύοντας
3358 5241 3453 5310 ὀψὲ
3495 5243 3587 5296 καὶ
3648 5243 3822 5310 μόλις,
3854 5243 3968 5295 τῶν

2404 5337 2753 5405 ἀνθρωπίνων
2782 5336 2880 5405 μὲν
2915 5336 3051 5397 ὅλως
3080 5336 3252 5398 οὐδὲν,
3299 5335 3400 5388 κᾶν
3439 5333 3570 5402 γοῦν
3601 5337 3657 5386 ὲν
3705 5337 3967 5405 σχήματι,

2408 5427 2538 5501 μήτε
2576 5427 2782 5493 πρᾶξαι
2846 5426 2980 5494 μήτε
3034 5423 3414 5493 φθέγξασθαιο
3456 5423 3646 5495 ὥσπερ
3683 5423 3740 5476 δὲ
3800 5441 3969 5493 κορυ-

2019 5605 2248 5658 ΥΑΗΙᾸΕ
2291 5602 2688 5658 LECTIONES.

825 5774 851 5805 ι
893 5762 1353 5832 ύπερεκπλήττον.
1431 5760 1454 5800 b
1489 5763 1648 5830 ἔχειν.

1731 5776 1748 5802 ε
1795 5766 2111 5834 κατήγορον.
2190 5762 2212 5801 ἀ
2249 5757 2379 5813 εἶτα.

2464 5775 2484 5801 ε
2519 5764 2571 5832 ῆι
2657 5761 2672 5799 ί
2703 5762 2901 5831 ξιφήρη
2935 5777 3012 5814 τε·
