4236 6436
306 398 412 462 893

1450 410 1977 469 EPISTULARUM
2020 410 2243 469 LIBER
2283 410 2364 469 Π.

3419 416 3521 480 894

304 510 637 573 ϐαντιῶντας
688 514 779 565 καὶ
810 513 1278 586 βεϐακχευμένους
1326 521 1481 590 τορόν
1516 538 1566 572 τι
1597 522 1689 572 καὶ
1743 520 1862 570 διω-
1892 524 1933 575 Δ
1961 536 1975 571 ι

1849 548 1862 558 -
1892 524 1933 575 Δ
1961 534 2062 572 nec
2096 535 2216 573 aczu
2249 535 2347 573 nec
2386 534 2518 573 voce
2548 518 2837 585 facientes;
2867 536 2967 577 nec
3001 523 3347 592 corybantum
3373 539 3522 577 more

303 599 485 665 λύγιον
515 602 837 671 άνακράξαι,
871 607 942 667 ώς
982 607 1168 677 Ἡμεῖς
1205 609 1325 663 οὔτε
1353 612 1556 680 κρίνειν
1599 609 1857 679 συνήλθο-

306 706 427 757 μεν,
464 689 585 743 οὔτε
619 695 876 763 κρίνομεν
902 696 1042 765 ὑμᾶς
1067 714 1078 725 '
1117 700 1216 769 ἢδη
1271 703 1379 770 γάρ
1425 703 1855 771 κατεκρίναμεν’

303 782 395 831 καὶ
416 783 532 835 δέον
590 785 836 853 στέργειν
884 788 980 857 τὴν
1035 795 1376 861 κατάκρισιν.
1427 794 1596 845 Τοῦτο
1651 795 1713 861 δὴ
1746 792 1858 857 οὑν,

299 872 456 924 τοῦτο
500 874 560 925 τὸ
602 874 779 940 ἄθεον,
814 878 907 931 καὶ
947 881 1313 949 ἀναίσχυντον,
1368 884 1460 935 καὶ
1512 884 1861 953 ἀνιστόρητον

299 964 575 1033 τόλμημα,
633 968 681 1018 εί
732 970 825 1020 καὶ
882 972 1061 1034 πάσας
1122 972 1391 1027 Ἰουδαίων
1454 975 1673 1043 τόλμας.
1732 975 1862 1036 ὅσας

300 1053 450 1122 ἥλιος
483 1059 661 1110 ἐπεῖδε
692 1060 785 1113 καὶ
814 1061 1006 1133 σελήνη
1054 1064 1411 1137 συνέκρυῲεν,
1467 1067 1823 1138 ἀπεκρύψατο
1843 1083 1857 1098 ·

300 1149 522 1202 καὶτῶν
546 1151 815 1221 ἀθεότητα
844 1156 1213 1224 νενοσηκότων
1257 1157 1521 1228 Ἐλλήνων
1561 1160 1619 1211 τὸ
1648 1158 1862 1220 ἀναιδὲς

302 1240 568 1312 ὑπερέσχε
591 1244 682 1297 καὶ
706 1248 1020 1315 παράνομον
1039 1287 1052 1308 ,
1078 1249 1171 1301 καὶ
1190 1250 1477 1319 βαρϐάρων
1505 1252 1623 1303 δποι
1643 1251 1742 1318 γῆς
1760 1252 1862 1302 είσι

303 1334 366 1385 τὺ
422 1337 646 1404 μανικὸν
713 1337 1076 1408 ὑπερεϐάλετο
1132 1342 1224 1393 καὶ
1287 1342 1670 1414 ἐμϐρόντητον.
1722 1343 1861 1394 Ἀλλ’

302 1420 398 1477 οὖν
430 1427 591 1495 μηδὲν
646 1427 819 1498 τούτῳ
873 1432 1396 1501 καταπεπληγμένος
1427 1434 1537 1497 ἔσο,
1594 1434 1727 1503 μηδὲ
1755 1435 1863 1486 τῶν

302 1516 462 1568 θείων
491 1520 584 1570 καὶ
616 1519 793 1586 σοφῶν
823 1523 1103 1591 κριμάτων
1133 1525 1411 1591 άλόγιστός
1440 1542 1523 1585 τις
1544 1528 1654 1587 τοῖς
1709 1525 1863 1593 λογι-

305 1612 462 1675 σμοῖς
524 1613 1003 1680 συμπαρεισδυέτω
1052 1614 1267 1683 μῶμος·
1311 1616 1385 1678 ὡς
1410 1617 1581 1683 ἔγωγε
1630 1616 1864 1682 τοσούτῳ

300 1698 405 1749 δέω
429 1699 636 1759 τούτοις
681 1704 1081 1773 ἐκπεπλῆχθαι,
1130 1708 1222 1759 καὶ
1276 1708 1339 1759 σὺ
1379 1707 1494 1775 μετ’
1533 1707 1709 1773 ὀλίγον
1746 1706 1865 1759 οὶδα

305 1791 578 1858 συνήσεις.
613 1793 775 1846 Ὥστε
803 1794 1134 1859 τούναντίον,
1170 1798 1217 1848 εί
1267 1797 1362 1849 καὶ
1416 1798 1715 1865 παράδοξόν
1753 1814 1861 1849 τισι

300 1878 436 1944 δόξω
486 1881 683 1948 λέγειν,
743 1883 807 1935 ὲκ
850 1883 1055 1935 τούτων
1111 1885 1343 1954 μάλιστα
1412 1888 1511 1956 τῆς
1579 1886 1727 1948 θείας
1770 1887 1863 1938 καὶ

302 1970 610 2039 ὑπερφυοῦς
640 1976 898 2043 προνοίας
923 1975 1190 2044 άλάθητόν
1218 1994 1276 2028 τε
1315 1977 1411 2030 καὶ
1456 1978 1862 2029 πανεπίσκοπον

301 2062 715 2130 ὲνεργεστάταις
772 2066 882 2134 όρῶ
934 2068 1279 2136 μαρτυρίαις.
1343 2068 1464 2130 Πῶς
1508 2068 1570 2139 δὴ
1604 2070 1696 2119 καὶ
1743 2068 1862 2120 τίνα

303 2154 538 2220 τρόπον;
579 2156 699 2207 Ὀτι
747 2158 843 2226 τῆς
894 2158 1224 2229 κρατούσης,
1276 2159 1415 2211 κατὰ
1459 2159 1566 2211 τῶν
1632 2158 1860 2223 πιστῶν,

302 2245 493 2315 ὀργῆς,
517 2247 631 2299 ἀνθ’
664 2242 737 2304 ὧν
762 2252 1009 2320 αἱμάτων
1062 2252 1308 2322 καθαράς
1343 2254 1453 2319 καὶ,
1482 2252 1731 2319 γλώσσας
1770 2254 1863 2304 καὶ

300 2335 525 2405 γνώμας
548 2339 1001 2406 ὲφύλαξαν,οὓτω
1055 2342 1197 2411 μέγα
1248 2343 1341 2395 καὶ
1398 2342 1531 2413 βαρὺ
1570 2343 1858 2411 πνεούσηςν

302 2430 517 2498 καὶτῆς
549 2432 647 2499 μὲν
677 2433 933 2504 ἀληθείας
968 2436 1101 2487 πᾶσι
1136 2435 1358 2503 τρόποις
1392 2434 1860 2505 ὲπηρεαζομένης,

303 2519 395 2571 τοῦ
430 2520 653 2588 ψεύδους
677 2522 732 2573 δὲ
752 2522 1026 2595 λαμπρῶς
1055 2523 1569 2595 παρρησιαζομένου
1594 2542 1608 2554 ·
1649 2526 1743 2577 καὶ
1766 2526 1862 2594 τῆς

306 2609 405 2675 μὲν
442 2612 657 2680 ἀνιέρου
711 2611 917 2683 τόλμης
970 2615 1149 2667 πᾶσαν
1191 2615 1389 2685 πρᾶξιν
1427 2616 1518 2668 καὶ
1574 2615 1729 2681 λόγον
1768 2615 1860 2667 καὶ

305 2701 509 2767 κίνημα
539 2701 753 2771 πικρῶς
776 2706 1363 2775 πολυπραγμονούσης,
1401 2708 1509 2758 τῶν
1537 2706 1776 2758 εὐσεϐῶν
1807 2707 1863 2758 δὲ

302 2793 415 2851 τοῖς
459 2792 753 2861 ὁρωμένοις
796 2794 955 2863 μόνον
997 2798 1539 2864 ὲπιστυγναζόντων,
1593 2799 1687 2850 καὶ
1730 2799 1864 2867 πρὸς

302 2885 395 2933 τὸν
416 2885 511 2951 τῆς
528 2884 681 2954 δίκης
706 2884 981 2955 ὀφθαλμὸν
1006 2887 1161 2957 ὄμμα
1199 2906 1259 2941 τε
1302 2889 1393 2941 καὶ
1430 2892 1618 2958 χεῖρας
1646 2891 1859 2941 ἀνατει-

304 2973 537 3024 νόντων·
586 2976 680 3026 καὶ
740 2975 847 3028 τῶν
900 2978 996 3046 μὲν
1049 2980 1392 3047 συκοφάντας
1437 2982 1532 3034 καὶ
1583 2981 1865 3051 μάρτυρας

307 3064 837 3133 περιεργαζομένων,
885 3069 1093 3121 πολλῶν
1123 3070 1177 3123 δὲ
1224 3071 1527 3139 ζητούντων
1582 3074 1648 3141 τῇ
1707 3072 1866 3124 δυνα-

309 3158 461 3225 στεία
478 3159 804 3226 χαρίσασθαι
826 3161 917 3212 καὶ
938 3164 1039 3215 καθ
1059 3164 1071 3182 ’
1093 3162 1283 3231 ἡδονὴν
1305 3164 1663 3232 ὑπηρετῆσαι,
1682 3162 1863 3215 πλείο-

306 3265 396 3309 νος
423 3250 477 3300 δὲ
524 3251 685 3318 φόϐου
738 3254 830 3304 καὶ
864 3253 1114 3317 Θανάτου,
1153 3254 1293 3306 κατά
1331 3254 1544 3306 πάντων
1579 3256 1686 3306 τῶν
1726 3254 1865 3323 ὑπὲρ

306 3338 562 3407 ἀληθείας
606 3342 784 3407 λέγειν
823 3358 873 3393 τι
905 3341 1258 3411 βουλομένων,
1318 3344 1736 3413 ὲπικεχυμένου.
1794 3344 1866 3394 Τὸ

307 3430 439 3496 γοῦν
482 3432 750 3484 τοσούτων
782 3435 982 3497 αὑτοῖς,
1034 3435 1126 3486 καὶ
1165 3434 1341 3503 πολλῷ
1375 3435 1636 3487 πλειόνων
1675 3436 1869 3487 πλεον-

307 3522 633 3590 εκτημάτων
694 3525 1218 3593 συγκεχωρημένων,
1240 3526 1576 3595 ὲξαπορῆσαι
1605 3527 1701 3595 μὲν
1731 3526 1867 3589 ὅλως

308 3613 623 3679 γράψασθαί
660 3630 780 3665 τινα
806 3613 1044 3682 γραφὴν,
1079 3613 1415 3684 ὲξαπορῆσαι
1434 3616 1489 3667 δὲ
1522 3616 1867 3685 γραφόμενον

310 3705 614 3772 παρασχεῖν
637 3718 651 3733 ·
675 3703 769 3754 καὶ
797 3704 934 3773 μήτε
966 3704 1109 3766 τινος
1133 3706 1325 3774 ὲπικλή
1336 3722 1501 3775 ματος
1523 3706 1665 3758 κατὰ
1704 3705 1866 3774 μηδε-

309 3794 400 3855 νὸς
453 3793 562 3845 τῶν
608 3794 777 3859 ἀγίων
831 3795 1084 3865 μάρτυρα
1136 3797 1507 3865 παραστῆσαι,
1548 3796 1682 3848 ἀλλὰ
1732 3798 1865 3866 μηδὲ

311 3884 643 3953 βαρϐαρικοῦ
676 3885 959 3953 κριτηρίου
988 3888 1119 3954 μηδὲ
1142 3889 1330 3955 σχῆμα
1359 3886 1575 3954 ἰσχῦσαι
1606 3886 1860 3954 φυλάξαι,

309 3975 423 4029 ἀλλ’
445 3974 614 4036 οὑτως
635 3976 872 4044 αἰσχρῶς
891 3992 948 4026 τε
974 3977 1066 4027 καὶ
1093 3979 1531 4043 καταγελάστως,
1559 3977 1653 4030 καὶ
1684 3977 1867 4045 πλήρη

307 4067 695 4135 ἀσχημοσύνης
740 4069 834 4119 καὶ
882 4068 1141 4138 αἰσχύνης
1194 4069 1548 4133 ἀπαλλάξαι,
1602 4067 1719 4129 πῶς
1769 4070 1867 4119 οὐκ

309 4158 456 4209 ἐστιν
522 4160 944 4229 ὲναργεστάταις
996 4160 1092 4212 καὶ
1163 4161 1596 4231 ἀναμφηρίστοις
1652 4162 1867 4213 πίστεσι

309 4247 493 4301 λαϐεῖν
524 4248 623 4318 τῆς
654 4251 833 4303 πάντα
874 4250 1051 4320 σοφῶς
1082 4252 1455 4322 περιεπούσης
1488 4252 1741 4321 προνοίας
1771 4254 1867 4315 τὰς

308 4340 628 4405 ἀποδείξεις.
656 4344 749 4393 καὶ
770 4342 848 4394 ὅτι
874 4344 1021 4394 ἐστὶν
1041 4344 1151 4408 ἀεὶ,
1209 4344 1300 4395 καὶ
1327 4345 1351 4382 Β
1400 4343 1489 4395 τὸν
1529 4344 1867 4413 ἀνθρώπινον

310 4432 433 4485 νοῦν
473 4433 731 4496 πολλάκις
772 4433 1135 4505 ὑπολανθάνῃ,
1196 4436 1573 4504 συμπροιοῦσά
1605 4453 1689 4499 τις
1728 4438 1863 4507 αὐτῇ

1962 620 2016 665 et
2071 611 2446 665 bacchantium
2508 612 2720 665 fortiter
2770 624 2823 667 et
2865 615 3161 669 inconsone
3234 618 3521 679 eboabant,

1963 703 2189 767 scilicet,
2221 703 2327 757 Nos
2360 704 2465 758 huc
2492 721 2601 757 non
2628 705 2972 770 accessimus,
3031 716 3089 761 ut
3139 710 3277 762 hanc
3307 725 3523 763 causam

1963 809 2410 863 cognosceremus
2438 814 2450 848 :
2478 796 2569 849 sed
2602 812 2700 849 nec
2724 797 2793 851 de
2815 798 2966 852 vobis
2986 801 3245 867 judicium
3273 800 3519 868 fecimus;

1962 888 2439 941 condemnavimus
2483 888 2626 941 enim
2667 888 3011 957 jampridem,
3060 900 3114 943 et
3177 892 3264 943 illa
3312 892 3517 945 eonde~

1962 980 2235 1033 mnatione
2265 980 2383 1033 sitis
2406 980 2665 1033 contenti.
2704 979 2818 1034 Hoc
2848 981 3049 1048 itaque,
3108 981 3228 1045 hoc,
3277 984 3521 1049 inquam,

1965 1068 2210 1139 impium,
2236 1070 2540 1139 imprudens,
2576 1072 2721 1124 nulla
2759 1071 2981 1124 historia
3010 1082 3361 1125 memoratum
3395 1073 3525 1125 faci-

1963 1174 2088 1221 nus,
2130 1158 2380 1213 Judaicas
2412 1175 2603 1213 omnes
2657 1161 2912 1214 audacter
2946 1171 3287 1231 perpetratas
3334 1163 3524 1231 nequi-

1966 1250 2087 1313 tias,
2118 1266 2253 1318 quas
2280 1250 2356 1304 sol
2394 1252 2478 1305 vel
2509 1248 2661 1317 vidit,
2695 1252 2779 1305 vel
2812 1253 3094 1306 abscondit
3120 1254 3269 1317 luna,
3308 1254 3524 1307 silentio

1964 1341 2229 1396 involvit:
2264 1343 2357 1396 sed
2425 1353 2480 1396 et
2536 1359 2864 1412 paganorum
2906 1344 3199 1398 atheismos
3250 1342 3303 1398 e't
3346 1346 3525 1413 impu-

1966 1435 2202 1488 dentiam
2238 1435 2491 1495 excessit,
2526 1436 2771 1504 exlegum
2809 1444 2862 1487 et
2888 1436 3239 1489 barbarorum
3265 1445 3526 1504 quotquot

1966 1526 2165 1594 ubique
2218 1526 2457 1595 gentium
2503 1534 2629 1578 sunt
2678 1526 2887 1580 furores
2921 1536 2976 1580 et
3022 1530 3257 1581 insanias
3303 1540 3421 1596 post
3467 1546 3523 1581 se

1968 1618 2203 1684 reliquit.
2251 1618 2367 1670 Noli
2399 1626 2578 1671 tamen
2635 1618 2754 1670 istis
2798 1620 3156 1683 consternari,
3200 1636 3299 1671 nec
3338 1621 3403 1673 de
3439 1636 3523 1671 sa-

1965 1708 2235 1776 pientibus
2252 1708 2451 1761 divinis
2468 1708 2683 1776 judiciis
2702 1709 2940 1760 animum
2967 1720 3115 1761 tuum
3144 1710 3526 1761 irrationabilis

1968 1798 2533 1866 subeatcogitatio,vel
2562 1799 3017 1861 obmurmuratio;
3041 1800 3196 1868 longe
3218 1815 3313 1869 ego
3336 1801 3526 1857 absum

1893 1863 1938 1923 Β
1971 1898 2027 1941 ιιι
2056 1888 2168 1943 istis
2199 1890 2501 1957 percutiar;
2549 1899 2603 1942 et
2634 1900 2708 1950 tu,
2745 1904 2851 1941 non
2900 1890 3106 1951 dubito,
3156 1890 3409 1958 deinceps
3456 1890 3522 1943 ita

1968 1980 2187 2033 allectus
2204 1981 2329 2033 eris.
2352 1981 2427 2033 Ex
2454 1981 2701 2040 adverso.
2724 1996 2823 2047 ego
2838 1981 3039 2047 potius.
3061 1982 3183 2035 licet
3199 1983 3526 2048 paradoxum

1968 2072 2147 2125 videar
2171 2073 2487 2140 quibusdam
2505 2072 2787 2135 dicere,ab
2818 2072 2934 2125 istis
2957 2073 3026 2125 ita
3050 2075 3234 2143 gestis,
3264 2075 3455 2126 divina:
3474 2084 3529 2126 et

1968 2170 2215 2215 naturam
2239 2163 2666 2215 transcendentis
2700 2163 3046 2232 providentiae
3096 2164 3525 2231 inexplicabilem

1967 2263 2019 2306 et
2046 2253 2225 2306 omnia
2256 2261 2665 2321 permanentem
2724 2268 2930 2317 curam,
2974 2268 3034 2305 ex
3068 2253 3412 2321 priscissimis
3449 2263 3526 2307 tc-

1968 2340 2235 2394 stimoniis
2268 2340 2634 2393 confirmatam
2663 2342 2842 2394 video.
2887 2340 3167 2406 Quomodo
3190 2344 3404 2395 autem?
3436 2344 3530 2395 Ni-

1967 2432 2165 2485 mirum
2191 2447 2313 2484 eum
2343 2448 2530 2485 eorum
2554 2434 2645 2501 qui
2678 2449 2799 2487 cum
2825 2435 3053 2503 imperio
3078 2442 3225 2497 sunt,
3250 2435 3529 2488 iracundia

1968 2523 2103 2576 adeo
2131 2522 2364 2592 graviter
2387 2531 2442 2576 et
2469 2521 2522 2575 in
2564 2522 2889 2578 immensum
2936 2524 3299 2576 intlammetur
3340 2534 3528 2577 contra

1968 2615 2174 2679 ﬁdeles,
2200 2630 2265 2668 eo
2294 2616 2435 2683 quod
2464 2630 2493 2668 a
2514 2617 2774 2686 sanguine
2800 2632 2965 2685 puras
3004 2616 3217 2685 linguas
3245 2626 3297 2669 et
3322 2626 3531 2669 mentes

1969 2707 2341 2762 conservarint
2393 2726 2405 2761 :
2465 2722 2699 2775 cumque
2744 2708 2942 2761 veritas
2986 2716 3062 2761 tot
3108 2707 3281 2761 modis
3333 2704 3529 2777 injuria

1970 2796 2230 2849 afficiatur
2272 2813 2286 2847 :
2335 2796 2677 2849 mendacium
2728 2796 3011 2865 splendido
3070 2797 3220 2849 cultu
3266 2807 3527 2867 prostet:

1970 2900 2202 2953 cumque
2254 2884 2416 2953 impia
2468 2884 2691 2938 audacia
2742 2900 2958 2938 omnem
3027 2894 3225 2947 actum,
3281 2886 3528 2947 verbum,

1972 2985 2176 3029 motum
2206 2975 2453 3029 acerbius
2483 2974 2750 3044 exagitet;
2784 2975 3033 3029 homines
3066 2976 3137 3043 pii
3172 2976 3253 3029 his
3277 2976 3403 3030 visis
3429 2978 3530 3029 soli

1971 3068 2345 3136 ingemiscant,
2380 3076 2434 3119 et
2456 3067 2521 3120 ad
2554 3066 2738 3135 judicii
2769 3066 3007 3130 oculum,
3054 3066 3257 3118 lumina
3307 3082 3529 3119 manus-

1971 3172 2075 3225 que
2097 3158 2405 3210 extendant.
2441 3156 2683 3225 Cumque
2724 3156 2811 3209 alii
2856 3156 3214 3224 sycophantas
3248 3156 3444 3209 adeant
3472 3168 3531 3210 ut

1970 3250 2378 3303 accommodent
2413 3249 2811 3315 testimonium;
2844 3250 2995 3301 multi
3029 3250 3387 3317 potestatibus
3410 3266 3531 3319 gra-

1972 3339 2161 3393 tiﬁcari
2197 3340 2419 3407 cupiant
2459 3347 2513 3391 et
2559 3340 2624 3392 ad
2658 3340 2912 3408 placitqu
2947 3340 3336 3402 obseeundari;
3371 3340 3530 3393 timor

1970 3446 2077 3483 non
2106 3432 2318 3492 unicus,
2347 3446 2448 3483 nec
2480 3446 2625 3483 mors
2647 3430 2932 3499 singularis
2976 3431 3276 3483 intentetur
3325 3431 3389 3483 iis
3421 3431 3529 3484 eir-

1969 3522 2267 3588 cumfusus,
2296 3522 2385 3590 qui
2420 3538 2520 3590 pro
2552 3523 2778 3576 veritate
2834 3523 3079 3591 proloqui
3120 3521 3345 3590 cupiunt
3369 3542 3381 3575 :
3406 3538 3530 3575 cum

1968 3621 2049 3668 tot
2082 3624 2139 3667 ut
2166 3615 2237 3666 illi
2272 3614 2523 3678 audeant,
2555 3624 2610 3666 et
2654 3616 2766 3666 lucc
2823 3614 3000 3682 plura,
3037 3614 3368 3677 tolerantur;
3404 3630 3527 3667 eum

1969 3704 2024 3758 hi
2057 3720 2162 3758 non
2213 3705 2449 3757 habeant
2496 3705 2579 3757 vel
2623 3703 2855 3756 litteram
2903 3704 3173 3757 scribendi
3221 3704 3529 3757 facultatem

1969 3806 2301 3854 concessam,
2335 3800 2429 3843 aut
2455 3791 2500 3845 si
2524 3792 2839 3858 scripserint
2863 3792 3189 3853 exhibendi;
3222 3808 3343 3845 cum
3370 3809 3529 3846 nemo

1970 3881 2123 3933 testis
2144 3880 2513 3947 cujuscunque
2544 3880 2785 3931 criminis
2830 3881 2883 3931 in
2924 3891 3140 3933 sanctos
3181 3882 3527 3948 producatur,

1970 3985 2091 4024 cum
2114 3986 2215 4025 nee
2244 3971 2505 4024 barbarici
2529 3969 2716 4038 judicii
2750 3970 2923 4024 forma
2945 3982 3000 4025 et
3029 3988 3316 4041 processus
3338 3974 3527 4026 obser-

1970 4071 2145 4124 vetur,
2196 4062 2289 4114 sed
2316 4070 2423 4113 tam
2468 4061 2780 4130 pudendum
2832 4062 2885 4122 in
2936 4064 3152 4115 modum
3195 4073 3249 4117 et
3281 4064 3524 4127 ridicule,

1971 4161 2075 4204 tam
2114 4153 2230 4204 sine
2257 4151 2465 4220 pudore
2522 4160 2576 4205 et
2596 4154 2853 4206 modestia
2876 4155 3212 4208 dissolvatur.
3246 4156 3525 4220 Quomodo

1968 4257 2077 4295 non
2124 4242 2588 4296 manifestissimas
2638 4243 3130 4299 demonstrationes
3178 4247 3301 4300 inde
3351 4248 3524 4301 dedu-

1968 4350 2172 4398 cemus,
2201 4344 2252 4387 et
2283 4334 2765 4403 inexpressissimis
2813 4344 2867 4387 et
2916 4336 3152 4389 indubiis
3200 4337 3523 4390 testimoniis

1969 4425 2289 4494 arripiemus
2327 4425 2762 4478 commendatam
2789 4425 2930 4478 illam
2971 4426 3205 4481 divinam
3243 4430 3525 4496 providen-

310 4525 546 4595 τιμωρὸς
581 4524 727 4595 δίκη,
756 4526 1057 4587 κολάζουσα
1079 4526 1174 4595 μὲν
1193 4527 1318 4587 τοὺς
1339 4526 1675 4591 ἀδικοῦντας,
1700 4544 1869 4595 τιμω-
1894 4527 1947 4585 Ι)
1974 4526 1983 4570 1

1852 4519 2119 4585 .Dtiam,
2174 4532 2292 4585 qua:
2349 4517 2599 4570 universa
2657 4518 2999 4585 amplectitur
3044 4534 3166 4571 cum
3224 4519 3519 4586 sapientia;

315 4614 481 4683 ροῦσα
531 4618 587 4669 δὲ
635 4619 727 4669 καὶ
772 4617 1059 4686 ἐπίκουρος
1108 4620 1217 4679 τοῖς
1264 4616 1636 4686 ἀδικουμένοις
1676 4617 1811 4669 οὖσα
1851 4635 1864 4683 ;

311 4707 389 4758 Δι’
411 4703 477 4778 ἦς
509 4709 603 4759 καὶ
647 4708 741 4760 νῦν
769 4710 892 4770 τοὺς
927 4708 1025 4777 μὲν
1059 4708 1340 4778 ὑϐριστὰς,
1391 4711 1566 4762 καίτοι
1611 4710 1867 4774 δόξαντας

310 4797 592 4868 λαμπροὺς
613 4801 669 4850 ὲν
706 4799 782 4867 τῷ
829 4802 1109 4868 τυραννεῖν
1183 4801 1276 4851 καὶ
1318 4801 1729 4869 περιϐλέπτους,
1786 4804 1870 4853 αί-

314 4890 517 4960 σχύνης
577 4892 670 4943 καὶ
732 4892 950 4958 ἀτιμίας
990 4891 1309 4960 ἐπλήρωσε·
1358 4893 1483 4953 τοὺς
1514 4892 1568 4943 δὲ
1612 4891 1866 4960 ἀθλητὰς,

313 4986 516 5052 καίπερ
544 4982 613 5035 τὰ
642 4982 842 5050 ἔσχατα
887 4981 1114 5049 πάσχειν
1145 4980 1516 5048 νομισθέντας,
1562 4984 1733 5051 χαρᾶς
1772 4982 1867 5033 καὶ¹

312 5074 649 5143 εὐφροσύνης
684 5072 964 5140 ἐνέπλησε,
995 5076 1087 5126 καὶ
1115 5074 1362 5141 γλώσσης
1392 5074 1606 5142 ἀπάσης
1628 5074 1868 5141 διηνεκέ-

315 5179 398 5214 σιν
428 5162 723 5231 εὐφημίαις
745 5201 760 5223 ,
805 5158 890 5214 οἶα
922 5162 983 5231 δὴ
1014 5164 1292 5229 στεφάνοις
1330 5163 1729 5231 ἀμαραντίνοις,
1752 5162 1870 5213 ὲκό-

315 5269 491 5319 σμησε
515 5268 528 5282 ·
560 5254 683 5314 τοὺς
715 5252 811 5320 μὲν
834 5254 940 5304 τῶν
989 5254 1211 5316 ἀνοσίως
1240 5255 1418 5315 αὑτοῖς
1444 5253 1865 5322 τετολμημένων

315 5347 379 5395 ἐκ
405 5343 610 5396 τούτων
664 5345 1016 5415 ἀπαρχομένη
1078 5347 1176 5407 τὰς
1223 5346 1489 5415 τιμωρίας
1546 5346 1864 5415 είσπράττε-

315 5434 461 5497 σθαι,
484 5435 576 5485 καὶ
596 5435 1054 5504 προοιμιαζομένη
1084 5436 1181 5505 τήν
1205 5435 1410 5488 ἐκεῖθεν
1431 5435 1611 5497 αὑτοῖς
1631 5435 1865 5503 ἀπαραί-

314 5542 474 5596 τητον
507 5525 827 5598 ἀθλιότητα*
886 5530 994 5591 τοῖς
1028 5527 1083 5580 δὲ
1132 5528 1238 5580 τῶν
1284 5526 1457 5581 ἄθλων
1503 5526 1860 5597 ἀμειϐομένη,

1964 4610 2211 4678 quodque
2237 4609 2309 4660 illi
2336 4609 2476 4661 adsit
2508 4624 2740 4677 semper,
2776 4610 2899 4663 licet
2926 4626 2985 4664 se
3010 4610 3245 4663 latenter
3286 4621 3520 4672 exserat,

1965 4712 2021 4756 et
2051 4701 2338 4754 humanam
2369 4709 2603 4753 mentem
2638 4716 2745 4752 non
2775 4700 2988 4763 alliciat,
3035 4715 3141 4752 una
3173 4710 3351 4753 tamen
3398 4716 3522 4767 pro-

1967 4792 2165 4844 cedens
2209 4790 2370 4842 ultrix
2420 4789 2641 4857 iustitia,
2686 4805 2805 4857 quae
2854 4789 3176 4857 supplicium
3236 4797 3419 4857 eroget
3465 4788 3518 4839 in

1966 4882 2215 4949 injustos,
2246 4881 2441 4933 vindex
2468 4881 2609 4933 adsit
2653 4890 2707 4933 et
2732 4879 3033 4933 auxiliatrix
3062 4879 3254 4947 injuria
3289 4879 3516 4931 alIectis.

1968 4973 2068 5027 Per
2098 4974 2235 5026 hanc
2269 4988 2420 5025 suam
2469 4972 2883 5040 providentiam,
2930 4972 3067 5025 Deus
3115 4971 3277 5023 etiam
3329 4980 3521 5023 contu-

1966 5066 2216 5120 meliosos
2238 5066 2371 5127 illos,
2395 5072 2668 5131 utcunque
2699 5063 2979 5117 videantur
3000 5061 3321 5129 splendidati
3357 5076 3509 5112 excr-

1966 5173 2087 5213 cere
2132 5156 2466 5226 tyrannidem
2497 5164 2546 5208 et
2597 5155 2663 5209 ab
2694 5156 2944 5208 omnibus
2966 5151 3256 5214 observati,
3313 5151 3518 5219 pudore

1967 5250 2233 5317 supplevit
2253 5258 2307 5301 et
2330 5248 2594 5301 dedecore
2623 5266 2636 5301 :
2669 5246 3054 5301 certaminibus
3074 5244 3364 5312 expositos,
3397 5243 3519 5295 licet

1969 5342 2146 5393 omnia
2170 5348 2406 5392 extrema
2436 5340 2540 5407 pati
2581 5338 2933 5406 adjudicatos,
2977 5336 3170 5405 gaudio
3213 5333 3437 5401 replevit
3466 5344 3519 5384 et

1969 5431 2348 5493 exsultazione,
2380 5442 2434 5484 et
2460 5431 2697 5483 omnium
2748 5430 3045 5499 linguarum
3076 5424 3519 5495 applausionibus

1969 5523 2430 5588 continuis,veluti
2445 5523 2657 5580 coronis
2669 5520 3205 5579 immarcescibilibus
3219 5515 3517 5573 exornavir

1591 5684 1819 5740 VARle
1858 5682 2260 5739 LECTIONES.

389 5795 413 5836 ε
445 5796 527 5849 ϊσ.
563 5800 679 5852 κάν.
