4236 6436
720 360 827 423 895

1848 364 2101 424 PIIOTII
2136 367 2635 427 PATRIARCIIIE
2673 370 2782 430 CP.

3842 373 3946 435 896

724 483 778 528 et
797 473 900 526 illis
915 473 1128 541 quidem
1150 488 1368 543 propter
1395 490 1457 528 ea
1475 490 1594 544 qua:
1625 476 1789 546 impie
1808 491 2204 547 perpetrarunt,
2227 484 2294 536 ab
2319 485 2371 542 Λ
2396 507 2397 510 η

2270 484 2294 536 b
2319 485 2371 542 Λ
2396 486 2485 537 καὶ
2511 485 2697 555 ὥσπερ
2726 487 3018 556 ἀρῤαόὦνά
3047 505 3165 540 τινα
3199 486 3597 555 κατατιθεμένη
3641 484 3749 540 τῶν
3797 488 3943 538 ὲκεί-

725 566 842 618 istis
875 565 1138 632 primitias
1171 566 1428 635 quasdam
1458 578 1682 637 apparat
1719 571 1964 638 supplicii
2000 573 2286 637 inferendi,

721 666 776 708 et
824 657 1051 711 miseriae
1078 659 1364 727 aliquando
1404 660 1862 715 i-nconsolabiliter
1903 665 2199 720 subeunda:
2223 668 2276 720 in

723 746 905 800 futuro
937 750 1153 813 saeculo,
1186 752 1338 818 quasi
1391 752 1607 818 praemia
1653 754 1903 820 quaedam
1957 759 2138 811 struit.
2171 760 2287 814 Istis

722 847 904 891 autem
948 840 1253 894 certaminis
1308 852 1461 910 parat
1493 844 1731 911 przemia,
1772 855 1828 898 et
1874 846 2065 916 pignus
2112 849 2284 917 quod-

728 930 849 981 dam
885 930 1302 1001 depositumque
1345 935 1582 1002 disponit
1609 937 2025 991 retributionum
2057 939 2108 991 in
2137 939 2286 992 cwlis

727 1019 1158 1086 indicendarum,
1185 1035 1239 1076 et
1266 1025 1532 1078 felicitatis
1571 1035 1786 1079 aeterna:
1808 1044 1871 1080 ac
1894 1029 2120 1082 multum
2148 1031 2283 1083 desi-

725 1109 941 1164 derataa.
982 1111 1156 1166 llabes
1203 1114 1294 1175 ita,
1324 1115 1536 1182 opinor,
1578 1118 1881 1183 perspicue,
1928 1119 2000 1171 ita
2046 1129 2104 1173 ut
2148 1122 2283 1173 nihil

726 1203 909 1255 varius
941 1205 1162 1256 omnino
1189 1205 1426 1269 dubites,
1460 1207 1784 1260 admirandae
1827 1216 1881 1261 et
1912 1219 2160 1264 naturam
2188 1228 2284 1265 ex-

728 1291 968 1343 cedentis
1022 1294 1372 1361 providcntiaa
1417 1296 1795 1349 inobliviosum
1837 1308 1891 1352 et
1929 1301 2282 1368 omniscium;

726 1395 845 1446 qua:
879 1381 1011 1448 ipsa,
1044 1385 1202 1436 etiam
1237 1385 1288 1438 in
1317 1387 1497 1448 rebus,
1523 1387 1589 1439 ab
1633 1388 1779 1440 omni
1815 1391 2021 1444 ratione
2045 1409 2164 1460 qua:
2197 1396 2277 1448 vi-

729 1469 926 1523 dentur
957 1474 1315 1539 alienissimze,
1345 1477 1660 1532 abscondita
1696 1482 1925 1548 quadam
1961 1484 2031 1546 vi,
2079 1494 2134 1538 et
2185 1502 2283 1554 po-

731 1571 921 1615 testate
966 1565 1325 1630 incluctahili,
1365 1569 1640 1636 sapienter
1671 1572 1933 1638 justitiam
1976 1583 2029 1626 et
2077 1575 2285 1629 incom-

2394 579 2483 629 θεν
2512 579 2765 649 ἀρρήτων
2804 580 3077 645 ἐπάθλων,
3137 581 3228 630 καὶ
3276 579 3374 648 τῆς
3426 578 3796 646 πολυεράστου
3851 581 3948 631 καὶ

2391 671 2562 722 ἀῖδίου
2628 671 3048 740 μακαριότητος.
3105 671 3310 739 Ἔχεις,
3361 665 3536 739 οἶμαι,
3595 670 3805 740 τρανῶς
3853 672 3947 720 καὶ

2388 763 2538 813 οὐδὲν
2575 761 2933 824 ἐπιδιστάζων
2986 763 3085 831 τῆς
3140 761 3443 830 θαυμασίας
3491 761 3585 813 καὶ
3636 761 3948 833 ὑπερφυοῦς

2389 852 2637 924 προνοίας
2690 853 2749 904 τὸ
2798 852 3063 920 ἀλάθητόν
3119 870 3177 904 τε
3231 853 3324 905 καὶ
3372 853 3810 905 πανεπίσκοπον·
3855 855 3950 903 καὶ

2385 946 2466 996 ὅτι
2510 945 2610 995 κάν
2669 947 2779 1006 τοῖς
2828 943 3043 996 δοκοῦσι
3091 945 3588 1014 παραλογωτάτοις,
3643 945 3941 1012 ἀπορρήτῳ

2387 1037 2492 1088 τινὶ
2523 1039 2614 1088 καὶ
2644 1036 3060 1106 ἀπειροδυνάμῳ
3095 1036 3284 1105 κράτει
3315 1036 3408 1087 καὶ
3440 1035 3602 1104 σοφίᾳ
3631 1035 3698 1086 τὰ
3751 1035 3944 1086 δίκαια

2387 1127 2553 1196 αὐτῆς
2602 1129 2692 1178 καὶ
2724 1128 2939 1197 ἀρῤεπῆ
2991 1125 3450 1192 συνεπιζευγνῦσα
3474 1127 3730 1191 φυλάττει
3766 1125 3908 1192 ζυγά
3932 1164 3948 1187 ,

2387 1221 2575 1287 εἱρμόν
2605 1238 2724 1272 τινα
2763 1222 2905 1274 θεῖον
2933 1223 2989 1273 έν
3019 1222 3221 1283 αὐτοῖς,
3255 1221 3348 1273 καὶ
3396 1219 3545 1282 τάξιν
3574 1219 3804 1289 ἀρίστην
3855 1220 3952 1270 καὶ

2387 1308 2675 1377 καλλίστην
2732 1311 2958 1373 ὲνιεῖσα,
3031 1311 3080 1361 εἰ
3117 1310 3208 1361 καὶ
3250 1312 3361 1371 τοῖς
3403 1307 3758 1377 ἀνθρωπίνοις
3799 1308 3950 1373 λογι-

2388 1402 2544 1465 σμοῖς
2575 1400 2659 1451 διὰ
2685 1399 2844 1468 βάθος
2865 1404 3143 1470 χριμάτων
3195 1400 3614 1468 ἀνεξιχνίαστον,
3644 1401 3733 1450 καὶ
3761 1399 3952 1464 σοφίας

2386 1487 2714 1558 ἀδιεξίτητον
2792 1491 3056 1558 πέλαγος,
3111 1493 3209 1543 οὐκ
3272 1491 3357 1544 ἀεὶ
3423 1492 3631 1558 πέφυκε
3705 1489 3951 1557 γίνεσθαι

2392 1582 2608 1647 ἐφικτά.

732 1657 1140 1712 mutabilitatem
1166 1676 1316 1714 suam
1347 1664 1579 1730 copulat,
1612 1674 1667 1717 et
1689 1665 1837 1719 libra:
1871 1670 2106 1735 pondera
2144 1671 2285 1737 justa
2325 1675 2658 1737 statuminat,
2693 1685 2748 1729 et
2803 1675 3039 1729 divinam
3060 1675 3346 1744 quamdam
3378 1675 3572 1728 seriem
3598 1715 3612 1736 ,
3678 1685 3733 1728 ct
3756 1687 3954 1727 conca-

732 1749 1044 1804 tinationem
1076 1753 1126 1804 in
1161 1755 1320 1806 rebus
1342 1758 1620 1824 optimam,
1681 1762 1923 1814 ordinem
1957 1773 2010 1815 et
2052 1765 2469 1832 pulcherrimum
2494 1769 2806 1832 immittens,
2839 1770 2961 1824 licet
3025 1771 3300 1823 hominum
3365 1768 3666 1822 ratiociniis
3732 1779 3954 1838 prOptcr

726 1843 1049 1910 judiciorum
1076 1848 1494 1916 profunditatem
1526 1855 2086 1925 impervestigabilem,
2157 1870 2204 1914 et
2239 1862 2308 1914 ob
2383 1864 2602 1933 pelagus
2652 1880 2758 1917 non
2817 1865 3167 1928 adeundum,
3227 1879 3335 1917 non
3395 1877 3610 1931 semper
3670 1873 3728 1915 ut
3798 1861 3952 1916 obvia

729 1937 1056 2006 arripienda.

1250 2053 1466 2111 EPIST.
1510 2058 1768 2112 LXXXV.

1082 2147 1269 2198 Acacio
1310 2150 1558 2201 monacho
1609 2162 1657 2204 ct
1695 2155 1913 2209 medico.

3001 2068 3221 2120 ΕΙΙΙΣΤ.
3247 2068 3368 2120 ΠΕ’.

2693 2161 2947 2224 Ἀκακίῳ
2985 2161 3230 2230 μοναχῷ
3291 2162 3387 2214 καί
3443 2161 3635 2230 ἰατρῷ.

1942 2266 2207 2320 Montacut.
2232 2271 2336 2336 (ep.
2358 2271 2466 2333 119,
2487 2288 2536 2336 p.
2560 2273 2692 2334 162).

800 2355 857 2408 Si
882 2357 1190 2425 neutiquam
1214 2359 1503 2429 aliquando
1526 2364 1593 2417 ab
1616 2362 1842 2434 impuris
1882 2369 2286 2438 togitationibus

727 2462 897 2512 purus
937 2449 1205 2513 exstitisti,
1245 2466 1464 2518 prorsus
1493 2469 1689 2507 novum
1728 2466 1812 2510 est
1842 2460 1985 2522 quod
2026 2462 2136 2519 ais.
2185 2479 2287 2519 nec

730 2537 974 2607 lacrymae
1011 2540 1369 2608 exprimendm
1389 2560 1507 2611 qua:
1540 2546 1844 2614 aquuent.
1867 2550 2021 2614 Quod
2049 2553 2091 2605 si
2119 2553 2285 2610 fueris

728 2627 1012 2694 aliquando
1065 2633 1293 2685 mundus
1338 2633 1409 2701 (et
1457 2644 1599 2688 certe
1650 2635 1856 2706 fuisti);
1910 2655 2084 2710 neque
2135 2644 2282 2698 enim

729 2718 1043 2771 coelestibus
1065 2723 1316 2775 convenit
1343 2740 1613 2792 nunquam
1645 2728 1937 2798 mundari),
1973 2732 2067 2784 sed
2094 2748 2194 2787 nec
2227 2734 2282 2788 in

731 2809 981 2874 pnesenti
1013 2810 1119 2862 ullo
1152 2812 1400 2879 puritatis
1430 2830 1611 2870 amore
1661 2826 1930 2884 tcnercre,
1979 2822 2022 2874 si
2067 2839 2175 2876 non
2219 2825 2284 2878 il-

731 2899 835 2952 lius
890 2901 1171 2968 aliquando
1219 2906 1602 2972 experientiam
1655 2909 1911 2976 haberes;
1960 2923 2014 2966 et
2061 2925 2209 2970 certe
2240 2918 2287 2971 si

735 3004 841 3039 non
877 2992 1158 3058 expeditus
1189 2992 1404 3058 fuisses,
1456 2996 1644 3049 saltem
1695 2999 1875 3068 aliqua
1925 3018 1988 3056 ex
2018 3013 2188 3073 parte,
2221 3009 2288 3062 ab

734 3080 839 3132 illis
884 3083 1163 3148 sordibus,
1213 3085 1352 3137 haud
1407 3086 1883 3156 circumspexisses
1924 3097 2193 3161 quomodo
2231 3112 2290 3151 se

2462 2375 2524 2426 Εί
2587 2374 2684 2444 μὲν
2733 2373 2999 2444 μηδέποτε
3069 2373 3295 2440 γέγονας
3371 2373 3607 2442 καθαρὸς
3668 2375 3943 2444 λογισμῶν

2388 2465 2732 2534 ἀκαθάρτων,
2758 2465 2940 2516 καινόν
2968 2481 3018 2517 τι
3051 2464 3247 2529 λέγεις,
3279 2465 3372 2516 καὶ
3399 2465 3460 2516 οὑ
3496 2464 3571 2534 μὴ
3594 2465 3741 2516 ἔστιν
3767 2469 3947 2535 εὑρεῖν

2387 2556 2619 2624 δάκρυον
2642 2554 2917 2618 ἐξισῶσαι.
2945 2555 3006 2607 El
3031 2555 3083 2607 δὲ
3101 2556 3325 2622 γέγονας
3343 2555 3590 2623 (γέγονας
3618 2556 3673 2608 δὲ
3704 2557 3943 2618 πάντωςο

2387 2647 2445 2699 οὐ
2475 2647 2581 2715 γάρ
2627 2647 2872 2715 οὐράνιον
2903 2645 2964 2698 τὸ
2992 2645 3258 2714 μηδέποτε
3277 2645 3671 2714 καθαρεῦσαι),
3709 2650 3802 2699 καὶ
3843 2651 3943 2701 οὐκ

2387 2738 2453 2790 ἂν
2483 2737 2591 2790 οὐδ’
2618 2738 2696 2799 είς
2720 2736 2894 2806 ἔρωτα
2919 2737 3012 2789 νῦν
3036 2740 3132 2806 τῆς
3155 2735 3544 2806 καθαρότητος,
3577 2741 3624 2791 εί
3683 2739 3755 2808 μὴ
3808 2741 3939 2794 ταύ-

2382 2847 2480 2898 της
2507 2832 2697 2898 πείραν
2719 2828 2926 2891 ἔλαϐες,
2955 2825 3115 2898 ἦλθες
3139 2848 3151 2860 ·
3188 2830 3294 2883 οὐδ’
3325 2829 3390 2882 ἂν
3417 2832 3464 2882 εί
3492 2833 3564 2900 μὴ
3597 2832 3937 2901 ἀπηλλάγης.

2384 2923 2488 2975 κᾶν
2514 2924 2606 2975 ἐπὶ
2663 2923 2846 2982 ποσὸν,
2895 2923 3103 2974 ἐκείνου
3154 2923 3248 2975 τοῦ
3291 2923 3485 2992 ῥύπου,
3539 2923 3822 2992 διέϐλεῲας
3874 2926 3940 2978 ἂν

2385 3014 2709 3084 ἐπιζητῆσαι
2740 3013 2768 3052 h
2793 3012 2860 3066 δι’
2887 3012 3012 3066 ὅτου
3047 3013 3111 3067 ἄν
3144 3031 3225 3076 τις
3248 3013 3486 3085 καθαρὸν
3525 3015 3712 3066 ἑαυτὸν
3744 3033 3939 3083 συντη-

2391 3109 2548 3178 ρήσῃ.
2591 3106 2744 3159 Ἐπεὶ
2781 3106 2839 3158 δέ
2872 3123 3001 3159 ποτε
3043 3106 3292 3172 γέγονας,
3324 3100 3378 3174 γῷ
3416 3105 3600 3175 τρόπῳ
3625 3107 3937 3175 γεγένησαι,

738 3188 933 3240 purum
981 3174 1102 3241 quis
1155 3186 1528 3241 conservaret;
1569 3189 1623 3232 at
1665 3195 1789 3233 cum
1835 3184 2069 3238 mundus
2114 3186 2286 3244 factus
2315 3174 2411 3245 ci

2266 3206 2286 3244 Β
2315 3186 2360 3245 C
2495 3174 2641 3260 αὑτῷ
2666 3192 2840 3261 τούτῳ
2859 3194 2953 3244 καὶ
2981 3193 3252 3261 διατηρεῖν
3276 3174 3494 3246 σεαυτὸν
3543 3195 3600 3244 ὲν
3647 3197 3713 3262 τῇ
3775 3174 3939 3246 καθα-

737 3260 923 3324 fueris,
970 3277 1036 3315 eo
1069 3264 1229 3317 modo
1267 3279 1374 3332 quo
1417 3266 1488 3319 ita
1546 3267 1719 3321 factus
1751 3272 1987 3336 exsistis,
2027 3290 2093 3328 co
2139 3287 2191 3330 te
2229 3288 2290 3332 ut

735 3367 1022 3406 conserves
1069 3356 1323 3408 mundum
1375 3372 1591 3425 operam
1628 3360 1774 3414 dato.
1806 3362 1988 3418 Oratio
2039 3367 2140 3421 hoc
2193 3370 2288 3423 tibi

736 3445 1182 3507 subministrabit,
1221 3450 1379 3501 modo
1420 3451 1562 3503 illam
1602 3452 1667 3504 ad
1707 3462 1921 3522 tempus
1951 3459 2164 3526 aliquod
2191 3475 2287 3514 ex-

739 3535 993 3588 tenderis.
1026 3535 1221 3590 Paulus
1250 3539 1335 3592 ille
1369 3541 1615 3603 divinus,
1647 3559 1734 3597 me
1769 3546 1934 3612 prior,
1969 3549 2062 3601 tibi
2094 3552 2290 3605 exhor-

739 3625 990 3679 tationem
1012 3639 1278 3697 suggerat,
1311 3631 1398 3683 ubi
1428 3632 1503 3685 ait
1528 3650 1542 3685 :
1568 3633 1920 3690 Indesinenter
1939 3644 2145 3696 orale’.
2183 3642 2288 3698 Sed

734 3727 789 3771 ct
815 3719 1152 3774 abstinentia:
1179 3721 1379 3775 donum
1409 3740 1531 3777 cum
1575 3741 1784 3780 summa
1811 3733 2082 3788 custodito
2113 3749 2242 3789 cura
2272 3755 2284 3790 :

733 3807 1048 3860 naturaliter
1074 3809 1217 3861 enim
1247 3812 1454 3864 accedit
1476 3814 1556 3867 vis
1583 3825 1637 3867 et
1665 3819 1903 3884 potentia
1935 3820 2287 3880 irresistibilis

733 3897 798 3948 ad
824 3897 1084 3964 ejusmodi
1107 3899 1381 3966 passiones
1413 3904 1794 3961 retundendas.
1835 3907 1941 3964 Sed
1961 3923 2015 3964 et
2035 3913 2098 3966 ad
2126 3917 2289 3969 mise-

733 3988 1014 4041 ricordiam
1045 4005 1168 4058 erga
1194 3991 1495 4061 indigentes
1528 3997 1788 4062 accedito,
1820 4016 1922 4055 nec
1949 4004 2017 4056 ab
2046 4004 2132 4059 illa
2157 4007 2289 4061 velis

731 4079 986 4132 resilire:
1039 4096 1249 4135 sacrum
1301 4084 1501 4152 quippe
1545 4086 1722 4140 oleum
1778 4091 1919 4146 istud
1978 4093 2149 4148 facem
2197 4113 2288 4151 ac-

731 4171 915 4224 cendit
987 4171 1350 4237 luculentam,
1403 4177 1742 4240 operationes
1785 4197 1911 4235 suas
1962 4185 2286 4253 dividendo;

731 4275 854 4313 nam
883 4276 978 4329 per
1002 4264 1258 4330 quasdam
1282 4265 1529 4320 incensas
1558 4272 1828 4324 consumit
1857 4276 2166 4342 passiones;
2189 4295 2285 4349 per

732 4351 865 4404 alias
896 4352 1160 4407 illuminat
1190 4363 1242 4409 et
1269 4356 1447 4425 dirigit
1488 4357 1542 4410 in
1578 4360 1788 4416 virtutis
1828 4379 2021 4419 currus
2049 4383 2284 4436 gressus.

733 4440 870 4510 Erga
902 4441 1039 4505 illos,
1075 4444 1165 4511 qui
1192 4446 1438 4499 videntur
1483 4449 1536 4500 in
1583 4459 1634 4504 te
1678 4452 1984 4521 deliquisse,
2025 4458 2068 4510 si
2113 4471 2286 4527 potes,

733 4534 841 4586 noli
875 4536 1200 4589 commoveri
1230 4556 1241 4589 :
1278 4539 1358 4590 sin
1385 4540 1437 4592 in
1469 4539 1600 4594 iram
1644 4544 1956 4611 prolabaris,
2007 4550 2284 4605 nihilomi-

733 4639 835 4676 nus
858 4634 980 4677 ante
1001 4626 1126 4679 solis
1154 4643 1401 4681 occasum
1430 4631 1480 4682 in
1512 4641 1564 4684 te
1595 4648 1864 4699 reversus,
1887 4639 2128 4694 absolute
2159 4657 2286 4696 con-

730 4715 863 4767 cede
888 4716 1098 4768 veniam
1129 4727 1186 4769 ut
1209 4719 1524 4789 simpliciter
1542 4723 1738 4788 dicam,
1768 4728 1913 4780 unde
1945 4730 2038 4783 tibi
2067 4733 2282 4798 accidit,

731 4815 793 4870 ut
843 4822 1001 4874 quam
1056 4810 1302 4877 expedite
1370 4815 1660 4870 mundatus
1716 4818 1902 4886 fueris,
1963 4821 2086 4876 inde
2137 4827 2285 4879 omni

732 4897 891 4951 modo
924 4897 1076 4952 decet
1115 4900 1386 4970 indagare,
1447 4921 1547 4958 nec
1589 4907 1851 4962 absistere
1890 4927 1918 4964 a
1970 4914 2092 4967 vitae
2134 4917 2284 4983 puri-

733 4995 886 5041 tate:
949 4989 1184 5057 alioquin
1239 5008 1347 5046 non
1412 4997 1687 5068 continget
1745 5001 1900 5055 facile
1954 5007 2190 5073 quietem
2259 5025 2288 5063 a

731 5078 990 5132 molestiis
1027 5081 1269 5150 adipisci,
1320 5086 1412 5140 sed
1441 5097 1534 5140 aut
1567 5106 1661 5156 per
1705 5092 1905 5160 aliquid
1956 5111 1985 5149 c
2042 5102 2288 5167 supradi—

2391 3283 2592 3351 ρότητι,
2627 3281 2961 3353 διανάστηθι.
3002 3283 3281 3354 Προσευχή
3324 3301 3406 3336 σοι
3442 3284 3630 3336 τούτου
3665 3285 3942 3352 πρόξενος,

2390 3374 2492 3425 κᾶν
2515 3375 2599 3425 ἐπ’
2622 3373 2800 3441 ὀλίγον
2820 3374 3050 3444 κατέστη
3070 3376 3411 3445 παρατείνων
3432 3375 3652 3445 ταύτην’
3681 3377 3893 3439 Παῦλος
3914 3381 3942 3430 ὀ

2390 3464 2531 3528 θεῖος
2584 3466 2688 3534 πρὸ
2729 3466 2883 3535 ἡμῶν
2943 3483 3025 3518 σοι
3090 3467 3188 3535 τὴν
3242 3468 3567 3537 παραίνεσιν
3616 3470 3944 3538 εἰσηγεῖται,

2402 3556 2836 3621 Ἀδιαλειπτως,
2867 3557 3060 3623 λέγων,
3115 3559 3540 3624 προσεύχεσθε.
3574 3559 3712 3611 Ἀλλ’
3742 3562 3946 3628 ἐγκρα-

2388 3648 2537 3710 τείας
2558 3647 2616 3698 τὺ
2632 3648 2800 3716 δῶρον
2813 3649 2934 3717 ἔχου
2953 3647 3192 3718 [ταύτης]
3215 3649 3648 3717 ἐπιμελέστερον·
3667 3649 3824 3718 φύσει
3841 3652 3948 3718 γάρ

2390 3738 2526 3809 αὐτῇ
2558 3739 2652 3792 καὶ
2676 3739 2873 3808 κράτος
2895 3739 3103 3808 ἄμαχον
3142 3739 3395 3807 πρόσεστι
3447 3741 3581 3805 πρὸς
3614 3741 3681 3793 τὰ
3722 3742 3949 3793 τοιαῦτα

2388 3828 2495 3880 τῶν
2553 3829 2907 3897 παθημάτων.
2978 3828 3113 3880 Ἀλλ’
3158 3829 3244 3879 ἐπ’
3296 3828 3432 3899 ἐλέῳ
3498 3831 3810 3897 πενομένων
3851 3831 3949 3898 ἀφ-

2395 3919 2558 3981 ίκετο,
2590 3919 2663 3988 μὴ
2697 3919 2959 3986 ἀφίστατο
2995 3918 3094 3987 τῆς
3124 3919 3490 3989 ὲλεημοσύνης
3513 3935 3529 3950 ο
3559 3921 3802 3990 μεγάλην
3837 3923 3945 3991 γάρ

2390 4007 2618 4060 ἀνάπτει
2641 4007 2896 4076 λαμπάδα
2923 4008 2983 4059 τὸ
3017 4007 3156 4076 ἱερὸν
3190 4007 3335 4058 ἔλεον
3365 4009 3382 4047 ί
3407 4007 3582 4072 τοῦτο,
3605 4009 3700 4060 καὶ
3733 4009 3947 4078 μερίζει

2389 4099 2484 4160 τὰς
2510 4098 2809 4168 ἐνεργείας,
2834 4100 2928 4150 καὶ
2955 4101 3074 4160 ταῖς
3115 4097 3212 4165 μὲν
3252 4097 3441 4165 φλέγει
3482 4099 3549 4151 τά
3592 4098 3762 4167 πάθη,
3826 4103 3948 4161 ταῖς

2388 4189 2445 4243 δὲ
2475 4190 2696 4257 φωτίζει
2718 4190 2811 4242 καὶ
2832 4190 3148 4241 κατευθύνει
3179 4189 3315 4258 πρὸς
3334 4190 3426 4241 τὸν
3461 4188 3560 4258 τῆς
3592 4190 3792 4259 ἀρετῆς
3837 4191 3950 4259 δρό-

2392 4297 2494 4349 μον
2539 4280 2606 4332 τά
2650 4279 2977 4348 διαδήματα.
3028 4277 3165 4331 Ἀλλ’
3209 4279 3291 4330 ὃτι
3332 4278 3551 4347 ἀφῆκας
3581 4281 3693 4341 τοῖς
3732 4278 3946 4344 δόξασιν

2389 4373 2469 4433 είς
2527 4371 2585 4422 σὲ
2649 4370 3187 4441 πεπλημμεληκέναι,
3250 4371 3298 4421 εί
3362 4370 3461 4440 μὲν
3518 4370 3772 4433 δυνατὸν,
3819 4371 3942 4438 μηδ’

2389 4461 2626 4532 ὀργίζου.
2660 4461 2721 4515 El
2742 4461 2785 4513 δ’
2833 4462 3128 4527 ὲξέπεσας,
3180 4457 3407 4513 άλλόὖν
3449 4460 3536 4513 ἀεὶ
3575 4461 3684 4530 πρὸ
3725 4461 3946 4529 δυσμῶν

2389 4554 2536 4622 ἡλίου
2556 4553 2633 4615 είς
2656 4552 2875 4606 σεαυτὸν
2899 4551 3060 4605 ἀνιὼν
3079 4550 3091 4600 i
3111 4590 3126 4614 ,
3156 4552 3290 4614 ὅλως
3311 4552 3458 4619 γίνου
3477 4551 3573 4620 τῆς
3596 4551 3944 4618 συγγνώμης.

2385 4645 2480 4698 καὶ
2512 4644 2696 4706 ἁπλῶς
2730 4645 2926 4708 εἰπεῖν,
2957 4643 3023 4695 δι’
3053 4639 3112 4695 οὗ
3141 4660 3222 4696 σοι
3256 4645 3314 4694 ὲν
3362 4643 3556 4712 βραχεί
3605 4642 3948 4711 καθαρεῦσαι.

2384 4738 2739 4806 προσεγένετο
2765 4775 2780 4800 ,
2810 4735 2896 4788 διὰ
2928 4735 3116 4787 τούτου
3162 4735 3414 4806 θηρεύειν
3453 4735 3540 4787 ἀεὶ
3585 4735 3659 4804 μὴ
3703 4735 3944 4802 ἀποστῇς

2385 4829 2479 4881 καὶ
2505 4827 2600 4897 τὴν
2619 4827 2705 4879 διὰ
2737 4827 2850 4895 βίου
2873 4827 3236 4896 καθαρότητα.
3259 4825 3465 4888 Ἀλλως
3488 4827 3618 4896 γὰρ,
3643 4826 3816 4885 άλλως
3844 4826 3944 4876 οὐκ

2384 4920 2529 4971 ἐστιν
2548 4919 2684 4977 ὅλως
2726 4919 2906 4970 ἄνεσιν
2951 4918 3129 4986 εὑρεῖν
3171 4917 3282 4971 τῶν
3325 4916 3704 4986 ἐνοχλούντων,
3753 4916 3868 4966 ἀλλ’
3911 4915 3946 4983 ἢ

2391 5013 2478 5066 διά
2510 5029 2652 5076 τινος
2675 5013 2784 5065 τῶν
2807 5011 3131 5083 εἰρημένων,
3159 5013 3192 5081 ἦ
3220 5029 3401 5076 τινων,
3425 5011 3457 5081 ἢ
3486 5011 3582 5065 καὶ
3607 5010 3696 5065 διὰ
3726 5010 3945 5062 πάντων

2391 5121 2522 5174 αμα.

731 5170 852 5234 ctis,
898 5183 990 5226 aut
1040 5177 1202 5228 etiam
1252 5178 1446 5246 aliqua,
1513 5180 1558 5232 si
1595 5199 1702 5237 non
1756 5202 1851 5254 per
1896 5191 2076 5245 omnia
2125 5195 2286 5249 simul
2365 5223 2393 5262 ί

732 5262 1041 5332 conjuncta.

808 5428 829 5458 ’
861 5427 880 5483 ι
913 5428 1106 5487 Thess.
1135 5437 1344 5499 111,17.

1979 5599 2204 5656 ΥΛΠΙΑΞ
2245 5601 2415 5658 LECT
2423 5602 2530 5659 1οΝ
2539 5603 2621 5657 ES
2634 5643 2646 5657 .

812 5738 838 5778 ιι
867 5740 991 5796 add.
1035 5745 1244 5812 μαθεῖν.
1327 5760 1338 5786 ι
1386 5750 1578 5804 ἔλαιον.
1659 5765 1670 5801 ε
1722 5753 1971 5810 ἐπανιών.
