4236 6436
328 384 432 449 897

911 492 1128 544 ΕΠΙΣΤ.
1171 492 1312 557 ne".

694 583 944 649 Ἀκακίφ
960 582 1207 652 μοναχῷ
1235 583 1332 636 καὶ
1354 582 1550 651 ιατρῷ.

1476 380 2008 442 EPISTOLARUM
2050 380 2275 438 LIBER
2318 378 2398 437 II.

3439 383 3545 445 898

2501 487 2716 541 EPIST.
2751 489 3028 544 LXXXVI.

2380 582 2571 635 Acacio
2599 585 2846 633 monacho
2868 592 2914 635 et
2946 583 3160 637 medico.

1536 682 1803 732 Iontacut.
1826 681 1928 743 (ep.
1954 678 2059 740 122,
2079 693 2128 740 p.
2153 679 2278 740 I65).

394 777 553 845 Μέγα
596 777 768 831 κακὸν
818 781 851 849 ὴ
901 779 1140 847 δόκησις’
1193 779 1406 849 ἄφρονα
1447 781 1536 833 τὸν
1594 782 1880 852 ἄνθρωπον

323 871 501 930 ποιεῖ,
532 868 642 920 οὐδ’
669 870 1049 940 ἀπαλλαγῆναι
1091 869 1185 923 τοῦ
1217 870 1417 932 πάθους
1442 872 1524 943 ἑᾷ,
1556 872 1676 925 οὐδὲ
1720 888 1883 942 μετα-

326 961 520 1029 μαθεῖν
560 962 620 1012 τδ
661 964 921 1015 συνοῖσον.
975 960 1234 1033 Ἐχθροὺς
1268 963 1400 1032 όρᾷν
1444 963 1727 1015 ἀναπείθει
1757 964 1885 1024 τοὺς

327 1052 606 1119 μεθέλκειν
649 1050 747 1121 τῆς
791 1051 999 1121 πλάνης
1050 1054 1146 1105 καὶ
1190 1052 1401 1123 βοηθεῖν
1451 1052 1880 1124 ἐπιχειροῦντας

323 1145 448 1204 τοὺς
469 1143 526 1196 δὲ
550 1143 978 1213 φλεγμαίνοντας
1000 1144 1099 1213 τὴν
1116 1145 1270 1197 νόσον
1293 1143 1601 1207 κολακείαις
1626 1146 1718 1196 καὶ
1736 1144 1885 1198 ἁνία-

321 1248 415 1285 τον
445 1232 731 1296 ποιοῦντας
763 1233 928 1286 πλέον
951 1234 1248 1299 είσοικίζει.
1286 1235 1457 1304 Φεῦγε
1489 1236 1636 1308 πάσῃ
1662 1236 1886 1305 δυνάμει

322 1324 423 1392 τὴν
478 1324 674 1394 οίησιν,
726 1326 967 1394 κρημνός
1011 1327 1129 1379 ἐστι
1176 1324 1310 1396 βαθὺ
1384 1328 1564 1381 πᾶσαν
1614 1328 1886 1398 σωτηρίας

323 1415 507 1469 ἄνοδον
532 1416 953 1489 περιῃρημένος.

910 1615 1131 1669 ΕΠΙΣΤ.
1171 1616 1291 1671 ΠΖ’.

848 1709 1084 1774 Ἰσακίῳ
1108 1706 1371 1777 μοναχῷ.

2054 777 2299 846 Magnum
2336 774 2533 829 malum
2562 782 2646 828 est
2666 772 2849 841 opinio
2879 772 2982 836 sui,
3014 773 3237 827 stultum
3266 776 3408 830 enim
3446 778 3553 832 ho-

1983 884 2184 924 minem
2210 867 2407 930 reddit,
2438 881 2537 920 nec
2570 865 2764 919 morbo
2787 864 2990 933 patitur
3012 865 3250 931 liberari,
3295 876 3390 921 aut
3421 884 3544 921 sem

1982 962 2262 1016 addiscere
2296 956 2441 1028 quod
2503 957 2556 1009 in
2591 972 2704 1010 rem
2725 958 2866 1019 erit;
2897 955 3006 1009 imo
3031 955 3150 1010 loco
3198 958 3541 1013 inimicorum

1985 1051 2263 1104 habendos
2336 1047 2595 1118 suggerit,
2629 1046 2717 1115 qui
2757 1062 2975 1115 operam
3012 1047 3329 1115 impendunt
3389 1058 3449 1103 ut
3476 1051 3544 1102 ab

1983 1156 2167 1195 errore
2201 1140 2482 1194 retraham
2511 1144 2565 1189 et
2592 1137 2955 1189 auxilientur:
2991 1152 3086 1191 eos
3117 1147 3295 1191 autem
3316 1139 3408 1207 qui
3443 1156 3541 1208 pi-r

1984 1232 2349 1286 adulationem
2397 1227 2646 1283 morbum
2699 1226 3011 1281 exulcerant
3079 1238 3133 1282 et
3188 1229 3540 1283 insanabilem

1985 1324 2236 1386 reddunt,
2276 1323 2566 1377 familiares
2599 1323 2769 1393 magis
2819 1322 3008 1373 reddit.
3053 1320 3208 1374 Omni
3260 1338 3360 1391 ope
3382 1323 3541 1391 igitur

1978 1430 2246 1485 operaque
2277 1414 2582 1482 Opinionem
2622 1414 2750 1477 vita,
2783 1413 2941 1465 inane
2964 1412 3317 1481 prmcipitiuin
3344 1414 3543 1482 quippe

1983 1517 2086 1572 est,
2118 1520 2444 1573 omnemque
2467 1505 2700 1557 obstruit
2723 1504 2911 1557 salutis
2940 1519 3244 1557 ascensum.

2473 1616 2694 1671 EPIST.
2734 1616 3041 1671 LXXXVII.

2459 1738 2465 1745 -
2530 1708 2699 1762 Isacio
2728 1711 2999 1762 monacho.

1538 1829 1799 1879 Montacut.
1825 1828 1925 1889 (ep.
1950 1828 2054 1885 128,
2077 1842 2125 1889 p.
2155 1827 2281 1890 169).

393 1926 456 1977 El.
484 1925 577 1977 καὶ
605 1925 738 1996 πρὸς
769 1924 1047 1996 θερισμὸν,
1080 1928 1165 1995 ἐφ’
1208 1927 1266 1979 δν
1287 1930 1315 1980 ό
1360 1928 1633 1999 Δεσπότης
1681 1930 1890 1995 σπλαγ-
1922 1934 1963 1988 Β
2064 1927 2066 1932 “

1865 1957 1890 1967 -
1922 1934 1963 1988 Β
2064 1925 2345 1994 Utcunque
2379 1925 2444 1979 ad
2497 1940 2725 1978 messem
2765 1924 2907 1977 illam
2951 1925 3250 1978 obeundam
3293 1925 3357 1978 ad
3380 1941 3538 1994 quam

321 2015 636 2086 χνιζόμενος
683 2018 1010 2088 ἐργάζεσθαι
1040 2019 1245 2087 πέμπει
1289 2020 1413 2084 τοὺς
1462 2021 1740 2091 μαθητὰς,
1777 2022 1886 2073 ἀω-

322 2109 546 2176 ρότατος
580 2104 649 2159 εἱ·
678 2107 792 2159 ἀλλ’
822 2104 913 2161 οῦν
944 2109 1027 2178 ἐφ’
1064 2110 1123 2162 ὃν
1143 2112 1191 2162 οἱ
1221 2110 1465 2178 θερισταὶ
1498 2114 1886 2181 παραγίνονται

323 2197 546 2264 ἄγγελοι
568 2238 583 2259 ,
622 2199 714 2251 καὶ
739 2198 857 2251 λίαν
881 2200 1181 2271 ἐπιτήδειόν
1207 2218 1265 2253 σε
1290 2201 1559 2255 δείκνυσιν
1590 2206 1617 2256 ό
1644 2204 1743 2270 τῆς
1772 2203 1886 2272 ἡλι-

327 2289 450 2351 κίεις
498 2290 704 2359 καιρός.
732 2290 855 2353 Πῶς
879 2288 991 2356 οῦν,
1036 2295 1153 2346 ἀντὶ
1182 2295 1277 2362 μὲν
1312 2294 1405 2348 τοῦ
1435 2294 1642 2364 καρπὸν
1680 2296 1881 2365 φέρειν,

324 2379 564 2442 ἀκάνθας
594 2382 869 2451 ὲκφέρεις;
896 2383 1105 2447 ζιζάνια
1133 2385 1188 2436 δὲ
1216 2386 1335 2437 ἀντὶ
1378 2385 1524 2437 σίτου
1552 2403 1567 2450 ;
1601 2386 1709 2437 Καὶ
1735 2386 1884 2437 οὐδὲν

325 2472 563 2541 ἐργῶδες
602 2474 660 2526 ὃν
686 2475 847 2526 καλὸν
878 2479 969 2527 καὶ
999 2476 1225 2543 ἀγαθὸν,
1254 2476 1354 2530 κᾶν
1383 2477 1479 2546 ὀψὲ
1519 2478 1612 2531 τοῦ
1659 2479 1847 2549 καιροῦ
1868 2520 1881 2542 ,

322 2564 413 2615 διὰ
448 2566 729 2634 μετανοίας
759 2567 1030 2634 γενέσθαι.
1063 2569 1132 2621 Σὺ
1161 2569 1217 2620 δὲ
1250 2570 1441 2623 σαυτὸν
1479 2570 1586 2623 εἴθε
1614 2571 1885 2642 ἄχρηστον

322 2656 459 2708 ἀλλὰ
486 2658 695 2711 δέδοικα
748 2660 820 2728 μὴ
874 2662 966 2712 καὶ
1002 2661 1366 2731 αὑτοσαπρίας
1394 2664 1610 2731 ἀγγεῖον
1657 2666 1883 2737 ἐργάζῃ.

338 2748 478 2798 Ἀλλ’
510 2750 791 2815 ὲπίγνωθι,
816 2751 918 2803 κᾶν
948 2750 1041 2803 νῦν
1076 2753 1196 2822 ήδη,
1231 2754 1318 2806 τὸν
1348 2754 1684 2823 ἀνθρώπινον
1714 2774 1879 2807 κατα-

323 2838 580 2908 δυόμενος
613 2840 744 2909 βίον,
781 2843 863 2895 ὅτι
905 2843 975 2896 τὰ
1010 2846 1104 2913 μὲν
1137 2845 1419 2911 συνάγεται
1458 2847 1550 2898 καὶ
1579 2846 1886 2917 ἀποθησαυ-

326 2928 531 2998 ρίζεται
556 2932 634 2992 εἰς
667 2932 1033 2995 ἁκαταλύτους
1067 2934 1348 3004 ἀποθήκας
1370 2936 1462 2987 καὶ
1489 2933 1587 3003 τῆς
1616 2935 1881 3005 οὐρανῶν,

326 3019 571 3083 ἀξιοῦται
614 3020 925 3089 βασιλείας·
974 3024 1041 3077 τά
1082 3025 1139 3077 δὲ
1180 3026 1525 3090 ἐκκόπτεται,
1554 3029 1607 3081 οῐ
1648 3045 1759 3097 μοι,
1792 3031 1885 3081 καὶ

329 3111 646 3164 ἐκϐάλλεται
666 3152 680 3177 ,
712 3116 804 3166 καὶ
848 3116 1205 3169 κατακαίεται
1236 3117 1315 3188 τῷ
1357 3119 1606 3190 ὲξωτέρῳ
1634 3120 1726 3172 καὶ
1762 3121 1883 3174 ἀτε-

328 3202 568 3273 λευτήτῳ
597 3205 731 3274 πυρὶ
753 3205 1045 3270 διαπαντὸς
1067 3208 1447 3278 δαπανώμενα.

937 3490 1155 3545 ΕΠΙΣΤ.
1190 3492 1320 3546 ΠΗ’.

330 3574 698 3642 Μητροφάνει
763 3580 1003 3648 μοναχῷ
1050 3584 1145 3703 ,ἕῳ
1200 3584 1513 3655 ἠσυχαστῇ
1558 3589 1637 3651 τῷ
1676 3590 1741 3642 ἐκ
1787 3594 1881 3643 Σι-

994 3668 1059 3703 κε
1104 3669 1214 3703 tuo.

994 3668 1214 3718 κελιας.

1990 2018 2365 2071 misericordiae
2394 2018 2687 2071 visceribus
2724 2016 2982 2069 Dominus
3014 2027 3187 2070 tactus
3217 2019 3397 2071 emisit
3438 2020 3544 2072 dis-

1987 2110 2193 2177 cipulos
2260 2124 2409 2170 suos,
2449 2110 2523 2161 sis
2552 2110 2781 2161 maxime
2827 2108 3175 2172 immaturus;
3205 2109 3269 2161 ad
3295 2110 3432 2161 illam
3466 2120 3544 2162 ta-

1985 2217 2132 2262 men,
2161 2201 2224 2254 ad
2257 2216 2414 2269 quam
2448 2215 2713 2254 messores
2737 2201 3051 2269 delegantur
3077 2201 3270 2267 angeli,
3310 2211 3437 2254 :rlas
3491 2212 3542 2256 te

1986 2303 2074 2347 tua
2102 2295 2253 2347 valde
2278 2302 2643 2362 comparatum
2672 2292 2847 2346 docet.
2870 2291 3020 2346 Unde
3043 2308 3190 2361 ergo,
3222 2293 3543 2360 proferendo

1985 2387 2219 2439 fructum
2266 2400 2386 2437 cum
2416 2384 2509 2445 sis,
2560 2385 2742 2452 spinas
2793 2383 3084 2452 producis?
3114 2384 3319 2437 zizania
3360 2395 3540 2439 autem

1985 2492 2081 2546 pro
2118 2474 2435 2529 frumento?
2464 2476 2575 2527 Nec
2626 2484 2709 2528 est
2762 2490 3070 2543 Operosum,
3112 2474 3282 2527 virum
3343 2475 3540 2527 bonum

1984 2570 2209 2638 probum
2242 2568 2378 2623 ﬁeri.
2411 2569 2534 2622 licet
2564 2569 2761 2630 serius,
2800 2584 2894 2636 per
2926 2567 3318 2636 ptenitentiam.
3384 2568 3463 2620 Tu
3491 2579 3541 2621 te

1984 2671 2189 2724 autem,
2219 2662 2421 2714 utinam
2485 2659 2659 2712 solum
2716 2659 2983 2720 inutilem,
3032 2673 3093 2711 ac
3114 2674 3243 2721 non,
3276 2658 3415 2727 quod
3449 2676 3541 2711 ve-

1987 2768 2126 2814 reor,
2176 2768 2267 2805 vas
2288 2753 2589 2819 depravatae
2618 2751 2974 2819 corruptionis
3024 2760 3072 2803 te
3114 2752 3355 2819 praebeas
3387 2756 3397 2805 !
3432 2753 3539 2807 Sed

1986 2850 2041 2894 tu
2070 2856 2414 2911 recognosce,
2437 2841 2517 2893 vel
2538 2855 2683 2893 nunc
2713 2839 2951 2902 tandem,
2982 2839 3073 2907 qui
3095 2840 3307 2907 penitus
3326 2842 3377 2892 in
3400 2856 3545 2893 mor—

1987 2931 2075 2983 tali
2109 2933 2215 2983 vita
2244 2933 2544 2997 immerges.
2577 2930 2719 2999 quod
2744 2940 2870 2983 sunt
2891 2946 3009 2998 qua:
3049 2940 3441 2998 congregantur
3489 2939 3544 2984 et

1985 3032 2317 3090 reponuntur
2334 3024 2386 3075 iu
2406 3023 2697 3091 apothecas
2722 3023 2862 3076 haud
2891 3037 3124 3091 unquam
3150 3022 3539 3086 dissolvendas,

1984 3122 2040 3165 et
2103 3130 2266 3183 regno
2310 3115 2571 3167 cmlorum
2622 3114 2779 3182 digna
2812 3113 3119 3167 habentur:
3167 3122 3311 3175 sunt,
3346 3113 3433 3181 qui
3460 3128 3545 3166 ex-

1991 3203 2327 3264 scinduntur,
2358 3203 2521 3265 eheu,
2553 3204 2943 3272 etejiciuntur,
2996 3213 3050 3257 et
3105 3204 3225 3273 igne
3266 3204 3542 3265 exteriori,

1991 3295 2079 3360 qui
2112 3310 2385 3362 nunquam
2410 3296 2802 3363 exstinguetur,
2835 3306 2889 3348 et
2918 3294 3129 3347 ﬂamma
3176 3296 3544 3348 consumenda

1985 3393 2041 3436 et
2072 3383 2435 3438 comburenda
2465 3384 2824 3437 destinantur.

2466 3493 2685 3547 EPIST.
2722 3494 3052 3549 LXXXVIII.

2092 3582 2415 3651 Metropham‘
2470 3585 2719 3637 monac/io
2749 3597 2793 3636 et
2834 3586 3146 3654 ltcsycltasta:
3172 3603 3197 3639 ε
3231 3584 3433 3639 Sicilia.

1546 3771 1807 3824 Montacut.
1831 3778 1930 3838 (ep.
1955 3778 2057 3839 149,
2080 3794 2126 3841 p.
2150 3782 2280 3840 205).

398 3863 557 3931 Μέγα
584 3866 680 3935 μὲν
693 3866 753 3918 τὸ
769 3867 931 3935 ἄλγος
957 3869 1094 3939 ὑπὲρ
1118 3872 1227 3924 τῶν
1254 3874 1587 3945 Ἐκκλησιῶν
1610 3880 1702 3931 τοῦ
1733 3882 1888 3933 Θεοῦσ

2066 3886 2288 3956 Magnus
2314 3898 2460 3942 certe
2489 3888 2640 3942 dolor
2660 3898 2760 3953 est,
2796 3890 2886 3958 qui
2910 3906 3004 3958 pro
3037 3889 3128 3943 Dei
3167 3891 3398 3944 Ecclesia
3428 3904 3540 3953 est;

334 3953 409 4014 είς
434 3952 539 4023 γὰρ
562 3956 658 4023 τὴν
687 3958 1011 4027 οἰκουμένην
1036 3959 1202 4030 ἐχύθη
1228 3962 1288 4013 τὸ
1332 3965 1515 4016 κακόν·
1553 3968 1749 4036 μείζων
1770 3970 1824 4021 δὲ
1857 3973 1889 4041 ἡ
1996 3994 2007 4030 ι

1871 3973 1889 4041 Ρι
1996 3994 2117 4030 nam
2171 3980 2222 4030 in
2246 3979 2431 4032 orbem
2480 3981 2789 4034 universum
2845 3982 3137 4034 effunditur
3188 3983 3384 4034 malum
3428 4000 3440 4035 :
3492 3994 3544 4035 at

332 4046 492 4113 χαρά.
537 4047 622 4097 Ἐν
646 4049 751 4114 γὰρ
776 4051 840 4117 τῇ
866 4049 1073 4120 ὑφηλίῳ
1101 4052 1433 4122 θαυμάζεται
1461 4058 1612 4125 ὑμῶν
1641 4062 1706 4111 τὰ
1729 4057 1885 4127 ἆθλα,

333 4136 426 4186 καὶ
480 4137 511 4203 ἡ
558 4138 746 4207 ἀρετή-
813 4140 906 4191 καὶ
961 4143 1156 4204 παντὸς
1224 4146 1487 4214 στόματός
1534 4150 1699 4215 ἐστιν,
1770 4152 1888 4203 ἀντὶ

330 4227 528 4289 παντὸς
556 4228 712 4281 ἄλλου
742 4232 767 4269 ι
795 4234 842 4283 οἱ
868 4233 1106 4304 λαμπροὶ
1130 4236 1281 4305 ὑμῶν
1310 4239 1537 4304 ἀγῶνες,
1559 4243 1647 4292 καὶ
1668 4242 1736 4293 τὰ
1758 4243 1883 4311 τρό-

330 4335 484 4381 παια,
517 4320 607 4370 καὶ
632 4322 661 4370 ὀ
700 4322 863 4383 πολὺς
892 4325 1095 4389 ἐκεῖνος
1132 4329 1225 4379 καὶ
1253 4328 1401 4393 ἄξιος
1428 4332 1533 4384 τῶν
1576 4334 1714 4402 ὑπὲρ
1740 4337 1873 4405 Χρι-

332 4406 456 4457 στοῦ
496 4408 850 4479 παθημάτων,
882 4420 1246 4487 μακαρισμός.

912 4614 1127 4671 ΕΠΙΣΤ.
1169 4620 1293 4673 ΠΘ¹.

342 4693 625 4763 Ἀισενίφ
664 4700 925 4769 μοναχῷ,
952 4708 1325 4776 πρεσϐυτέρῳ
1385 4713 1482 4765 καὶ
1533 4716 1877 4786 ἡσυχαστῇ.
1914 4716 1959 4771 D

1995 4068 2170 4134 majus
2211 4077 2390 4121 tamen
2452 4071 2675 4123 resultat
2721 4073 2994 4140 gaudium.
3037 4072 3148 4125 Sub
3198 4074 3310 4125 sole
3347 4073 3545 4141 quippe

1990 4160 2333 4214 admirationi
2358 4164 2814 4226 suntcertamiua,
2848 4171 2902 4214 et
2934 4164 3159 4218 virtutes
3199 4174 3319 4227 tua},
3377 4166 3546 4217 OllllII-

1991 4250 2092 4301 bus
2119 4250 2313 4319 linguis
2343 4262 2649 4313 narrantur,
2705 4268 2803 4306 nec
2833 4254 2975 4305 aliud
3018 4255 3308 4323 quidquam
3346 4271 3544 4323 agones

1982 4340 2081 4397 tui.
2115 4339 2339 4409 Tropaea
2400 4352 2510 4404 tua,
2546 4343 2827 4407 multiplex
2861 4345 2948 4397 illa
2980 4345 3206 4399 felicitas
3230 4347 3542 4415 praadicant,

1976 4444 2133 4497 quam
2165 4431 2383 4501 dignum
2414 4442 2463 4486 te
2495 4434 2759 4496 habitum,
2789 4435 2878 4503 qui
2901 4451 2997 4504 pro
3019 4435 3217 4490 Christi
3242 4452 3401 4491 causa
3428 4452 3523 4505 pa-

1984 4524 2152 4576 tiaris.

2470 4634 2686 4688 EPIST.
2764 4635 3048 4690 LXXXIX.

2110 4723 2325 4778 Arsenio
2354 4728 2623 4788 monacho,
2661 4738 2704 4779 ct
2741 4732 3033 4797 presbytero
3066 4733 3410 4787 anac/torctce.

1549 4822 1808 4873 Montacut.
1835 4828 2064 4889 (99182,
2089 4844 2135 4888 p.
2159 4830 2290 4891 271).

402 4902 507 4957 Ἦν
559 4911 746 4976 καιρὸς
772 4912 865 4964 τοῦ
892 4916 1120 4983 γράφειν
1141 4920 1187 4981 II,
1229 4919 1411 4992 ὥσπερ
1457 4924 1550 4975 νῦν
1574 4927 1664 4977 τοῦ
1702 4932 1877 4998 σιγᾷν,

334 4994 419 5045 ὅτε
450 4996 594 5046 πᾶσα
624 4999 719 5065 μὲν
760 5001 964 5072 γαλήνη
1000 5005 1087 5057 διὰ
1116 5008 1292 5076 πάσης
1322 5010 1542 5079 ὲκέχυτο
1587 4994 1876 5078 πολιτείας

334 5087 533 5153 ἀρετῆς
583 5088 679 5153 δὲ,
724 5091 824 5159 τῆς
878 5092 969 5145 νῦν
1036 5096 1371 5167 γελωμένης,
1436 5104 1772 5175 ἐθαυμάζετο
1824 5110 1882 5161 τὸ

335 5176 521 5245 χρῆμα
542 5195 555 5205 ·
580 5181 672 5229 καὶ
702 5182 951 5236 εὐσέϐεια
1006 5187 1102 5254 μὲν
1132 5190 1191 5238 τὸ
1225 5191 1423 5259 κράτος
1466 5190 1628 5262 εἶχεν·
1660 5197 1883 5264 ἀλήθεια

334 5266 389 5315 δὲ
422 5267 545 5322 (ποῦ
572 5268 663 5319 νῦν
694 5271 903 5340 ἀπῆρες
930 5277 970 5336 ;)
1018 5279 1110 5329 καὶ
1135 5279 1349 5350 γλώσσῃ
1375 5284 1464 5334 καὶ
1497 5286 1681 5349 ἀκοαῖς
1712 5289 1881 5358 ἐπαρ-

338 5358 645 5424 ρησιάζετο,
683 5362 770 5412 ὅτε
805 5364 863 5415 τὸ
907 5366 1179 5421 πολιτικὸν
1210 5372 1265 5422 ὲν
1301 5373 1583 5443 εὐθυμίαις
1616 5380 1883 5450 ἐπανηγῦ-

338 5446 450 5514 ριζε
485 5452 903 5518 σωφρονοῦσαις·
944 5460 1036 5510 καὶ
1058 5459 1084 5509 ό
1114 5462 1395 5531 φιλόσοφος
1422 5466 1560 5535 βίος,
1609 5471 1740 5537 πρὸς

334 5538 439 5590 τῶν
470 5541 637 5607 ἁγίων
679 5545 885 5616 ἀνδρῶν
926 5550 1332 5622 ἀνατεινόμενος
1380 5558 1627 5628 μίμησιν,
1666 5538 1883 5631 ἀξιοζή-

2059 4932 2183 4985 Erat
2214 4942 2420 5000 tempus
2448 4934 2741 5001 scribendi,
2792 4947 2848 4990 ut
2872 4953 3016 4991 nunc
3037 4947 3118 4991 est
3140 4939 3371 5003 tacendi,
3418 4956 3539 4995 cum

1986 5039 2085 5092 pax
2118 5033 2171 5075 et
2207 5024 2558 5090 tranquillitas
2581 5041 2675 5093 per
2731 5036 2890 5078 totam
2932 5028 3311 5094 rempublicam
3342 5030 3543 5082 diﬂun-

1990 5113 2207 5165 deretur
2241 5131 2252 5163 :
2297 5111 2487 5173 virtus,
2531 5129 2647 5180 qua:
2676 5129 2818 5167 nunc
2848 5114 3076 5167 ludibrio
3116 5116 3360 5177 habetur,
3416 5133 3537 5169 cum

1991 5212 2134 5256 esset
2161 5203 2501 5255 admirationi
2538 5220 2549 5254 :
2601 5215 2652 5257 et
2684 5206 2851 5272 pietas
2886 5206 2991 5256 vim
3040 5221 3191 5258 suam
3250 5208 3535 5260 obtineret.

1993 5294 2197 5347 Veritas
2257 5294 2377 5360 (ob!
2431 5311 2538 5363 quo
2586 5312 2727 5349 nunc
2760 5298 3033 5366 aufugisti)
3060 5314 3181 5351 cum
3211 5308 3263 5352 et
3298 5300 3469 5353 oculis
3487 5311 3539 5353 et

1988 5384 2178 5455 linguis
2219 5386 2488 5439 liberrima
2527 5387 2782 5441 insideret
2826 5407 2839 5440 :
2887 5399 3059 5443 status
3102 5391 3271 5444 civilis
3303 5392 3536 5444 oblecta-

1993 5474 2227 5527 tionibus
2248 5475 2503 5530 modestis
2530 5491 2586 5530 se
2612 5478 2887 5532 reﬁciebat
2912 5497 2921 5530 :
2959 5490 3011 5533 et
3042 5480 3148 5533 vita
3172 5482 3537 5550 philosophica

1991 5565 2056 5618 ad
2108 5566 2455 5620 imitationem
2505 5578 2813 5623 sanctorum
2878 5571 3113 5625 virorum
3182 5572 3537 5635 conformata,

1614 5694 1839 5749 VARI/Ii
1882 5698 2275 5755 LECTlllNES.

412 5767 438 5802 ι·
470 5764 725 5835 διήγημα.
