4236 6436
220 406 317 471 901
1367 388 1893 450 EPISTOLARUM

1776 388 1900 448 lUM
1946 387 2173 447 LIBER
2224 387 2304 447 ΙΙ.
3344 385 3449 448 902

220 518 509 586 ἐχωλευεν·
541 510 577 565 ἀ
608 510 663 563 δὲ
683 507 787 562 τῶν
816 504 1115 578 ῥητορικῶν
1147 502 1313 556 ἐνέδει
1341 504 1539 572 νόμων,
1574 503 1666 554 καί
1693 501 1789 569 τῆς
1817 506 1893 562 Αη

1779 518 1789 562 ;
1817 506 1867 562 Α
1892 501 2072 555 nullus
2093 500 2270 569 legum
2288 497 2699 553 rhetoricalium
2733 495 2976 552 defectus
3005 506 3140 563 erat,
3172 496 3256 552 vel
3285 498 3452 554 soler-

220 603 432 658 ἐκεῖθεν
468 600 774 670 περινοίας,
821 598 929 650 οὐδ’
964 597 1022 649 ἐν
1066 593 1274 653 τούτοις
1322 593 1400 653 είς
1435 590 1793 659 ἀναίσχυντον
1891 608 1893 639 ι

1777 607 1793 641 θ
1891 593 1976 646 tiae
2000 593 2257 661 quiddam
2296 592 2470 645 solitae
2496 590 2736 644 adhiberi
2773 607 2788 643 :
2817 590 2913 643 sed
2941 604 3045 643 nec
3070 590 3144 643 ita
3210 589 3300 643 hic
3324 606 3450 658 pec-

221 694 604 763 ἐκφερομένων
623 690 731 741 τῶν
747 687 1147 759 γεγραμμένων
1164 684 1381 752 ἀμάρτη
1392 698 1486 752 μα’
1513 680 1793 734 καὶταῦτα

220 787 281 838 δέ
322 802 426 846 σοι,
456 784 642 851 ῶσπερ
677 782 899 851 ’ᾔτησας
924 819 936 842 ,
970 776 1307 847 διορθώσεως
1351 773 1581 843 τυχόντα
1614 788 1788 842 προσ-

223 875 705 944 αναπεπλήρωται.
738 872 866 940 Εἴης
895 871 949 922 δὲ
981 871 1079 921 κάν
1106 866 1333 930 τούτοις,
1353 865 1541 933 ῶσπερ
1559 865 1659 917 κάν
1683 865 1797 924 τοῖς

224 968 426 1030 ἄλλοις,
452 966 611 1027 αὐτὸς
645 964 731 1015 διὰ
759 962 981 1015 σεαυτοῦ
1008 958 1260 1030 λαμπρὸν
1286 956 1467 1028 φέρων
1495 955 1554 1007 τὸ
1587 953 1791 1007 εὐδόκιο

229 1079 348 1129 μον.
388 1058 654 1128 Ἐρρωσο.

834 1170 1052 1226 Ειιιετ.
1082 1166 1196 1235 ιιΑν.

498 1268 808 1335 Νικηφόρφ
845 1262 1156 1332 φιλοσόφῳ
1179 1257 1510 1327 μονάζοντι.

1887 684 2113 736 cabatur
2165 693 2224 736 ut
2282 682 2480 750 scripta
2537 696 2594 734 se
2657 681 3029 751 impudentius
3082 681 3449 734 venditarent.

1889 774 2014 828 Haec
2042 783 2205 842 prout
2232 773 2501 842 rogaveris
2528 781 2587 826 ut
2634 773 3054 842 corrigerentur,
3091 772 3157 824 ad
3187 780 3241 825 te
3289 772 3447 825 missa

1889 866 2108 934 perfeci.
2134 866 2213 919 Tu
2237 875 2415 919 autem
2445 866 2497 920 in
2521 866 2661 929 istis,
2690 866 3139 934 quemadmodum
3167 874 3221 918 et
3252 865 3304 917 in
3329 864 3451 919 aliis

1891 954 2117 1010 illustris
2140 955 2235 1010 tias
2273 965 2329 1011 et
2357 956 2751 1026 praedicandus.
2793 955 2943 1011 Vale.

2480 1159 2697 1235 Eptsr.
2738 1158 2871 1214 XCI.

2215 1252 2262 1305 Ν
2272 1253 2506 1320 icephora
2535 1254 2835 1322 philosopho
2866 1253 3135 1306 monacho.

1454 1366 1715 1421 Montacut.
1740 1362 1844 1425 (ep.
1866 1364 1975 1424 2H,
1995 1377 2044 1426 p.
2066 1363 2197 1424 523).

304 1485 409 1536 Τὸν
445 1484 542 1552 μὲν
569 1479 663 1532 τοῦ
687 1479 937 1548 σώματος
964 1477 1161 1546 ἔρωτα,
1190 1473 1569 1544 ἐπτερωμένον
1606 1472 1653 1523 oi.
1686 1487 1792 1523 σω-

238 1576 460 1646 ματικοὶ
504 1571 807 1641 γράφουσι·
844 1569 1112 1636 γράφουσι
1142 1565 1197 1618 δὲ
1236 1566 1331 1617 καὶ
1364 1565 1456 1616 τὸν
1486 1565 1647 1624 θεῖον,
1684 1564 1797 1615 ὅσοι

235 1671 295 1720 τὸ
322 1665 505 1734 νοερὸν
529 1662 694 1715 αὑτοῦ
720 1660 914 1721 κάλλος
938 1658 1133 1727 ψυχαῖς
1173 1656 1434 1726 καθαραῖς
1483 1655 1762 1723 ἐνεμοργώ

237 1771 401 1808 σαντο
425 1770 439 1783 ο
473 1751 598 1805 ἀλλ’
627 1752 675 1803 οἱ
701 1750 798 1820 μέν
820 1749 1014 1818 βαφαῖς
1037 1747 1129 1799 καὶ
1144 1746 1445 1815 χρωμάτων
1477 1743 1687 1798 ἄνθεσιν
1712 1759 1725 1773 ·
1749 1742 1798 1794 οἱ

1962 1471 2216 1523 Amorem
2245 1470 2585 1538 corporalem
2629 1469 2935 1538 corporales
2966 1469 3065 1539 ipsi
3097 1470 3293 1522 alatum
3332 1469 3452 1539 pin-

1893 1571 2025 1633 gunt
2060 1576 2076 1615 :
2107 1561 2334 1631 pingunt
2361 1562 2490 1614 item
2518 1560 2783 1624 divinum,
2814 1570 3073 1629 quotquot
3096 1562 3451 1629 pulchritudi-

1896 1668 2016 1705 nem
2075 1653 2194 1718 eius
2246 1653 2633 1720 intelligibilem
2697 1653 2892 1704 animis
2952 1652 3100 1720 puris
3169 1652 3450 1724 eﬂigiatam

1894 1754 2107 1817 gestant
2130 1764 2143 1799 :
2168 1746 2241 1799 illi
2268 1740 2507 1798 colerum
2533 1745 2777 1798 tincturis
2795 1753 2851 1797 et
2869 1743 2997 1797 ﬂore
3024 1763 3036 1797 :
3062 1744 3145 1798 isti
3170 1744 3457 1798 virtutibus

234 1845 281 1896 δ’
315 1840 382 1895 αὖ
449 1842 669 1910 ἀρεταῖς
705 1819 801 1892 καὶ
838 1837 1232 1907 λαμπροτέροις
1256 1838 1366 1897 τοῖς
1397 1834 1796 1903 κατορθώμασι.
1826 1819 1907 1887 Bt

1781 1872 1796 1887 .
1826 1819 1874 1877 Β
1899 1847 1956 1892 et
1993 1837 2290 1890 illustribus
2319 1835 2493 1890 factis.
2522 1835 2809 1889 Testantur
2845 1836 3078 1904 utrique,
3106 1851 3170 1890 eo
3209 1837 3351 1905 quod
3377 1836 3454 1889 sic

248 1933 533 2002 Ἑκάτεροι
558 1931 603 1983 δ’
622 1927 715 1984 οῦν
737 1932 888 2001 ὅμως
912 1926 1272 1998 μαρτυροῦσι,
1298 1926 1362 1978 δι’
1379 1920 1453 1979 ῶν
1475 1930 1795 1996 γράφουσιν,

237 2026 314 2089 ὼς
346 2025 551 2093 ἄφατον
581 2024 692 2092 ἔχει
724 2022 907 2090 τάχος,
934 2022 1027 2073 καὶ
1074 2018 1408 2088 προθεσμίας
1443 2019 1675 2087 ὑπάρχει
1700 2017 1797 2070 τύ-

243 2135 455 2190 ραννος,
481 2118 574 2169 καὶ
601 2116 910 2185 ὑπερόπτης
939 2114 1139 2179 νόμων,
1165 2107 1245 2174 οἷς
1290 2111 1525 2180 ἀναϐολὴ
1569 2109 1797 2163 διιθύνε-

241 2225 358 2261 ται.
392 2205 528 2259 Ἰσθι
565 2203 878 2272 τοιγαροῦν,
907 2197 952 2255 ῶ
980 2201 1071 2255 τοῦ
1096 2200 1229 2253 Θεοῦ
1258 2201 1370 2270 ίερέ
1406 2201 1679 2271 ἀνθρωπε,
1720 2198 1795 2261 ὡς

242 2298 344 2350 καὶ
364 2298 510 2366 ἡμᾶς
540 2297 573 2366 ἡ
602 2295 854 2365 τυραννὶς
902 2293 1039 2362 αῦτη
1092 2292 1235 2344 κατά
1262 2292 1459 2361 κράτος
1505 2285 1674 2355 εἷλκε,
1706 2290 1801 2342 καὶ

244 2392 350 2461 τὴν
373 2388 709 2460 προθεσμίαν
739 2387 1009 2452 ἐϐιάσατο,
1041 2386 1136 2438 καὶ
1191 2385 1298 2454 πρὸ
1335 2383 1429 2436 τοῦ
1465 2384 1655 2453 χρόνου
1699 2383 1800 2451 τὴν

243 2485 349 2553 σὴν
387 2482 687 2550 παρουσίαν
730 2479 1007 2547 ἐπιζητεῖν
1059 2478 1491 2548 κατηνάγκασεν.
1528 2476 1792 2547 Ἐρρωσο.

846 2588 1067 2643 ΕΠιΣτ.
1104 2586 1218 2654 ιβ’.

437 2682 757 2747 Ἀθανασίῳ
796 2679 1105 2752 μονάζοντι
1148 2680 1247 2731 καὶ
1286 2675 1627 2746 ἠσυχαστῇ.

1894 1928 2145 1999 pingunt,
2176 1928 2323 1997 quod
2365 1929 2641 1983 celeritate
2688 1926 2821 1980 mira
2859 1927 3113 1995 praditus
3158 1934 3240 1981 est
3278 1942 3451 1991 amor,

1896 2020 2153 2091 pr0positi
2180 2030 2458 2090 tyrannus,
2485 2020 2660 2089 legum
2690 2028 3027 2087 contemptor
3062 2019 3258 2087 quibus
3284 2028 3455 2073 retar-

1894 2112 2068 2165 datur.
2104 2109 2407 2178 Cognoscas
2444 2110 2622 2180 igitur,
2646 2108 2751 2163 Deo
2781 2118 2988 2163 sacrate
3009 2110 3106 2173 vir,
3144 2125 3241 2163 nos
3264 2111 3329 2163 ab
3356 2110 3459 2165 hoc

1897 2209 2125 2272 tyranno
2144 2201 2495 2255 vehementer
2512 2215 2821 2269 Oppressos,
2840 2200 2929 2270 qui
2956 2201 3277 2254 voluntatem
3296 2205 3457 2271 cogit,

1896 2303 1951 2349 et
1996 2302 2121 2347 ante
2152 2299 2363 2362 tempus
2380 2302 2524 2345 tuam
2550 2291 2840 2362 efﬂagitare
2876 2292 3211 2362 praesentiam
3248 2294 3458 2347 incitat.

1899 2385 2045 2437 Vale.

2475 2584 2688 2639 EPIST.
2732 2585 2891 2641 XCII.

2190 2673 2479 2729 Athanasio
2503 2678 2754 2732 monacho
2781 2690 2828 2732 et
2856 2681 3200 2735 anachoretar.

1463 2795 1727 2845 Montacut.
1752 2799 1854 2858 (ep.
1881 2792 1991 2854 212,
2009 2809 2059 2856 p.
2080 2795 2209 2854 3l5).

339 2903 573 2973 Ἐπειδὴ,
599 2900 741 2955 κατὰ
770 2900 998 2970 μίμησιν
1015 2896 1272 2967 Χριστοῦ,
1301 2895 1395 2949 τοῦ
1418 2894 1667 2965 ἀληθινοῦ
1684 2894 1818 2947 Θεοῦ

252 3001 287 3067 ὴ
299 2998 433 3066 μῶν,
446 2993 674 3048 σαυτὸν
687 2992 1072 3057 ἐσταύρωσας
1089 2988 1168 3053 τῷ
1179 2990 1382 3055 κόσμῳ
1398 2986 1489 3038 καὶ
1516 2985 1591 3054 τῷ
1621 3003 1817 3056 κοσμο-

254 3090 505 3156 κράτορι,
535 3080 799 3152 πέπομφά
829 3097 909 3133 σοι
933 3079 1023 3131 τὸν
1072 3076 1301 3147 σταυρὸν
1332 3075 1693 3145 φυλακτήριον
1721 3075 1819 3144 τῆς

259 3197 293 3231 σ
306 3176 641 3245 ῖαυρώσεως.

866 3279 1087 3335 ΕιιιΣΤ.
1126 3280 1237 3346 td".

490 3377 762 3444 Ἀρσενίῳ
786 3374 1099 3442 μογάζοντι
1135 3372 1233 3426 καί
1258 3370 1603 3440 ήσυχαστῇ.

1981 2897 2457 2966 Quandoquidem,
2505 2898 2571 2951 ad
2612 2899 2917 2968 exemplum
2960 2899 3159 2954 Christi
3213 2901 3323 2954 veri
3371 2901 3464 2956 Dei

1914 2990 2103 3053 nostri,
2137 2993 2329 3044 mundo
2374 3002 2423 3045 te
2466 2993 2769 3059 cruciﬁxisti
2820 3002 2876 3047 et
2920 2996 3115 3048 rectori
3170 2996 3462 3059 mundano,

1916 3080 2037 3136 misi
2062 3081 2128 3136 ad
2158 3092 2209 3136 te
2239 3098 2454 3138 crucem
2486 3085 2786 3138 custodiam
2814 3086 3197 3140 cruciﬁxionis.

2474 3278 2686 3335 EPIST.
2731 3281 2907 3335 XCIII.

2264 3372 2477 3423 Arsenio
2506 3373 2751 3425 monacho
2774 3374 3117 3427 anachoretar.

1471 3483 1738 3532 Montacut.
1765 3484 1868 3547 (ep.
1891 3485 1999 3545 23l,
2018 3500 2068 3548 p.
2089 3486 2199 3547 545)

334 3594 398 3646 Τί
430 3592 654 3661 γράφω;
682 3590 885 3657 οῖχεται
920 3588 1017 3654 μὲν
1034 3586 1186 3658 εὐχὴ,
1216 3586 1418 3655 οἴχεται
1442 3585 1486 3638 δ’
1517 3582 1816 3654 ἀνθρώπων

260 3686 429 3756 ἀρετή
467 3699 483 3714 ο
530 3681 856 3734 ἐκκέκοπται
907 3678 963 3729 δὲ
1014 3676 1294 3747 παρρησία
1339 3674 1473 3743 πρὸς
1517 3673 1668 3737 Θεὸν,
1725 3674 1817 3725 καὶ

261 3778 472 3840 ἀνδρῶν
520 3777 722 3844 ἔρημος
752 3772 779 3823 ὁ
818 3770 929 3838 βίος
980 3768 1241 3820 ἑλκόντων
1290 3767 1401 3827 τοῖς
1444 3764 1535 3816 ἐπὶ
1590 3764 1691 3831 γῆς
1719 3762 1815 3831 τὴν

261 3870 468 3923 ἄνωθεν
499 3866 783 3935 πρόνοιαν·
806 3866 838 3930 ή
870 3863 990 3930 δίκη
1023 3859 1159 3931 (πῶς
1192 3858 1329 3911 εἴπω
1356 3874 1369 3922 ;
1421 3858 1481 3909 οὐ
1523 3858 1630 3926 γάρ
1659 3856 1813 3908 ἐδου-

261 3962 436 4029 λόμην
464 3958 655 4025 εἰπεῖν)
683 3956 764 4007 ὅτι
797 3952 1043 4006 καθεύδει
1074 3953 1215 4021 μέγα
1261 3951 1498 4018 φυσᾶται
1540 3949 1599 4001 τὸ
1639 3949 1814 4017 παρά-

261 4070 426 4121 νομον
451 4065 466 4078 ⁸
494 4050 588 4100 καὶ
643 4046 857 4117 θεσμῶν
906 4043 1028 4096 οῦτε
1070 4042 1249 4105 θείων,
1301 4042 1424 4095 οῦτε
1464 4040 1817 4111 ἀνθρωπίνων

260 4143 427 4204 αἰδὼς
467 4140 723 4209 οὐδεμία·
766 4139 813 4190 οἱ
849 4137 906 4189 δὲ
937 4136 1033 4205 τῆς
1066 4135 1306 4196 παλαιᾶς
1359 4133 1571 4203 ἐκείνης
1616 4132 1817 4200 ἀρετῆς

260 4234 558 4303 ἄνθρωποι,
586 4232 740 4292 ὅσους
763 4229 837 4297 μὴ
868 4226 1334 4297 προκατελάϐοντο
1367 4226 1540 4294 δεσμά
1575 4224 1667 4277 καὶ
1718 4241 1817 4291 φυ-

263 4324 428 4376 λακαὶ
449 4322 542 4373 καὶ
575 4320 851 4389 ὑπερόριοι
892 4316 1200 4380 καταδίκαι,
1244 4319 1352 4378 τοῖς
1373 4316 1523 4384 ὄρεσι
1566 4313 1661 4366 καὶ
1699 4316 1816 4375 ταῖς

262 4415 493 4483 πέτραις
556 4409 1073 4479 ἐγκατακλείσαντες
1144 4408 1401 4469 ἐαυτοὺς,
1458 4406 1585 4468 καὶ,
1632 4404 1817 4473 ῶσπερ

265 4499 503 4569 ἐρμαίῳ,
533 4500 597 4567 τῇ
626 4498 776 4565 κοινῇ
804 4496 1056 4565 συμφορᾷ
1089 4494 1493 4563 περιτυχόντες,
1526 4493 1679 4546 αὐτοὶ
1717 4492 1816 4561 μὲν

263 4593 342 4652 ὡς
381 4588 712 4659 πορρωτάτω
743 4587 841 4654 τῆς
866 4589 922 4637 ἐν
944 4586 1131 4655 κόσμῳ
1158 4586 1322 4653 ζάλης
1364 4585 1627 4646 ἵστανται,
1666 4583 1815 4635 οὐδε-

270 4682 401 4751 μίαν
420 4678 475 4730 δὲ
506 4676 612 4729 τῶν
638 4678 694 4728 ἐν
716 4676 861 4745 αὑτῷ
884 4675 1350 4744 κλυδωνιζομένων
1374 4676 1465 4725 καὶ
1493 4673 1819 4741 βαπτιζομέ-

265 4787 374 4822 νων
421 4768 572 4819 ἐστιν
606 4760 679 4820 ῶν
706 4765 959 4836 φροντίδα
1010 4765 1311 4833 βάλλονται.
1361 4763 1493 4817 Οὐδὲ
1542 4764 1649 4832 γὰρ
1703 4762 1816 4813 ίλα-

1982 3587 2250 3652 Quorsum
2298 3586 2516 3641 scribo?
2552 3588 2681 3641 abiit
2722 3588 3049 3657 deprecatio,
3085 3588 3257 3643 virtus
3292 3590 3467 3645 homi-

1912 3692 2040 3730 num
2071 3678 2221 3744 abiit,
2260 3678 2481 3733 libertas
2520 3677 2662 3747 apud
2712 3678 2879 3732 Deum
2923 3678 3183 3742 aufertur,
3226 3680 3463 3734 virorum

1911 3770 2018 3821 vita
2051 3782 2218 3820 vacua
2242 3777 2345 3830 est,
2370 3768 2460 3836 qui
2486 3769 2552 3823 de
2593 3769 2729 3823 cwlo
2760 3770 2814 3822 in
2848 3779 3040 3824 terram
3073 3772 3467 3839 providentiam

1911 3857 2174 3911 devocant
2212 3875 2227 3910 :
2265 3859 2469 3927 justitia
2499 3860 2648 3928 (quid
2696 3861 2906 3915 dicam?
2949 3872 3094 3915 certe
3143 3863 3340 3915 nollem
3386 3864 3468 3915 di-

1912 3946 2069 4015 cere)
2126 3946 2399 4015 quiescit:
2450 3950 2701 4018 iniquitas
2745 3951 2986 4020 ingentes
3023 3951 3241 4019 spiritus
3282 3953 3468 4018 sumit,

1911 4036 2059 4089 nulla
2097 4038 2423 4092 verecundia
2456 4050 2541 4093 est
2572 4040 2746 4109 legum
2795 4041 3097 4094 divinarum
3144 4053 3237 4095 aut
3279 4042 3470 4097 huma-

1912 4144 2101 4182 narum
2146 4147 2159 4182 :
2220 4129 2467 4184 homines
2508 4132 2679 4200 prisca
2720 4132 2805 4184 illa
2853 4132 3046 4187 virtute
3083 4134 3326 4203 praediti,
3379 4135 3469 4204 qni

1911 4219 2138 4273 vinculis
2155 4228 2209 4273 et
2235 4220 2491 4274 custodiis
2514 4238 2619 4275 non
2645 4231 3075 4287 antevertuntur,
3097 4227 3187 4294 qui
3211 4228 3262 4279 in
3287 4229 3472 4282 exsilio

1912 4326 2019 4363 non
2063 4322 2247 4379 agunt,
2280 4312 2553 4365 montibus
2591 4322 2645 4365 et
2694 4314 2967 4382 speluncis
3014 4332 3071 4370 se
3114 4317 3469 4384 inclmlcntes,

1913 4400 2004 4468 qui
2046 4409 2297 4468 tanquam
2328 4401 2551 4455 invento
2586 4401 2827 4465 fortuito,
2871 4405 2926 4457 in
2959 4420 3297 4461 communem
3341 4410 3473 4463 inci-

1911 4491 2051 4546 dunt
2082 4493 2460 4556 calamitatem,
2488 4510 2515 4547 a
2541 4495 2866 4548 turbulentis
2886 4497 3099 4563 quidem
3128 4501 3312 4552 mundi
3348 4517 3472 4569 pro-

1915 4585 2062 4639 cellis
2090 4595 2451 4650 removentur,
2484 4588 2684 4639 nullam
2714 4596 2891 4639 autem
2922 4603 3104 4641 curam
3132 4600 3187 4643 et
3216 4591 3473 4645 sollicitu-

1916 4675 2093 4728 dinem
2124 4676 2321 4728 habent
2344 4676 2575 4739 illorum,
2606 4677 2694 4744 qui
2722 4677 2774 4729 in
2803 4679 2915 4730 salo
2950 4680 3185 4733 immersi
3212 4680 3473 4735 ﬂuctuan—

1920 4775 2107 4835 tesque
2162 4768 2480 4836 agitantur:
2534 4767 2885 4836 propitiantes
2933 4784 3125 4823 manus
3180 4770 3246 4823 ad
3304 4771 3471 4827 Deum

272 4860 525 4929 στηρίους
544 4860 728 4927 χεῖρας
752 4856 982 4909 ἀπλοῦσι
1002 4858 1133 4925 πρὸς
1159 4856 1313 4921 Θεὸν,
1346 4855 1463 4907 οὐδέ
1486 4855 1552 4908 τά
1582 4855 1819 4915 Μωσέως
1850 4840 1893 4894 Ῑ)
1921 4872 1945 4909 ιι

1795 4871 1819 4915 ς
1850 4840 1893 4894 Ῑ)
1921 4872 2030 4909 non
2069 4858 2363 4911 attollunt:
2398 4872 2499 4910 nec
2542 4873 2665 4912 cum
2714 4857 2861 4913 Mose
2910 4861 3079 4921 aiunt,
3128 4859 3187 4914 Si
3225 4863 3468 4927 dimittes,

270 4952 617 5021 φθέγγονται,
647 4952 755 5003 ’Ἂν
764 4951 880 5019 μὲν
908 4949 1087 5018 ἀφῇς,
1107 4949 1274 5017 ἄφες-ο
1305 4949 1399 5001 καὶ
1412 4949 1507 5017 τὴν
1539 4948 1824 5000 ὑπόλοιπον

269 5043 482 5110 ἐκείνην
512 5041 731 5110 φίλτρου
763 5042 1034 5109 γέμουσαν
1059 5042 1151 5093 καὶ
1174 5040 1490 5109 θαυμαστῆς
1515 5041 1823 5109 παρρησίας

269 5138 486 5203 φωνήνο
519 5133 637 5185 οὐδὲ
659 5132 808 5184 λύσιν
833 5132 937 5184 τῶν
962 5132 1255 5201 ἀμηχάνων
1284 5130 1468 5183 κακῶν
1495 5128 1575 5193 οἷς
1603 5131 1662 5183 τὸ
1695 5147 1823 5197 συγ-

268 5225 423 5291 γενὲς
458 5223 731 5291 συνέχεται
761 5222 1164 5291 δαπανώμενον.
1193 5223 1253 5274 Ei
1274 5222 1330 5273 δὲ
1360 5222 1645 5290 ψεύδομαι,
1681 5222 1814 5291 ὑμέ-

267 5329 426 5381 τερον
463 5312 562 5381 μέν
590 5314 702 5363 ἐστι
725 5310 909 5363 λοιπὸν
944 5311 1202 5379 ἐλέγχειν,
1248 5309 1376 5377 ἐμὸν
1427 5308 1482 5360 δὲ
1534 5308 1819 5375 πεισθῆναι

270 5403 366 5455 καὶ
426 5403 746 5471 προσοφλεῖν
793 5402 1072 5473 αίσχύνην,
1118 5400 1394 5471 ὁμολογεῖν
1446 5402 1619 5470 χαρᾶς
1650 5398 1820 5453 ἀϊδίου

274 5490 559 5558 πρόξενον.

1921 4949 2125 5001 dimitte
2155 4964 2173 5001 :
2198 4956 2252 5001 et
2291 4963 2409 5016 quae
2454 4948 2508 5001 in
2559 4948 2650 5002 illo
2692 4965 2943 5005 sermone
2980 4952 3235 5005 mirabilis
3273 4956 3472 5008 amoris

1919 5048 2220 5108 sequuntur
2244 5058 2256 5091 :
2280 5056 2386 5093 non
2415 5041 2786 5095 liberationem
2814 5058 2844 5096 a
2867 5044 3020 5098 malis
3045 5044 3471 5101 ineluctabili-bus

1917 5133 2110 5200 quibus
2131 5132 2313 5186 eadem
2342 5144 2529 5187 natura
2558 5135 2767 5202 ρηᾱίιί
2812 5135 3067 5189 continuo
3087 5135 3468 5204 depascuntur.

1919 5222 1973 5277 Si
2014 5226 2260 5288 mentior,
2296 5233 2401 5278 tua:
2438 5236 2617 5293 partes
2656 5238 2780 5281 sunt
2813 5227 3155 5291 convincere,
3188 5243 3319 5281 mea:
3347 5244 3469 5280 mu-

1921 5322 2035 5366 tare
2080 5308 2401 5367 sententiam
2445 5322 2499 5367 et
2550 5315 2755 5383 pudore
2810 5314 3048 5369 suil‘undi
3098 5325 3150 5370 et
3210 5316 3468 5385 pudorem

1920 5417 2209 5472 agnoscere
2238 5402 2431 5457 laetitia:
2455 5412 2670 5459 aeterna:
2701 5406 3120 5460 conciliaturam.
