4236 6436
773 351 876 415 899

1894 351 2151 413 ΡΠΟΤΙΙ
2194 350 2695 411 ΡΛΤΠῘΛΒίῖΠΕ
2737 350 2845 412 CP.

3899 357 4002 419 900

772 469 932 536 digna
972 476 1028 520 et
1054 466 1169 536 ipsa
1196 468 1551 537 reputabatur
1604 468 1906 531 imitatione
1937 487 1951 523 :
1988 467 2335 522 sacerdotalis
2362 465 2445 524 Λ]

2328 484 2335 519 i
2362 465 2599 527 Λλωτος
2655 462 2964 532 ἐνομίζετο,
3008 462 3069 515 τὸ
3123 463 3393 532 ἱερατικὸν
3457 464 3551 517 καὶ
3600 466 4001 537 ἀρχιερατικίιν,

774 561 909 615 ordo
945 570 997 613 et
1030 562 1374 630 episc0palis,
1405 579 1513 615 non
1537 572 1645 616 tam
1664 578 1760 632 per
1785 578 1934 616 sacra
1962 577 2057 615 sua
2085 559 2335 629 insignia,

773 669 933 722 quam
966 668 1061 721 per
1087 654 1299 706 virtutis
1352 655 1595 707 actiones
1628 655 1849 707 illustris
1883 664 2046 712 esset,
2077 661 2131 705 et
2163 661 2337 705 secta—

779 755 922 798 tores
949 746 1323 816 agnoscendos
1353 748 1655 801 exhiberet.
1686 748 1753 801 At
1798 761 1944 800 nunc
1972 745 2115 814 quod
2160 744 2337 799 scribo

776 837 952 889 threni
1015 848 1162 902 sunt,
1212 838 1265 891 in
1315 838 1521 908 quibus
1571 837 1833 892 Jeremias
1893 853 1991 890 nos
2056 835 2333 904 prazvenit.

777 927 917 981 Sunt
964 930 1105 983 enim
1166 941 1346 983 nostra
1400 931 1452 983 in
1508 932 1782 999 prmsenti,
1824 946 1981 998 quam
2021 929 2108 980 illa
2161 935 2333 989 erant,

778 1018 1187 1087 haudquaquam
1237 1021 1588 1074 tolerabiliora
1629 1039 1641 1074 :
1712 1021 1939 1089 suspiria
1984 1018 2200 1072 scribo?
2244 1017 2335 1069 sed

776 1125 894 1176 qua:
919 1110 1003 1161 illa
1034 1120 1089 1163 ct
1114 1112 1287 1178 qualia
1320 1120 1467 1163 tanto
1505 1112 1765 1164 malorum
1802 1110 2025 1163 torrenti
2060 1118 2189 1161 sunt
2219 1107 2333 1160 suf-

785 1202 1025 1254 fectura?
1076 1203 1428 1271 lacrymarum
1486 1204 1650 1266 rivos,
1697 1219 1861 1257 unum
1908 1212 2029 1271 post
2068 1202 2207 1254 aliud
2232 1216 2338 1252 ma-

783 1293 896 1344 lum
923 1294 1259 1354 incumbens,
1299 1295 1368 1346 ita
1398 1296 1648 1349 exhausit
1678 1305 1737 1347 ut
1770 1294 1866 1361 ipsi
1896 1294 2073 1345 fontes
2110 1306 2338 1344 exarue-

778 1385 888 1436 rint
918 1403 932 1449 ;
967 1394 1150 1437 sancta
1188 1385 1555 1452 profanaatur,
1592 1402 1741 1439 sacra
1772 1385 2177 1446 conculcantur,
2211 1396 2336 1436 san-

778 1485 898 1529 ctus
924 1476 1157 1545 Spiritus
1186 1478 1237 1545 (0
1272 1478 1408 1530 labia
1433 1478 1691 1545 impia,et
1724 1478 1929 1530 animas
1955 1477 2122 1543 magis
2147 1477 2336 1544 impro-

778 1568 916 1635 bas),
951 1571 1149 1636 utquid
1179 1584 1208 1621 e
1235 1570 1411 1629 trivio,
1465 1570 1816 1638 blaSphemiis
1848 1568 2131 1621 incessitur
2157 1577 2211 1619 et
2255 1567 2336 1619 lu—

777 1659 985 1711 dibriis.
1028 1660 1270 1722 Deserta,
1306 1670 1537 1723 montes,
1574 1662 1869 1729 speluncae,
1897 1669 2137 1712 extrema
2165 1669 2336 1712 terra-

781 1764 896 1800 rum
925 1748 1015 1800 Dei
1047 1750 1355 1802 sacerdotes
1377 1759 1430 1803 et
1455 1750 1756 1818 episcopos,
1815 1749 1906 1817 qui
1936 1748 2084 1817 prius
2115 1748 2337 1801 vinculis

778 1839 1161 1905 acerbioribus,
1205 1849 1259 1893 et
1284 1840 1485 1893 exsiliis
1515 1841 1865 1903 tenebantur,
1899 1840 1985 1892 vix
2008 1840 2183 1891 salvos
2201 1854 2338 1907 pra-.-

778 1940 932 1984 stant
978 1947 992 1983 :
1040 1948 1141 1984 nec
1196 1932 1424 1986 ulterius
1455 1932 1557 1985 ista
1590 1945 1907 2000 persequor.
1937 1930 2067 1983 Nam
2102 1931 2342 1998 profecto

778 2021 1097 2089 impendens
1141 2021 1624 2075 comminationum
1675 2031 1857 2075 metus
1911 2022 2054 2074 haud
2109 2023 2342 2089 patietur

777 2114 866 2166 illa
901 2113 1079 2164 omnia
1128 2113 1408 2179 deplorare
1442 2112 1638 2180 quibus
1674 2112 1951 2166 constricti
1990 2122 2237 2164 tenemur
2265 2112 2341 2179 (et

780 2217 957 2257 tamen
990 2214 1046 2257 ut
1072 2205 1123 2256 in
1153 2204 1416 2270 ejusmodi
1454 2204 1607 2258 malis
1659 2205 1907 2257 solatium
1940 2204 2335 2272 quaerebatur).

778 2300 904 2351 llaec
926 2313 1024 2366 ego
1051 2298 1247 2358 scribo,
1276 2312 1394 2365 quae
1430 2306 1483 2350 tu
1514 2298 1654 2351 nosti
1679 2296 1899 2364 optime,
1923 2310 2044 2349 cum
2074 2296 2190 2347 visu
2218 2309 2338 2361 per-

780 2399 956 2454 cepta,
987 2397 1100 2440 tum
1130 2390 1313 2441 auditu
1350 2406 1361 2440 :
1399 2389 1493 2442 sed
1542 2404 1641 2459 ego
1670 2388 1864 2442 doctus
1903 2388 1969 2441 ab
2012 2387 2337 2453 experientia

777 2490 830 2531 et
862 2480 1080 2531 Christo
1114 2481 1466 2549 compatiens,
1499 2480 1598 2533 ista
1627 2480 1806 2534 scribo
1838 2497 1850 2532 :
1881 2480 2116 2532 consiste
2154 2489 2335 2532 autem

779 2588 873 2640 per
903 2572 1066 2625 Deum
1101 2572 1365 2641 placatum
1395 2573 1662 2627 redditum
1686 2572 1941 2643 ﬁgmento
1974 2587 2071 2623 suo
2105 2589 2117 2623 ι
2154 2572 2337 2626 attolle

777 2672 993 2716 sanctas
1027 2672 1143 2716 tuas
1174 2664 1240 2717 ad
1284 2664 1431 2716 illum
1469 2678 1682 2726 manus,
1738 2662 1828 2732 qui
1881 2678 2006 2716 suas
2053 2662 2337 2729 aliquando

777 2752 828 2803 in
849 2767 1029 2817 cruce,
1054 2760 1305 2820 tanquam
1325 2754 1728 2821 deprecatorias
1752 2753 2107 2806 extendebat:
2135 2753 2338 2819 clavos,

778 2843 1045 2904 lanceam,
1076 2843 1413 2912 sanguinem,
1456 2851 1710 2907 mortem,
1731 2844 2056 2912 sepulturam
2080 2859 2175 2913 per
2220 2860 2339 2913 qua:

777 2936 1067 2987 salvamur.
1099 2934 1274 2988 llabes
1303 2935 1445 2988 unde
1473 2936 1730 3004 impetres
1753 2950 1780 2988 a
1817 2935 2168 2989 misericorde
2216 2950 2337 3004 per-

774 3027 1113 3080 secutionum
1143 3027 1579 3090 allevamentum,
1606 3038 1923 3081 vexatorum
1972 3041 2069 3096 pro
2124 3026 2326 3095 pietate

777 3118 1157 3183 constantiam,
1212 3118 1532 3171 dilaceratos
1580 3134 1790 3188 greges,
1855 3129 2098 3188 pastores
2140 3119 2331 3187 partim
2362 3139 2406 3199 ρ

777 3210 866 3261 ubi
903 3218 1163 3262 terrarum
1185 3209 1502 3263 delitescant
1532 3209 1834 3278 incognitas
1872 3226 1883 3261 :
1911 3209 2203 3262 Ecclesiam
2238 3208 2331 3262 Dei

780 3299 832 3350 in
885 3309 1065 3367 partes
1123 3300 1346 3352 scissam
1387 3309 1441 3352 et
1487 3300 1749 3352 divulsam
1779 3318 1791 3352 :
1826 3299 2015 3352 dividit
2033 3298 2175 3351 enim
2215 3314 2331 3351 eam

776 3387 867 3441 Dei
908 3388 1084 3451 timor,
1132 3401 1185 3441 et
1230 3391 1496 3442 humanus
1539 3400 1735 3442 metus.
1769 3389 2018 3442 Divinum
2057 3389 2331 3442 oraculum

774 3481 989 3533 mentiri
1020 3480 1222 3548 nequit,
1254 3480 1329 3533 ait
1354 3490 1528 3534 autem
1570 3497 1583 3533 ε
1623 3480 1849 3548 Spiritus
1873 3483 2077 3550 quidem
2113 3490 2333 3547 paratus

774 3582 868 3636 est,
897 3573 1197 3638 inﬁrmatur
1219 3582 1392 3625 autem
1430 3590 1550 3626 caro
1570 3574 1631 3625 ¹⁰.
1661 3572 1784 3627 Haec
1815 3588 1925 3641 prie
1948 3582 1999 3626 te
2029 3573 2185 3635 l'erto,
2212 3587 2331 3640 quae

777 3667 970 3720 melius
996 3667 1109 3737 ipse
1133 3670 1274 3723 nosti
1302 3684 1396 3738 per
1436 3686 1555 3737 qua:
1591 3670 1675 3723 illa
1710 3669 2041 3739 impetrabis.
2070 3667 2199 3721 Nam
2236 3684 2331 3737 per

773 3776 892 3829 qua:
913 3776 1005 3813 cor
1034 3777 1225 3829 purum
1256 3762 1435 3831 (modo
1459 3763 1549 3831 qui
1579 3762 1888 3816 hominibus
1920 3761 2188 3831 possibilis
2218 3764 2328 3826 est)

772 3866 881 3917 quo
931 3851 1119 3915 Deum,
1153 3852 1337 3904 vident
1365 3852 1435 3904 illi
1468 3853 1687 3920 propius
1710 3852 1995 3913 intuentes,
2034 3852 2102 3903 ita
2134 3852 2331 3905 rectius

773 3942 1079 4011 intelligunt
1112 3942 1368 4011 placatior
1396 3942 1481 3995 ille
1509 3942 1770 3997 redditur.
1792 3942 2148 3995 Mediatricem
2180 3957 2329 3994 eom-

772 4034 907 4101 pella
966 4033 1359 4101 deprecationis
1400 4033 1558 4087 Verbi
1620 4033 1837 4087 Matrem
1876 4032 2329 4102 Virginem,illam

771 4122 1020 4183 inclama,
1043 4132 1248 4175 natura:
1269 4121 1341 4174 illi
1387 4133 1742 4191 repraasentes
1770 4122 2185 4176 imbecillitatem
2212 4136 2329 4172 ma-

769 4227 927 4282 gnam
959 4222 1013 4266 et
1042 4212 1464 4280 inexplicabilem
1494 4231 1507 4266 :
1536 4212 1846 4281 tragcediam
1872 4222 2111 4266 nostram
2133 4210 2330 4264 intelli-

769 4301 844 4371 git
870 4319 883 4365 ;
931 4302 1084 4355 novit
1113 4310 1352 4371 cognata:
1382 4313 1589 4356 natura:
1611 4304 1887 4357 misereri:
1918 4317 2158 4356 assumas
2209 4301 2331 4354 licet

768 4402 1061 4462 martyrum
1079 4394 1292 4458 choros,
1314 4395 1615 4449 libertatem
1632 4396 1840 4464 plenam
1864 4396 2090 4449 adeundi
2108 4395 2326 4454 habent,

2437 559 2533 626 οὐχ
2566 556 2815 609 οὕτωδιὰ
2841 555 2948 607 τῶν
2978 554 3305 609 τελεπικῶν
3338 558 3645 626 συμϐόλων,
3678 559 3868 627 ὥσπερ
3900 559 4006 611 ἀπὸ

2435 651 2543 703 τῶν
2586 647 3043 715 κατορθωμάτων,
3086 644 3165 711 οἷς
3208 649 3579 719 περιέλαμπον
3623 652 3750 708 τοὺς
3802 653 4007 720 μυομέ-

2437 757 2587 803 νους,
2624 738 2989 807 ἐγνωρίζοντο.
3017 738 3128 792 Νῦν
3152 739 3208 791 δὲ
3243 741 3298 793 τί
3336 742 3528 811 γράφω
3553 758 3567 805 ;
3592 741 3824 811 θρήνους
3849 760 3863 806 ;
3894 742 4006 793 ἀλλ’

2436 833 2464 883 ό
2507 829 2951 899 συμπαθέστατος
3012 830 3278 900 Ἱερεμίας
3323 832 3608 900 προλαϐὼν
3644 835 3827 900 ήμᾶς,
3882 834 4006 895 τοὺς

2438 920 2663 990 θρήνους
2704 919 3001 972 ἀπέδωκεν·
3030 921 3091 973 οὐ
3135 923 3244 991 γὰρ
3275 922 3501 976 ἐκείνων
3545 924 3612 976 τά
3644 924 3737 976 νῦν
3783 926 4004 977 ἀνεκτόο

2435 1029 2588 1082 τερα.
2635 1011 2792 1064 Ἀλλά
2820 1012 3186 1080 στεναγμούςς
3216 1013 3308 1065 καὶ
3336 1012 3522 1082 τίνεςῆ
3551 1016 3689 1066 ποῖοι
3704 1013 4007 1082 τηλικαύτῃ

2438 1107 2577 1174 φορᾷ
2603 1105 2876 1174 δυσχερῶν
2904 1106 3268 1175 ἐπαρκέσουσι
3293 1126 3307 1173 ;
3338 1107 3447 1160 τῶν
3482 1108 3732 1179 δακρύων
3764 1108 3892 1161 ἄλλο
3919 1107 4004 1159 ἐπ’

2437 1196 2580 1264 ἄλλῳ
2608 1195 2778 1257 πάθος
2810 1196 3250 1266 προκαλούμενον
3292 1200 3353 1251 τὸ
3398 1199 3631 1269 ῥεῖθρον,
3675 1200 3774 1262 τάς
3821 1198 4005 1267 πηγὰς

2435 1288 2753 1358 ἀνεξήρανε,
2779 1290 2844 1340 τά
2873 1288 3003 1354 am
3030 1288 3369 1359 βεϐηλοῦται,
3404 1291 3468 1343 τά
3498 1290 3620 1359 ίερά
3647 1306 3823 1359 συμπε
3837 1291 4015 1359 πάτησ·

2436 1397 2524 1431 ται
2550 1394 2562 1406 ’
2606 1381 2666 1431 τὸ
2694 1381 2960 1447 πανάγιον
2990 1379 3211 1450 Πνεῦμα
3243 1380 3317 1450 (ὢ
3338 1381 3559 1449 χειλέων
3588 1380 3883 1444 δυσσεϐὦν,
3912 1381 4007 1431 καὶ

2436 1468 2669 1533 διανοίας
2691 1470 3115 1541 δυσσεϐεστέρας
3142 1474 3154 1524 ί
3178 1471 3196 1540 )
3225 1472 3413 1542 ὥσπερ
3447 1491 3495 1526 τι
3520 1474 3628 1526 τῶν
3659 1475 3723 1524 ἐκ
3750 1473 3962 1541 τριόδου
3984 1509 4003 1535 ,

2436 1561 2798 1632 δυσφημεῖται
2828 1564 2920 1616 καὶ
2957 1562 3302 1634 διασύρεται·
3345 1564 3571 1633 ἐρημία,
3614 1564 3708 1615 καὶ
3737 1562 3870 1631 1ὅρη,
3910 1561 4005 1613 καὶ

2439 1651 2713 1719 σπήλαια,
2753 1654 2846 1704 καὶ
2888 1653 2985 1722 τῆς
3030 1653 3133 1720 γῆς
3175 1654 3445 1722 ἐσχατιαὶ,
3498 1656 3623 1714 τοὺς
3675 1654 3839 1721 ἱερεῖς
3865 1649 4003 1702 Θεοῦ

2440 1744 2532 1795 καὶ
2572 1744 2844 1814 ἀρχιερεῖς
2869 1784 2885 1809 ,
2931 1745 3100 1809 ὅσους⁴
3143 1745 3217 1815 μὴ
3286 1744 3752 1812 προκατελάϐοντο
3808 1743 4006 1812 πικραὶ

2441 1837 2696 1902 φυλακαὶ,
2718 1839 2811 1888 καὶ
2832 1838 3111 1908 ὑπερόριοι
3135 1837 3440 1907 φυγαδεῖαι,
3471 1837 3619 1906 μόλις
3653 1834 4001 1898 διασώζουσι·

2442 1929 2531 1979 καὶ
2557 1926 2706 1979 οὔπω
2738 1928 2878 1995 λέγω
2900 1932 2966 1981 τὰ
2996 1929 3129 1982 ἀλλα
3148 1944 3160 1956 ·
3190 1928 3309 1980 οὐδὲ
3346 1930 3474 1997 γὰρ,
3499 1928 3605 1981 οὐδ’
3635 1925 4004 1995 ἀποδύρεσθαι

2439 2020 2504 2069 τὰ
2533 2020 2817 2087 συνέχοντα
2845 2021 3021 2072 πάντα
3055 2019 3117 2088 (ὃ
3147 2020 3306 2088 μόνον
3331 2015 3418 2089 ἦν,
3463 2018 3536 2079 ὡς
3578 2018 3636 2069 ἐν
3662 2016 4005 2086 τηλικούτοις

2440 2113 2646 2173 κακοῖς,
2698 2112 2805 2162 τῶν
2836 2111 3126 2182 συμφορῶν
3159 2110 3523 2181 παραμύθιον)
3559 2111 3587 2161 ό
3620 2110 4002 2179 ἐπηρτημένος

2437 2201 2543 2250 τῶν
2588 2202 2824 2252 ἀπειλῶν
2879 2203 3040 2270 φόϐος
3087 2202 3349 2255 ἐνδίδωσι·
3383 2203 3555 2257 ταῦτα
3602 2203 3838 2272 γράφω·
3884 2201 4003 2253 ἀλλ’

2437 2290 2577 2359 ἔχεις
2601 2292 2695 2361 τὴν
2719 2292 2921 2345 τούτων
2947 2293 3165 2361 γνῶσιν,
3186 2294 3372 2364 ὥσπερ
3400 2293 3521 2363 ὄψει
3552 2295 3646 2348 καὶ
3676 2296 3836 2363 ἀκοῇ,
3860 2292 4005 2345 οὕτω

2436 2383 2491 2435 δὲ
2535 2385 2867 2453 συμπασχων
2911 2385 3128 2455 Χριστῷ
3152 2424 3166 2447 ,
3204 2386 3297 2438 καὶ
3321 2387 3453 2454 αὐτῇ
3486 2389 3551 2455 τῇ
3585 2386 3781 2455 πείρᾳ,
3811 2386 3921 2454 ἔχω
3947 2385 4004 2437 τι

2437 2471 2649 2540 γράψω·
2684 2470 2839 2542 στῆθι
2871 2475 3005 2543 πρὸς
3041 2475 3197 2541 Θεὸν,
3245 2474 3607 2545 ἐξευμενίζων
3631 2476 3721 2527 τὸν
3750 2477 4005 2544 Πλάστην

2435 2566 2511 2633 τῷ
2542 2564 2837 2634 πλάσματι·
2871 2566 3105 2618 ἔκτεινον
3149 2568 3326 2630 ὁσίους
3353 2585 3445 2619 σου
3476 2571 3685 2637 χεῖρας,
3711 2568 3810 2630 τάς
3837 2569 4003 2621 ἐκτα-

2437 2657 2621 2719 θείσας
2657 2658 2822 2710 αὑτοῦ
2854 2659 3105 2728 παλάμας
3131 2660 3187 2712 ἐν
3226 2659 3303 2729 τῷ
3335 2660 3546 2729 σταυρῷ
3569 2698 3583 2721 ,
3610 2660 3683 2721 ὡς
3719 2660 4004 2729 ἱκετηρίαν

2436 2751 2751 2819 προτείνων·
2802 2752 2927 2813 τοὺς
2972 2750 3165 2813 ἥλους,
3215 2752 3313 2821 τήν
3340 2751 3560 2820 λόγχην,
3610 2750 3671 2803 τὺ
3716 2747 3876 2820 αἷμα,
3907 2751 4004 2803 τὸν

2438 2841 2685 2903 θάνατον,
2710 2843 2800 2893 τὸν
2833 2842 3021 2910 τάφον,
3062 2842 3128 2895 δι’
3166 2836 3240 2895 ὦν
3279 2841 3619 2912 σεσώσμεθα·
3646 2842 3792 2912 ἔχεις
3830 2841 3898 2895 δι’
3924 2835 4004 2896 ὧν

2436 2931 2775 3001 δυσωπήσεις
2814 2932 2905 2983 τὸν
2964 2933 3235 2999 εύῖλατον,
3279 2931 3376 3003 τὴν
3426 2931 3707 3003 βαρύτητα
3736 2931 3845 2985 τῶν
3877 2931 4004 2984 διω-

2434 3023 2611 3093 γμῶν·
2638 3024 2745 3076 τῶν
2774 3024 3117 3095 διωκομένων
3143 3025 3203 3078 τὸ
3226 3025 3365 3094 ὑπὲρ
3391 3024 3671 3087 εὐσεϐείας
3696 3024 3998 3077 ἀνένδοτον·

2436 3116 2502 3167 τὰ
2554 3115 2777 3183 ποίμνια
2825 3116 3271 3186 σπαρασσόμενα·
3325 3117 3450 3179 τοὺς
3500 3115 3799 3185 ποιμένας,
3850 3117 4003 3167 εστιν

2435 3208 2545 3269 οὓς,
2571 3208 2679 3260 οὐδ’
2705 3210 2826 3261 ὅποι
2849 3211 2949 3277 γῆς
2979 3211 3084 3261 είσι
3103 3209 3531 3278 γινωσκομένους
3557 3210 3654 3279 τὴν
3676 3207 4002 3277 Ἐκκλησίαν

2431 3298 2565 3349 Θεοῦ
2594 3300 3090 3369 κατατεμνομένην,
3118 3303 3264 3369 οῐμοι
3285 3342 3300 3366 ,
3340 3301 3435 3354 καὶ
3475 3302 3863 3371 μεριζομένην·
3902 3320 4003 3371 με-

2436 3391 2639 3458 ρίζεται
2669 3392 2777 3459 γὰρ
2803 3392 2972 3461 αὐτὴν
3005 3392 3166 3459 φόϐος
3194 3393 3330 3446 Θεοῦ
3351 3432 3369 3455 ,
3412 3395 3504 3446 καὶ
3529 3394 3694 3460 φόϐος
3722 3395 4002 3464 ἀνθρώπι-

2431 3501 2539 3547 νος·
2570 3484 2689 3536 οὐδὲ
2732 3485 2861 3555 γὰρ,
2889 3485 3000 3538 οὐδ’
3029 3486 3142 3538 ἔστι
3172 3486 3265 3538 τὸν
3294 3485 3434 3539 θεῖον
3460 3486 3838 3555 διαψεύδεσθαι
3863 3506 4001 3559 χρη-

2433 3578 2585 3646 σμόν·
2607 3577 2673 3630 Τὸ
2696 3578 2811 3645 μὲν
2827 3579 3059 3647 πνεῦμα
3072 3580 3394 3648 πρόθυμον,
3410 3581 3446 3647 ἡ
3460 3580 3526 3633 δὲ
3541 3580 3694 3647 σὰρξ
3708 3581 3995 3647 ἀσθενής.

2432 3666 2615 3718 Ταῦτα
2652 3666 2923 3735 προϐαλοῦ
2947 3704 2962 3728 ,
2997 3666 3194 3735 μᾶλλον
3238 3667 3293 3719 δὲ
3319 3669 3510 3732 αὐτὸς,
3539 3669 3607 3721 δι’
3634 3664 3708 3723 ὧν
3747 3670 4001 3739 δυσωπή-

2432 3775 2571 3820 σεις,
2603 3753 2768 3819 οἶδας·
2800 3754 2880 3818 οἷς
2908 3759 3014 3827 γάρ
3049 3759 3081 3828 ή
3106 3758 3299 3827 καρδία
3332 3760 3545 3827 καθαρὰ
3566 3800 3582 3827 ,
3607 3761 3701 3812 az:
3726 3760 3791 3831 δή
3836 3761 3997 3824 Θεὸν,

2429 3852 2505 3911 ὡς
2553 3849 2700 3901 ἐστιν
2744 3849 3015 3918 ἀνθρώπῳ
3060 3849 3284 3902 δυνατὸν
3335 3850 3486 3912 ίδείν,
3528 3852 3821 3920 ἐνορῶσιν·
3849 3847 3998 3905 οῦτοι

2435 3942 2631 4011 μᾶλλον
2658 3940 2763 3992 τῶν
2802 3940 2975 3995 ἄλλων
3004 3941 3278 4005 συνίσασι,
3325 3944 3418 3995 καὶ
3446 3937 3525 4005 οἷς
3551 3942 3959 4011 ἐκμειλίσσεται
3978 3960 3993 3973 ·

2431 4034 2649 4104 κίνησον
2680 4035 2902 4104 μεσίτην
2938 4036 3039 4103 τῆς
3073 4037 3365 4105 πρεσϐείας
3385 4076 3400 4101 ,
3423 4037 3521 4105 τὴν
3546 4037 3641 4088 τοῦ
3669 4038 3843 4103 Λόγου
3875 4039 3999 4106 Μη-

2429 4125 2560 4195 τέρα
2594 4127 2688 4179 καὶ
2729 4125 3021 4195 Παρθένον·
3058 4126 3249 4196 βόησον
3278 4130 3415 4197 πρὸς
3440 4128 3611 4196 αὐτὴν
3649 4128 3747 4197 τῆς
3778 4127 3998 4196 φύσεως

2429 4214 2526 4285 τὴν
2567 4215 2852 4269 ἀσθένειαν
3034 4218 3251 4288 μακράν
3298 4217 3455 4288 ἡμῶν
3497 4219 3589 4270 καὶ
3638 4218 3997 4287 ἀνιστόρητον

2429 4307 2596 4360 πᾶσιν
2637 4308 2973 4377 τραγῳδίαν·
3023 4303 3163 4362 οἶδεν
3212 4309 3564 4378 συμπαθῆσαι
3614 4308 3691 4379 τῷ
3739 4310 3992 4379 ὁμοφυεῖ·

2430 4395 2537 4447 τῶν
2604 4399 2897 4467 μαρτύρων
2950 4398 3042 4450 τὸν
3084 4398 3240 4469 χορὸν
3282 4399 3712 4468 ωμπαράλαϐε·
3776 4401 3995 4469 ἔχουσιν

767 4500 832 4537 ex
862 4486 1056 4536 intuitu
1086 4485 1295 4538 illorum
1332 4501 1451 4553 qua:
1478 4501 1574 4554 pro
1595 4485 1809 4539 Christo
1836 4487 2093 4551 tulerunt,
2122 4488 2323 4541 subve-
2355 4464 2399 4518 Ῑ)
2429 4506 2440 4537 τ

2320 4516 2323 4527 ι
2355 4464 2399 4518 D
2429 4464 2757 4557 παρρησίαν,
2788 4464 2869 4551 οἷς
2896 4464 3258 4561 ἔπαθοννὺπὲρ
3284 4464 3520 4561 Χριστοῦ
3561 4464 3837 4560 ἐπαμῦναι
3878 4496 3993 4555 τοῖς

768 4574 885 4627 nire
936 4574 1122 4626 volunt
1180 4584 1234 4627 et
1287 4575 1406 4629 aliis
1460 4576 1551 4644 qui
1612 4591 1709 4645 pro
1755 4576 1845 4631 illo
1889 4577 2182 4646 patiuntur.
2218 4576 2323 4632 Sed

765 4665 1075 4717 communio
1110 4668 1419 4734 passionum
1472 4668 1614 4721 cedit
1649 4684 1746 4738 per
1779 4684 1835 4722 se
1887 4670 1940 4723 in
1999 4669 2325 4724 consolatio-

764 4772 910 4818 nem,
934 4767 988 4810 et
1015 4766 1098 4811 est
1124 4758 1369 4812 invitatio
1398 4760 1465 4813 ad
1507 4760 1609 4814 illis
1632 4760 2081 4826 subveniendum,
2112 4762 2201 4831 qui
2230 4778 2324 4831 pa-

763 4848 843 4900 ria
896 4848 1168 4915 patiuntur
1206 4866 1217 4899 :
1279 4849 1457 4903 omnia
1501 4852 1784 4919 expedient
1827 4852 2265 4906 intercessionem
2304 4870 2318 4905 :

762 4937 1071 5004 deprecatio
1106 4938 1452 5008 conjungitur
1479 4955 1600 4993 cum
1633 4957 1727 5009 spe
1766 4942 1926 5006 bona,
1985 4943 2320 4997 solummodo

761 5027 913 5078 deest
966 5036 1220 5081 constans
1268 5038 1323 5082 et
1375 5031 1692 5084 continuata
1718 5043 1806 5086 tua
1848 5032 2047 5099 oratio,
2071 5042 2236 5103 atque
2262 5035 2317 5086 in

763 5118 1099 5185 deprecando
1134 5117 1335 5172 fervor.

1355 5230 1567 5285 EPIST.
1613 5232 1717 5288 XC.

937 5322 1224 5390 Niceti/toro
1271 5324 1569 5393 philosoyho
1604 5327 1913 5380 monachum
1944 5330 2139 5399 agenti.

2424 4580 2492 4632 δι’
2520 4582 2682 4633 αὑτὸν
2707 4582 3008 4651 πάσχουσι·
3055 4584 3147 4635 καὶ
3179 4583 3288 4635 τῶν
3314 4583 3503 4636 παθῶν
3530 4585 3561 4653 ἡ
3586 4585 3844 4637 κοινωνία
3884 4603 3995 4638 πα-

2428 4671 2689 4739 ράκλησίς
2711 4674 2856 4724 ἐστιν
2880 4673 3016 4742 αὑτὴ
3053 4673 3175 4726 καθ’
3216 4676 3408 4743 αὐτὴν,
3447 4674 3583 4743 πρὸς
3616 4676 3713 4744 τὴν
3750 4676 3859 4727 τῶν
3883 4693 3994 4728 πα·

2427 4765 2660 4831 σχόντων
2685 4766 3023 4835 ἐπικουρίαν·
3074 4768 3413 4836 πανταχόθεν
3444 4769 3600 4839 ῥᾴδια
3627 4770 3695 4821 τὰ
3722 4769 3823 4837 τῆς
3850 4786 3993 4838 πρε-

2428 4857 2633 4917 σϐείας·
2660 4857 2882 4919 εὔελπις
2911 4860 2944 4928 ή
2971 4859 3167 4911 ἱκεσία·
3193 4859 3310 4921 ἐνὸς
3344 4860 3504 4928 μόνου
3530 4860 3720 4924 δεῖται,
3760 4861 3857 4931 τῆς
3887 4860 3991 4929 σῆς

2430 4949 2678 5013 ἐκτενοῦς
2708 4954 3034 5021 προσευχῆς,
3058 4953 3155 5005 καὶ
3176 4952 3433 5022 ἐπιμόνου
3471 4952 3725 5022 δεήσεως.

3029 5235 3247 5287 ΕΠΙΣΤ.
3294 5237 3362 5287 ι’.

3029 5237 3247 5287 ΕΠΙΣΤ.
3332 5240 3362 5286 ’.

2668 5329 2981 5396 Νικηφόρῳ
3008 5237 3329 5394 ςρνδιλοσνόςριεξι
3359 5322 3688 5392 μονάζοντι.

1966 5433 2228 5484 Montacut.
2255 5435 2355 5498 (ep.
2378 5435 2485 5495 204,
2508 5448 2555 5495 p.
2581 5433 2690 5496 501)

824 5508 1017 5563 Omnia
1052 5525 1112 5563 se
1134 5511 1408 5567 habebant
1433 5517 1655 5585 optime,
1685 5534 1785 5574 nec
1820 5521 2057 5590 syntaxis
2085 5522 2307 5577 omnino

756 5597 951 5668 aliquid
980 5601 1031 5653 in
1063 5606 1557 5673 grammaticalibus
1606 5613 1874 5667 accuratis
1926 5612 2259 5668 claudicabat
2292 5631 2303 5666 :

835 5761 876 5790 ¹⁰
910 5759 1100 5815 Matth.
1146 5778 1289 5829 xxvi,
1338 5764 1410 5817 il.

2485 5520 2736 5571 Ἀπαντα
2772 5518 2871 5585 μὲν
2902 5515 3080 5575 καλῶς
3106 5510 3241 5585 εἶχε,
3273 5515 3367 5567 καὶ
3395 5512 3545 5565 οὐδὲν
3581 5513 3699 5574 ταῖς
3728 5510 3985 5575 συντάξε-

2417 5630 2520 5681 σιν,
2547 5612 2579 5681 ἤ
2609 5614 2727 5674 ταῖς
2756 5612 2938 5675 ἄλλαις
2971 5610 3378 5682 γραμματικαῖς
3417 5605 3723 5675 ἀκριϐείαις
3766 5605 3794 5657 ὁ
3822 5603 3985 5668 λόγος
