4236 6436
1377 396 1909 457 EPISTOLARUM
1955 396 2181 455 LIBER
2233 395 2313 456 II.
3353 394 3459 457 902

229 524 519 592 ἐχώλευεν·
551 517 587 571 ἀ
618 516 673 570 δὲ
692 514 797 569 τῶν
826 511 1125 584 ῥητορικῶν
1157 510 1322 563 ἐνέδει
1350 511 1549 579 νόμων,
1583 512 1675 562 καί
1702 509 1799 576 τῆς
1826 514 1875 571 Α
1901 527 1902 530 η

1788 525 1799 570 ;
1826 514 1875 571 Α
1901 509 2081 563 nullus
2102 508 2279 577 legum
2297 506 2709 561 rhetoricalium
2742 504 2986 561 defectus
3014 516 3149 573 erat,
3180 506 3265 561 vel
3294 508 3461 563 soler-

230 609 442 664 ἐκεῖθεν
477 606 784 676 περινοίας,
830 604 939 657 οὐδ’
974 604 1031 655 ἐν
1075 600 1283 661 τούτοις
1331 600 1409 660 είς
1444 599 1802 667 ἀναίσχυντον
1900 614 1903 649 ι

1786 614 1802 649 θ
1900 601 1985 654 tite
2009 602 2266 670 quiddam
2304 600 2478 654 solitae
2505 599 2745 652 adhiberi
2782 616 2797 652 :
2826 598 2921 651 sed
2950 613 3054 652 nec
3078 598 3153 653 ita
3219 598 3308 653 hic
3333 615 3459 667 pec-

231 700 614 770 ἐκφερομένων
632 696 740 747 τῶν
756 694 1156 766 γεγραμμένων
1173 691 1390 759 ἀμάρτη
1401 706 1495 759 μα·
1522 688 1803 742 καὶταῦτα
1896 710 1904 741 ι

1783 706 1803 739 ι
1896 692 2122 744 cabatur
2174 702 2233 745 ut
2290 691 2488 759 scripta
2545 705 2603 743 se
2666 689 3037 760 impudentius
3091 691 3456 743 venditarcnt.

230 792 292 844 δέ
332 809 435 852 σοι,
466 790 651 858 ὥσπερ
686 788 908 858 ’ᾔτησας
933 827 946 849 ,
979 783 1315 854 διορθώσεως
1360 781 1589 850 τυχόντα
1622 796 1797 849 προσ·
1898 782 1903 836 1

1781 808 1797 818 -
1898 782 2024 836 Hmc
2051 792 2215 850 prout
2240 782 2509 851 rogaveris
2536 790 2596 835 ut
2642 782 3062 851 corrigerentur,
3100 781 3165 833 ad
3195 790 3249 835 te
3297 783 3454 836 missa

232 882 715 950 αναπεπλήρωται.
747 878 876 946 Εἴης
904 877 958 929 δὲ
990 878 1089 929 κάν
1116 874 1342 938 τούτοις,
1362 872 1549 941 ὥσπερ
1568 873 1668 925 κάν
1692 873 1805 932 τοῖς
1897 890 1905 942 ι

1785 888 1805 932 ς
1897 873 2117 942 perfeci.
2144 874 2222 928 Tu
2246 884 2424 928 autem
2453 875 2505 928 in
2529 874 2669 938 istis,
2698 876 3147 943 quemadmodum
3175 884 3229 928 et
3260 874 3313 927 in
3338 874 3458 929 aliis

233 974 435 1037 ἄλλοις,
462 972 620 1034 αὐτὸς
654 970 740 1021 διὰ
768 968 990 1022 σεαυτοῦ
1017 966 1268 1037 λαμπρὸν
1295 964 1475 1035 φέρων
1504 962 1563 1015 τὸ
1595 961 1800 1015 εὐδόκι-
1899 962 1906 1015 i

1295 964 1475 1035 φέρων
1504 962 1563 1015 τὸ
1595 961 1800 1015 εὐδόκι-
1899 962 2125 1018 illustris
2148 964 2244 1019 tias
2281 973 2337 1019 et
2365 965 2758 1034 pmdicandus.
2801 965 2950 1020 Vale.

238 1085 357 1135 μον.
398 1064 664 1134 Ἔρρωσο.

844 1177 1061 1232 ΕΠΙΣΤ.
1090 1174 1204 1242 μιν.

507 1274 817 1342 Νικηφόρφ
854 1270 1164 1339 φιλοσόφῳ
1187 1264 1518 1334 μονάζοντι.

1463 1374 1722 1429 Montacut.
1748 1370 1851 1433 (ep.
1874 1372 1983 1432 217,
2003 1385 2052 1435 p.
2073 1372 2205 1432 525).

313 1491 418 1543 Τὸν
454 1490 551 1558 μὲν
577 1485 672 1539 τοῦ
696 1486 945 1554 σώματος
972 1484 1169 1552 ἔρωτα,
1198 1480 1577 1551 ἐπτερωμένον
1613 1480 1661 1530 οί
1693 1495 1800 1530 σω·
1970 1483 1986 1531 Α

1786 1506 1800 1518 -
1970 1479 2224 1531 Amorem
2253 1478 2592 1546 corporalem
2637 1479 2943 1547 corporales
2973 1478 3072 1547 ipsi
3104 1479 3301 1532 alatum
3339 1479 3459 1548 pin-

247 1581 469 1652 ματικοὶ
513 1577 816 1648 γράφουσι·
852 1576 1120 1643 γράφουσι
1150 1573 1205 1624 δέ
1243 1574 1338 1625 καὶ
1372 1572 1464 1624 τὸν
1493 1572 1655 1632 θεῖον,
1692 1572 1804 1622 ὅσοι
1901 1587 1920 1641 ε

1787 1588 1804 1622 ι
1901 1579 2033 1641 gunt
2067 1585 2083 1623 :
2115 1570 2341 1639 pingunt
2368 1570 2497 1623 item
2525 1569 2790 1633 divinum,
2820 1579 3081 1638 quotquot
3104 1571 3458 1638 pulchritudi-

242 1676 305 1725 τὸ
330 1671 514 1740 νοερὸν
538 1668 702 1721 αὑτοῦ
729 1666 921 1728 κάλλος
946 1665 1141 1733 ψυχαῖς
1181 1664 1441 1733 καθαραῖς
1491 1663 1770 1731 ἐνεμορρώ
1903 1677 1915 1713 1

1903 1676 2024 1713 nem
2082 1662 2202 1726 eius
2253 1661 2641 1729 intelligibilem
2704 1661 2899 1713 animis
2960 1661 3107 1729 puris
3176 1661 3457 1733 elligiatam

246 1776 409 1813 σαντο
434 1775 448 1789 ε
482 1757 606 1811 ἀλλ’
635 1758 683 1809 οἱ
709 1757 806 1826 μὲν
828 1756 1021 1824 βαφαῖς
1044 1754 1136 1805 καὶ
1150 1752 1453 1822 χρωμάτων
1484 1751 1695 1805 ἄνθεσιν
1720 1766 1733 1781 ·
1757 1750 1805 1803 oi
1901 1770 1919 1825 ε

1790 1750 1805 1803 ί
1901 1762 2115 1825 gestant
2138 1772 2151 1807 :
2175 1754 2248 1807 illi
2276 1749 2514 1806 colorum
2539 1753 2784 1807 tincturis
2802 1762 2857 1806 et
2876 1752 3004 1806 ﬂore
3031 1771 3043 1806 :
3068 1753 3152 1807 isti
3177 1753 3463 1807 virtutibus

243 1851 292 1901 δ’
324 1846 392 1901 αὖ
458 1848 676 1916 ἀρεταῖς
716 1846 809 1897 καὶ
846 1844 1239 1913 λαμπροτέροις
1264 1845 1373 1904 τοῖς
1405 1842 1803 1911 κατορθώμασι.
1834 1826 1916 1896 Bt

1788 1879 1803 1894 .
1834 1826 1881 1885 Β
1906 1855 1963 1900 et
2000 1845 2297 1897 illustribus
2326 1843 2499 1898 factis.
2529 1844 2816 1898 Testantur
2851 1845 3084 1913 utrique,
3113 1860 3177 1899 eo
3216 1846 3358 1914 quod
3385 1846 3460 1899 sic

2488 1168 2704 1243 EPIST.
2746 1168 2879 1223 XCI.

2224 1260 2270 1313 Ν
2279 1262 2514 1328 icephoro
2542 1263 2842 1331 philosOpho
2873 1262 3143 1315 monacho.

258 1938 541 2008 Ἑκάτερον.
566 1937 611 1989 δ’
630 1933 723 1990 οῦν
745 1938 895 2007 ὅμως
919 1933 1279 2005 μαρτυροῦσι,
1304 1933 1369 1985 δι’
1386 1927 1460 1987 ὧν
1482 1938 1803 2003 γράφουσιν,

246 2031 323 2095 ὡς
355 2031 559 2099 ἄφατον
589 2030 700 2098 ἐχει
732 2028 914 2096 τάχος,
942 2028 1035 2079 καὶ
1081 2025 1415 2095 προθεσμίας
1450 2027 1681 2094 ὑπάρχει
1707 2025 1805 2078 τύ-

253 2141 463 2195 ραννος,
490 2124 582 2175 καὶ
609 2122 918 2191 ὑπερόπτης
946 2120 1146 2186 νόμων,
1172 2114 1252 2180 οἷς
1297 2118 1531 2187 ἀναϐολὴ
1576 2117 1805 2170 διιθύνε-

251 2231 368 2267 ται.
400 2211 536 2265 Ἰσθι
573 2209 885 2279 τοιγαροῦν,
914 2203 958 2261 ὧ
987 2208 1079 2262 τοῦ
1103 2207 1237 2260 Θεοῦ
1265 2208 1377 2277 ίερέ
1413 2208 1685 2278 ἄνθρωπε,
1726 2206 1803 2269 ὡς

252 2304 352 2356 καὶ
373 2303 517 2371 ἡμᾶς
548 2302 581 2371 ἡ
610 2301 861 2371 τυραννὶς
909 2299 1046 2369 αῦτη
1099 2299 1242 2351 κατά
1269 2299 1465 2367 κράτος
1512 2292 1681 2362 εἷλκε,
1713 2298 1808 2350 καὶ

254 2398 357 2466 τὴν
381 2394 716 2465 προθεσμίαν
746 2393 1016 2459 ἐϐιάσατο,
1048 2392 1143 2445 καὶ
1198 2392 1304 2461 πρὸ
1342 2390 1436 2443 τοῦ
1472 2390 1661 2460 χρόνου
1706 2390 1806 2459 τὴν

252 2490 356 2558 σὴν
394 2488 694 2556 παρουσίαν
737 2485 1014 2554 ἐπιζητεῖν
1066 2485 1498 2554 κατηνάγκασεν.
1535 2482 1799 2554 Ἔρρωσο.

852 2595 1073 2649 sum.
1111 2592 1224 2660 t,B'.

444 2689 764 2753 Ἀθανασίῳ
802 2685 1111 2758 μονάζοντι
1154 2686 1253 2737 καί
1292 2682 1633 2753 ήσυχαστῇ.

1901 1935 2151 2006 pingunt,
2183 1936 2331 2005 quod
2372 1937 2647 1991 celeritate
2694 1934 2827 1989 mira
2866 1936 3120 2004 praeditus
3165 1944 3247 1990 est
3285 1952 3457 1999 amor,

1902 2027 2161 2098 propositi
2187 2038 2465 2098 tyrannus,
2492 2028 2666 2096 legum
2697 2036 3034 2095 contemptor
3069 2028 3265 2096 quibus
3290 2038 3461 2081 retar-

1901 2120 2075 2173 datur.
2111 2116 2413 2187 Cognoscas
2451 2118 2628 2188 igitur,
2653 2117 2758 2171 Deo
2788 2127 2995 2172 sacrate
3015 2119 3113 2181 vir,
3150 2134 3248 2172 nos
3270 2120 3335 2172 ab
3364 2120 3466 2173 hoc

1904 2217 2131 2279 tyranno
2151 2209 2501 2263 vehementer
2518 2223 2828 2278 oppressos,
2847 2209 2936 2278 qui
2961 2210 3283 2263 voluntatem
3303 2214 3463 2280 cogit,

1903 2310 1957 2356 et
2003 2309 2127 2355 ante
2158 2307 2369 2370 tempus
2386 2310 2531 2354 tuam
2557 2299 2846 2371 eﬂlagitare
2882 2301 3218 2370 praesentiam
3254 2302 3464 2357 incitat.

1906 2392 2051 2445 Vale.

2481 2592 2585 2646 ΕΡΙ
2594 2592 2694 2647 ST.
2737 2593 2897 2649 XCII.

2196 2681 2485 2737 Athanasio
2510 2687 2759 2740 monacho
2787 2699 2833 2741 et
2862 2689 3206 2743 anachoreta.

1469 2802 1733 2852 Montacut.
1758 2806 1861 2865 (ep.
1887 2800 1996 2862 212,
2016 2816 2065 2863 p.
2086 2802 2216 2861 515).

346 2908 579 2979 Ἐπειδὴ,
606 2906 747 2960 κατά
776 2906 1004 2975 μίμησιν
1022 2903 1278 2973 Χριστοῦ,
1307 2901 1402 2956 τοῦ
1424 2901 1673 2971 ἀληθινοῦ
1690 2901 1824 2953 Θεοῦ

260 3006 294 3073 ὴ
305 3004 439 3071 μῶν,
453 2999 680 3053 σαυτὸν
694 2997 1079 3063 ἐσταύρωσας
1095 2994 1174 3059 τῷ
1185 2997 1388 3062 κόσμῳ
1403 2994 1495 3045 καὶ
1522 2992 1597 3061 τῷ
1626 3010 1822 3063 κοσμο-

1987 2904 2463 2974 Quandoquidem,
2510 2906 2577 2960 ad
2617 2908 2922 2977 exemplum
2965 2907 3164 2963 Christi
3218 2910 3329 2963 veri
3376 2910 3469 2965 Dei

1920 2997 2109 3061 nostri,
2142 3001 2335 3051 mundo
2380 3009 2428 3053 te
2472 3000 2774 3067 cruciﬁxisti
2826 3011 2881 3055 et
2926 3004 3121 3057 rectori
3176 3005 3468 3068 mundano,

262 3096 512 3162 κράτορι,
542 3087 805 3158 πέπομφά
835 3102 915 3138 σοι
939 3085 1029 3137 τὸν
1078 3083 1307 3153 σταυρὸν
1337 3082 1699 3151 φυλακτήριον
1726 3082 1825 3151 τῆς
1921 3103 1935 3141 ι

1529 3082 1699 3151 τήριον
1726 3082 1825 3151 τῆς
1921 3087 2042 3143 misi
2067 3089 2133 3144 ad
2164 3100 2215 3144 te
2245 3106 2460 3146 crucem
2492 3093 2791 3147 custodiam
2820 3094 3202 3149 cruciﬁxionis.

267 3181 646 3251 σταυρώσεως.

872 3286 1093 3341 ΕΠιΣΤ.
1132 3287 1243 3353 ιιῐν.

496 3382 768 3450 Ἀρσενίῳ
792 3380 1105 3448 μονάζογτι
1140 3378 1239 3432 καί
1264 3377 1608 3446 ήσυχαστῇ.

2479 3287 2692 3343 EPIST.
2737 3289 2912 3343 XCIII.

2269 3380 2483 3432 Araenio
2512 3382 2757 3433 monacho
2779 3383 3123 3436 anachorette.

1476 3490 1743 3539 Moutacut.
1770 3490 1873 3555 (ep.
1896 3493 2004 3553 251,
2023 3508 2073 3556 p.
2093 3494 2204 3555 545)

340 3600 403 3651 Τί
436 3598 659 3666 γράφως
686 3595 890 3663 οἴχεται
924 3594 1023 3660 μέν
1040 3592 1191 3664 εὐχὴ,
1220 3592 1423 3661 οἴχεται
1447 3592 1491 3645 δ’
1522 3589 1821 3662 ἀνθρώπων

268 3692 435 3762 ἀρετή
474 3704 488 3719 ·
536 3687 862 3739 ἐκκέκοπται
912 3684 967 3735 δὲ
1019 3682 1299 3753 παρρησία
1344 3680 1478 3749 πρὸς
1522 3680 1673 3744 Θεὸν,
1730 3682 1822 3733 καὶ

269 3784 477 3845 ἀνδρῶν
524 3782 726 3850 ἐρημος
757 3778 785 3828 ὁ
823 3776 935 3844 βίος
985 3774 1246 3826 ἑλκόντων
1294 3774 1406 3833 τοῖς
1448 3771 1539 3823 ἐπὶ
1595 3771 1695 3839 γῆς
1724 3769 1820 3839 τὴν

269 3875 473 3929 ἄνωθεν
504 3872 788 3941 πρόνοιαν·
810 3872 843 3936 ἡ
876 3869 995 3937 δίκη
1028 3866 1164 3936 (πῶς
1197 3864 1374 3929 sinu);
1425 3864 1485 3916 ού
1527 3866 1634 3933 γάρ
1663 3863 1818 3915 ἐϐου-

270 3967 441 4035 λόμην
470 3964 660 4031 εἰπεῖν)
687 3963 769 4014 ὅτι
802 3959 1047 4012 καθεύδει
1079 3959 1220 4028 μέγα
1266 3958 1502 4025 φυσᾶται
1544 3956 1603 4009 τὺ
1643 3956 1819 4025 παρὰ-

270 4070 472 4125 νομον·
499 4056 592 4106 καὶ
648 4052 862 4123 θεσμῶν
910 4050 1032 4102 οὒτε
1075 4049 1254 4111 θείων,
1306 4048 1428 4101 οὔτε
1469 4048 1821 4117 ἀνθρωπίνων

268 4148 433 4210 αἰδὼς
472 4146 727 4215 οὐδεμίαο
771 4146 817 4196 οἱ
854 4144 910 4196 δέ
941 4143 1037 4211 τῆς
1070 4142 1310 4203 παλαιᾶς
1364 4140 1575 4210 ἐκείνης
1620 4140 1821 4207 ἀρετῆς

269 4239 563 4309 ἄνθρωποι,
591 4238 745 4298 ὅσους
768 4235 841 4304 μὴ
873 4233 1339 4304 προκατελάϐοντο
1372 4232 1544 4300 δεσμά
1579 4231 1671 4284 καὶ
1722 4248 1821 4298 φυ-

271 4330 434 4382 λακαὶ
454 4328 546 4379 κα)⁵
579 4326 855 4395 ὑπερόριοι
896 4323 1204 4387 καταδίκαι,
1249 4327 1357 4385 τοῖς
1378 4323 1527 4391 ὄρεσι
1570 4321 1665 4373 καὶ
1703 4323 1821 4382 ταῖς

270 4421 498 4489 πέτραις
560 4416 1077 4486 ἐγκατακλείσαντες
1148 4415 1405 4475 ἐαυτοὺς,
1462 4413 1589 4475 καὶ,
1636 4412 1821 4480 ὥσπερ

273 4505 508 4575 ἐρμαίῳ,
538 4505 602 4573 τῇ
631 4504 779 4572 κοινῇ
808 4503 1059 4571 συμφορᾷ
1093 4500 1497 4569 περιτυχόντες,
1531 4500 1683 4553 αὐτοὶ¹
1721 4499 1820 4568 μὲν

270 4599 347 4658 ὡς
386 4595 716 4665 πορρωτάτω
748 4594 845 4661 τῆς
870 4595 926 4644 ἐν
948 4593 1135 4661 κόσμῳ
1162 4592 1326 4660 ζάλης
1368 4592 1631 4653 ἵστανται,
1670 4591 1819 4642 οὐδε-

276 4688 405 4757 μίαν
425 4685 480 4737 δὲ
510 4684 616 4735 τῶν
641 4685 698 4735 ἐν
720 4683 865 4752 αὐτῷ
887 4682 1355 4751 κλυδωνιζομένων
1378 4683 1470 4733 καὶ
1497 4680 1823 4749 βαπτιζομέ-

272 4794 378 4828 νων
425 4775 575 4826 ἐστιν
610 4767 683 4826 ὧν
710 4772 962 4843 φροντίδα
1014 4771 1315 4841 βάλλονται.
1365 4771 1497 4823 Οὐδὲ
1546 4771 1653 4839 γὰρ
1707 4770 1820 4821 ίλα-

1987 3594 2255 3659 Quorsum
2303 3594 2521 3649 scribo?
2557 3596 2686 3650 abiit
2728 3596 3053 3665 deprecatio,
3091 3598 3262 3652 virtus
3296 3600 3471 3654 homi-

1917 3700 2045 3737 num
2075 3686 2226 3752 abiit,
2265 3686 2485 3742 libertas
2525 3686 2667 3755 apud
2718 3687 2884 3740 Deum
2928 3687 3187 3751 aufertur,
3231 3688 3468 3744 virorum

1916 3777 2023 3827 vita
2055 3790 2223 3829 vacua
2247 3785 2349 3839 est,
2375 3777 2465 3845 qui
2491 3778 2557 3832 de
2598 3778 2734 3832 cmlo
2765 3778 2819 3831 in
2852 3788 3045 3833 terram
3077 3781 3471 3848 providentiam

1916 3865 2179 3919 devocant
2217 3883 2232 3919 :
2269 3867 2474 3936 justitia
2504 3870 2653 3937 (quid
2701 3871 2911 3923 dicam?
2954 3881 3099 3924 certe
3148 3873 3344 3925 nollem
3390 3873 3473 3925 di-

1917 3954 2073 4023 cere)
2130 3955 2404 4023 quiescit:
2455 3959 2706 4027 iniquitas
2750 3961 2991 4030 ingentcs
3028 3961 3246 4029 spiritus
3286 3962 3472 4028 sumit,

1916 4044 2063 4097 nulla
2102 4047 2428 4100 verecundia
2461 4059 2546 4102 est
2576 4049 2751 4119 legum
2799 4050 3101 4104 divinarum
3149 4062 3241 4104 aut
3283 4052 3474 4106 huma-

1917 4151 2105 4189 narum
2150 4155 2164 4190 :
2225 4138 2472 4193 homines
2513 4141 2684 4209 prisca
2724 4142 2809 4194 illa
2858 4142 3050 4196 virtute
3087 4143 3330 4212 praediti,
3383 4144 3473 4213 qui

1915 4226 2142 4280 vinculis
2160 4237 2213 4281 et
2239 4229 2495 4283 custodiis
2518 4246 2624 4283 non
2649 4241 3079 4297 antevertuntur,
3100 4236 3190 4303 qui
3215 4237 3266 4289 in
3291 4238 3477 4291 exsilio

1916 4334 2023 4371 non
2067 4330 2251 4387 agunt,
2284 4321 2557 4375 montibus
2596 4331 2650 4375 et
2698 4324 2970 4391 speluncis
3018 4341 3075 4379 se
3117 4326 3473 4394 includcntcs,

1917 4408 2008 4475 qui
2049 4417 2301 4476 tanquam
2332 4410 2556 4463 invento
2592 4410 2831 4475 fortuito,
2875 4414 2930 4466 in
2962 4430 3300 4470 communem
3344 4420 3477 4472 inci-

1916 4499 2055 4553 dunt
2086 4501 2464 4565 calamitatem,
2492 4518 2519 4555 a
2545 4504 2870 4558 turbulentis
2890 4506 3103 4572 quidem
3131 4510 3315 4561 mundi
3352 4526 3475 4578 pro-

1919 4593 2066 4647 cellis
2094 4603 2455 4657 removentur,
2489 4596 2688 4648 nullam
2718 4605 2895 4648 autem
2926 4612 3108 4651 curam
3136 4609 3191 4653 et
3220 4601 3476 4655 sollicitu-

1921 4683 2097 4735 dinem
2128 4684 2325 4736 habent
2348 4685 2579 4748 illorum,
2610 4686 2697 4752 qui
2726 4686 2778 4737 in
2807 4688 2918 4739 salo
2954 4689 3188 4743 immersi
3215 4690 3477 4744 ﬂuctuan-

1924 4782 2111 4842 tesque
2166 4775 2483 4844 agitantur:
2537 4775 2889 4844 propitiantes
2936 4793 3128 4832 manus
3184 4780 3249 4833 ad
3308 4780 3474 4836 Deum

278 4866 528 4935 στηρίους
548 4867 733 4933 χεῖρας
756 4864 985 4916 ἀπλοῦσι
1006 4864 1137 4932 πρὸς
1163 4863 1316 4928 Θεὸν,
1349 4862 1467 4915 ούδέ
1491 4863 1555 4915 τά
1585 4862 1823 4923 Μωσέως
1855 4847 1898 4902 D
1925 4880 1951 4917 ῃ

1798 4879 1823 4923 ς
1855 4847 1898 4902 D
1925 4880 2035 4917 non
2073 4865 2323 4919 attollunt
2354 4884 2367 4918 :
2402 4880 2502 4918 nec
2546 4881 2667 4920 cum
2717 4865 2865 4922 Mose
2913 4870 3082 4930 aiunt,
3132 4868 3189 4923 Si
3229 4872 3471 4936 dimittes,

276 4958 620 5027 φθέγγονται,
651 4958 759 5009 “Ar
768 4958 884 5026 μὲν
912 4956 1090 5025 ἀφῇς,
1111 4956 1277 5023 ἄφες·
1310 4957 1403 5009 καὶ
1416 4957 1511 5024 τὴν
1543 4955 1828 5008 ὑπόλοιπον
1925 4970 1949 5008 a

1801 4973 1828 5007 ν
1925 4957 2129 5009 dimitte
2159 4972 2177 5008 :
2201 4964 2256 5009 et
2295 4972 2413 5024 qua:
2458 4956 2511 5009 in
2563 4957 2653 5010 illo
2696 4972 2946 5012 sermone
2984 4961 3239 5015 mirabilis
3276 4966 3474 5018 amoris

276 5048 486 5116 ἐκείνην
516 5048 735 5116 φίλτρου
766 5048 1037 5116 γέμουσαν
1062 5049 1154 5101 κα)⁵
1177 5047 1494 5117 θαυμαστῆς
1519 5048 1827 5117 παρρησίας
1922 5063 1949 5101 s

1800 5065 1827 5109 ς
1922 5056 2223 5116 sequuntur
2248 5065 2260 5099 :
2283 5064 2390 5101 non
2418 5049 2789 5104 liberationem
2817 5067 2847 5104 a
2870 5053 3023 5107 malis
3048 5054 3473 5111 ineluctabilibus

275 5144 489 5209 φωνήν·
522 5139 641 5191 οὐδὲ
662 5138 812 5191 λύσιν
836 5139 941 5191 τῶν
964 5140 1258 5208 ἀμηχάνων
1287 5137 1471 5191 κακῶν
1499 5135 1579 5201 οἷς
1607 5138 1666 5190 τὸ
1699 5155 1827 5205 συγ·
1921 5157 1948 5208 q

1799 5164 1827 5177 -
1921 5140 2114 5208 quibus
2135 5140 2317 5194 eadem
2345 5152 2533 5195 natura
2561 5144 2770 5210 prmditi
2815 5144 3070 5197 continuo
3089 5144 3470 5213 depascuntur.

274 5231 426 5296 γενές
462 5229 735 5297 συνέχεται
765 5229 1167 5298 δαπανώμενον.
1196 5231 1257 5281 El
1277 5230 1333 5281 δὲ
1364 5229 1649 5298 ψεύδομαι,
1685 5230 1817 5298 ύμέ-
1923 5230 1947 5285 Ε

1797 5258 1817 5268 -
1923 5230 1977 5285 Si
2017 5234 2264 5296 mentior,
2300 5241 2405 5286 tua:
2441 5244 2620 5302 partes
2659 5246 2783 5289 sunt
2816 5236 3157 5301 convincere,
3191 5252 3321 5291 mete
3350 5254 3470 5290 mu-

273 5334 430 5387 τερον
467 5319 565 5386 μέν
593 5320 705 5369 ἐστι
729 5317 912 5369 λοιπὸν
947 5318 1205 5386 ἐλέγχειν,
1251 5317 1380 5385 ἐμὸν
1430 5316 1485 5368 δὲ
1537 5316 1823 5383 πεισθῆναι
1925 5329 1944 5373 t

1797 5333 1823 5367 .ι
1925 5329 2038 5374 tare
2083 5316 2405 5375 sententiam
2448 5330 2502 5375 et
2553 5323 2758 5391 pudore
2813 5323 3050 5378 suﬂundi
3100 5334 3153 5379 et
3213 5325 3470 5394 pudorem

276 5409 369 5461 καὶ
430 5409 749 5477 προσοφλεῖν
797 5409 1075 5479 αἰσχύνην,
1121 5408 1397 5478 ὁμολογεῖν
1450 5409 1622 5477 χαρᾶς
1653 5406 1823 5461 ἀϊδίου
1924 5426 1949 5463 a

1450 5409 1622 5477 χαρᾶς
1653 5406 1823 5461 ἀϊδίου
1924 5425 2213 5479 agnoscere
2240 5410 2434 5466 lmtitize
2458 5421 2673 5467 aeternae
2704 5414 3121 5469 conciliaturam.

279 5496 562 5565 πρόξενον.
