4236 6436
311 370 416 430 905

1454 363 1988 427 EPISTOLARUM
2025 363 2249 423 LIBER
2287 365 2370 423 ΙΙ.

3414 367 3516 428 906

308 482 437 548 δρας
471 474 835 547 παραπέμψαι
874 473 917 526 ι.
952 471 1158 527 Οὐκοῦν
1184 473 1391 544 ἐρρέτω
1431 473 1489 523 τὸ
1520 472 1648 540 παρ’
1682 468 1861 534 ἀξίαν,
1891 468 1981 528 Αἰ

1846 508 1861 534 ,
1891 471 1941 528 Α
1968 468 2307 523 irrationales
2356 467 2586 531 diffusis,
2619 478 2720 521 tua:
2755 466 3011 520 absolutae
3059 467 3374 536 perfectioni
3420 471 3515 524 ho-

309 568 491 621 καὶτὸ
518 566 699 634 θαῦμα
741 565 913 632 φυγὸν
964 565 1023 616 τὸ
1067 563 1275 633 θαῦμα’
1331 562 1561 630 γινέσθω
1594 562 1699 613 τῶν
1737 580 1859 614 συν-

308 660 454 730 ήθων
497 660 598 724 τὴν
631 660 686 709 ἐν
728 658 957 727 πράξεσι
1010 656 1325 725 πρέπουσαν
1385 654 1856 724 μεθαρμοζόμενον

306 749 648 810 ἀκολουθίαν,
706 750 799 800 καὶ
841 751 1001 817 ἡμεῖς
1057 749 1208 800 οὐδὲν
1248 751 1312 817 τῇ
1373 752 1438 818 σῇ
1488 746 1858 817 κεχαρίσμεθα

311 839 695 909 μακαριότητι,
725 839 834 890 τῶν
864 839 943 900 είς
971 838 1235 906 ἔκπληξιν
1268 840 1509 906 ἀγόντων
1535 854 1548 868 ·
1582 838 1697 889 ἀλλ’
1739 836 1859 888 οὑδὲ

305 931 413 982 τῶν
440 931 531 981 ἐπὶ
568 931 629 982 τὸ
659 932 874 1000 μέτριον
921 932 1322 985 διαϐαινόντων.
1360 932 1534 999 Χάριν
1567 931 1622 984 δὲ
1662 931 1860 1000 μᾶλλον

306 1026 404 1090 τὴν
430 1023 511 1074 ὅτι
543 1021 775 1090 μάλιστα
804 1022 1203 1091 ἀπειλήφαμεν,
1240 1025 1295 1074 ὲν
1323 1018 1402 1084 οἷς
1436 1022 1663 1090 ἔσχομεν
1708 1022 1860 1073 ἀδελ-

308 1114 460 1179 φοὺς,
488 1113 611 1181 ἄρτι
646 1116 744 1182 τῆς
774 1115 830 1166 ὲν
862 1113 958 1182 βίῳ
980 1114 1143 1180 ςάλης
1173 1112 1605 1182 ὑποχωροῦντας,
1635 1114 1862 1180 ἡσυχίας

309 1205 402 1256 καὶ
434 1204 721 1271 φιλοσόφου
762 1203 907 1273 ζωῆς
943 1206 1030 1257 διά
1063 1206 1157 1257 σοῦ
1210 1206 1389 1273 λιμένι
1435 1206 1858 1275 ὲγκαθορμίσαι’

307 1295 453 1362 ἡμᾶς
481 1294 537 1345 δὲ
564 1296 715 1357 νόσος
750 1295 904 1363 ἔσχεν
935 1297 1069 1364 (εἴγε
1108 1298 1212 1366 χρὴ
1238 1297 1441 1362 ταύτην
1480 1298 1631 1349 νόσον
1658 1298 1859 1362 καλεῖν,

307 1386 441 1437 ἀλλά
473 1385 545 1455 μὴ
574 1385 798 1439 θανάτου
836 1388 1099 1455 πρόθυρα)
1135 1389 1279 1450 ὀξεῖα
1314 1390 1404 1440 καὶ
1430 1390 1858 1457 ἀπροσδόκητος·

308 1474 447 1526 ἀλλά
472 1478 590 1536 ταῖς
620 1476 772 1542 ὑμῶν
801 1478 981 1545 εὐχαῖς
1007 1478 1105 1545 τῆς
1161 1478 1392 1547 σφοδρᾶς
1444 1480 1641 1547 ἀνῆκεν
1681 1479 1864 1530 ὲπιθέ-

311 1582 470 1627 σεως,
494 1564 626 1617 θεοῦ
644 1567 803 1618 πάλιν
824 1568 1028 1621 ἄνωθεν
1049 1571 1176 1639 ἡμῖν
1194 1569 1291 1638 τὴν
1309 1570 1474 1637 ζωὴν,
1498 1571 1585 1621 ἐπὶ
1612 1571 1864 1640 μετανοίᾳ

312 1656 460 1714 ἴσως,
502 1656 529 1705 ὃ
549 1656 638 1706 καὶ
666 1659 891 1723 γένοιτο,
925 1657 1349 1721 κατανεύσαντος
1377 1676 1390 1688 ·
1425 1662 1515 1712 καὶ
1556 1661 1736 1711 λοιπον
1767 1663 1865 1729 ἢδη

1963 558 2136 611 mines
2182 558 2567 612 transmittere.
2631 559 2725 611 Eat
2762 559 2919 627 igitur
2965 573 3072 626 quo
3113 558 3240 611 velit
3288 560 3338 613 id
3377 563 3518 628 quod

1964 658 2156 717 praeter
2205 650 2517 718 dignitatem
2567 650 2800 712 accidit,
2846 659 2899 703 et
2956 650 3246 702 admiratio
3302 650 3515 721 fugiens

1963 742 2390 796 admirationem.
2422 742 2539 796 Fiat
2601 741 2801 809 aliquid
2850 741 3085 807 solitum,
3132 756 3241 810 quo
3283 741 3522 795 imitetur

1964 836 2236 889 actionum
2268 852 2506 905 congrua
2549 836 2957 901 consequentia,
2996 844 3100 889 tua}
3134 834 3374 888 beatitati
3422 850 3521 888 nos

1964 929 2099 982 nihil
2151 931 2535 992 condonamus,
2579 929 2721 998 quod
2772 928 2939 997 possit
2979 926 3044 978 ad
3094 934 3366 995 stuporem
3420 926 3521 977 im-

1968 1021 2189 1088 pellere,
2234 1030 2327 1073 aut
2379 1022 2519 1088 quod
2568 1020 2789 1073 excedat
2844 1017 3283 1071 moderationem.
3340 1016 3524 1071 Potius

1967 1110 2329 1179 gratissimum
2368 1110 2521 1162 nobis
2557 1118 2657 1172 est,
2690 1109 2831 1176 quod
2858 1106 3123 1174 ejusmodi
3153 1106 3372 1159 affectos
3418 1106 3525 1159 fra-

1970 1210 2078 1253 tres
2107 1201 2419 1263 habeamus,
2447 1201 2536 1268 qui
2567 1200 2634 1253 de
2665 1199 2914 1252 ﬂuctibus
2944 1199 3098 1251 istius
3128 1198 3251 1251 vitae
3282 1212 3521 1250 emerse-

1969 1299 2131 1353 runt,
2166 1300 2220 1341 ct
2264 1305 2355 1357 per
2394 1299 2444 1343 te
2489 1291 2714 1357 cupiunt
2766 1290 2818 1341 in
2858 1300 3070 1358 portum
3130 1288 3528 1357 tranquillitatis

1969 1390 2023 1433 et
2052 1382 2173 1433 vitae
2204 1380 2583 1450 philosophica
2614 1381 2827 1435 deduci.
2873 1381 2953 1433 Me
2989 1382 3208 1434 morbus
3233 1380 3419 1433 habuit
3460 1380 3524 1441 (si

1971 1472 2218 1525 morbum
2266 1483 2464 1536 tamen,
2509 1482 2564 1525 et
2602 1489 2708 1525 non
2753 1474 2941 1524 mortis
2984 1473 3163 1541 potius
3204 1472 3524 1524 vestibulum

1970 1562 2152 1615 dicere
2195 1563 2437 1631 debeam)
2471 1574 2653 1617 acutus
2705 1573 2757 1617 et
2810 1564 3230 1632 inexspectatus.
3278 1561 3382 1615 Sed
3430 1578 3524 1631 per

1976 1665 2181 1706 vestras
2209 1670 2416 1722 preces,
2444 1655 2509 1707 de
2554 1655 2841 1707 acerbitate
2881 1655 3076 1722 aliquid
3122 1654 3359 1715 remisit;
3416 1652 3525 1704 Deo

310 1744 512 1814 ζῶμεν,
542 1749 587 1799 εἰ
613 1749 704 1801 καὶ
731 1749 796 1801 τὰ
824 1749 1046 1818 λείψανα
1074 1750 1164 1803 τοῦ
1205 1750 1407 1813 πάθους
1449 1752 1526 1803 ἔτι
1563 1753 1868 1822 παραλυπεῐ
1897 1716 1940 1773 Β
1970 1762 1983 1796 (

1853 1716 1868 1804 ξ
1897 1716 1940 1773 Β
1970 1746 2185 1797 demum
2220 1746 2286 1798 de
2328 1746 2464 1798 ςωιο
2506 1746 2638 1797 mihi
2667 1746 2826 1797 vitam
2868 1747 2932 1798 ad
2962 1745 3352 1813 pmnitentiam,
3384 1745 3526 1811 quod

309 1836 370 1887 τὸ
394 1841 683 1907 σωμάτιον.

873 2121 1095 2175 ΕΠΙΣΤ.
1138 2123 1266 2189 ις’.

611 2210 922 2280 [νικηφόρῳ
948 2215 1261 2282 φιλοσόφῳ
1291 2214 1555 2283 μοναχῷ.

1967 1838 2259 1904 optaverim
2290 1838 2510 1901 factum,
2546 1849 2841 1891 annuente.
2888 1837 3149 1903 Quocirca
3177 1837 3404 1890 vivimus
3428 1837 3524 1889 ad—

1966 1928 2092 1992 huc,
2142 1931 2267 1983 licet
2322 1930 2455 1982 mihi
2502 1931 2880 1999 corpusculum
2932 1930 3170 1997 reliqui-ai
3210 1929 3351 1981 illius
3402 1928 3524 1980 mali

1970 2020 2105 2074 male
2136 2021 2369 2074 habeant
2408 2019 2681 2074 allectum.

2522 2129 2733 2182 EPIST.
2786 2128 2966 2181 XCVI.

2290 2221 2581 2288 Nicephoro
2620 2221 2916 2289 philosopho
2946 2220 3209 2273 monacho.

1510 2332 1772 2382 Montacut.
1800 2336 1899 2395 (cp.
1923 2334 2031 2393 2.37,
2053 2349 2102 2397 p.
2124 2337 2255 2395 358).

390 2432 782 2501 ’Δμηχανοῦντί
813 2452 902 2504 μοι
958 2437 1053 2489 καὶ
1108 2437 1482 2507 ἀπορουμένῳ,
1538 2442 1630 2491 καὶ
1664 2441 1860 2509 ἀσχάλ-

2031 2441 2269 2493 llaerenti
2321 2442 2450 2495 mihi
2500 2443 2699 2505 dubio,
2740 2451 2794 2494 et
2850 2440 3116 2494 vacillanti
3161 2439 3227 2493 de
3280 2454 3521 2492 mearum

306 2524 449 2576 λοντι
483 2528 607 2595 περὶ
634 2527 703 2578 τὰ
748 2528 868 2579 κατ’
901 2529 1135 2598 ἐμαυτὸν
1156 2531 1283 2600 (ὲμά
1317 2530 1424 2599 γὰρ
1473 2532 1539 2584 τὰ
1584 2532 1677 2586 τοῦ
1726 2533 1860 2602 ὲμοῦ
1957 2549 1979 2585 Ι·

1957 2546 2135 2585 rerum
2176 2540 2316 2587 statu
2360 2539 2498 2601 (mea
2529 2534 2669 2587 enim
2702 2541 2847 2595 sunt,
2870 2531 3028 2585 velim
3060 2531 3244 2593 nolim,
3275 2545 3395 2599 quae
3422 2530 3527 2584 mei
3567 2518 3576 2523 ’

307 2617 554 2684 αἵματος,
587 2618 690 2669 κᾶν
725 2619 797 2687 μὴ
827 2619 1007 2686 θέλω),
1044 2622 1135 2673 καὶ
1183 2624 1282 2674 ὃσα
1325 2624 1469 2688 πάθη
1502 2625 1710 2693 συνέχει
1740 2626 1862 2686 τοὺς

308 2706 490 2771 φίλους
520 2748 531 2765 ,
569 2708 906 2777 παραμύθιον
927 2705 1060 2779 ἧκεν
1085 2708 1243 2775 (εἶδες
1281 2714 1461 2781 καινὰ)
1488 2718 1549 2766 ὲκ
1575 2715 1862 2784 συμφορῶν

308 2797 656 2863 πολυτρόπων
704 2801 1005 2868 ἠρτημένον
1034 2802 1205 2868 φίλου.
1254 2804 1401 2871 Ἐλθὲ
1430 2804 1491 2874 δὴ
1527 2804 1638 2868 οὖν,
1680 2805 1865 2874 ὥσπερ

308 2888 541 2957 ᾔτησας·
575 2890 693 2942 ἐλθὲ
722 2893 819 2961 τὴν
849 2893 1105 2963 ταχίστην
1131 2912 1143 2925 ο
1174 2897 1229 2946 έν
1263 2896 1418 2965 μέρει
1467 2897 1564 2965 μὲν
1596 2898 1722 2959 ἴσως
1743 2899 1863 2966 (σὺν

306 2978 425 3045 Θεῷ
453 2980 507 3031 δὲ
536 2980 719 3050 φάναι)
745 2985 841 3050 τὴν
868 2984 1183 3054 ἀπαλλαγὴν
1216 2986 1460 3055 εὑρήσων
1484 2988 1589 3040 τῶν
1619 2990 1860 3057 παραλυ-

309 3071 582 3125 ποὺντωνο
632 3076 687 3126 ὲν
726 3076 879 3145 μέρει
911 3077 966 3129 δὲ
1007 3079 1100 3129 καὶ
1127 3080 1274 3146 ἡμᾶς
1325 3081 1389 3149 τῇ
1414 3081 1542 3151 φίλῃ
1594 3082 1861 3151 παρουσίᾳ

308 3162 406 3229 τῆς
429 3163 761 3217 πολυωδύνου
787 3165 1058 3235 κουφίζων
1078 3169 1330 3237 ἀθυμίας.

908 3368 1127 3420 ΕΠΙΣΤ.
1170 3373 1279 3435 ιιῑο.

934 3457 1021 3523 Τῷ
1067 3459 1244 3525 αὐτῷ.

1959 2624 2234 2692 sanguinis
2264 2628 2431 2691 sunt),
2469 2632 2523 2675 et
2565 2630 2696 2691 quot
2741 2622 2895 2673 malis
2924 2621 3081 2672 amici
3130 2627 3523 2689 premerentur,

1961 2715 2110 2767 venit
2140 2715 2390 2768 solatium
2437 2715 2578 2783 (vide
2621 2714 2695 2766 rei
2727 2714 3041 2779 novitatem)
3074 2727 3102 2764 a
3140 2710 3527 2779 multiplicibus

1892 2841 1933 2896 C
1968 2805 2070 2859 illis
2120 2807 2273 2859 malis
2321 2807 2516 2874 quibus
2555 2807 2757 2859 amicus
2804 2805 3092 2873 urgebatur
3134 2820 3145 2855 :
3181 2803 3302 2855 veni
3347 2814 3526 2855 autem

1966 2897 2118 2965 juxta
2147 2898 2289 2964 quod
2320 2898 2629 2965 expetebas,
2659 2906 2713 2949 et
2737 2897 3015 2949 celerrime
3043 2894 3256 2962 quidem
3290 2893 3408 2947 veni
3460 2895 3527 2945 ad

1978 2997 2155 3056 partes
2188 2988 2529 3051 inventurus,
2562 2988 2771 3041 favente
2796 2988 2925 3050 Deo,
2954 2987 3325 3040 liberationem
3367 2984 3432 3037 ab
3464 2983 3527 3035 iis

1966 3096 2085 3147 quae.
2123 3095 2352 3134 maerore
2400 3090 2449 3133 te
2473 3080 2710 3133 alliciunt
2738 3096 2748 3127 :
2782 3079 2902 3132 veni
2932 3078 3091 3131 etiam
3126 3078 3177 3129 in
3207 3086 3384 3143 partes
3405 3076 3528 3128 alle-

1968 3169 2143 3223 viandi
2198 3185 2291 3237 per
2333 3172 2560 3225 amicam
2599 3180 2741 3223 tuam
2775 3169 3113 3239 praesentiam
3155 3166 3525 3221 multimodam

1969 3263 2259 3315 tristitiam.

2513 3375 2724 3427 EPIST.
2768 3374 2975 3428 XCVII.

2650 3466 2827 3519 Eidem
2838 3506 2850 3519 .

1528 3581 1792 3632 Montacut.
1829 3582 1930 3646 (ep.
1964 3582 2072 3643 258,
2105 3596 2151 3643 p.
2188 3582 2319 3643 559).

391 3678 449 3730 Ὀ
474 3677 570 3747 μὲν
612 3676 816 3747 χειμὼν
841 3679 1104 3746 ἐγεγόνει,
1128 3683 1219 3734 καὶ
1248 3686 1345 3751 τὴν
1387 3689 1657 3754 χειμέριον
1694 3690 1854 3757 ὥραν,

309 3768 497 3835 ὥσπερ
525 3769 792 3838 ἐπιτηδὲς,
824 3772 921 3831 τὰς
947 3771 1045 3843 σᾴς
1078 3777 1511 3841 προαναστέλλων
1532 3780 1631 3846 τῆς
1668 3780 1861 3849 βραδὺ-

310 3876 467 3925 τητος
494 3860 689 3923 αἰτίας,
724 3860 830 3929 ἀὴρ
860 3859 1031 3923 εὑδιος
1055 3862 1357 3933 ὑπεδέχετο.
1388 3868 1495 3918 Καὶ
1525 3871 1726 3937 χειμὼν
1761 3872 1861 3923 πά-

311 3951 393 4001 λιν
421 3950 538 4001 καθ’
572 3951 725 4019 ἡμῶν
750 3953 947 4017 πολλὰς
977 3956 1201 4023 νιφὰδας
1226 3956 1498 4026 λογισμῶν
1527 3961 1706 4027 ἀφιεὶς
1734 3980 1862 4015 κατ-

314 4041 635 4108 ερρήγνυτο.
663 4041 725 4090 Τί
756 4042 812 4092 δὲ
838 4044 1059 4110 γέγονε;
1084 4047 1153 4113 μή
1182 4064 1233 4097 τι
1256 4048 1361 4098 τῶν
1386 4050 1658 4116 ἀδοκήτων
1687 4053 1863 4121 ἀπήν-

312 4145 473 4194 τησε;
514 4132 640 4197 μήτι
668 4131 859 4199 συνέϐη
890 4133 989 4182 τῶν
1020 4135 1372 4202 μολυσμάτων
1393 4148 1427 4167 ω
1454 4155 1466 4201 ;
1520 4141 1624 4209 ἄρα
1660 4143 1713 4193 δὲ
1739 4143 1861 4211 θερ-

2044 3689 2276 3742 Transiit
2315 3688 2509 3749 hiems,
2550 3698 2604 3742 et
2651 3689 2930 3742 hibernam
2978 3698 3345 3757 tempestatem
3380 3690 3524 3745 illam

1968 3783 2259 3837 admodum
2294 3800 2533 3854 congrue
2569 3793 2672 3838 tum
2697 3785 2959 3839 tarditatis
2987 3801 3176 3840 causas
3202 3787 3519 3851 discutiens,

1966 3878 2160 3931 sudum
2215 3876 2409 3930 coelum
2460 3888 2701 3929 secutum
2731 3886 2834 3930 est.
2888 3877 3093 3930 Rursus
3116 3888 3292 3931 tamen
3325 3879 3379 3930 in
3426 3895 3523 3932 nos

1968 3968 2140 4021 hiems
2198 3968 2579 4037 cogitationum
2614 3968 2767 4021 nives
2806 3980 2859 4022 et
2894 3970 3094 4023 imbres
3128 3970 3349 4022 immisit
3400 3986 3519 4024 cum

1970 4058 2197 4128 fragore.
2233 4058 2370 4121 Quid
2418 4069 2595 4112 autem
2629 4060 2823 4113 factum
2853 4062 2873 4125 2
2905 4059 3040 4113 Num
3077 4062 3275 4129 aliquid
3329 4063 3523 4115 accidit

1971 4150 2301 4217 insperatum
2325 4151 2345 4201 ?
2374 4167 2500 4203 num
2527 4151 3011 4219 impedimentum?
3039 4168 3164 4203 num
3194 4153 3308 4204 sine
3331 4169 3521 4222 magna

317 4216 419 4284 μὴν
447 4216 584 4269 οὕτω
608 4219 741 4287 πρὸς
762 4220 857 4288 τὴν
880 4223 1059 4274 ἄνοδον
1082 4225 1276 4293 ὁρμὴν,
1294 4227 1418 4278 ἄνευ
1443 4231 1678 4299 μεγάλης
1698 4234 1862 4298 ἀνάγ·
1897 4216 1937 4269 D
1969 4253 1990 4287 r

1848 4263 1862 4271 -
1897 4216 1937 4269 Ῑ)
1969 4216 2288 4291 necessitate
2337 4239 2511 4306 aliqua
2546 4216 2825 4307 quiescere
2878 4242 3049 4309 potuit
3081 4251 3257 4294 tantus
3283 4243 3373 4295 ille
3423 4216 3521 4297 im-

312 4322 432 4373 κης,
464 4307 586 4372 ἐνῆν
610 4308 894 4375 ήσυχάσαι.
925 4311 1209 4375 Τοιαὺταις
1240 4316 1395 4382 ἡμεῖς
1424 4317 1470 4366 οἱ
1500 4317 1601 4367 ὑπὸ
1634 4322 1729 4385 τῆς
1768 4321 1860 4369 εὑ-

312 4394 428 4455 δίας
454 4396 949 4465 ὲκκλυδωνιζὸμεθα
972 4402 1265 4467 φροντίσιν.
1308 4406 1365 4455 Ὀ
1398 4407 1504 4474 γὰρ
1529 4408 1741 4475 τρόπος,
1766 4411 1862 4460 οὑκ

311 4481 403 4535 οἷδ’
433 4485 572 4545 ὅθεν,
610 4487 735 4554 ὑμῖν
766 4491 1093 4558 παρακύψας
1133 4503 1181 4554 η,
1212 4494 1348 4562 τάχα
1376 4496 1430 4546 δὲ
1464 4499 1526 4549 ὲκ
1569 4502 1665 4567 τῆς
1707 4518 1862 4567 ποιη-

310 4574 465 4641 τικῆς
500 4577 805 4645 ἐντρεχείας
830 4594 842 4608 ο
876 4582 1185 4647 συνεφεῖλκε
1212 4585 1318 4653 γὰρ
1349 4586 1497 4654 αὑτῷ
1518 4590 1610 4639 καὶ
1652 4590 1861 4657 στίχους

312 4663 409 4730 τῆς
438 4664 644 4716 ἐκεῖθεν
666 4668 1061 4736 πεποιημένους
1094 4672 1290 4735 ἀδείας,
1323 4675 1507 4745 ὥσπερ
1538 4679 1861 4748 ἐπιγαυρού-

316 4770 470 4819 μενος
491 4754 567 4822 τῷ
611 4756 777 4821 γένει,
811 4760 902 4809 καὶ
944 4761 1247 4825 ἐπιδεικνὺς
1298 4767 1425 4834 ἡμῖν
1454 4768 1514 4820 τὸ
1548 4770 1858 4839 αὐτόνομον.

327 4842 463 4894 Ἀλλ’
493 4841 586 4895 οὖν
621 4840 773 4909 οὗτος
826 4848 976 4901 οὑπω
1006 4855 1115 4914 τοῖς
1148 4854 1527 4924 ἀγροικότερον
1556 4859 1682 4921 ἴσως
1709 4864 1861 4929 ἡμῖν,

312 4935 442 4999 πρὸς
467 4935 533 4986 τὰ
559 4936 782 4989 τοιαῦτα
818 4939 1038 5007 βιοῦσιν,
1074 4944 1318 5013 οὐδαμῶς
1363 4951 1671 5019 παρρησίαν
1708 4952 1863 5022 έσχεν

312 5026 629 5077 ἐπεισιέναι·
663 5029 845 5097 σχῆμα
884 5034 1200 5099 προφάσεως
1242 5038 1555 5108 ὑποτρέχων
1601 5044 1858 5113 μᾶλλονῆ

311 5116 486 5169 αἰτίαν
510 5117 644 5186 έχων
669 5120 827 5172 πόθεν
854 5124 1185 5190 ἐμφανίζειν.
1216 5128 1321 5180 Καὶ
1350 5129 1502 5184 οὔπω
1530 5132 1687 5199 λέγω,
1715 5135 1789 5197 ὡς
1815 5139 1861 5187 εί

314 5207 411 5273 μὲν
440 5207 467 5258 ό
496 5207 697 5276 χειμὼν
728 5211 952 5279 ἀπεῖργε
975 5231 988 5245 ο
1047 5218 1296 5285 περιττὸν
1343 5222 1370 5271 ό
1399 5223 1594 5290 τρόπος
1614 5241 1627 5252 ·
1683 5227 1730 5277 εί
1760 5226 1804 5277 δ’
1835 5228 1863 5278 ό

309 5296 404 5365 τῆς
438 5298 620 5349 ἀνόδου
652 5302 869 5370 τρόπος,
891 5305 988 5356 οὑκ
1008 5303 1102 5358 οἶδ’
1141 5309 1285 5371 ὃπως
1314 5312 1690 5382 ἀγνοούμενος,
1718 5320 1863 5370 ἐπεῖ-

311 5404 391 5453 χε,
424 5388 769 5456 παρέλκουσα
802 5395 1071 5463 πρόφασις
1101 5400 1133 5467 ἡ
1167 5401 1257 5452 τοῦ
1306 5405 1569 5473 χειμῶνος
1598 5408 1684 5476 βία
1708 5427 1721 5439 ·
1753 5412 1860 5463 οὐδ’

304 5479 385 5529 ὅτι
412 5477 548 5545 μετά
578 5478 774 5542 πολλὰς
803 5483 1033 5554 ἡμέρας,
1063 5489 1155 5539 καὶ
1186 5491 1427 5559 περίοδον
1468 5494 1605 5548 οὕτω
1646 5502 1859 5567 μακρᾶς

1967 4336 2120 4394 pctus
2144 4337 2303 4395 atque
2334 4329 2491 4380 ardor
2522 4330 2586 4381 ad
2620 4344 2916 4395 regressum
2948 4330 2970 4380 ?
2997 4328 3212 4383 Talibus
3250 4346 3347 4384 nos
3378 4334 3521 4386 curis

1963 4427 2018 4469 et
2068 4419 2449 4486 cogitationum
2480 4419 2906 4485 tempestatibus,
2956 4420 3115 4471 etiam
3167 4436 3289 4473 cum
3323 4424 3518 4475 sudum

1967 4518 2103 4572 erat,
2129 4511 2481 4576 jactabamur.
2529 4510 2712 4562 Modus
2742 4510 2907 4571 enim,
2938 4511 3121 4563 nescio
3150 4512 3309 4574 unde,
3339 4528 3396 4565 se
3428 4528 3517 4565 vo-

1965 4596 2049 4649 bis
2079 4614 2174 4665 per
2200 4600 2527 4667 crepidinem
2557 4601 2866 4665 ostentavit,
2902 4601 3143 4655 fortassis
3190 4604 3256 4656 ab
3290 4604 3518 4657 assidui-

1966 4698 2071 4741 tate
2124 4691 2374 4757 poetiea;
2410 4707 2512 4743 una
2566 4691 2707 4743 enim
2758 4707 2938 4745 secum
2984 4695 3285 4747 attrahebat
3333 4710 3516 4748 versus

1964 4781 2222 4847 quosdam
2274 4782 2501 4835 licentia:
2539 4782 2681 4850 apud
2710 4792 2894 4850 poetas
2924 4794 3214 4852 usurpata},
3247 4786 3397 4853 quasi
3426 4803 3516 4855 ge-

1964 4871 2109 4923 neris
2167 4872 2399 4924 elatione
2426 4882 2657 4931 tumens.
2696 4880 2746 4925 et
2786 4874 2941 4925 nobis
2972 4875 3254 4927 ostendere
3308 4877 3513 4941 volens,

1965 4974 2125 5025 quam
2156 4960 2224 5012 sit
2256 4960 2391 5026 juris
2419 4961 2499 5015 sui
2553 4973 2606 5015 et
2661 4964 2959 5029 potestatis.
2990 4963 3369 5017 Verumtamen
3420 4966 3519 5020 iste

1964 5050 2157 5102 modus
2218 5052 2453 5104 nondum
2486 5054 2616 5105 satis
2648 5054 2908 5107 libertatis
2957 5064 3145 5109 nactus
3174 5066 3275 5120 est,
3305 5058 3370 5111 ad
3420 5074 3518 5113 nus

1963 5141 2295 5209 ingrediendi
2326 5144 2435 5211 (qui
2457 5146 2622 5213 magis
2653 5146 2833 5199 rustici
2857 5147 3021 5200 moris
3044 5148 3250 5215 sumus)
3282 5150 3515 5216 speciem

1965 5233 2249 5300 quamdam
2302 5244 2591 5303 prmtextus
2628 5238 2805 5304 potius
2844 5238 3081 5302 subiens,
3123 5255 3284 5308 quam
3335 5258 3511 5295 veram

1964 5339 2175 5377 causam
2205 5323 2427 5388 habens,
2462 5328 2603 5379 unde
2637 5328 3031 5382 manifestetur.
3068 5329 3315 5384 Nondum
3352 5332 3508 5396 addo,

1962 5416 2103 5485 quod
2144 5416 2185 5468 si
2215 5418 2489 5484 prohibuit
2523 5419 2711 5483 hiems,
2741 5421 2934 5473 frustra
2958 5433 3037 5475 est
3066 5423 3138 5475 rei
3168 5423 3360 5477 modus
3392 5442 3405 5488 ;
3430 5426 3510 5478 sin

1968 5508 2244 5576 ignoratus
2271 5519 2447 5565 autem
2468 5511 2799 5581 regrediendi
2822 5514 3016 5568 modus
3038 5513 3291 5580 inhibuit,
3317 5515 3509 5569 hiemis

1596 5650 1823 5706 VARI/E
1864 5653 2260 5715 LECTIONES.

376 5748 391 5787 1
432 5748 514 5803 ἶσ.
551 5754 1000 5824 παραπέμψαιμι.
1080 5772 1115 5796 ιη
1156 5760 1240 5815 lo:
1275 5762 1631 5832 κωλυμάτων.
1707 5766 1839 5819 Ι’ἴση
1884 5770 2184 5841 παρέκυψε.

544 5843 808 5905 Parnm“
857 5852 972 5910 Gn.
1016 5850 1138 5911 Cll.

3034 5876 3109 5935 29
