4236 6436
771 303 881 364 ’907

1916 300 2171 361 ΡΗΟΤΙΙ
2214 300 2712 361 PATRIARCH/E
2749 303 2856 362 ΟΡ.

3892 312 3992 373 908

782 417 867 469 illa
900 414 981 467 vis
1016 421 1304 481 prmtextus
1326 422 1411 465 est
1449 423 1815 479 supervacuus
1847 426 1859 461 :
1898 424 2005 463 non
2033 410 2175 477 quod
2221 420 2341 477 post
2368 417 2455 471 A1

2322 420 2341 462 t
2368 417 2415 471 Α
2440 411 2795 480 προθεσμίας,
2820 415 2852 482 ἡ
2882 410 2977 466 τοῦ
3014 415 3216 483 τρόπου
3241 415 3474 487 μάθησις
3514 417 3607 470 νῦν
3635 419 3989 488 ἐπιζητεῖ-ται.

782 508 979 561 multos
1022 504 1139 559 dies
1165 514 1216 557 et
1244 502 1523 572 periodum
1572 512 1677 555 tam
1725 501 1863 571 longi
1891 501 2147 570 propositi
2192 501 2333 553 modi

781 596 1015 665 cognitio
1040 595 1150 664 jam
1186 593 1396 646 tandem
1429 591 1733 661 inquiritur.
1779 591 1883 645 Sed
1919 593 2040 656 hoc,
2083 592 2158 646 uti
2184 593 2333 645 dixe-

781 704 897 743 ram
928 686 1118 742 omitto
1144 702 1161 750 ;
1216 698 1336 737 cum
1361 684 1471 752 jam
1501 683 1789 736 cessaverit
1821 682 2009 745 hiems,
2041 693 2095 737 et
2140 683 2334 737 coelum

782 783 975 837 sudum
1006 778 1146 832 diem
1178 776 1402 829 ridendo
1449 776 1775 829 serenaverit
1807 792 1821 839 ;
1862 791 2123 844 nusquam
2158 786 2334 830 tamen

782 880 1056 940 comparet
1110 869 1335 931 amicus,
1366 877 1420 919 et
1478 866 1597 919 ideo
1630 867 1947 921 obnubilum
1978 875 2034 919 et
2086 868 2335 921 tetricum

783 979 967 1018 rursus
998 963 1116 1031 ejus
1149 960 1351 1013 vultum
1382 956 1525 1010 facit.
1562 956 1627 1011 Et
1661 965 1841 1012 tamen
1873 960 1918 1012 si
1949 972 1978 1011 a
2013 972 2172 1011 scena
2208 973 2335 1026 pro-

782 1056 1020 1125 spexerit
1049 1054 1310 1123 apologia,
1333 1060 1386 1105 et
1420 1051 1710 1120 praeclarus
1734 1050 1820 1104 ille
1849 1066 1962 1105 mos
1988 1064 2045 1103 se
2072 1065 2179 1103 una
2210 1065 2334 1104 cum

784 1155 1101 1216 tempestate
1152 1144 1444 1199 choreuten
1472 1142 1663 1212 prodat
1692 1160 1706 1205 ;
1752 1141 1882 1194 mihi
1905 1140 2202 1209 jucundum
2228 1150 2333 1203 est,

782 1240 825 1292 si
854 1239 931 1291 sic
961 1238 1046 1290 vel
1090 1235 1144 1288 in
1176 1250 1333 1289 scena
1358 1244 1537 1304 agant.
1589 1234 1721 1288 Cum
1762 1234 1907 1287 enim
1945 1243 2089 1289 esset
2149 1233 2332 1303 procul

782 1328 945 1383 dubio
975 1326 1139 1389 aliud,
1170 1326 1313 1395 quod
1344 1326 1586 1389 doleret,
1617 1334 1671 1379 et
1706 1325 1995 1379 adventum
2020 1332 2199 1394 posset
2236 1323 2335 1378 de-

784 1420 976 1481 tinere,
1031 1432 1127 1486 per
1155 1417 1480 1472 amotionem
1521 1432 1549 1469 a
1589 1416 1780 1484 seipsis
1808 1416 1950 1469 illius
1968 1430 2172 1480 causai,
2198 1414 2333 1467 libe-

782 1508 1043 1561 rationem
1082 1514 1135 1559 et
1165 1507 1556 1573 exemptionem
1584 1504 1859 1559 indicavit.
1883 1504 2143 1559 Gaudium
2172 1518 2332 1572 porro

782 1598 1013 1666 gaudere
1038 1596 1305 1649 sincerum
1335 1611 1365 1648 e
1403 1596 1597 1648 litteris
1624 1595 1808 1648 datum
1838 1605 1919 1648 est
1947 1595 2029 1658 iis,
2058 1594 2149 1663 qui
2186 1610 2217 1648 e
2246 1594 2332 1647 lit-

785 1687 914 1739 teris
936 1687 1040 1739 tnis
1068 1684 1383 1749 resciscunt,
1402 1694 1455 1737 te
1477 1685 1791 1738 meliuscule
1810 1687 1876 1738 de
1899 1685 2087 1739 morbo
2109 1684 2330 1745 habere,

781 1791 810 1829 a
843 1788 949 1843 quo
978 1773 1208 1841 optarim
1243 1782 1294 1827 te
1346 1775 1582 1843 perfecte
1620 1774 1855 1839 liberari,
1892 1775 1991 1828 sub
2019 1775 2329 1828 conditione
2361 1752 2403 1807 Β

782 1882 851 1921 ne
874 1868 1128 1939 deinceps
1160 1867 1357 1937 aliquid
1384 1868 1487 1921 tale
1512 1869 1841 1923 committas.

1311 1978 1519 2034 EPIST.
1563 1978 1789 2033 XCVIII.

861 2070 1144 2139 Nicephoro
1185 2071 1481 2140 philosOpho
1528 2072 1934 2127 monachismum
1980 2072 2240 2139 amplexo.

2447 501 2551 552 Ἐῶ
2580 500 2678 568 μὲν
2714 500 2826 564 οὖν,
2854 501 3042 573 ῶσπερ
3070 503 3225 574 ἔφην,
3266 504 3455 559 ταῦτα.
3501 506 3660 559 Ἀλλά
3704 508 3812 577 γάρ
3840 512 3869 561 6
3899 510 3992 578 μὲν

2435 588 2640 658 χειμὼν
2670 590 2889 659 ἠρέμει,
2934 598 3028 645 καὶ
3059 593 3287 662 γαληνὸν
3335 594 3597 663 μειδίαμα
3645 594 3745 666 τὴν
3782 597 3993 667 ἡμέραν

2433 682 2647 749 διεγέλα
2666 699 2679 712 ⁸
2716 682 2909 752 παρὼν
2930 684 2977 736 δ’
2993 687 3022 737 6
3052 686 3202 753 φίλος
3225 686 3459 755 οὐδαμοῦ
3484 688 3804 757 σκυθρωπὸν
3824 689 3993 755 αὐτῆς

2434 774 2526 823 καὶ
2560 772 2782 840 στυγνὸν
2839 774 2900 826 τὸ
2938 776 3229 845 πρόσωπον
3286 776 3608 831 ὑπεδείκνυο
3652 778 3792 848 πλὴν
3820 780 3869 831 εί
3905 784 3993 831 καὶ

2436 862 2639 931 σκηνῆς
2669 863 3007 932 προέκυπτεν
3039 869 3072 934 ἡ
3096 866 3379 933 ἀπολογία,
3404 869 3496 920 καὶ
3528 870 3556 920 ὁ
3597 868 3761 931 καλὸς
3792 870 3992 937 τρόπος

2437 952 2796 1023 συγχορευτὴν
2813 954 3004 1006 ἑαυτὸν
3023 954 3257 1007 ὑπέϐαλε
3277 955 3370 1007 τοῦ
3395 955 3660 1024 χειμῶνος
3680 972 3697 987 ο
3722 957 3837 1010 ἀλλ’
3861 960 3992 1026 ἡμῖν

2434 1061 2499 1111 γε
2533 1045 2627 1096 καὶ
2654 1043 2795 1098 οὕτω
2822 1047 2994 1116 χαρὰν
3046 1047 3353 1119 ἐπέστησαν
3409 1048 3708 1118 θεατρίσαι.
3770 1050 3992 1112 Πάντως

2434 1135 2543 1205 γάρ
2585 1135 2748 1188 ἄλλον
2780 1136 3243 1207 παραλυποῦντος,
3272 1141 3365 1191 καὶ
3396 1138 3622 1192 κωλύειν
3671 1140 3747 1202 ῶς
3779 1141 3992 1211 άληθῶς

2432 1229 2531 1298 τὴν
2552 1229 2732 1298 ἄφιξιν
2760 1230 3056 1301 δυναμένου
3081 1234 3146 1301 τῇ
3168 1232 3287 1284 καθ’
3315 1232 3520 1285 ἑαυτῶν
3547 1234 3874 1302 μεταστάσει
3898 1236 3992 1301 τῆς

2434 1320 2631 1386 αίτίας,
2680 1320 2999 1390 ἀπαλλαγὴν
3046 1324 3249 1392 ἐμήνυε
3300 1324 3394 1377 καὶ
3432 1324 3771 1395 ἐλευθερίανο
3818 1326 3993 1396 χαρὰν

2436 1410 2618 1479 μέντοι
2642 1430 2704 1480 γε
2739 1412 2977 1483 καθαρὰν
3000 1414 3169 1466 ἐδίδου
3198 1415 3430 1485 χαίρειν,
3460 1416 3524 1467 ἐκ
3547 1416 3640 1468 τοῦ
3666 1416 3993 1486 γράμματος

2435 1501 2665 1569 μαθοῦσι
2695 1505 2755 1556 τὸ
2785 1504 2913 1574 ῥᾷόν
2944 1521 3003 1555 σε
3046 1504 3167 1575 τῶν,
3186 1507 3505 1574 νοσημάτων
3554 1508 3719 1575 ἔχειν,
3752 1512 3845 1559 καὶ
3877 1509 3992 1574 εἴης

2431 1593 2563 1661 ἡμῖν
2594 1593 2732 1661 μετὰ
2754 1592 2846 1646 τοῦ
2882 1592 3048 1663 μηδὲν
3076 1593 3157 1646 ἔτι
3208 1594 3446 1647 τοιοῦτον
3494 1594 3882 1665 διαμαρτάνειν
3915 1598 3992 1657 εις

2431 1680 2493 1733 τὺ
2522 1681 2728 1733 τέλειον
2745 1682 3186 1752 ἀπηλλαγμένος.

3014 1976 3234 2029 ΕηιΣτ.
3266 1979 3385 2044 ιη’.

2709 2068 3020 2137 Νικηφόρφ
3048 2069 3360 2137 φιλοσόφῳ
3385 2069 3715 2139 μον-ἀίοντι,

1987 2189 2249 2237 Montacut.
2271 2189 2373 2251 (ep.
2395 2186 2506 2247 2H,
2527 2199 2577 2248 p.
2598 2184 2731 2247 365).

849 2292 1077 2346 Pavidus
1119 2306 1201 2347 est
1239 2292 1305 2346 ad
1342 2292 1629 2346 amicitiam
1666 2293 2137 2357 contrahendum;
2189 2293 2331 2345 timi-

778 2387 895 2439 dior
941 2399 1063 2454 erga
1096 2398 1269 2437 meam
1320 2384 1745 2453 dispositionem.
1784 2382 1863 2436 Tu
1901 2394 2079 2436 autem
2109 2383 2229 2437 vide
2277 2384 2331 2437 in

776 2484 1035 2547 quantum
1066 2491 1165 2546 ego
1213 2476 1307 2529 tibi
1340 2475 1573 2541 conﬁdo,
1603 2491 1725 2529 cum
1754 2490 1855 2530 nec
1885 2476 2193 2545 pavescenti
2232 2490 2329 2544 pe-

776 2568 1061 2639 percerim,
1095 2568 1186 2621 sed
1215 2566 1440 2620 ulterius
1474 2567 1650 2621 adhuc
1670 2575 1725 2621 et
1756 2568 1893 2621 alius
1915 2568 2216 2621 timiditatis
2242 2583 2331 2621 se-

779 2659 923 2712 mina
970 2659 1209 2727 jaciam;
1259 2657 1313 2709 in
1382 2673 1487 2726 quo
1537 2658 1875 2711 timiditatem
1944 2658 2331 2726 reprehendam

776 2760 831 2804 et
865 2749 1130 2818 exagitem
1164 2766 1175 2799 :
1214 2748 1307 2801 sed
1339 2758 1395 2801 tu
1434 2746 1656 2801 viriliter
1696 2762 1813 2816 age,
1852 2748 1990 2811 vale,
2019 2756 2076 2801 et
2099 2762 2185 2801 me
2205 2762 2329 2800 eum

775 2856 892 2894 esse
945 2840 1200 2909 intellige,
1248 2853 1407 2908 quem
1456 2854 1560 2891 non
1613 2838 1907 2891 existimas.
1966 2836 2102 2891 Cum
2147 2847 2327 2891 tamen

2504 2291 2687 2354 Δειλδς
2725 2291 2823 2361 μὲν
2846 2292 2926 2354 εἰς
2947 2290 3045 2362 τὴν
3074 2290 3273 2360 φιλίαν,
3300 2291 3595 2365 δειλότερος
3621 2294 3678 2347 δὲ
3734 2295 3861 2366 περὶ
3888 2295 3993 2366 τὴν

2429 2382 2705 2452 ἡμετέραν
2730 2381 2985 2435 διάθεσιν.
3024 2381 3164 2434 Ἀλλ’
3189 2382 3291 2450 ὅρα
3340 2385 3486 2453 ἡμᾶς
3515 2386 3595 2447 είς
3628 2385 3751 2437 ὅσον
3791 2402 3871 2438 σοι
3898 2404 3995 2438 τε-

2431 2472 2808 2543 θαρῤήκαμεν,
2837 2472 2917 2524 ὅτι
2950 2472 3045 2525 καὶ
3065 2471 3366 2535 δειλιῶντος
3404 2474 3464 2525 ού
3512 2474 3824 2544 φειδόμεθα,
3871 2476 3992 2529 ἀλλ’

2430 2562 2623 2634 ἑτέρας
2641 2562 2802 2615 πάλιν
2822 2561 3022 2625 δειλίας
3053 2562 3178 2625 ίσως
3203 2564 3646 2634 καταϐαλλόμεθα
3675 2566 3993 2636 σπέρματα,

2428 2655 2491 2707 τὸ
2518 2656 2689 2708 δειλὸν
2724 2655 3081 2724 ἐπιτιμῶντες
3104 2655 3198 2709 καὶ
3228 2656 3653 2722 ἐξονειδίζοντες.
3718 2659 3854 2711 Ἀλλ’
3888 2662 3996 2713 άν-

2429 2746 2611 2816 δρίζου
2642 2748 2736 2800 καὶ
2765 2747 2976 2818 ἔρρωσο
3001 2748 3093 2800 καὶ
3114 2748 3345 2815 γίνωσκε
3368 2750 3514 2819 ἡμᾶς
3542 2750 3639 2819 οὐχ
3666 2752 3811 2814 οἴους
3835 2753 3995 2821 νομίο

2431 2838 2545 2902 ζεις
2564 2854 2578 2868 ⁶
2606 2839 2722 2894 ἀλλ’
2745 2841 2867 2891 ἐπεὶ
2890 2842 2919 2892 6
2937 2839 3125 2908 παρὼν
3147 2841 3335 2910 καιρὸς
3352 2840 3453 2893 οὐκ
3477 2842 3731 2910 ἀποχρῶν
3757 2844 3871 2895 ἐστί
3899 2861 3993 2895 σοι

770 2947 1011 3002 praesens
1050 2933 1153 2985 hoc
1202 2940 1408 2999 tempus
1448 2945 1554 2983 non
1594 2929 1688 2983 tibi
1728 2929 1972 2995 suﬂiciat,
2005 2939 2064 2983 ut
2108 2929 2160 2983 in
2199 2930 2331 2999 opi-
2434 2950 2443 2981 ε

2321 2958 2331 2970 -
2434 2932 2570 3000 πρὸς
2592 2929 2881 2999 βεϐαίωσιν
2902 2930 3043 2994 οἴους
3065 2932 3093 2984 6
3130 2931 3408 3001 προσέχων
3432 2932 3553 3001 (σὺν
3582 2932 3699 3002 Θεῷ
3724 2932 3779 2985 δὲ
3801 2934 3994 3001 φάναι)

775 3026 934 3077 nione
965 3022 1316 3085 conﬁrmeris,
1340 3037 1498 3090 quam
1531 3024 1617 3090 qui
1648 3022 1838 3083 aderit,
1868 3022 2069 3091 aperiet
2106 3024 2187 3092 (ut
2207 3038 2328 3076 cum
2433 3023 2448 3075 ί

2324 3044 2328 3076 ι
2433 3023 2595 3086 δείξει
2621 3024 2719 3092 τὴν
2754 3023 2852 3093 σὴν
2877 3022 3075 3074 δειλίαν
3108 3022 3287 3092 ἔργοις
3337 3022 3687 3091 ἐλέγχονταςο
3735 3024 3795 3075 τὸ
3822 3025 3876 3075 δὲ
3911 3027 3997 3088 είς

774 3117 916 3169 bono
948 3116 1056 3168 Deo
1081 3116 1298 3180 dicam),
1328 3128 1447 3166 cum
1475 3113 1807 3166 timiditatem
1840 3123 1985 3167 tuam
2012 3129 2071 3168 re
2100 3122 2155 3168 et
2174 3130 2335 3182 opere
2362 3101 2407 3160 C
2434 3130 2447 3161 η

2323 3101 2407 3169 gC
2434 3113 2534 3182 τὴν
2560 3114 2813 3183 μάρτυρα
2848 3112 2947 3180 τῆς
2982 3111 3135 3179 ὑμῶν
3184 3112 3409 3180 εὐφυΐας
3450 3113 3811 3183 φιλοπόνημα,
3846 3118 3996 3167 κατά

774 3209 1099 3277 redarguet:
1149 3206 1241 3259 sed
1268 3206 1576 3273 diligentem
1615 3220 1831 3273 operam
1872 3221 1900 3258 a
1944 3215 1995 3259 te
2029 3206 2328 3275 impensam
2430 3223 2447 3257 σι

2323 3231 2328 3260 ι
2430 3205 2529 3275 τὴν
2560 3205 2657 3274 σὴν
2688 3203 2907 3268 ἀξίωσιν
2934 3204 3267 3266 ἐπελθόντες,
3300 3205 3398 3273 τῆς
3423 3206 3521 3274 μὲν
3566 3208 3815 3277 Ἀσιανῆς
3858 3225 3996 3260 σπο-

776 3300 828 3352 in
853 3308 1090 3351 sanctam
1127 3307 1411 3365 martyrem
1438 3296 1729 3359 laudando,
1757 3312 1878 3349 cum
1904 3311 2003 3366 pro
2034 3306 2122 3350 tua
2152 3297 2327 3361 digni-

775 3399 884 3443 tate
908 3402 1341 3459 percenseamus,
1376 3385 1598 3439 seminis
1643 3384 1863 3439 Asiatici
1890 3401 2106 3455 germen
2137 3387 2329 3455 genui-

773 3497 903 3535 num
956 3478 1403 3547 appreliendimus
1457 3479 1537 3546 (ut
1573 3476 1623 3530 id
1664 3476 1735 3529 ita
1797 3491 2070 3544 usurpem,
2126 3476 2328 3545 absque

775 3572 1045 3626 Musarum
1074 3570 1309 3623 nominis
1347 3568 1714 3638 usurpatione,
1745 3578 1797 3621 et
1823 3567 1937 3636 ipse
1969 3576 2142 3622 tecum
2176 3568 2328 3623 Asia-

773 3662 880 3714 tico
913 3675 1062 3714 more
1117 3669 1322 3729 agens).
1355 3659 1542 3712 Errata
1599 3658 1743 3711 nulla
1784 3658 1958 3719 video,
1991 3658 2092 3711 nisi
2146 3658 2328 3712 forsan

772 3750 829 3803 in
859 3749 1065 3819 syntaxi
1092 3765 1105 3809 ;
1131 3748 1270 3816 quod
1298 3757 1350 3800 et
1383 3748 1554 3817 ipsum
1594 3749 1861 3803 rarissime
1892 3749 2144 3802 indicavi.
2176 3750 2326 3815 Quod

772 3840 818 3893 si
864 3839 929 3893 ad
963 3840 1225 3893 sermonis
1274 3840 1665 3907 verborumque
1719 3840 2172 3908 pulchritudinem
2224 3841 2327 3894 hoc

2436 3298 2533 3367 ρᾶς
2554 3297 2648 3364 (ὡς
2671 3297 2736 3349 ἄν
2766 3312 2850 3358 τις
2876 3294 3020 3347 εἴποι
3051 3295 3184 3363 μηδὲ
3211 3295 3292 3364 τῷ
3324 3297 3554 3349 Μουσῶν
3591 3297 3812 3366 ὀνόματι
3846 3299 3994 3368 χρώ-

2434 3404 2615 3455 μενος,
2632 3386 2746 3455 ἅμα
2762 3387 2818 3439 δὲ
2839 3388 2930 3439 καὶ
2954 3385 3261 3450 άσιανίζων)
3280 3387 3506 3455 γνησίαν
3538 3389 3699 3458 γονὴν
3730 3391 3987 3461 κατειλή-

2432 3493 2648 3545 φαμεν·
2681 3477 3011 3546 σφαλμάτων
3056 3477 3110 3529 δὲ
3160 3478 3331 3541 οὐδὲν,
3382 3477 3519 3547 πλὴν
3567 3482 3719 3531 εῐπου
3766 3497 3818 3532 τι
3856 3486 3992 3551 περὶ

2431 3568 2678 3632 σύνταξιν
2703 3584 2715 3597 ·
2750 3568 2842 3621 καὶ
2868 3568 3026 3621 τοῦτο
3056 3570 3279 3622 σπάνιον
3318 3571 3801 3639 ὲπεσημηνάμεθα,
3838 3573 3902 3625 El
3931 3573 3990 3625 δέ

2429 3678 2479 3713 τι
2500 3661 2634 3731 πρὸς
2661 3660 2759 3730 τὴν
2788 3661 2952 3731 ἄλλην
2979 3660 3235 3730 καλλονὴν
3260 3662 3368 3713 τῶν
3411 3664 3686 3732 ῥημάτων,
3731 3664 3894 3716 καλὸν
3929 3666 3990 3716 ὃν

2428 3754 2575 3823 ὅμως
2610 3753 2854 3822 ὑστερεῖν
2892 3753 3086 3817 ὲδόκει,
3122 3754 3216 3807 καὶ
3245 3754 3402 3806 τοῦτο
3434 3756 3567 3823 πρὸς
3613 3756 3712 3824 τὴν
3746 3758 3987 3824 συγγενῆ

2437 3843 2647 3913 μορφὴν
2668 3843 2729 3895 τὸ
2766 3844 2921 3910 λόγου
2944 3843 3137 3905 κάλλος
3174 3843 3577 3913 μεθηρμόσατο.

774 3947 940 3985 unum
974 3931 1129 3984 laude
1174 3930 1393 3999 dignum
1429 3930 1670 3982 videatur
1692 3929 1901 3993 deesse,
1932 3939 2113 3984 tamen
2170 3936 2227 3984 et
2275 3932 2352 3985 sic
2390 3934 2454 3988 ad
2486 3950 2840 4005 congenerem
2880 3936 2947 3990 de
2994 3944 3188 3990 caetero
3258 3935 3715 4005 pulchritudinem
3759 3938 3984 3990 univer-

770 4037 885 4078 sam
907 4023 1085 4092 operis
1114 4019 1565 4090 pulchritudinem
1602 4021 1890 4088 copulavit.

1326 4123 1540 4178 EPIST.
1587 4124 1767 4179 XCIX.

1445 4212 1644 4267 Eidem.

3018 4126 3238 4181 sum.
3282 4128 3396 4195 ιθν.

3064 4214 3144 4279 Τῷ
3178 4215 3356 4280 αὐτῷ.

1971 4323 2233 4373 Montacut.
2260 4324 2362 4385 (ep.
2387 4324 2495 4383 243,
2519 4325 2723 4387 p.565).

837 4423 1300 4490 Quemadmodum
1372 4421 1862 4491 pusillanimitatem
1920 4430 2068 4475 tuam
2125 4438 2320 4492 negare
2353 4426 2398 4480 Ι)

768 4532 878 4569 non
930 4525 1099 4584 potes,
1131 4515 1201 4569 ita
1235 4514 1425 4583 nequis
1449 4512 1671 4566 inliciari
1703 4528 1787 4565 me
1833 4515 1971 4567 bene
2000 4513 2131 4567 satis
2158 4513 2224 4567 de
2271 4522 2321 4566 te

769 4624 1107 4676 persuasum,
1138 4618 1423 4677 antequam
1462 4623 1679 4663 suavem
1708 4607 1845 4660 hanc
1877 4606 2158 4675 epistolam
2188 4605 2321 4658 mis-

768 4701 960 4753 sitares
987 4716 1000 4752 :
1059 4699 1235 4768 passio
1270 4699 1382 4767 ipsa
1415 4699 1485 4752 ita
1509 4707 1591 4753 est
1622 4698 1921 4761 manifesta,
1951 4706 2008 4750 ut
2053 4697 2320 4750 volentem

766 4789 1191 4841 animadvertere
1223 4788 1390 4842 latere
1422 4804 1528 4841 non
1562 4791 1752 4858 possit.
1802 4790 1869 4841 At
1895 4786 2166 4855 quomodo
2203 4786 2317 4839 ﬁeri

766 4878 938 4945 possit
993 4886 1051 4929 ut
1108 4877 1161 4929 in
1215 4878 1447 4931 amicitia
1504 4878 1727 4931 colenda
1778 4876 2207 4947 pusillanimitas,
2261 4877 2315 4930 in

767 4979 1046 5037 utramque
1070 4978 1296 5037 partem,
1326 4984 1519 5022 nemne
1557 4969 1787 5023 fortuna:
1815 4969 2073 5032 adversae,
2110 4980 2164 5023 et
2188 4984 2316 5024 san-

764 5070 861 5112 ctae
893 5059 1206 5113 imitationis
1233 5060 1418 5113 referri
1446 5062 1635 5129 possit,
1667 5061 1992 5128 eonjecturis
2016 5060 2193 5114 adhuc
2229 5075 2316 5114 as-

2505 4426 2594 4486 Ὠς
2625 4424 2722 4493 μὲν
2750 4422 2850 4475 οὐκ
2879 4421 3023 4490 ἔχεις
3050 4421 3390 4491 ὲξαρνεῖσθαι
3410 4421 3508 4491 τὴν
3538 4422 3762 4489 δειλίαν,
3786 4425 3897 4479 οὐδ’
3917 4426 3983 4479 ἂν

2424 4516 2715 4585 άρνηθείης
2739 4512 2833 4565 καὶ
2863 4515 2970 4581 πρὸ
3000 4512 3201 4581 ταύτης
3236 4530 3329 4565 σου
3349 4514 3446 4583 τῆς
3481 4514 3735 4580 γλυκείας
3768 4517 3978 4569 επιστο-

2423 4607 2518 4675 λῆς
2549 4606 2732 4673 σαφῶς
2759 4605 3119 4674 ἐπεπείσμην.
3153 4603 3259 4657 Τοῦ
3289 4599 3494 4667 πάθους
3517 4606 3623 4675 γάρ
3661 4606 3724 4657 τὸ
3754 4623 3980 4676 περιφα-

2421 4700 2528 4761 νὲς,
2575 4698 2695 4750 οὐδὲ
2754 4697 2934 4751 λαθεῖν
2982 4694 3279 4765 δυνηθῆναι
3327 4699 3598 4767 συγχωρεί
3642 4696 3972 4766 βουληθέντι.

2423 4792 2608 4850 Ὅπως
2637 4790 2693 4842 δέ
2724 4805 2782 4841 σε
2803 4788 2864 4839 τὸ
2894 4788 3023 4857 περὶ
3043 4787 3141 4857 τὴν
3163 4787 3342 4855 φιλίαν
3369 4787 3560 4849 δειλὸν,
3594 4787 3708 4856 ἅμα
3751 4788 3850 4857 μὲν
3895 4791 3974 4851 είς

2418 4880 2845 4949 δυστυχημάτων
2897 4878 3112 4947 κλῆρον,
3167 4877 3283 4947 ἅμα
3329 4878 3383 4931 δὲ
3430 4880 3508 4937 είς
3539 4880 3700 4943 ἁγίαν
3746 4880 3976 4950 μίμησιν

2421 4971 2702 5039 ἀναφέρει,
2727 4968 2884 5021 τοῦτο
2910 4968 3206 5038 συμϐαλεῖν
3233 4968 3414 5021 οὐκέτι
3437 4968 3661 5031 δυνατὸς
3686 4971 3971 5041 ἐγενόμην.

2422 5063 2579 5130 Οίμοι
2626 5059 2889 5129 δυστυχὴς
2948 5059 3077 5127 ἐγὼ,
3105 5059 3185 5111 διὸ
3231 5060 3324 5111 καὶ
3356 5061 3486 5129 περὶ
3532 5060 3713 5128 φιλίαν
3769 5062 3975 5124 δειλός·

762 5151 912 5216 sequi
940 5165 1170 5218 nequeo.
1225 5150 1478 5205 Miserum
1535 5167 1619 5205 me
1654 5151 1847 5214 fateor,
1885 5152 2134 5219 quocirca
2169 5152 2316 5204 timi-
2356 5166 2385 5205 ί
2420 5155 2435 5206 ὲ

2303 5180 2316 5190 -
2356 5166 2385 5205 ί
2420 5152 2556 5206 ἀλλὰ
2582 5154 2675 5203 καὶ
2691 5150 2799 5203 τῶν
2820 5150 2987 5217 άγίων
3013 5151 3231 5218 σύμπας
3273 5153 3300 5203 6
3339 5150 3515 5219 χορὸς,
3552 5151 3645 5202 καὶ
3690 5150 3861 5202 δειλία
3888 5152 3976 5220 ἂρ’

762 5241 881 5293 dior
942 5241 997 5293 in
1059 5241 1293 5294 amicitia
1337 5258 1351 5305 ;
1405 5241 1499 5295 sed
1542 5242 1729 5295 eodem
1782 5242 1938 5295 modo
1985 5241 2210 5295 allicitur
2264 5251 2319 5295 et

761 5342 1069 5385 sanctorum
1112 5333 1343 5387 cohors:
1387 5350 1415 5386 a
1446 5332 1882 5402 pnsillanimitate
1913 5348 2018 5386 non
2058 5334 2317 5387 distillant

761 5422 1010 5486 dulcedo,
1046 5423 1127 5476 vel
1162 5424 1423 5493 veluptas,
1466 5440 1565 5477 nec
1598 5423 1817 5492 aliquid,
1849 5425 1993 5491 quod
2039 5440 2133 5492 per
2160 5440 2311 5478 suam

760 5523 1007 5567 naturam
1037 5514 1266 5568 oblectat
1296 5531 1387 5584 per
1432 5515 1950 5583 inconscquentiam,
1982 5516 2163 5569 minus
2194 5532 2315 5585 gra-

760 5608 845 5659 tize
875 5609 1075 5661 habet:
1107 5609 1149 5660 si
1172 5609 1313 5661 enim
1358 5609 1579 5662 adversa
1629 5624 1749 5661 cum
1786 5608 1998 5661 fortuna
2050 5608 2310 5679 conﬂigis,

756 5709 969 5752 sanctos
1026 5716 1129 5753 non
1171 5702 1370 5769 poteris
1416 5699 1636 5754 imitari.
1667 5698 1732 5753 At
1757 5700 1800 5753 si
1839 5699 1889 5752 in
1924 5700 2117 5769 quibus
2164 5701 2309 5753 timi-

2420 5248 2481 5297 οὐ
2516 5242 2741 5311 γλυκεῖα
2764 5240 2936 5293 ταῦτα
2964 5240 3155 5310 ἡδονῆς
3204 5238 3387 5301 στάζει
3413 5280 3428 5303 ,
3474 5239 3566 5292 καὶ
3600 5238 3843 5301 οὐδενὸς,
3877 5239 3976 5290 ὅσα

2418 5337 2626 5405 πέφυκε
2655 5334 2733 5404 τῷ
2764 5332 3108 5400 ἀνακολούθῳ
3137 5330 3377 5400 τέρπειν,
3419 5332 3499 5391 εἰς
3546 5329 3704 5397 χάριν
3747 5329 3970 5381 ἐλάττω.

2420 5430 2479 5481 Εἰ
2507 5430 2603 5497 μὲν
2630 5429 2738 5497 γὰρ
2767 5426 3065 5493 δυστυχεῖς,
3105 5422 3267 5475 πόθεν
3300 5439 3382 5474 σοι
3411 5422 3517 5473 τῶν
3543 5422 3711 5489 ἁγίων
3741 5422 3773 5489 ἠ
3801 5421 3973 5487 μίμη-

2419 5538 2534 5587 σις;
2570 5522 2631 5575 El
2658 5520 2701 5572 δ’
2724 5521 2806 5585 ἐφ’
2838 5512 2918 5579 οἷς
2947 5517 3145 5585 δειλιᾷς
3177 5516 3270 5567 καὶ
3300 5514 3543 5584 τρέμεις,
3592 5513 3763 5579 ἁγίων
3797 5529 3855 5563 σε
3882 5529 3969 5578 χο-

2420 5608 2509 5677 ρὸς
2535 5606 2667 5675 ἔχει,
2702 5603 2803 5655 ποῦ
2836 5620 2928 5655 σου
2958 5604 3023 5655 τά
3063 5605 3119 5653 ἐν
3143 5602 3251 5654 ἔθει
3289 5600 3715 5671 δυστυχήματα;
3766 5602 3873 5653 Καὶ
3920 5602 3967 5651 εἰ

2415 5696 2571 5749 τοῦτο
2601 5693 3007 5762 δυστυχήματος
3026 5731 3041 5755 ,
3070 5694 3122 5744 τί
3166 5691 3230 5745 ἂν
3264 5694 3351 5760 εἴη
3379 5692 3439 5744 τὸ
3470 5692 3786 5759 εὐτύχημας
3822 5688 3965 5741 Παῦ-
