4236 6436
275 399 379 461 909

1421 404 1943 470 EPISTOLARUM
1990 406 2216 467 LIBER
2253 410 2310 469 II
2322 455 2335 467 .

3383 404 3487 467 910

268 512 383 576 λος,
415 515 597 583 φησὶν,
630 519 657 569 ὁ
687 520 887 588 πτηνος
934 521 1025 572 καὶ
1065 524 1352 591 μετάρσιος
1384 527 1664 596 ἄνθρωπος
1685 540 1700 555 °
1740 527 1843 579 Πέ-
1870 529 1914 581 Α

1811 529 1914 581 ;-Α
1943 525 2061 579 dior
2116 526 2383 595 trepidas,
2434 537 2736 580 sanctorum
2784 540 3098 579 accenseare
3153 524 3360 587 choris,
3396 526 3484 579 ubi

268 619 394 671 τρος
422 605 505 671 ἐφ’
527 599 570 670 ᾦ
599 608 664 657 τὰ
687 608 782 674 τῆς
808 608 1043 673 πίστεως
1079 616 1252 666 κεῖται
1302 616 1524 684 θεμέλια
1545 633 1559 646 ·
1587 618 1695 670 τῶν
1736 620 1829 672 ἆλ-

269 694 377 745 λων
411 696 661 747 ἁπάντων
688 698 855 763 ἁγίων
907 702 938 768 ὴ
972 702 1175 769 πληθὺς
1232 706 1576 774 παράδειγμά
1612 726 1699 775 μοι
1734 710 1832 776 τῆς

266 784 471 846 δειλίας
510 787 927 858 καθεστήκασιν.
969 794 1124 845 Ἀλλά
1172 796 1271 862 φεῦ
1305 797 1413 848 τῶν
1438 799 1585 866 ὲμῶν
1623 803 1827 863 κακῶν,

268 876 557 938 τοσούτους
591 878 727 946 ἔχων
784 882 1071 943 εἰκονίζειν
1123 887 1201 946 είς
1254 886 1378 938 ὅσον
1431 888 1699 958 δυστυχῶ.
1733 892 1830 942 Διὰ

267 969 429 1021 τοῦτο
456 972 562 1041 γὰρ
606 974 698 1024 καὶ
723 977 851 1045 περὶ
887 971 961 1029 ὧν
987 980 1085 1029 οὑκ
1117 980 1295 1032 ἴσασιν
1328 980 1476 1035 ἄλλοι
1499 983 1595 1051 τὴν
1628 985 1828 1037 δειλίαν

268 1067 380 1133 ἐγὼ
402 1069 600 1121 δειλιώ.
626 1066 752 1141 'Ap‘
784 1076 834 1126 εῐ
860 1092 942 1137 τις
969 1076 1213 1143 γρίφους,
1237 1079 1268 1147 ἢ
1291 1079 1360 1130 τὰ
1394 1081 1627 1147 Σφιγγὸς
1651 1083 1827 1148 αἰνίγ-

269 1177 420 1225 ματα.
443 1162 553 1229 βίον
581 1157 723 1230 εἶχεν
756 1167 1127 1235 εκμιμείσθαι,
1160 1170 1378 1236 ἄμεινον
1404 1170 1471 1223 ἂν
1489 1210 1505 1234 ,
1539 1172 1572 1240 ἢ
1599 1174 1628 1224 ὁ
1659 1171 1827 1225 ταῦτα

265 1249 440 1315 λέγων
471 1253 752 1322 ἀπηλλάγη
782 1256 880 1323 τῆς
930 1258 1239 1321 ἐπιδείξεως
1272 1277 1287 1324 ;
1322 1260 1548 1322 Παῦλον,
1578 1256 1624 1314 ὦ
1658 1263 1826 1330 βέλτι-

268 1358 382 1404 στε,
407 1344 500 1393 καὶ
538 1346 659 1405 τοὺς
707 1349 825 1397 κατ’
865 1348 1045 1409 αὑτὸν,
1078 1350 1106 1399 ὁ
1131 1351 1272 1419 ἱερὸς
1310 1352 1499 1419 φόϐος,
1526 1352 1586 1414 ἃς
1627 1355 1827 1423 ἀρετῆς

269 1432 489 1499 ἁπάσης
516 1475 529 1496 ,
566 1434 640 1495 ὡς
674 1436 769 1486 καὶ
802 1440 1156 1506 συγγράφεις,
1219 1444 1422 1509 κρηπὶς
1468 1442 1823 1513 ὑπεῦἐϐλητο,

268 1524 346 1580 εἰς
370 1525 493 1577 τοὺς
518 1526 916 1594 ἀμαράντίνους
950 1529 1150 1595 ἀπάγει
1178 1533 1471 1599 στεφάνους
1492 1549 1507 1562 ·
1531 1534 1594 1584 σὺ
1615 1534 1692 1596 δὲ,
1727 1536 1825 1587 οὐκ

267 1612 383 1665 οἶδα
412 1615 466 1667 δὲ
497 1617 664 1677 ὅπως,
702 1619 775 1679 ὡς
807 1621 902 1688 μὲν
921 1620 1129 1683 Παῦλος
1159 1624 1319 1692 φοϐῇ,
1338 1623 1472 1685 ὼςδ’
1515 1626 1822 1688 Ὀδυσσεὺς,

269 1706 302 1771 ἦ
338 1706 389 1755 ετ
414 1722 497 1766 τις
526 1708 681 1769 ἄλλος
708 1709 1147 1779 δυστυχέστερος,
1172 1714 1249 1773 εἰς
1293 1714 1357 1765 τά
1403 1714 1602 1783 συνήθη
1628 1715 1823 1767 δυστυο

268 1796 489 1863 χήματα
510 1799 599 1849 τὸν
626 1801 786 1865 φόϐον
808 1802 1083 1863 ἀνάπτεις.
1118 1804 1224 1854 Καὶ
1250 1805 1365 1855 δέον
1402 1806 1498 1873 μὲν
1540 1805 1612 1873 μὴ
1646 1806 1824 1874 παρά-

265 1885 466 1953 δειγμα
489 1889 728 1956 νομίζειν
751 1891 837 1941 τὸν
865 1893 1005 1944 θεῖον
1043 1894 1250 1946 Παῦλον
1270 1895 1371 1963 τῆς
1405 1897 1656 1965 τοιαύτης
1677 1898 1819 1949 διδα-

270 1977 493 2037 σκαλίας
539 1978 807 2047 νομίζεις·
858 1982 973 2034 δέον
1006 1984 1081 2047 δὲ,
1136 1985 1288 2054 εἴπερ
1317 1988 1524 2039 ἐκείνου
1579 1990 1820 2059 μιμητὴς

265 2063 427 2134 ἦσθα,
460 2071 693 2138 χαίρειν,
746 2074 836 2123 καὶ
868 2075 1003 2141 πρὸς
1025 2077 1149 2136 τοὺς
1180 2077 1471 2144 στεφάνους
1496 2079 1819 2148 ἐπιστρέφε-

266 2160 650 2230 σθαι,θρηνεῖς
700 2164 790 2214 καὶ
816 2164 978 2235 ὀδύρῃ
1024 2166 1120 2235 τὴν
1169 2167 1475 2237 δυστυχίαν.
1532 2171 1711 2223 Δειλία
1758 2189 1818 2224 σε

269 2252 483 2320 στροϐεῖ
505 2254 899 2322 προσλαϐοῦσα.
928 2258 990 2309 Τί
1021 2274 1098 2309 σοι
1119 2260 1207 2310 καὶ
1226 2261 1420 2330 Παύλῳ
1443 2263 1651 2330 κοινόν;
1682 2264 1819 2333 μέμ-

269 2363 371 2411 φου
404 2348 623 2398 σεαυτόν
645 2364 658 2377 ·
693 2349 909 2418 ἕκατηθι
944 2350 1036 2402 τοῦ
1077 2352 1279 2416 πάθους
1304 2369 1318 2384 ’
1345 2354 1479 2406 ἀλλὰ
1504 2355 1711 2418 Παῦλος
1738 2374 1818 2407 σοι

266 2435 583 2498 διδάσκαλος
608 2439 829 2509 ταύτης.
864 2441 1034 2510 Χαῖρε
1085 2445 1150 2512 τῇ
1192 2444 1450 2513 μιμήσει,
1485 2443 1592 2497 τῶν
1643 2445 1818 2498 ἄθλων

265 2529 555 2595 εὐφραίνου
582 2545 595 2559 ⁸
632 2530 764 2585 ἀλλὰ
821 2532 895 2602 μὴ
939 2534 1297 2599 ἁκκιζόμενος
1342 2536 1437 2589 καὶ
1483 2537 1818 2605 ὑποκορίζων

264 2618 365 2688 τὴν
390 2619 699 2690 δυστυχίαν,
732 2623 907 2693 φύρῃς
955 2625 1129 2677 πάντα
1171 2625 1264 2677 καὶ
1313 2626 1579 2695 συγχέῃς·
1620 2628 1712 2679 καὶ⁸
1750 2630 1815 2697 τῇ

261 2710 375 2765 τῶν
402 2712 658 2781 ῥημάτων
681 2715 951 2784 κοινωνίᾳ,
969 2716 1036 2767 τὰ
1059 2716 1303 2769 πλεῖστον
1332 2717 1575 2789 ἀλλήλων
1595 2718 1817 2771 διεστῶ-

264 2822 337 2859 τα
367 2807 444 2868 εἰς
470 2807 567 2877 τὴν
590 2807 758 2877 αὐτὴν
778 2808 936 2876 φύσιν
960 2809 1119 2880 βιάζῃ
1142 2812 1430 2863 συνάπτειν
1459 2828 1474 2843 ο
1496 2813 1569 2874 ὡς
1602 2813 1668 2864 ἂν
1689 2813 1820 2865 καλ-

264 2896 557 2959 λωπίζοιτό
618 2916 733 2964 σου,
790 2900 881 2952 καὶ
940 2902 1343 2971 εῦπρόσωποςή
1373 2902 1545 2957 δειλία
1573 2904 1719 2975 δόξῃ.
1754 2905 1818 2956 Τί

265 2989 377 3058 γάρ
406 2989 514 3056 ἔχει
550 2991 725 3042 κοινὸν
758 2992 918 3058 φόϐος
950 2992 1148 3054 ἔνθεος,
1181 2994 1271 3045 καὶ
1309 2994 1479 3046 δειλία
1524 2996 1818 3065 ὐὸρίζουσα

263 3080 345 3141 εἰς
381 3078 591 3147 φιλίαν;
623 3082 654 3151 ἢ
690 3083 1113 3152 δυστυχημάτων
1160 3084 1341 3149 ὄγκος,
1374 3086 1466 3137 καὶ
1503 3086 1657 3151 λόγος
1689 3105 1819 3138 κατ-

262 3172 627 3243 ορθωμάτων;
664 3174 787 3238 Ναὶ,
818 3174 1009 3244 φησίν·
1047 3174 1181 3228 ἀλλά
1199 3174 1406 3237 Παῦλος
1438 3177 1555 3247 βοᾷ·
1593 3177 1812 3231 Φοϐοῦ-
1846 3207 1887 3263 c

262 3281 367 3333 μαι
393 3265 476 3331 μή
501 3281 622 3329 πως
642 3266 852 3330 ἄλλοις
874 3266 1154 3333 κηρύξας,
1179 3268 1356 3332 αὐτὸς
1404 3270 1688 3339 ἀδόκιμος
1723 3273 1819 3343 γέ-

264 3372 470 3421 νωμαι.
498 3357 677 3407 Καὶτί
700 3357 888 3420 τοῦτο;
926 3358 1125 3424 χωρὶς,
1164 3359 1343 3424 φασὶν,
1373 3359 1440 3410 τὰ
1479 3360 1679 3413 Μύσων
1724 3364 1818 3414 καὶ

259 3448 487 3515 Φρυγῶν
512 3448 784 3517 ὁρίσματα
802 3464 816 3476 ·
848 3450 966 3500 οὐδὲ
992 3449 1096 3519 γὰρ
1124 3450 1243 3501 οῦδὲ
1276 3452 1401 3520 περὶ
1423 3451 1522 3513 τὰς
1546 3455 1815 3506 Δεσποτι-

262 3538 366 3600 κάς
401 3538 738 3606 ὑποσχέσεις,
767 3540 954 3608 ὥσπερ
988 3542 1014 3591 ὁ
1049 3541 1311 3609 ἡμέτερος
1342 3540 1570 3606 Παῦλος,
1614 3543 1812 3610 ἄπαγε,

258 3628 470 3679 ὃειλιῶν
523 3629 803 3694 ἐφοϐεῖτο·
867 3630 973 3679 οὐδ’
1026 3631 1271 3697 ἀγωνιῶν
1322 3630 1417 3699 τὴν
1450 3632 1648 3697 φιλίαν,
1706 3635 1813 3685 οὐδ’

260 3714 653 3782 εὐλαϐούμενος
680 3717 749 3783 μή
773 3732 855 3775 τις
886 3717 1049 3769 αὑτοῦ
1071 3719 1161 3770 τὸν
1191 3720 1486 3788 ὑπέρτιμον
1512 3722 1811 3791 μάργαρον,

259 3806 327 3856 ὲκ
352 3807 671 3874 πειρατικῆς
708 3806 899 3875 τριϐῆς
930 3810 1019 3858 καὶ
1048 3808 1273 3877 μελέτης
1301 3810 1648 3877 ἀφαρπάσας,
1683 3812 1814 3881 ἐρη-

265 3913 366 3961 μον
396 3897 593 3957 παντὸς
618 3898 822 3966 άφήσῃ.
879 3899 956 3949 Τὰ
1010 3898 1149 3965 σοφὰ
1179 3899 1345 3951 ταῦτα
1397 3903 1489 3953 καὶ
1516 3902 1687 3969 σεμνά
1715 3905 1813 3972 τῆς

264 3986 462 4049 δειλίας
490 3990 883 4057 προσχήματω
918 3990 975 4039 ὲν
1000 3990 1171 4041 οὐδενὶ
1194 3991 1397 4043 τούτων
1452 3995 1656 4055 ἐκεῖνος
1701 3995 1813 4046 ὲδε-

261 4076 395 4128 δίειο
425 4080 726 4129 τούναντίον
765 4080 837 4141 δὲ,
897 4080 1168 4143 πεποιθὼς
1201 4083 1299 4149 μὲν
1336 4078 1402 4152 ἦν
1434 4084 1527 4135 καὶ⁵
1572 4085 1808 4156 θαῤῥῶν,

259 4166 317 4217 εί
337 4184 421 4229 τις
456 4168 693 4231 πώποτε,
733 4171 860 4237 περὶ
893 4171 991 4231 τὰς
1025 4170 1357 4239 θαυμασίους
1387 4174 1600 4236 ὲκείνας
1640 4178 1811 4243 ἐπαγ-

262 4258 472 4324 γελίας.
502 4258 725 4321 Βέὸαιος
758 4260 798 4310 δ’
843 4257 909 4328 ἦν
937 4262 1053 4323 ὅλος
1085 4263 1175 4315 καὶ
1201 4263 1453 4333 άδὸνητος
1484 4267 1581 4334 τὴν
1611 4269 1812 4319 Δεσπο-

256 4352 415 4421 τικὴν
471 4353 648 4417 φιλίαν
670 4369 683 4383 ’
738 4353 915 4404 κοινὸν
948 4354 993 4405 δ’
1051 4353 1296 4406 ἐϐούλετο
1335 4357 1395 4407 τὸ
1424 4356 1624 4423 ἀγαθὸν
1648 4362 1811 4410 πᾶσιν

256 4442 611 4511 προκεῖσθαι·
652 4443 935 4505 Ἰουδαίους
968 4444 1099 4511 πρὸς
1124 4446 1404 4496 κοινωνίαν
1429 4446 1522 4497 τοῦ
1550 4448 1806 4518 θησαυρί-

1937 617 2218 671 infelicitas
2249 628 2354 671 tua:
2392 618 2512 671 vita:
2540 618 2785 671 consistit
2814 620 2835 670 ?
2872 616 2965 670 Sin
2999 618 3136 670 hanc
3166 617 3485 671 adnumeres

1931 711 2321 776 infelicitatem,
2376 713 2502 780 quid
2563 721 2665 775 est,
2723 712 2863 779 quod
2914 726 3075 765 voces
3131 710 3487 763 felicitatem?

1930 803 2145 868 Paulus,
2176 806 2277 865 ais,
2339 805 2425 857 illc
2460 805 2678 858 volucer
2714 811 2767 855 et
2791 802 2841 854 in
2872 802 3085 855 sublimi
3128 810 3310 869 raptus
3342 817 3356 865 ;
3389 801 3486 854 Pe-

1930 901 2066 955 trus,
2100 894 2151 945 in
2187 910 2293 963 quo
2328 894 2557 962 reposita
2592 902 2718 947 sunt
2755 892 2876 945 fidei
2901 892 3244 944 fundamenta
3280 908 3293 955 ;
3323 899 3483 943 cazte-

1928 998 2109 1034 rorum
2158 993 2467 1036 sanctorum
2532 984 2781 1036 universa
2839 981 3123 1035 multitudo
3172 997 3304 1033 meae
3360 990 3487 1034 sunt

1927 1086 2239 1143 argumenta
2293 1075 2639 1129 timiditatis:
2686 1078 2822 1129 eheu
2880 1090 2996 1128 mea
3059 1074 3215 1137 mala,
3257 1073 3345 1141 qui
3407 1082 3485 1125 tot

1926 1166 2055 1219 mihi
2118 1183 2334 1236 possum
2370 1168 2627 1236 imagines
2661 1177 3044 1235 reprmsentare
3064 1182 3197 1219 meae
3254 1166 3483 1219 infelici-

1927 1260 2068 1313 tatis.
2128 1260 2417 1313 Enimvero
2477 1261 2666 1313 timore
2715 1260 2877 1311 timeo
2915 1260 2966 1312 in
3004 1259 3163 1312 rebus
3213 1272 3345 1323 quas
3392 1256 3479 1310 alii

1926 1365 2033 1402 non
2060 1350 2298 1418 capiunt.
2324 1350 2521 1415 Quidni
2575 1352 2663 1418 qui
2692 1350 2932 1420 griphos,
2958 1359 3049 1401 aut
3077 1348 3332 1416 Sphingis
3349 1346 3484 1399 aani-

1924 1452 2119 1510 gmata,
2150 1443 2310 1496 vitam
2333 1443 2543 1495 vitalem
2571 1443 2763 1495 imitari
2790 1451 3006 1501 statuat,
3031 1442 3195 1494 satius
3218 1451 3271 1494 et
3293 1441 3483 1492 melius

1924 1546 1954 1581 a
1986 1531 2345 1585 declaratione
2388 1548 2575 1585 eorum
2606 1542 2997 1596 semoveretur,
3025 1546 3183 1598 quam
3218 1532 3307 1596 qui
3368 1530 3484 1581 haac

1925 1625 2285 1689 pronuntiat?
2311 1624 2541 1678 Sanctus
2574 1625 2753 1688 timor,
2788 1625 2878 1692 qui
2910 1624 3123 1677 virtutis
3173 1623 3480 1691 cujuslibet,

1926 1722 1983 1765 ut
2015 1723 2069 1766 tu
2099 1715 2439 1783 pronuntias,
2470 1714 2671 1768 fundus
2695 1724 2795 1778 est,
2839 1714 3063 1769 Paulum
3097 1726 3150 1767 et
3205 1715 3483 1768 consocios

1924 1804 2043 1869 ejus
2065 1804 2129 1855 ad
2170 1804 2642 1856 immarcescibiles
2687 1818 2913 1856 coronas
2944 1802 3069 1855 hinc
3108 1802 3346 1855 abduxit.
3400 1802 3482 1855 Tu

1925 1904 2128 1959 autem,
2171 1896 2353 1949 nescio
2384 1896 2675 1963 quomodo,
2728 1904 2786 1948 ut
2822 1895 3016 1947 Paulus
3049 1895 3308 1963 quispiam
3363 1910 3481 1949 me-

1927 1984 2076 2047 tuis;
2109 1993 2168 2037 ut
2216 1984 2431 2053 Ulysses
2473 1984 2685 2052 aliquis,
2719 1985 2797 2036 vel
2826 1986 2961 2037 alius
3004 1999 3067 2036 co
3112 1985 3376 2037 infelicior
3424 1985 3479 2037 in

1925 2085 2210 2128 consuetas
2271 2076 2613 2128 infelicitates
2678 2077 2925 2130 timorem
2981 2078 3167 2131 refers.
3219 2075 3479 2129 Arbitrari

1923 2176 2102 2219 autem
2153 2167 2375 2219 minime
2408 2165 2570 2220 debes
2624 2181 2743 2219 esse
2789 2182 3103 2236 congruum,
3154 2178 3211 2221 ut
3264 2180 3479 2222 sanctus

1924 2258 2119 2311 Paulus
2148 2258 2200 2310 in
2226 2258 2525 2326 exemplum
2549 2258 2671 2312 talis
2691 2258 2897 2312 timoris
2919 2260 3244 2327 producatur
3266 2260 3474 2314 doctor.

1924 2351 2027 2405 Par
2058 2363 2238 2405 autem
2269 2352 2387 2416 fuit,
2429 2352 2472 2405 si
2507 2352 2717 2420 quidem
2749 2362 2802 2405 tu
2828 2352 2974 2405 illum
3010 2353 3224 2407 volebas
3254 2353 3471 2417 imitari,

1923 2445 2115 2515 gaudio
2144 2453 2201 2498 ut
2231 2444 2538 2509 allicereris,
2561 2459 2853 2497 conversus
2878 2444 2942 2497 ad
2965 2459 3285 2498 coronarum
3318 2446 3476 2498 intui-

1924 2547 2059 2599 tum,
2100 2551 2438 2604 nequaquam
2484 2535 2763 2603 plangeres
2790 2534 3195 2600 infelicitatem;
3256 2536 3475 2605 pusilla-

1922 2630 2138 2682 nimitas
2191 2638 2242 2681 te
2287 2636 2561 2696 arreptum
2608 2636 2806 2681 versat.
2864 2626 3002 2690 Quid
3056 2637 3113 2681 tu
3152 2644 3273 2682 cum
3311 2629 3476 2684 Paulo

1922 2732 2209 2771 commune
2236 2716 2399 2769 habes
2427 2716 2450 2768 ?
2484 2714 2850 2783 Temetipsum
2880 2716 3090 2785 corripe
3117 2735 3132 2783 ;
3170 2732 3199 2770 a
3228 2718 3477 2787 passione

1922 2808 2135 2861 recede.
2172 2808 2299 2869 lmo,
2328 2807 2523 2875 inquis,
2548 2808 2633 2861 hic
2662 2806 2883 2860 Paulum
2905 2819 3233 2877 precantem
3281 2812 3475 2866 habeo.

1922 2900 2127 2954 La’tare
2157 2910 2270 2953 tum
2293 2899 2359 2952 de
2386 2899 2682 2954 imitatione
2708 2917 2721 2965 ;
2752 2901 2819 2954 de
2846 2902 3227 2955 certaminibus
3254 2904 3358 2956 tuis
3385 2920 3477 2957 ex-

1924 2991 2101 3056 sulta;
2128 2990 2441 3057 neutiquam
2466 3005 2595 3044 vero
2621 2992 2953 3045 muliebriter
2980 2993 3170 3047 ludens
3197 2994 3477 3049 infelicita-

1923 3090 2030 3134 tem
2082 3090 2229 3133 tuam
2278 3081 2557 3150 palpitare,
2592 3080 2664 3133 ita
2708 3090 2766 3133 ut
2821 3082 3146 3150 permisceas
3188 3085 3366 3137 omnia
3422 3096 3478 3140 et

1923 3171 2245 3235 confundas,
2291 3181 2383 3225 aut
2434 3187 2529 3240 per
2559 3173 2820 3226 sermonis
2853 3174 3309 3239 communionem,
3366 3176 3473 3239 illa,

1921 3280 2039 3332 qua:
2070 3263 2137 3316 ab
2168 3263 2398 3317 invicem
2430 3263 2615 3317 multis
2651 3264 2993 3331 disparantur
3023 3268 3350 3337 parasangis,
3382 3284 3477 3336 per

1917 3355 2022 3406 vim
2064 3356 2163 3407 sub
2215 3355 2402 3407 eadem
2433 3364 2622 3406 natura
2672 3356 3024 3423 compingas;
3077 3367 3135 3409 ut
3166 3368 3215 3411 te
3272 3362 3477 3413 excolat

1916 3453 1969 3497 et
2009 3445 2297 3515 gloriosum
2358 3445 2548 3497 reddat
2593 3444 2813 3513 pulchra
2860 3444 2992 3498 facie
3041 3448 3473 3514 pusillanimitas.

1916 3537 2052 3602 Quid
2095 3537 2235 3589 inter
2268 3550 2326 3589 se
2368 3551 2654 3589 commune
2699 3536 2898 3588 habent
2946 3537 3161 3590 divinus
3192 3540 3367 3602 timor,
3423 3552 3477 3593 et

1914 3625 2327 3695 pusillanimitas
2354 3640 2471 3691 quae
2490 3623 2716 3676 offendit
2738 3624 2791 3675 iu
2827 3624 3116 3678 amicitiam
3147 3642 3159 3687 ;
3191 3627 3272 3678 vel
3308 3626 3475 3680 infor-

1914 3718 2190 3769 tuniorum
2238 3730 2548 3783 gravamen,
2578 3729 2699 3767 cum
2748 3714 2955 3768 ratione
2990 3726 3133 3769 recte
3172 3716 3474 3770 factorum?

1911 3808 2143 3872 Quiuita
2174 3805 2425 3869 alﬁrmas,
2460 3820 2645 3857 verum
2668 3819 2796 3857 voca
2829 3804 3073 3869 Paulum,
3102 3807 3258 3875 cujus
3294 3817 3419 3861 sunt
3452 3828 3466 3862 :

1917 3896 2096 3947 Vereor
2123 3910 2184 3946 nc
2237 3895 2359 3945 dum
2392 3894 2515 3945 aliis
2542 3910 2603 3961 pr
2624 3894 2803 3956 (edico,
2831 3896 2937 3960 ipse
2987 3896 3110 3961 ﬁam
3140 3898 3379 3963 reprobus
3405 3900 3467 3952 ".

1910 3987 2043 4053 Quid
2098 3987 2199 4039 hoc
2252 3987 2363 4037 vult
2393 3985 2537 4038 sibi?
2589 3982 2935 4052 Separantur,
2986 3987 3154 4047 aiunt,
3202 3987 3469 4057 Mysorum

1911 4079 2124 4132 termini
2158 4089 2318 4144 atque
2348 4077 2639 4146 Phrygum.
2673 4078 2858 4145 Neque
2894 4079 3035 4130 enim
3064 4080 3131 4131 de
3158 4081 3469 4147 promissio-

1908 4172 2066 4224 nibus
2105 4170 2410 4231 Dominicis,
2442 4179 2499 4221 ut
2546 4178 2728 4222 noster
2767 4170 2852 4221 ille
2892 4169 3105 4234 Paulus,
3156 4175 3465 4239 expavesci-

1909 4278 2063 4320 mus.
2091 4262 2241 4329 quasi
2292 4262 2377 4312 ille
2413 4276 2520 4327 pra:
2571 4260 2761 4312 timore
2788 4261 3145 4327 desponderet
3189 4263 3422 4315 animum
3449 4282 3465 4329 ;

1906 4372 2013 4409 non
2060 4354 2125 4406 de
2151 4353 2382 4405 amicitia
2408 4353 2723 4419 angebatur,
2772 4367 2878 4403 non
2911 4354 3183 4405 metuebat
3240 4370 3308 4406 ne
3341 4358 3464 4422 quis

1908 4441 2332 4497 inaastimabilem
2366 4441 2727 4510 margaritam.
2765 4441 2985 4507 piratica
3011 4442 3236 4508 quadam
3269 4454 3380 4495 arte
3410 4453 3464 4496 et

260 4551 463 4601 σματος
542 4535 840 4587 συνεκάλει.
902 4535 1166 4603 Ἕλληνας
1232 4537 1410 4588 ἐκάλει
1438 4578 1452 4600 ,
1500 4538 1804 4607 βαρϐάρους
1840 4534 1925 4591 υἱ

1789 4559 1804 4602 ;
1840 4539 1882 4591 Ι)
1912 4534 2204 4599 impostura
2247 4531 2523 4598 abripiens
2573 4530 2916 4597 exspoliatam
2949 4532 3199 4583 omnibus
3232 4533 3462 4585 derelin-

258 4626 520 4689 ἅπαντας,
556 4628 839 4693 ἄρχοντας,
873 4628 1199 4695 ἀρχομένους
1225 4644 1238 4657 ο
1273 4630 1320 4678 εὶ
1374 4628 1549 4696 βούλει
1582 4630 1656 4694 δὲ,
1713 4634 1806 4683 καὶ

256 4714 457 4783 λῃστάς
489 4718 581 4765 καὶ
614 4716 889 4783 πειρατὰς,
916 4717 1007 4766 καὶ
1036 4718 1211 4767 πᾶσαν
1239 4716 1418 4779 ἁπλῶς
1466 4719 1562 4787 τὴν
1600 4720 1807 4789 ἀνθρω-

258 4806 418 4872 πίνην
449 4808 732 4873 συνήγειρε
769 4806 929 4871 φύσιν
960 4810 1035 4868 εἰς
1076 4808 1367 4859 ἀπόλαυσιν
1398 4809 1489 4860 τοῦ
1541 4814 1808 4881 μαργαρί·

255 4915 367 4951 του.
406 4899 511 4950 Καὶ
533 4901 629 4965 οὐχ
662 4901 842 4961 ἁπλῶς
872 4901 1057 4962 οὕτως,
1097 4901 1228 4952 ἀλλὰ
1274 4903 1366 4953 καὶ
1405 4905 1678 4968 σπεύδων,
1716 4907 1806 4957 καὶ

253 4988 460 5055 τρέχων
487 4990 578 5038 καὶ
604 4989 777 5039 πάντα
812 4990 1048 5056 πάσχων,
1074 4991 1157 5040 ἵνα
1184 4992 1396 5051 πάντως
1418 4992 1537 5043 τινὰ
1556 4993 1648 5043 τοῦ
1674 4997 1808 5046 ἐκεῖ·

255 5081 344 5129 θεν
391 5079 617 5139 κάλλους
669 5080 762 5130 καὶ
796 5080 889 5148 τῆς
916 5080 1038 5141 θέας
1064 5080 1288 5152 ἀξιώσῃ.
1341 5082 1430 5132 Διὸ
1468 5083 1560 5134 καὶ
1606 5085 1804 5155 σφόδρα

255 5167 469 5235 θαρῤὠν
499 5168 650 5232 ἔλεγε
669 5184 682 5195 ·
722 5169 828 5219 Τὸν
852 5168 1047 5235 ἀγῶνα
1082 5172 1186 5220 τὸν
1215 5170 1403 5220 καλὸν
1440 5170 1766 5238 ἠγώνισμαι
1788 5213 1802 5238 ,

253 5260 361 5309 τὸν
388 5258 605 5325 δρόμον
631 5260 925 5321 τετέλεκα,
958 5259 1070 5325 τὴν
1104 5260 1306 5311 πίστιν
1338 5262 1645 5327 τετήρηκα·
1674 5267 1801 5315 λοι-

251 5346 369 5397 πὸν
396 5348 698 5399 ἀπόκειταί
724 5365 821 5415 μοι
849 5351 879 5399 ό
909 5348 1014 5413 τῆς
1056 5348 1440 5413 δικαιοσύνης
1485 5351 1798 5417 στέφανος.

266 5435 404 5488 Ἀλλ’
435 5439 491 5487 ἐν
525 5438 622 5504 μὲν
648 5438 855 5499 τούτοις
884 5440 1114 5500 τοιοῦτος
1140 5436 1206 5509 ἧν
1235 5441 1497 5507 ἀπτόητος
1525 5447 1613 5492 καὶ
1645 5448 1797 5512 στερ-

255 5529 375 5595 ρός·
419 5528 660 5592 ἐφοϐεῖτο
713 5530 767 5580 δὲ
820 5532 903 5592 τίς
939 5533 1081 5599 Μήτι
1115 5531 1271 5591 αὐτὸς
1324 5530 1578 5582 ἐλλείπων
1611 5533 1799 5603 ὀφθείη

252 5616 346 5667 τοῦ
382 5617 587 5678 δέοντος
625 5620 1083 5689 συνεισενεχθῆναι
1128 5623 1236 5683 τοῖς
1272 5621 1667 5691 ἐπαγγέλμασι.
1706 5626 1800 5677 Διὰ

330 5814 366 5841 ¹¹
400 5812 416 5865 l
446 5812 569 5867 Cor.
606 5828 677 5877 Ix,
709 5812 795 5866 27.

1907 4632 2053 4691 quat.
2080 4623 2203 4675 Haec
2232 4630 2360 4673 sunt
2391 4620 2764 4688 proschemata
2806 4620 2892 4671 illa
2932 4621 3239 4689 gravitatem
3271 4623 3463 4689 praefe-

1908 4717 2079 4769 rentia
2112 4713 2430 4767 timiditatis.
2480 4712 2552 4765 De
2599 4712 2745 4765 nullo
2786 4712 3007 4765 istorum
3046 4715 3317 4766 metuebat
3342 4716 3463 4783 ille;

1909 4826 1937 4862 e
1982 4807 2253 4861 contrario
2302 4805 2578 4857 confidens
2617 4814 2735 4856 erat
2765 4844 2777 4865 ,
2819 4815 2873 4857 et
2924 4805 3207 4865 resolutus,
3255 4806 3297 4858 si
3345 4808 3465 4875 quis

1908 4904 2063 4961 alius,
2095 4902 2160 4953 de
2187 4898 2465 4967 promissis
2514 4898 2616 4950 illis
2646 4898 2939 4959 mirandis;
2972 4897 3157 4949 firmus
3183 4907 3298 4950 erat
3347 4900 3463 4965 pla-

1911 5007 2000 5055 ne,
2035 5000 2089 5043 et
2128 4998 2271 5042 totus
2303 4990 2654 5041 inconcussus
2685 4988 2735 5039 iu
2770 4988 2979 5040 Domini
3005 4989 3290 5041 amicitiam
3313 5006 3463 5043 reco-

1914 5082 2069 5134 lemlo
2121 5099 2134 5132 :
2198 5080 2479 5131 utilitatem
2547 5079 2759 5131 volebat
2810 5079 3058 5131 omnibus
3119 5094 3459 5133 communem

1917 5167 2187 5222 exhiberi.
2268 5166 2486 5218 Judzeos
2570 5167 2633 5219 ad
2702 5168 3135 5219 communionem
3224 5168 3461 5222 thesauri

1914 5260 2177 5321 vocabat;
2218 5258 2443 5309 vocabat
2512 5268 2717 5325 gentes,
2788 5272 2974 5311 omnes
3002 5258 3275 5321 barbaros,
3307 5261 3459 5327 prin-

1912 5352 2078 5419 cipes,
2114 5348 2376 5407 subditos,
2412 5348 2537 5410 imo,
2568 5349 2611 5399 si
2674 5348 2838 5409 lubet,
2872 5347 3125 5409 latrones,
3158 5349 3375 5415 piratas,
3406 5361 3460 5404 et

1909 5445 2213 5496 universam
2270 5440 2573 5493 mortalium
2605 5448 2849 5491 naturam
2886 5439 2951 5492 ad
3000 5440 3456 5507 participatiOnem

1911 5534 2207 5603 margarita:
2247 5531 2595 5585 convocabat.
2650 5530 2760 5582 Nec
2811 5530 2913 5582 hoc
2968 5530 3313 5598 simpliciter,
3363 5534 3457 5587 sed

1910 5644 2031 5681 cum
2053 5635 2270 5688 conatu,
2307 5640 2486 5684 cursu,
2512 5634 2562 5678 et
2583 5624 2724 5677 omni
2758 5623 3057 5685 tolerantia,
3082 5632 3138 5676 ut
3168 5624 3245 5678 sic
3268 5639 3458 5679 omnes
