4236 6436
781 320 873 387 911

1931 308 2186 369 ΡΗΟΤΙΙ
2223 306 2718 367 PATRIARCH/E
2756 309 2843 367 (ΣΡ

3899 315 4001 378 912

782 437 863 485 \el
897 433 1124 497 aliquem
1152 430 1340 482 saltem
1385 424 1804 496 pulchritudinis
1859 422 1983 473 inde
2032 416 2342 472 resultantis
2368 417 2455 476 A1

2326 417 2416 476 5A
2443 419 2595 470 τοῦτο
2629 419 2737 490 γὰρ
2774 419 3019 486 ἀγωνιῶν
3045 420 3258 484 ἔλεγεν·
3303 420 3499 485 Οὕτως
3537 420 3740 488 τρέχω,
3770 424 3852 489 ὡς
3892 432 3999 479 οὐκ

781 523 942 576 faciat
986 520 1299 590 participes.
1359 517 1719 588 Quapropter,
1771 528 1892 566 cum
1937 512 2102 565 multa
2171 509 2339 563 conti-

782 609 961 663 dentia
992 609 1069 662 ait
1103 627 1116 662 :
1141 608 1344 661 Bonum
1367 607 1563 660 certavi
1600 613 1861 657 certamen
1888 618 1906 664 ;
1932 601 2123 654 absolvi
2169 617 2337 652 meum

779 717 1035 763 cursum;
1087 700 1240 766 ﬁdem
1272 698 1605 760 conservavi;
1652 696 1715 748 de
1767 705 1969 754 εωιενο,
1993 694 2216 760 reposita
2265 702 2336 744 est

779 793 906 844 mihi
945 791 1168 860 justitia:
1199 806 1390 842 corona
1425 791 1487 841 ¹¹.
1514 787 1711 840 Verum
1745 794 1862 838 erat
1891 784 1978 837 ille
2000 784 2051 835 in
2087 784 2201 836 istis
2230 792 2334 835 tam

780 881 1175 948 imperterritus
1199 891 1252 934 et
1293 880 1628 940 obﬁrmatus,
1671 885 1730 929 ut
1758 877 1888 928 nihil
1933 883 2236 936 metueret;
2270 887 2336 926 nc

779 972 1056 1024 videretur
1111 971 1166 1024 in
1199 971 1378 1039 aliquo
1409 969 1684 1030 deﬁciens,
1718 975 1810 1020 aut
1832 973 2024 1036 praeter
2039 979 2336 1034 congruum

777 1063 1074 1131 quidquam
1144 1063 1410 1116 omisisse.
1486 1059 1660 1125 Quam
1709 1059 1779 1113 ob
1841 1072 2056 1112 causam
2109 1066 2162 1110 et
2214 1073 2336 1111 cum

778 1156 1049 1208 anxietate
1073 1155 1283 1208 dicebat
1313 1173 1327 1208 :
1360 1156 1444 1207 Ita
1478 1169 1651 1212 curro,
1683 1162 1738 1202 ut
1763 1168 1862 1203 non
1890 1153 1941 1203 in
1967 1151 2176 1203 obscuro
2202 1150 2337 1218 posi-

779 1256 861 1298 tus
895 1263 909 1307 ;
941 1247 1016 1297 ita
1047 1255 1302 1306 concerta,
1337 1254 1392 1297 ut
1433 1261 1534 1297 non
1568 1252 1816 1311 tanquam
1851 1257 2024 1293 aerem
2058 1241 2336 1303 verberem,

778 1339 866 1390 sed
883 1337 1062 1404 subigo
1089 1337 1332 1390 vibicibus
1353 1352 1536 1402 corpus
1565 1350 1756 1394 meum,
1789 1342 1834 1385 et
1862 1335 1916 1384 in
1934 1334 2230 1385 servitutem
2255 1349 2337 1384 re-

777 1432 917 1498 digo,
951 1445 1015 1482 ne
1041 1431 1221 1500 forsan
1239 1430 1363 1481 dum
1395 1429 1514 1480 aliis
1549 1427 1798 1495 praedico,
1840 1427 1947 1494 ipse
1976 1424 2105 1491 ﬁam
2158 1440 2337 1492 repro-

777 1526 869 1577 bus
893 1524 958 1578 ".
994 1525 1280 1589 Quocirca,
1307 1526 1374 1578 de
1407 1524 1680 1592 pr0posito
1708 1538 1816 1575 non
1847 1531 1958 1575 erat
1985 1521 2201 1584 dubius,
2240 1520 2336 1573 de-

777 1615 979 1670 siderio
1006 1631 1112 1669 non
1136 1615 1430 1682 deliquium
1487 1613 1808 1682 patiebatur,
1847 1612 2188 1682 margaritam
2229 1626 2334 1664 non

779 1708 975 1761 metuit
1009 1707 1419 1776 abripiendam;
1459 1705 1552 1758 sed
1577 1721 1644 1758 ne
1665 1703 1794 1773 quid
1829 1703 1942 1772 ipse
1969 1718 2035 1756 eo
2057 1702 2334 1772 indignum

779 1806 1074 1866 pateretur,
1121 1763 1193 1849 ne
1269 1763 1430 1864 quem
1464 1763 1755 1856 defectum,
1783 1763 1866 1844 ne.
1905 1791 2034 1860 quid
2092 1763 2339 1843 admittat
2365 1763 2410 1821 Β

779 1889 922 1955 quod
949 1896 1184 1940 mentem
1209 1893 1472 1939 emoveat.
1498 1883 1649 1936 Alius
1681 1883 1767 1936 hic
1785 1891 1900 1935 erat
1932 1879 2201 1934 metuendi
2229 1895 2342 1931 mo—

780 1980 904 2043 dus,
934 1979 1070 2031 alius
1101 1979 1192 2046 qui
1225 1977 1521 2045 respiceret
1560 1975 1962 2038 retributiones,
1993 1973 2082 2026 ille
2114 1971 2340 2025 laudan-

779 2072 900 2134 dus,
930 2069 1318 2138 vituperandus
1348 2068 1470 2130 iste,
1513 2068 1598 2122 ille
1631 2065 2028 2126 fluctuantium,
2052 2063 2343 2117 conﬁrma-

781 2173 956 2218 torum
987 2163 1112 2226 iste,
1143 2177 1172 2215 a
1199 2161 1387 2215 brabio
1407 2160 1627 2214 abducit
1650 2159 1759 2223 ille,
1782 2158 1871 2211 hic
1886 2155 2343 2224 componitvicto-

781 2257 873 2308 ria:
895 2254 1136 2323 pmmia,
1181 2252 1269 2305 ille
1303 2260 1419 2305 erat
1453 2249 1625 2312 Pauli,
1655 2250 1741 2302 hic
1782 2258 1865 2302 est
1892 2256 2092 2301 noster.
2128 2248 2341 2300 Atenim

781 2360 923 2406 amo,
962 2343 1193 2411 inquies,
1225 2357 1294 2394 ne
1315 2341 1445 2410 quid
1495 2340 1671 2393 nullus
1691 2353 1791 2408 ego
1817 2337 1935 2406 plus
1965 2335 2195 2389 edicam.
2224 2334 2341 2388 Me-

785 2443 876 2488 tuo
905 2444 1086 2487 autem
1117 2435 1199 2487 vel
1230 2433 1459 2486 maxime
1486 2432 1548 2498 (si
1575 2431 1696 2499 quis
1723 2429 1884 2497 alius)
1924 2427 2126 2497 piratas
2156 2426 2209 2479 in
2238 2425 2344 2478 vita

784 2526 1070 2588 obeuntes,
1111 2540 1180 2577 ne
1211 2539 1298 2577 me
1326 2523 1558 2592 spolicnt
1592 2521 1842 2574 amicitia:
1886 2518 2087 2582 fructu,
2113 2532 2182 2570 ne
2213 2515 2345 2569 insi-

782 2615 899 2669 dias
931 2613 1460 2684 strnantmargarita:
1487 2628 1640 2666 meae.
1671 2610 1833 2676 Quid,
1867 2611 2051 2673 homo,
2078 2617 2135 2662 tu
2161 2608 2348 2661 balbu-

786 2706 899 2760 tis?
973 2706 1247 2759 amicosne
1298 2703 1589 2758 malevolos
1636 2700 1813 2755 facis?
1893 2716 1995 2753 nec
2047 2699 2104 2752 in
2153 2699 2346 2752 bonam

785 2807 988 2868 partem
1017 2839 1032 2861 ,
1088 2807 1147 2850 ut
1195 2805 1530 2850 venustatem
1581 2795 1781 2848 habeas
1835 2791 2190 2846 admiratione
2219 2831 2235 2854 ,
2291 2798 2349 2844 ut

786 2890 1072 2958 Splendore
1106 2897 1425 2942 coruscante
1452 2903 1514 2940 ex
1549 2886 1785 2941 amicitia
1824 2884 2125 2939 illustratus
2155 2882 2351 2936 amcia-

789 2981 866 3033 ris
891 2980 1106 3049 gaudio,
1142 2990 1198 3033 et
1225 2994 1320 3047 spe
1373 2978 1580 3032 meliori
1617 2975 1929 3030 luxuriere:
1967 2976 2060 3029 sed
2101 2975 2176 3028 uti
2221 2989 2348 3042 pro-

789 3071 926 3124 clive
953 3070 1047 3124 tibi
1078 3070 1166 3132 sit,
1193 3079 1447 3138 tanquam
1498 3083 1586 3122 res
1620 3067 1883 3121 inanimes
1903 3067 2149 3135 prodere,
2185 3063 2347 3116 latro-
2371 3097 2414 3159 C

789 3178 917 3216 num
979 3162 1288 3216 incursibus
1353 3171 1410 3215 et
1475 3159 1679 3230 rapinis
1748 3159 1986 3221 cedens,
2042 3157 2232 3226 partim
2290 3163 2348 3208 ut

789 3253 1056 3317 ingestam
1107 3250 1486 3306 contumeliam
1540 3250 1810 3302 occultare
1851 3261 2019 3314 queas
2079 3244 2347 3313 perartif‘to

792 3345 984 3407 ciose,
1033 3352 1088 3396 et
1143 3351 1484 3411 contemptus
1543 3341 1662 3394 velo
1717 3339 1974 3409 religiosa:
2015 3337 2350 3392 verecundia:

791 3433 986 3486 famam
1035 3433 1246 3488 veneris
1285 3449 1299 3492 ;
1335 3432 1495 3485 simul
1563 3431 1724 3484 etiam
1785 3439 1841 3483 ut
1907 3429 2108 3482 amicos
2167 3444 2350 3480 morsu

792 3525 1036 3594 graviore
1064 3534 1119 3577 et
1153 3523 1502 3593 profundiore
1532 3522 1811 3590 corripias.
1848 3520 1922 3574 Ita
1960 3532 2039 3584 ut,
2087 3535 2194 3573 non
2219 3534 2350 3587 quo-

791 3615 953 3669 modo
981 3616 1157 3669 solent
1187 3615 1458 3679 malevoli,
1511 3615 1583 3667 ita
1622 3622 1677 3667 et
1707 3614 1864 3667 amici
1894 3613 2002 3668 sint
2033 3615 2101 3665 ob
2131 3613 2349 3680 pusilla-

792 3707 1089 3760 nimitatem
1122 3706 1410 3759 cavillandi
1445 3723 1460 3770 ;
1488 3705 1583 3758 sed
1627 3705 1748 3758 ideo
1768 3705 1910 3772 quod
1932 3704 2112 3757 videre
2145 3703 2349 3766 videor,

792 3813 1010 3849 omnem
1068 3797 1123 3849 in
1157 3812 1252 3850 eos
1287 3805 1627 3865 potestatem,
1669 3810 1884 3848 omnem
1910 3794 2199 3848 voluntatis
2253 3794 2352 3846 do-

790 3887 1164 3949 minationem,
1209 3885 1274 3939 ad
1301 3885 1619 3954 mergendos
1664 3884 1916 3938 ﬂuetibus
1939 3883 2156 3948 abiisse,
2210 3883 2352 3950 quod

791 3978 1138 4030 insidiatores
1192 3978 1474 4031 observem
1526 3986 1582 4030 et
1613 3975 1908 4045 naufragia.
1940 3975 2244 4037 Enimvero,
2273 3974 2353 4026 vir

794 4071 935 4122 bone
965 4079 1020 4122 et
1048 4069 1334 4129 laudande,
1365 4067 1653 4122 artiﬁciose
1691 4067 1992 4136 procedens
2024 4065 2350 4129 convicium,

792 4163 918 4216 licet
949 4162 1082 4214 nihil
1126 4161 1227 4215 tale
1249 4161 1558 4225 intenderit,
1588 4159 1829 4229 proderit
1865 4169 2044 4212 tamen
2103 4158 2349 4221 fortasse,

790 4253 916 4305 dum
963 4252 1094 4305 foris
1148 4253 1352 4305 illatum
1416 4251 1612 4304 mentis
1666 4261 1933 4304 tumorem
1987 4258 2294 4320 compescat
2336 4289 2351 4311 ,

791 4343 1086 4412 frangendo
1113 4344 1260 4397 illum
1284 4343 1523 4413 quidem,
1555 4342 1648 4395 sed
1681 4351 1736 4396 et
1764 4343 2050 4396 consilium
2083 4342 2349 4396 adhiben-

2439 509 2696 576 ἀδηλῶς,
2721 513 2907 578 οὕτως
2933 513 3222 577 πυκτεύω,
3249 512 3329 578 ὡς
3351 516 3461 565 οὐκ
3491 511 3635 580 ἀέρα
3651 512 3840 582 δέρων
3863 519 4002 570 ἀλλ’

2437 601 2737 662 ὑπωπιάζω
2753 622 2870 671 μου
2895 603 2962 656 τὸ
2991 604 3181 672 σῶμα,
3220 605 3320 656 καί
3342 603 3696 672 δουλικΜῶ
3719 646 3732 665 ,
3757 607 3844 675 μή
3880 624 4004 672 πως

2438 693 2650 759 ἄλλοις
2677 695 2956 761 κηρύξας,
2981 696 3162 760 αὐτὸς
3197 697 3475 764 ἀδόκιμος
3492 696 3760 764 γένωμαι.
3793 697 3868 749 Οὐ
3907 700 4003 766 μὲν

2438 783 2550 846 οὑν,
2581 785 2681 837 οὑκ
2737 785 2980 850 ἐδίσταζε
3005 787 3104 854 τὴν
3137 787 3446 854 ὑπόσχεσιν
3499 785 3598 838 οὑκ
3645 789 3855 854 ἠγωνία
3915 791 4003 841 τὶν

2439 875 2637 927 πόθονο
2673 876 2732 928 οὑ
2770 878 2867 944 τὴν
2923 878 3175 948 ἁρπαγὴν
3235 877 3432 930 ἐδειλία
3485 878 3578 930 τοῦ
3629 881 4001 949 μαργαρίτου·

2439 969 2570 1022 ἀλλὰ
2602 970 2675 1039 μή
2701 987 2752 1020 τι
2780 970 2940 1032 αὐτὸς
2968 969 3185 1034 ἀνάξιον
3206 971 3393 1022 τούτου
3421 969 3784 1038 διαπράξηται
3802 1011 3817 1036 ,
3849 974 3921 1041 μή
3953 989 4003 1024 τι

2439 1061 2638 1120 ἐνδέον,
2684 1059 2755 1128 μή
2781 1076 2834 1112 τι
2869 1060 3229 1130 σαλευομένης
3256 1058 3481 1127 γνώμης
3523 1061 3838 1113 ἀκόλουθον.
3871 1062 4002 1114 Ἀλ-

2452 1150 2540 1214 λος
2571 1143 2723 1212 οὗτος
2746 1151 2945 1213 δειλίας
2975 1151 3192 1220 τρόπος,
3219 1151 3313 1202 καὶ
3342 1150 3497 1212 ἄλλος
3517 1152 3545 1201 ό
3578 1150 3703 1220 περὶ
3730 1152 4007 1219 τὰς’ὰμοι-

2439 1241 2563 1304 ϐάς.
2631 1243 2864 1302 Ἐκεῖνος
2891 1242 3170 1304 ἐπαινετὸς
3198 1281 3213 1304 ,
3242 1237 3392 1306 οὗτος
3413 1242 3610 1310 ψεκτός
3629 1259 3643 1271 ·
3673 1243 3880 1304 ἐκεῖνος
3912 1261 4008 1295 σα-

2439 1333 2744 1403 λευομένων
2767 1373 2784 1399 ,
2813 1329 2964 1395 οὗτος
2987 1335 3338 1404 ἡδρασμένων
3363 1349 3376 1363 ⁸
3409 1336 3612 1396 ἐκεῖνος
3652 1334 3856 1400 ἀπάγει
3899 1335 4008 1386 τῶν

2441 1419 2711 1494 βράϐείων
2737 1468 2752 1489 ,
2781 1422 2933 1488 οὗτος
2956 1426 3454 1493 συγκατασκευάζει
3481 1426 3550 1478 τὰ
3593 1425 3828 1480 ἔπαθλαο
3852 1422 4006 1490 οὗτος

2441 1517 2678 1581 Παύλου,
2707 1520 2910 1580 ἐκεῖνος
2932 1519 3218 1587 ἡμέτερος.
3263 1518 3420 1571 Ἀλλὰ
3454 1518 3561 1588 γὰρ
3595 1517 3754 1585 φιλῶ,
3813 1519 4004 1586 φησὶν,

2441 1609 2528 1662 ῖνα
2557 1610 2630 1679 μὴ
2658 1610 2731 1671 ὡς
2757 1610 2928 1672 οὐδεὶς
2957 1609 3092 1662 εἴπω
3121 1609 3278 1662 πλέον
3295 1625 3309 1639 ο
3342 1609 3417 1671 ὡς
3438 1609 3490 1660 εί
3507 1625 3589 1669 τις
3610 1608 3766 1670 ἄλλος
3794 1609 4007 1661 δέδοικα

2439 1691 2496 1753 δέ
2519 1703 2642 1762 τοὺς
2675 1703 2731 1753 ἐν
2753 1699 2852 1768 βίῳ
2874 1705 3154 1770 πειρατὰς,
3192 1701 3266 1769 μή
3304 1717 3369 1768 με
3405 1700 3678 1769 συλήσωσι
3699 1700 3798 1767 τῆς
3827 1699 4006 1768 φιλίας

2440 1793 2737 1846 ἀπόνασθαι
2759 1810 2771 1822 °
2805 1793 2878 1862 μὴ
2911 1793 3000 1845 τὸν
3037 1793 3166 1861 ἐμὸν
3209 1793 3553 1862 μαργαρίτην
3596 1792 3885 1860 λοχήσωσι.
3943 1794 4007 1844 τί

2440 1885 2636 1948 λαλεῖς,
2668 1885 2915 1954 ἄνθρωπε
2935 1903 2948 1950 ;
2969 1885 3283 1953 μαργάρους
3313 1885 3436 1946 τοὺς
3471 1883 3651 1952 φίλους
3685 1887 3875 1946 ποιεῖς,
3907 1885 4007 1936 οὑκ

2441 1977 2504 2027 ἐκ
2529 1976 2624 2027 τοῦ
2655 1976 2936 2046 βελτίονος,
2971 1977 3058 2028 ἵνα
3085 1975 3144 2028 τὸ
3171 1976 3362 2039 κάλλος
3401 1976 3684 2044 θαυμάζῃς
3706 2015 3720 2036 ,
3754 1976 3850 2027 καὶ
3885 1979 4006 2038 ταῖς

2445 2072 2838 2139 μαρμαρυγαῖς
2867 2069 2965 2135 τῆς
2987 2069 3044 2119 ἐν
3072 2071 3138 2137 τῇ
3186 2067 3340 2136 φιλίᾳ
3408 2067 3794 2137 λαμπρότητος
3847 2084 4005 2133 περι-

2442 2158 2882 2227 αστραπτόμενος
2905 2159 3123 2227 χαίρῃς,
3139 2159 3230 2211 καὶ
3251 2159 3459 2228 τρυφᾷς
3483 2162 3600 2221 ταῖς
3624 2159 3902 2228 ἀμείνοσιν
3921 2160 4008 2211 ἐλ-

2444 2250 2615 2304 πίσιν.
2654 2249 2792 2302 Ἀλλ’
2833 2249 2922 2303 ἵνα
2946 2248 3039 2320 ἐξῇ
3085 2266 3166 2302 σοι
3190 2248 3346 2302 τοῦτο
3370 2249 3488 2319 μὲν,
3512 2249 3587 2312 ὡς
3625 2253 3752 2318 περὶ
3785 2251 4008 2318 ἀψύχων

2443 2340 2730 2410 προδοσίαν
2762 2340 3034 2405 πλάττειν,
3065 2342 3157 2394 καὶ
3191 2340 3404 2413 λῃστῶν
3437 2340 3657 2409 ἐφόδους
3689 2342 3785 2394 καὶ
3820 2343 4004 2412 ἁρπα-

2443 2435 2565 2500 γήν.
2598 2431 2768 2484 Τοῦτο
2800 2431 2876 2496 δὲ,
2904 2432 2979 2494 ὡς
3003 2433 3068 2485 ἂν
3100 2432 3383 2504 δυνηθείης
3413 2433 3504 2485 τὸν
3550 2433 4008 2504 προπηλακισμὸν

2444 2523 2705 2592 κρύπτειν
2755 2524 2832 2593 τῷ
2883 2523 3254 2593 τεχνάσματιο
3308 2525 3403 2577 καὶ
3439 2524 3517 2594 τῷ
3547 2525 4008 2595 ἐσχηματισμένῳ

2448 2615 2674 2684 ὕϐρεως,
2700 2614 2816 2684 ἅμα
2851 2615 2946 2685 μὲν
2985 2616 3266 2678 εὐλαϐείας
3300 2614 3457 2680 δόξαν
3484 2616 3740 2687 θηρᾶσαι,
3791 2618 3909 2687 ἅμα
3955 2617 4010 2670 δὲ

2448 2703 2741 2776 βαθύτερόν
2787 2721 2845 2756 τε
2897 2704 2994 2757 καὶ
3049 2705 3374 2776 πικρότερον
3402 2703 3512 2756 τῶν
3545 2706 3713 2772 φίλων
3736 2707 4012 2758 καθάπτε-

2447 2796 2600 2848 σθαι·
2631 2797 2712 2848 ὃτι
2741 2795 2861 2849 καθ’
2899 2797 2958 2849 ὃν
3013 2798 3230 2865 τρόπον,
3285 2797 3382 2867 οὐχ
3410 2798 3460 2850 οἱ
3518 2800 3812 2868 μάργαροι,
3847 2799 4010 2865 λέγω,

2447 2888 2615 2952 οὕτως
2641 2889 2748 2941 οὐδ’
2775 2891 2823 2942 oi
2858 2889 2997 2957 φίλοι
3027 2890 3126 2955 τῆς
3152 2888 3354 2952 δειλίας
3407 2889 3516 2942 είσί
3553 2908 3644 2959 μοι
3692 2891 3971 2960 παραίτιοι
3996 2907 4009 2919 ⁸

2447 2979 2562 3031 ἀλλ’
2592 2981 2674 3031 ὅτι
2713 2979 2823 3049 ὁρῶ
2853 2980 2950 3048 τὴν
2983 2979 3108 3049 περὶ
3135 2980 3330 3041 αὑτοὺς
3357 2979 3628 3044 ἐξουσίαν,
3663 2981 3755 3031 καὶ
3781 2981 3844 3032 τὺ
3875 2981 4012 3049 κρά-

2447 3087 2537 3133 τος
2564 3071 2656 3124 τοῦ
2700 3070 3056 3140 βουλήματος,
3101 3069 3219 3122 ὅλον
3271 3073 3350 3132 είς
3399 3071 3522 3132 τοὺς
3581 3072 4014 3132 καταποντιστὰς

2451 3162 2863 3230 μεταχωρῆσαν.
2922 3163 3014 3214 καὶ
3067 3162 3192 3223 τοὺς
3219 3160 3493 3230 λοχῶντας
3540 3163 3728 3214 καὶτὰ
3757 3162 4011 3228 ναυάγια.

2460 3251 2599 3301 Ἀλλ’
2629 3249 2805 3319 ὕϐρις,
2831 3244 2876 3302 ὧ
2910 3251 3040 3303 καλὲ
3071 3252 3164 3302 καὶ
3195 3251 3385 3317 ἀγαθὲ,
3415 3252 3511 3302 σὺν
3540 3251 3703 3321 τέχνῃ
3729 3252 4012 3318 προῖοῦσα.

2449 3341 2786 3394 λανθάνουσα
2817 3344 2935 3411 μὲν,
2959 3342 3097 3410 τάχα
3131 3359 3182 3394 τι
3223 3343 3315 3394 καὶ
3345 3344 3584 3411 συνήσει,
3616 3342 3713 3410 τῆς
3749 3344 3932 3412 ψυχῆς
3959 3345 4017 3394 τὸ

2450 3435 2673 3488 οἰδαῖνον
2701 3434 2804 3498 ἔξω
2837 3434 3102 3505 ῥηγνῦσα,
3132 3433 3519 3504 παρηγοροῦσά
3544 3451 3601 3486 τε
3634 3435 3728 3487 καὶ
3748 3437 4018 3504 διαπραΰ-

2449 3541 2613 3579 νουσα
2632 3542 2646 3556 ’
2678 3525 2930 3578 ἐπειδ’ἂν
2959 3525 3015 3578 δὲ
3045 3525 3367 3594 κατάφωρος
3410 3527 3652 3595 γένηται,
3708 3528 3788 3589 είς
3821 3529 4017 3579 ταύτὸν

2451 3618 2623 3670 ἄτοπα
2651 3616 2822 3669 πολλὰ
2872 3616 3110 3683 συνάγει·
3143 3612 3275 3686 ἦθος
3332 3616 3503 3688 βαρὺ,
3547 3616 3714 3686 ψογὸν
3759 3619 4017 3681 ἐπαίνους

2453 3709 2907 3780 ὑποκρινόμενονο
2975 3709 3253 3778 αἰσχύνην,
3307 3707 3391 3774 ἐφ’
3440 3703 3522 3771 οἷς
3551 3709 3579 3758 ό
3631 3709 3890 3778 κρύπτων
3919 3712 4016 3761 οὐκ

2451 3800 2658 3853 ἔλαθεν.
2680 3799 2788 3850 Καὶ
2830 3801 3156 3869 παρατρὲχω
3191 3797 3260 3850 τὰ
3291 3798 3528 3851 πλείονα.
3579 3800 3798 3864 Καίτοι,
3831 3802 3879 3851 εί
3920 3803 4016 3868 μὲν

2454 3889 2694 3958 ὑϐρίζειν
2751 3888 2854 3941 ἔδει
2879 3929 2893 3951 ,
2948 3887 3030 3949 τίς
3063 3893 3094 3957 ἠ
3151 3887 3366 3957 μηχανὴ
3421 3887 3514 3939 τοῦ
3548 3889 3812 3957 κρύπτειν
3834 3906 3850 3953 ;
3876 3893 3926 3941 εἰ
3960 3891 4014 3942 δὲ

2451 3983 2630 4036 λαθεῖν
2662 3984 2846 4051 ἐχρῆν,
2877 3981 3096 4046 ἄμεινον
3121 3974 3187 4048 ἦν
3228 3979 3364 4048 μηδέ
3400 3979 3498 4048 τὴν
3525 3979 3697 4048 ἀρχὴν
3719 3980 3798 4041 είς
3829 3979 4015 4048 ὖὸρεις

2451 4073 2646 4126 ἐλθεῖν.
2687 4072 2744 4126 ’0
2761 4071 2817 4124 δὲ
2843 4070 3100 4140 κρύπτων
3131 4069 3226 4138 μὲν
3243 4071 3299 4121 ἐν
3322 4068 3399 4138 τῷ
3425 4069 3690 4138 μαργάρῳ
3711 4071 3809 4139 τὴν
3833 4070 4010 4140 ὓϐριν,

2449 4163 2632 4217 λαθεῖν
2660 4162 2716 4216 δὲ
2765 4162 2864 4214 οὑκ
2897 4161 3033 4229 ἔχων
3069 4159 3166 4227 τὴν
3216 4159 3410 4228 τέχνην
3431 4197 3446 4219 ,
3477 4159 3576 4211 οὑκ
3612 4153 3705 4212 οἷδ’
3737 4160 3906 4224 ὅπως,
3940 4155 4013 4212 ὧν

2455 4259 2699 4328 βουλεται
2728 4257 2786 4308 οὑ
2819 4255 3180 4308 διαπεσεῖται.
3215 4248 3352 4302 Οὑτε
3378 4249 3486 4318 γὰρ
3522 4248 3711 4301 ἔλαθεν
3759 4249 4008 4316 ὑϐρίσας,

2455 4350 2547 4402 καὶ
2584 4347 2684 4419 τὴν
2715 4344 2915 4415 σκηνὴν
2963 4343 3067 4412 (ἴνα
3125 4341 3288 4410 μηδὲν
3317 4341 3455 4392 εἴπω
3507 4339 3690 4409 πλέον)
3731 4339 4010 4408 ἐλέγχεται

791 4436 879 4497 do,
921 4445 977 4488 et
1010 4436 1338 4490 sedatiorem
1376 4434 1669 4502 operando.
1725 4435 1794 4486 At
1831 4449 1951 4486 cum
1983 4432 2194 4502 publice
2221 4447 2352 4486 con-
2380 4445 2424 4499 ι)
2456 4457 2464 4508 ι

2339 4461 2352 4471 .
2380 4445 2424 4499 D
2456 4439 2628 4508 μάτην
2683 4435 3013 4495 διαπλώσας.
3067 4430 3252 4483 Βούλει
3308 4427 3649 4498 μαργαρίδας
3700 4429 3829 4488 τοὺς
3889 4430 4012 4491 σοὺς

791 4529 1021 4581 vicietur
1051 4528 1266 4595 aliquis,
1303 4528 1498 4580 multas
1543 4525 1919 4595 superinducit
1966 4525 2350 4590 absurditates,

792 4621 1159 4673 intolerandos
1206 4635 1406 4684 mores,
1435 4619 1759 4686 vituperium
1799 4616 1901 4669 sub
1929 4624 2188 4683 praetextu
2235 4615 2353 4667 lau-

793 4711 893 4774 dis,
955 4709 1385 4779 pudefactionem
1415 4709 1482 4762 de
1516 4708 1580 4761 iis
1617 4723 1736 4775 quae
1763 4707 1951 4772 voluit,
1989 4707 2082 4760 sed
2113 4705 2308 4760 frustra
2334 4747 2350 4770 ,

793 4802 1085 4856 occultare.
1152 4801 1385 4854 Plurima
1433 4810 1713 4869 praetereo.
1753 4799 1905 4864 Quod
1961 4799 2005 4851 si
2063 4798 2352 4850 conviciari

793 4894 1126 4962 propositum
1152 4893 1272 4953 fuit,
1306 4893 1433 4959 quid
1471 4907 1608 4960 opus
1631 4891 1936 4945 occultandi
1968 4889 2237 4942 artiﬁcio?
2267 4889 2349 4941 sin

793 4987 928 5040 clam
973 5000 1093 5039 esse
1142 4995 1196 5038 et
1252 4985 1417 5038 latere
1453 5025 1468 5048 ,
1500 4993 1650 5038 certe
1699 4982 2038 5051 praestitisset
2095 4981 2162 5033 ab
2202 4979 2350 5033 omni

795 5091 1014 5145 prorsus
1064 5076 1390 5129 contumelia
1436 5074 1760 5128 abstinuisse
1791 5073 1844 5126 in
1876 5071 2049 5125 initio.
2087 5069 2188 5135 Qui
2226 5087 2354 5124 vero

795 5167 1175 5221 contumeliam
1212 5183 1307 5235 per
1353 5167 1694 5236 margaritam
1742 5166 2020 5228 occultat,
2052 5177 2153 5216 nec
2180 5162 2352 5216 celare

794 5260 1263 5321 novitartiﬁciose,
1296 5268 1497 5321 tamen,
1526 5257 1710 5311 nescio
1735 5271 1842 5324 quo
1877 5265 2053 5324 pacto,
2082 5269 2111 5306 a
2134 5269 2228 5322 spe
2258 5269 2352 5307 sua

797 5368 902 5404 non
931 5350 1128 5404 excidit
1178 5359 1233 5404 et
1267 5349 1548 5404 desiderio.
1590 5347 1771 5416 Neque
1826 5345 1970 5400 enim
2012 5343 2167 5398 latuit
2213 5359 2350 5397 con-

797 5443 1132 5497 tumeliosius
1163 5457 1344 5512 agens,
1385 5451 1439 5494 et
1468 5457 1684 5496 scenam
1715 5440 1879 5504 illam,
1899 5453 1967 5491 ne
1987 5437 2112 5506 quid
2140 5437 2351 5507 gravius

799 5534 996 5598 dicam,
1021 5535 1218 5588 frustra
1247 5535 1586 5589 convincitur
1614 5533 1925 5588 adornasse.
1949 5530 2107 5584 Visne
2137 5531 2349 5584 amicis-

875 5718 913 5745 ”
943 5715 985 5769 ll
1017 5715 1155 5770 Tim.
1194 5733 1264 5780 tv,
1301 5722 1350 5772 8.
1432 5719 1470 5748 ³³
1505 5718 1517 5770 Ι
1549 5717 1669 5769 Cor.
1708 5733 1778 5780 ix,
1808 5716 1895 5780 26,
1927 5716 2016 5769 ‘27.

2451 4527 2795 4598 ἐξονομάζειν
2821 4525 3037 4594 φίλους
3071 4523 3144 4593 μὴ
3179 4522 3374 4575 σαὺτὸν
3427 4519 3710 4588 δισταγμῷ
3753 4523 4010 4590 περιτρέο

2453 4636 2594 4684 ποις,
2641 4619 2716 4680 ὡς
2748 4617 2810 4669 τὸ
2865 4615 3056 4666 λευκὸν
3086 4613 3184 4681 τῆς
3241 4610 3460 4679 ἀγάπης
3492 4610 3588 4663 καὶ
3627 4610 3899 4678 λαμπρὸν,
3936 4613 4013 4671 εἰς

2451 4710 2549 4778 τὴν
2579 4707 2838 4777 μέλαιναν
2889 4704 3216 4772 διαχύσωσιν
3271 4700 3496 4770 ἔχθραν·
3535 4699 3670 4768 μηδέ
3725 4699 3928 4768 δειλιᾷς
3957 4701 4013 4751 τὸ

2453 4807 2550 4876 τῆς
2586 4803 2874 4863 διαθέσεως
2933 4799 3184 4867 ἔντορον,
3247 4794 3343 4847 καὶ
3375 4792 3711 4862 πανταχόθεν
3754 4791 3870 4844 ἴσον
3919 4795 4013 4844 καὶ

2457 4894 2714 4964 καθαρὸν,
2746 4892 2820 4954 ὡς
2849 4892 2928 4952 είς
2956 4889 3171 4948 ἀνίσους
3195 4885 3394 4954 γωνίας
3430 4883 3672 4951 πλαστῆς
3717 4885 4012 4954 περιθραυ-

2459 4988 2716 5056 σθὴσεται
2739 4980 2979 5051 γνώμης.
3022 4978 3180 5032 Ἀλλὰ
3198 4978 3421 5046 δειλιᾷς,
3465 4975 3539 5044 μὴ
3571 4975 3791 5044 ἁρπαγῇ
3829 4994 3922 5028 σου
3956 4978 4012 5029 τὸ

2457 5075 2802 5146 τιμιώτατον.
2847 5074 2958 5126 Οὑκ
2987 5071 3129 5123 ἐστιν
3162 5069 3366 5137 ἄψυχος
3413 5067 3533 5119 οὑδὲ
3566 5066 3822 5134 ἀκίνητος
3860 5069 3888 5119 ὁ
3927 5069 4011 5135 φξ.

2429 5168 2546 5240 [λος
2575 5167 2673 5236 τὴν
2728 5165 2919 5234 φύσινο
2959 5164 3023 5216 ἐκ
3053 5161 3144 5213 τοῦ
3205 5163 3442 5229 χείρονος
3477 5160 3510 5228 ὴ
3562 5159 3782 5227 τοιαύτη
3824 5161 4011 5228 χρῆσις

2459 5257 2551 5310 τοῦ
2575 5256 3011 5327 παραδείγματος
3027 5270 3040 5283 ο
3074 5252 3215 5305 καὶὸ
3237 5251 3333 5320 τὴν
3357 5250 3610 5319 ἁρπαγὴν
3635 5250 3809 5316 λέγων
3846 5251 4010 5303 δεδιέο

2461 5369 2586 5413 ναι,
2636 5351 2732 5418 τῆς
2784 5348 2984 5409 εἰκόνος
3029 5342 3368 5396 ἐπιϐουλεύει
3421 5342 3480 5394 τὸ
3507 5342 3795 5411 χρήσιμον.
3860 5344 4012 5397 Ἀλλὰ

2458 5442 2618 5510 φοϐῇ,
2645 5439 2719 5509 μὴ
2749 5438 3015 5508 ἅρπαγμα
3044 5438 3156 5500 τοῖς
3195 5433 3390 5504 λοχῶσι
3415 5434 3655 5500 γένηται.
3693 5434 3803 5486 Καὶ
3847 5436 3901 5487 τί
3941 5438 4009 5505 μὴ

2457 5534 2632 5601 λέγεις
2681 5530 2898 5595 sum;
2949 5528 3084 5583 am
3141 5526 3406 5598 φοϐοῦμαι
3467 5526 3542 5594 μὴ
3569 5525 3732 5588 αὐτὸς
3776 5528 4008 5590 ἀποστὰς
