4236 6436
316 393 422 454 913

313 590 516 658 φιλίας,
550 589 745 652 πόνων,
784 589 980 652 ἄθλων,
1015 589 1105 650 οὓς
1129 590 1216 641 διὰ
1236 591 1465 659 Χριστὸν
1523 592 1618 644 καὶ
1651 593 1745 662 τὴν
1771 591 1868 643 αὺ-

311 679 409 731 τοῦ
453 677 774 745 Ἐκκλησίαν
797 678 1124 747 ἠνέγκαμεν,
1154 681 1335 740 Οὕτως
1362 682 1388 732 ὁ
1415 681 1585 747 λέγων
1617 684 1706 733 καί
1730 682 1866 734 ἀπο-

313 769 603 821 καλύπτων
640 769 740 834 τῆς
774 770 1010 835 ἀγωνίας
1037 770 1095 820 τὸ
1114 772 1301 830 αἴτιον,
1331 772 1422 822 καὶ
1448 772 1514 822 τὰ
1543 774 1735 824 ἑαυτοῦ
1763 793 1867 842 χω-

315 861 401 926 ρὶς
432 859 677 928 μηχανῆς
706 863 951 928 πράττει,
987 862 1080 913 καί⁴
1111 862 1200 912 τὸν
1227 863 1396 913 αἴτιον
1427 863 1596 931 ῥᾷστα
1625 865 1870 933 διορθοῦ-.

312 970 422 1014 ται,
453 953 544 1004 καὶ
587 951 817 1004 δεικνύει
874 952 1095 1024 θαρρεῖν
1125 955 1333 1015 ἑαυτὸν,
1384 951 1463 1016 οἷς
1497 955 1761 1008 ὲπικαλεῖ.
1809 959 1868 1008 Ὀ

312 1042 372 1092 δὲ
402 1043 604 1111 σκηνὴν
625 1026 855 1111 πηγνὺς,
879 1040 996 1098 εἶτα
1016 1046 1441 1115 δραματουργῶν
1464 1048 1521 1098 ὲν
1545 1048 1701 1116 αὐτῇ,
1735 1049 1870 1115 μετὰ

314 1136 657 1200 προσωπείου
683 1137 740 1186 τὸ
763 1137 1100 1205 βλάσφημον,
1130 1138 1247 1189 ἀντὶ
1284 1138 1377 1188 τοῦ
1420 1139 1622 1208 σκηνὴν
1665 1142 1870 1209 ἑτέροις

313 1222 621 1290 προϐαλεῖν,
679 1224 995 1294 λαϐύρινθον
1051 1227 1226 1295 ἑαυτῷ
1255 1229 1500 1283 λανθάνει
1532 1231 1828 1298 περιτιθείς
1854 1251 1865 1262 ·

315 1314 390 1374 ῶς
428 1315 519 1365 καὶ
543 1314 635 1364 νῦν
662 1317 792 1382 ὁρᾷς
821 1318 919 1368 οὐκ
951 1318 1094 1369 ἐστιν
1152 1318 1403 1381 ἐξελθεῖν.
1475 1321 1611 1372 Ἀλλ’
1642 1321 1760 1372 ὅθεν
1807 1325 1870 1374 ἄν

313 1419 395 1463 τις
423 1405 696 1473 προκύψαι
729 1409 1032 1478 πειραθείη,
1059 1411 1381 1464 ἁπαντῶσαν
1401 1412 1512 1481 ἔχει
1544 1415 1872 1482 πανταχόθεν

315 1492 409 1542 τοῦ
444 1493 763 1562 λαϐυρίνθου
819 1498 915 1565 τὴν
947 1501 1306 1567 κατασκευήν.
1369 1501 1549 1568 Χωρὶς
1613 1501 1720 1570 γὰρ
1765 1503 1868 1554 τῶν

317 1585 642 1652 εἰρημένων,
676 1588 723 1636 εἰ
758 1589 853 1655 μὲν
881 1589 973 1640 νῦν
994 1589 1192 1658 δειλιᾷς
1222 1591 1319 1660 τὴν
1343 1592 1542 1658 φιλίαν,
1579 1593 1627 1642 τί
1671 1592 1742 1661 μὴ
1790 1594 1870 1663 ῥί-

317 1691 456 1742 πτῃς
479 1684 523 1739 ο,
560 1676 591 1744 ἦ
618 1693 675 1727 σε
711 1677 796 1728 διὰ
825 1678 939 1745 βίον
975 1679 1267 1732 σαλεύουσα
1294 1681 1476 1743 παίζει
1506 1699 1518 1742 ;
1551 1683 1611 1732 Εἰ
1634 1681 1688 1733 δὲ
1712 1682 1872 1752 ἐθάρ-

319 1767 513 1830 ρηκας,
546 1766 658 1827 πῶς
699 1770 760 1818 ἐκ
791 1768 884 1819 τοῦ
910 1770 1192 1838 παρόντος,
1228 1772 1320 1822 καὶ
1347 1772 1472 1840 περὶ
1500 1773 1605 1822 τῶν
1653 1772 1870 1840 μελλόν-

314 1871 424 1906 των
453 1856 511 1905 ού
543 1855 833 1925 λαμϐάνεις
857 1861 953 1929 τὴν
979 1864 1275 1928 ἀσφάλειαν
1297 1881 1310 1927 ;
1343 1865 1455 1916 ἀλλ’
1479 1861 1557 1927 οἷς
1587 1867 1683 1934 μὲν
1706 1867 1867 1935 ἔχεις,

314 1946 376 1995 ού
411 1947 618 2015 χαίρεις
642 1964 656 1977 ·
685 1949 718 2000 ἃ
745 1950 786 2000 δ’
824 1953 1091 2017 ὑπονοεῖς,
1138 1956 1211 2016 ῶς
1236 1957 1325 2007 ὑπ’
1358 1957 1535 2008 αὐτῶν
1581 1959 1871 2028 κατειλημ-

319 2038 497 2103 μένος,
534 2040 734 2101 στένεις
760 2058 771 2070 ·
801 2043 997 2112 μᾶλλον
1020 2046 1062 2096 δ’
1095 2047 1157 2099 ἄν
1193 2066 1276 2109 τις
1314 2049 1496 2118 ἕτερος
1544 2052 1769 2103 αἰτιάσοι
1815 2053 1874 2103 τὸ

319 2129 400 2194 (Οὐ
431 2129 535 2197 γὰρ
569 2131 740 2198 ἔγωγε
775 2134 839 2184 ἂν
868 2135 1052 2204 φαίην)
1079 2138 1152 2199 ῶς
1176 2140 1232 2204 ἐξ
1257 2134 1330 2191 ὧν
1364 2143 1488 2209 περὶ⁹
1515 2141 1621 2192 τῶν
1652 2143 1870 2209 μελλόν-

314 2237 420 2270 των
449 2221 830 2292 τεθορύϐησαι,
863 2227 1007 2297 ἔργῳ
1040 2228 1140 2282 κᾶν
1177 2234 1249 2300 μὴ
1274 2233 1412 2301 λόγῳ
1438 2233 1769 2303 διομολογῇς,
1797 2234 1871 2296 ώς

312 2311 432 2362 οὐδὲ
458 2313 523 2364 τά
542 2316 780 2383 παρόντα
810 2335 890 2370 σοι
917 2321 1192 2391 πέπηγεν·
1232 2323 1344 2375 ἁλλ’
1395 2327 1571 2394 ἡμεῖς,
1609 2319 1652 2377 ὦ
1699 2325 1868 2394 φίλος,

314 2394 402 2450 οἷα
455 2403 704 2472 λέγομεν,
761 2409 906 2460 ἁπλᾶ.
947 2410 1040 2462 καὶ
1086 2413 1232 2481 σαφῆ
1293 2417 1702 2469 συνεπισκόπει.
1759 2419 1871 2470 Οὐκ

316 2493 594 2561 ἐπιτρέπω
625 2497 723 2564 μέν
747 2515 825 2550 σοι
856 2502 1140 2570 προδοῦναι
1188 2505 1279 2556 τὸν
1311 2507 1687 2576 μαργαρίτην·
1737 2509 1869 2561 ἀλλὰ

319 2581 446 2650 μηδ’
479 2585 795 2654 εύπρόδοτον
819 2591 1050 2658 λογίζου·
1087 2595 1241 2646 τοῦτο
1274 2597 1382 2665 γὰρ
1414 2598 1519 2664 πρὸ
1545 2599 1754 2651 ἐκείνου
1780 2619 1869 2651 πι-

315 2676 548 2745 κροτέρα
575 2679 771 2745 μᾶλλον
799 2683 891 2735 καὶ
924 2684 1189 2754 βαθυτέρα
1228 2687 1502 2756 προδοσία.
1545 2691 1635 2759 Μὴ
1660 2691 1871 2760 προδῷς

317 2764 407 2814 τὸν
449 2765 537 2817 σὸν
564 2771 926 2840 μαργαρίτην,
956 2773 1090 2825 ἀλλὰ
1119 2775 1238 2844 μηδ’
1269 2776 1591 2846 ἀναίσθητον
1629 2781 1720 2829 καὶ
1744 2780 1866 2830 ἀκί-

319 2873 474 2924 νητον
504 2859 734 2925 ὑπονόει,
771 2864 902 2930 μηδὲ
924 2867 1032 2926 τοῖς
1061 2866 1272 2934 ἐχθροῖς
1301 2868 1380 2930 εἰς
1409 2868 1605 2921 ἅλωσιν
1649 2871 1867 2940 πρόχει-

318 2965 441 3017 ρον·
478 2949 549 3019 μὴ
580 2951 746 3003 δειλία
781 2955 877 3021 τὴν
903 2955 1100 3021 φιλίαν·
1136 2956 1288 3027 ὕϐρις
1320 2959 1436 3009 ἐστὶ
1473 2960 1686 3023 πάντως
1713 2961 1744 3031 ἢ
1776 2961 1869 3013 τοῦ

315 3039 693 3112 δειλιῶντος,ἣ
743 3046 870 3114 περὶ
895 3041 968 3099 ὦν
1016 3047 1404 3118 δειλαινόμεθα.
1470 3052 1570 3102 Τὸν
1619 3053 1716 3121 μὲν
1763 3055 1870 3124 γὰρ

1459 394 1984 454 EPISTOLARUM
2026 397 2255 457 LIBER
2296 400 2369 458 [ί.

311 501 473 572 ἡμῶν
505 499 640 568 μετὰ
689 499 795 551 τῶν
821 500 1098 568 λοχώντων
1144 503 1398 568 γένηται·
1449 504 1521 572 μὴ
1552 504 1872 570 ὲπιλήσηται
1899 502 1984 560 At

1181 503 1398 568 ἐνηται·
1449 504 1521 572 μὴ
1552 504 1872 570 ὲπιλήσηται
1899 502 1950 560 Α
1975 507 2139 558 Simos
2181 518 2298 562 tuos
2352 510 2522 577 palam
2574 511 2852 563 nominare

3418 399 3521 462 914

2944 511 2966 561 ?
3017 511 3133 564 Noli
3192 512 3531 580 temetipsum

1967 600 2298 654 distractioni
2351 600 2637 669 subjicere,
2687 602 2758 667 ita
2797 611 2857 655 ut
2916 602 3201 654 candorem
3251 601 3446 654 amoris
3481 611 3535 657 et

1969 695 2308 762 splendorem
2363 694 2418 746 in
2477 694 2808 762 nigredinem
2881 706 3163 746 convertas
3225 693 3531 746 inimicitia-

1970 800 2108 837 rum.
2135 785 2248 838 Noli
2288 785 2359 836 ita
2395 784 2740 837 meticulosus
2762 798 2900 846 esse,
2934 795 2992 837 ut
3038 784 3111 836 tui
3146 785 3374 837 instituti
3400 785 3528 837 soli-

1969 875 2213 940 ditatem,
2271 885 2324 928 et
2372 884 2567 927 statum
2610 874 2966 942 undequaque
3027 876 3310 940 aequalem,
3368 883 3528 940 atque

1972 965 2089 1018 labe
2115 964 2260 1016 omni
2296 965 2612 1025 immunem,
2649 965 2702 1015 in
2721 964 2947 1031 angulos
2971 963 3260 1030 inaaquales
3288 964 3530 1016 conﬁctae

1970 1054 2238 1122 Opinionis
2273 1053 2547 1106 collidere.
2583 1053 2687 1106 Sed
2719 1068 2904 1106 curam
2948 1052 3196 1118 dejiceris
3218 1093 3231 1115 ,
3278 1068 3345 1104 ne
3391 1052 3528 1104 forte

1971 1145 2113 1212 quod
2160 1144 2604 1212 pretiosissimum
2631 1153 2713 1196 est
2785 1145 3046 1198 violenter
3097 1159 3127 1195 a
3176 1155 3226 1195 te
3271 1146 3526 1208 rapiatur.

1971 1235 2189 1287 Amicus
2231 1249 2337 1287 non
2368 1245 2450 1287 est
2488 1236 2605 1287 sine
2628 1234 2827 1296 anima,
2878 1249 2978 1286 nec
3006 1233 3294 1286 immobilis
3339 1242 3527 1285 natura

1973 1343 2115 1387 sua;
2166 1343 2195 1377 a
2247 1335 2396 1393 parte
2447 1325 2711 1378 deteriore
2759 1326 3040 1378 deducitur
3089 1325 3248 1391 hujus
3298 1324 3527 1390 exempli

1975 1433 2123 1469 usus.
2160 1416 2206 1468 Is
2232 1419 2318 1483 qui
2353 1432 2409 1469 se
2433 1418 2565 1469 dicit
2594 1416 2834 1484 rapinam
2865 1427 3124 1479 metuere,
3161 1415 3302 1482 quod
3333 1415 3385 1464 in
3416 1415 3526 1480 ipsa

1975 1508 2202 1575 imagine
2257 1509 2380 1560 utile
2412 1507 2639 1560 habetur
2663 1548 2677 1569 ,
2721 1508 2860 1559 idem
2890 1517 3161 1574 oppugnat
3202 1521 3265 1558 ex
3298 1505 3521 1557 insidiis.

1975 1598 2166 1650 Metuis
2218 1614 2396 1666 porro,
2438 1612 2505 1648 ne
2536 1597 2912 1650 insidiantibus
2946 1597 3121 1664 praeda
3155 1596 3285 1656 ﬁat;
3340 1593 3523 1660 quidni

1974 1699 2148 1740 autem
2176 1687 2415 1740 disertim
2443 1686 2716 1740 allirmas?
2760 1701 2951 1738 vereor
2976 1700 3042 1737 ne
3089 1686 3330 1737 desertor
3356 1685 3522 1734 nostri

1981 1779 2044 1830 ad
2091 1785 2267 1845 partes
2319 1790 2376 1828 se
2411 1776 2700 1827 transferat
2737 1774 3154 1837 insidiatorum;
3214 1787 3401 1824 vereor
3456 1786 3524 1823 ne

1974 1868 2322 1922 obliviscatur
2370 1867 2639 1927 amicitiaa,
2671 1866 2936 1927 laborum,
2977 1864 3353 1925 certaminum,
3405 1877 3524 1926 qua:

1972 1975 2070 2029 pro
2108 1959 2324 2012 Christo
2352 1959 2681 2012 sustinemus
2723 1967 2776 2010 et
2802 1955 3055 2010 Ecclesia.
3106 1955 3229 2007 Hmc
3257 1955 3347 2023 qui
3397 1969 3523 2021 pro-

1973 2049 2202 2112 nuntiat,
2231 2059 2285 2101 et
2312 2058 2487 2100 metus
2516 2048 2600 2099 sui
2623 2061 2837 2100 causam
2872 2045 2950 2098 sic
2980 2045 3200 2107 revelat,
3229 2059 3344 2096 rem
3372 2059 3523 2095 suam

1971 2143 2078 2208 agit
2114 2141 2229 2191 sine
2265 2138 2529 2200 machina,
2582 2145 2637 2190 et
2673 2153 2797 2190 eum
2852 2135 3003 2189 facile
3036 2136 3243 2188 reducit
3273 2135 3327 2186 in
3380 2135 3521 2186 viam

1971 2240 2169 2283 rectam
2194 2230 2283 2296 qui
2315 2230 2476 2282 estin
2511 2229 2688 2296 culpa,
2731 2236 2786 2280 ct
2816 2243 2873 2280 se
2907 2228 2960 2278 in
2992 2226 3055 2277 iis
3082 2240 3226 2291 spem
3250 2239 3400 2277 suam
3428 2239 3522 2293 po-

1971 2338 2100 2375 nere
2155 2321 2412 2391 agnoscit,
2459 2336 2593 2388 quos
2621 2320 2845 2372 advocat
2879 2319 2934 2369 in
2983 2316 3260 2369 auxilium.
3307 2319 3377 2370 At
3429 2315 3522 2382 qui

1971 2430 2186 2469 scenam
2217 2414 2420 2474 statuit,
2461 2423 2514 2465 et
2549 2414 2602 2464 in
2653 2412 2794 2464 illam
2823 2410 3114 2463 introducit
3160 2418 3388 2471 actores,
3429 2407 3524 2476 qui

1970 2523 2226 2576 personas
2251 2506 2545 2559 maledictis
2576 2505 2866 2565 incessant,
2899 2519 2996 2572 pro
3028 2518 3186 2557 scena
3217 2518 3374 2570 quam
3405 2502 3522 2556 aliis

1969 2599 2267 2659 adornavit,
2293 2614 2412 2651 sese
2452 2597 2625 2648 induit
2663 2597 2717 2647 in
2741 2595 3128 2663 labyrinthum,
3158 2593 3320 2654 unde,
3377 2592 3519 2659 quod

1971 2689 2124 2741 facile
2161 2695 2403 2756 apparet.
2426 2702 2533 2739 non
2559 2686 2684 2739 licet
2711 2684 2960 2738 cxtricari
2988 2702 3003 2749 ;
3040 2684 3132 2736 sed
3175 2699 3202 2735 a
3224 2698 3328 2751 qua
3369 2693 3521 2750 parte

1970 2779 2089 2847 quis
2135 2779 2442 2846 prospicere
2504 2777 2814 2838 tentaverit,
2860 2785 3109 2829 occursat
3159 2775 3206 2827 ei
3229 2772 3521 2843 labyrinthi

1971 2879 2219 2937 paratura
2254 2881 2347 2933 ;ut
2371 2871 2437 2922 ad
2468 2884 2550 2929 ea,
2592 2884 2714 2936 qua:
2738 2869 2893 2920 allata
2927 2875 3073 2928 sunt,
3114 2880 3221 2917 non
3252 2865 3519 2928 attendas,

1970 2961 2012 3011 si
2049 2962 2223 3014 adhuc
2247 2977 2390 3014 nunc
2417 2960 2704 3013 amicitiam
2738 2959 3072 3022 reformides,
3099 2957 3225 3024 quid
3251 2971 3353 3008 non
3377 2957 3516 3007 illam

1969 3054 2175 3120 abjicis,
2200 3068 2319 3120 qua:
2350 3052 2426 3104 sic
2458 3059 2508 3103 te
2540 3066 2631 3118 per
2655 3059 2821 3103 totam
2842 3060 2984 3102 tuam
3014 3051 3175 3102 vitam
3202 3050 3520 3120 exagitando

321 3135 660 3224 μαργαρίτην
691 3136 891 3206 ἐξαίρει
945 3141 1040 3207 τῆς
1076 3141 1253 3202 αἰτίας
1278 3142 1338 3191 τὸ
1385 3142 1587 3210 ἄψυχον
1608 3161 1619 3172 ·
1653 3146 1742 3196 τὸν
1770 3147 1863 3198 ἄν·
1895 3165 1939 3224 c
1972 3145 1994 3197 ὀ

1848 3176 1863 3185 -
1895 3165 1939 3224 c
1972 3143 2174 3197 deludit
2200 3143 2220 3193 ?
2270 3140 2418 3205 Quod
2444 3142 2486 3194 si
2521 3141 2806 3208 aliquando
2842 3139 3170 3203 conlidebas,
3197 3155 3293 3192 cur
3320 3154 3425 3191 non
3466 3149 3521 3192 et

317 3222 528 3288 θρωπον
553 3223 609 3275 δὲ
642 3226 788 3278 οὐδὲν
815 3226 916 3287 ’ἐως
948 3228 1012 3280 ἂν
1045 3229 1324 3298 ἄνθρωπος
1353 3233 1510 3304 μένῃ,
1544 3237 1633 3285 καὶ
1666 3238 1760 3302 τῆς
1781 3236 1866 3287 ἐπ’

315 3312 480 3378 ἄμφω
540 3315 710 3382 ῥοπῆς
751 3317 971 3388 Κύριος.
1004 3319 1067 3369 Τί
1129 3321 1290 3385 ἄλλο;
1354 3324 1444 3392 Μὴ
1511 3325 1692 3391 νόμιζε
1745 3329 1867 3388 τοὺς

316 3402 502 3467 ἁγίους
531 3404 731 3473 ταύτην
763 3407 859 3477 τὴν
886 3408 1080 3461 δειλίαν
1111 3413 1325 3480 νοῆσαι·
1372 3414 1445 3482 μὴ
1477 3414 1539 3466 σύ
1567 3433 1651 3481 γε,
1678 3409 1722 3467 ὦ
1749 3417 1868 3484 βέλ-

314 3511 480 3556 τιστε,
517 3497 635 3566 μηδ’
663 3499 752 3550 ἐπὶ
774 3499 943 3571 ταύτῃ
988 3503 1224 3572 καθαρὸς
1256 3504 1471 3557 ἀπιέναι
1514 3507 1719 3574 μώμων
1742 3526 1754 3538 ·
1794 3510 1868 3579 μὴ

315 3587 395 3636 ὅτι
437 3604 498 3652 γε
529 3590 805 3656 στεφάνων
840 3593 934 3644 σὺν
967 3595 1146 3656 αὐτοῖς
1175 3593 1478 3659 τεύξεσθαι.
1504 3597 1689 3661 Οὕτως
1709 3603 1868 3670 ἡμεῖς

318 3696 398 3730 σοι
434 3683 882 3751 προσφερόμεθα·
920 3685 1060 3738 οὕτω
1087 3687 1174 3738 καί
1197 3705 1253 3738 σε
1283 3689 1488 3757 πρέπον
1526 3691 1656 3758 ἡμῖν
1697 3710 1866 3761 προσ-

314 3768 602 3834 φέρεσθαι·
635 3773 1017 3843 ἐπιτιμηθῆναι
1047 3775 1160 3840 δεί;
1222 3777 1470 3843 καθαρῶς
1516 3781 1862 3850 ’ὲπιτίμησον.

313 3860 481 3911 Οὐδὲν
510 3863 750 3926 ἀπαίτει,
811 3867 942 3933 μηδὲ
976 3869 1112 3935 μετὰ
1142 3869 1335 3937 τέχνης
1363 3871 1616 3922 ἐπίϐαλλε
1636 3887 1648 3900 ·
1700 3874 1866 3940 ἀφορ-

317 3951 421 4018 μὰς
453 3951 757 4021 δεδώκαμεν
780 3956 1009 4020 δειλίας;
1051 3957 1250 4020 ταύτας
1273 3961 1533 4025 ἐπιδείξον
1556 3979 1567 3990 ·
1596 3964 1693 4016 ούκ
1724 3964 1866 4033 ἔχεις

315 4043 508 4092 εἰπεῖν·
560 4045 693 4111 μηδὲ
726 4046 782 4094 ἐν
807 4047 1008 4114 ἐχθρῶν
1038 4047 1330 4117 προσώπῳ,
1362 4049 1480 4102 καθ’
1507 4051 1664 4120 ἡμῶν
1699 4055 1864 4123 ῥίπτῃ

311 4132 638 4184 τδνδνειδον·
678 4139 770 4185 καὶ
812 4137 981 4208 μυρία⁵
1011 4136 1053 4187 δ’
1111 4136 1176 4189 ἂν
1206 4139 1485 4208 κατάφαγε
1512 4141 1574 4192 ἄν
1607 4159 1710 4206 τις,
1760 4146 1866 4196 ἀπὸ

311 4224 417 4273 τῶν
448 4224 724 4293 ὑμετέρων
759 4228 1093 4298 γραμμάτων
1138 4229 1542 4297 προκύπτοντα·
1588 4233 1699 4284 ἀλλ’
1741 4233 1866 4295 ἴσως

311 4317 405 4364 καὶ
430 4315 598 4367 ταῦτα
621 4317 797 4377 πλέον,
823 4319 854 4387 ἢ
888 4322 1005 4370 κατ’
1030 4321 1312 4388 ἐπιστολῆς
1343 4323 1556 4391 νόμους.
1583 4324 1654 4374 Τὸ
1683 4323 1865 4377 λοιπὸν

313 4406 562 4473 ωδρίζου
606 4407 701 4473 τὴν
754 4409 955 4474 φιλίαν,
997 4413 1089 4462 καὶ
1137 4413 1363 4472 ἔκτεινε,
1414 4414 1509 4464 καὶ
1539 4416 1822 4467 κατευοδοῦ
1849 4434 1861 4446 ·

1971 3238 2024 3289 in
2065 3235 2337 3304 przesenti,
2377 3251 2469 3302 per
2513 3243 2710 3286 statum
2737 3249 2860 3285 eum
2899 3234 2989 3299 qui
3034 3240 3115 3285 est
3146 3243 3198 3284 et
3228 3234 3292 3283 de
3342 3232 3522 3283 futuro

1970 3328 2062 3379 tibi
2089 3326 2320 3394 acquiris
2347 3325 2691 3378 securitatem
2713 3327 2735 3376 ’ί
2760 3325 2864 3378 Sed
2891 3327 2958 3377 de
2989 3325 3146 3377 rebus
3170 3323 3522 3392 praesentibus

1969 3417 2188 3469 minime
2236 3415 2456 3474 laetaris,
2493 3430 2612 3481 quae
2653 3415 2941 3483 suspicaris
2989 3414 3186 3478 futura,
3216 3431 3321 3467 non
3369 3415 3522 3468 aliter

1969 3507 2157 3574 gemis,
2188 3521 2346 3573 quam
2379 3505 2423 3558 si
2458 3504 2646 3557 iisdem
2677 3505 3005 3557 constrictus
3026 3505 3305 3557 tenereris.
3330 3506 3521 3560 Adhuc

1969 3599 2137 3665 magis
2184 3607 2235 3648 te
2268 3604 2484 3648 accuset
2518 3595 2710 3662 aliquis
2739 3595 2808 3661 (is
2838 3596 2980 3647 enim
3011 3603 3221 3662 egomet
3253 3611 3356 3647 non
3405 3611 3522 3662 pro-

1969 3689 2122 3737 liteor
2164 3686 2305 3753 esse)
2353 3685 2496 3752 quod
2553 3695 2826 3751 utcunque
2863 3700 2970 3736 non
3008 3685 3172 3737 verbo
3228 3701 3284 3737 re
3341 3694 3518 3736 tamen

1967 3778 2080 3845 ipsa
2140 3778 2427 3846 proﬁteris,
2457 3792 2524 3828 ex
2565 3776 2631 3828 iis
2670 3792 2789 3844 qua:
2829 3784 3051 3829 ventura
3085 3784 3232 3838 sunt,
3272 3777 3413 3843 quod
3469 3784 3520 3828 te

1967 3867 2313 3926 conturbant,
2344 3876 2394 3918 te
2429 3881 2498 3918 ne
2535 3865 2752 3933 quidem
2786 3864 3140 3931 przesentibus
3171 3864 3426 3916 adhibere
3454 3863 3519 3916 ﬁ-

1966 3955 2106 4006 dem.
2140 3953 2217 4005 Tu
2237 3962 2436 4013 autem,
2461 3953 2629 4003 amice
2650 3951 2740 4015 mi,
2767 3967 2886 4018 qua:
2920 3967 2947 4003 a
2977 3966 3060 4003 me
3084 3952 3356 4015 dicuntur,
3388 3952 3516 4006 sim-

1967 4046 2172 4114 pliciter
2225 4057 2278 4097 et
2308 4053 2488 4111 aperte
2547 4045 2705 4095 velim
2735 4043 3077 4107 consideres;
3120 4060 3226 4096 non
3267 4046 3517 4112 permitto

1966 4146 2018 4188 te
2047 4144 2189 4188 tuam
2214 4135 2441 4202 prodere
2463 4133 2825 4203 margaritam,
2854 4149 2974 4200 quae
2999 4144 3174 4186 tamen
3211 4134 3366 4187 facile
3394 4152 3518 4204 pro-

1965 4227 2016 4281 di
2049 4241 2154 4278 non
2207 4235 2381 4292 potest
2407 4242 2421 4288 ;
2453 4233 2537 4276 est
2565 4224 2677 4276 haec
2701 4232 2826 4275 ante
2855 4223 2997 4275 illam
3020 4225 3262 4278 acerbior
3288 4234 3344 4277 et
3389 4240 3516 4294 pro-

1965 4316 2127 4370 funda
2167 4315 2337 4384 magis
2370 4314 2616 4383 proditio.
2640 4310 2715 4364 Ne
2748 4323 2894 4365 tuam
2918 4313 3112 4380 prodas
3139 4313 3513 4383 margaritam;

1966 4408 2060 4460 sed
2088 4421 2186 4459 nec
2209 4407 2533 4458 insensatam
2558 4405 2716 4456 crede
2745 4405 2828 4456 vel
2852 4403 3198 4469 immobilem,
3224 4420 3323 4458 nec
3346 4407 3519 4458 hosti-

311 4498 436 4557 τοὺς
468 4499 730 4565 πειρατὰς
762 4499 855 4551 καὶ
879 4501 1168 4569 λοχῶντας,
1203 4504 1297 4554 καὶ
1317 4503 1368 4554 εἴ
1391 4521 1440 4554 τι
1467 4505 1592 4556 ἄλλο
1624 4524 1859 4576 κακουρ-
1894 4487 1938 4542 Ῐ)
1967 4499 1981 4550 1

1843 4535 1859 4546 .
1894 4487 1938 4542 Ῐ)
1967 4499 2000 4550 li
2030 4498 2316 4567 direptioni
2345 4497 2672 4563 expositam:
2705 4496 2994 4548 amicitiam
3027 4512 3094 4548 ne
3136 4500 3400 4561 metuito;
3435 4509 3516 4551 est

311 4587 407 4650 τὸν
436 4588 610 4654 γένος,
639 4589 716 4651 εἰς
736 4590 830 4658 τὴν
856 4592 952 4658 τῆς
978 4593 1234 4661 αἰσχύνης
1253 4594 1485 4646 ἀπωθῶν
1509 4597 1600 4646 καὶ
1628 4597 1857 4665 βυθίζων

312 4677 583 4731 θάλασσαν
622 4695 634 4707 ·
674 4682 867 4732 σαυτὸν
895 4682 937 4731 δ’
969 4684 1172 4735 ἐκεῖθεν
1204 4684 1447 4750 ἀνάγων,
1487 4686 1575 4737 τὸν
1614 4689 1858 4756 λαμπρὸ-

310 4768 467 4819 τατόν
494 4785 582 4820 σου
605 4769 867 4838 λαμπρῶς
892 4771 1202 4840 περιφέρων
1231 4773 1572 4842 μαργαρίτην
1594 4790 1606 4803 ·
1632 4775 1730 4826 κᾶν
1755 4779 1860 4838 πᾶς

312 4859 586 4928 ὀφθαλμὸς
611 4863 742 4929 πρὸς
772 4863 930 4913 αὐτὸν
955 4862 1363 4930 ὲπιστρέψηται,
1390 4865 1421 4933 ἢ
1454 4866 1861 4935 ἐποφθαλμιῶν,

313 4950 344 5016 ἢ
382 4950 662 5001 ἀπολαύων
692 4951 782 5002 τοῦ
813 4953 1056 5017 κάλλους,
1091 4954 1208 5005 ὅλον
1258 4954 1398 5022 ἔχειν
1427 4957 1576 5024 παρὰ
1637 4961 1717 5009 σοὶ
1749 4961 1862 5010 κεί-

317 5057 474 5107 μενον
507 5041 710 5108 νόμιζε.
771 5043 952 5094 Ταῦτα
1014 5046 1220 5107 παίζων
1278 5045 1391 5112 ἅμα
1424 5049 1514 5097 καὶ
1552 5048 1862 5112 σπουδάζων

313 5130 526 5197 ἔγραψα
552 5145 564 5157 ·
599 5133 776 5194 παίζω
807 5135 922 5202 μὲν,
957 5135 1042 5187 ἵνα
1078 5136 1240 5203 γνῷς,
1298 5137 1372 5197 ώς
1426 5139 1540 5189 ἐστὶ
1592 5140 1682 5190 καὶ
1734 5142 1863 5208 ἡμῖν

314 5225 941 5293 καταρρητορευομένοις
963 5228 1064 5279 ὑπὸ
1101 5230 1208 5280 τῶν
1263 5229 1608 5296 σφριγῶντων
1639 5232 1734 5301 τὴν
1767 5235 1864 5301 ρη-

312 5312 517 5379 τορίαν,
552 5315 765 5384 ἀμύνης
815 5318 986 5387 ἀκμὴ,
1024 5320 1115 5371 καὶ
1145 5320 1298 5385 λόγος
1332 5321 1472 5372 λύων
1519 5325 1827 5391 σοφίσματα
1849 5341 1860 5352 ·

313 5405 624 5468 σπουδάζων
654 5407 728 5468 δὲ,
763 5409 848 5460 ἴνα
881 5412 1074 5479 μηκέτι
1103 5412 1269 5475 δειλὸς
1299 5408 1382 5483 ᾗς,
1410 5414 1534 5482 περὶ
1583 5409 1656 5465 ῶν
1699 5431 1858 5482 προσ-

1968 4592 2111 4643 enim
2139 4590 2291 4657 plane
2323 4587 2450 4640 illud
2494 4587 2688 4655 injuria
2720 4587 2802 4638 vel
2834 4587 3138 4642 metuentis.
3174 4588 3256 4639 vel
3309 4587 3373 4640 de
3406 4590 3518 4655 qui-

1965 4684 2064 4736 bus
2121 4683 2427 4733 metuimus.
2466 4679 2803 4745 Margaritam
2839 4679 2992 4745 culpa
3028 4679 3232 4740 eximit,
3258 4680 3398 4745 quod
3450 4681 3519 4734 sit

1968 4774 2321 4827 inanimalum
2370 4772 2498 4838 quid
2531 4768 2842 4831 ;homincm
2873 4769 3008 4821 nihil
3061 4774 3259 4822 eximet
3283 4772 3514 4837 quandiu

1964 4871 2147 4917 manet
2185 4863 2365 4924 homo,
2423 4869 2477 4912 et
2512 4858 2764 4911 dominus
2794 4866 2878 4911 est
2919 4857 3276 4910 inclinationis
3308 4874 3417 4912 sua:
3463 4862 3516 4912 in

1967 4964 2246 5019 utramque
2294 4957 2519 5018 partem.
2551 4945 2755 5012 Ecquid
2791 4945 2933 4996 aliud
2975 4944 3178 4996 restat?
3209 4943 3322 4995 Noli
3364 4960 3516 4998 accc-

1965 5049 2092 5100 dere
2119 5051 2332 5096 sanctos
2362 5041 2506 5092 hunc
2524 5037 2768 5090 timorem
2791 5036 3132 5089 intellexisse.
3163 5035 3345 5103 Neque
3373 5037 3514 5089 enim

1969 5153 2022 5193 tu
2071 5140 2172 5191 hoc
2204 5134 2359 5188 modo
2403 5147 2431 5184 a
2464 5131 2881 5199 reprehensione
2935 5128 3187 5181 immunis
3230 5129 3460 5182 abiveris
3499 5148 3512 5193 ;

1967 5249 2065 5286 nec
2098 5244 2321 5284 coronas
2355 5243 2475 5280 cum
2515 5226 2617 5279 illis
2647 5237 2960 5278 communes
2999 5221 3377 5288 consequeris:
3431 5232 3512 5274 at-

1967 5338 2072 5392 que
2100 5322 2200 5373 hoc
2248 5317 2406 5370 modo
2433 5331 2529 5384 ego
2581 5323 2631 5367 te
2664 5315 2926 5366 allocutus
2959 5327 3114 5374 sum;
3156 5311 3226 5362 ita
3256 5319 3310 5364 et
3337 5321 3387 5363 te
3429 5326 3512 5362 me

1969 5415 2162 5482 alloqui
2218 5425 2314 5480 par
2342 5418 2466 5469 est;
2508 5408 2548 5460 si
2590 5414 2928 5472 correptione
2980 5419 3116 5473 opus
3155 5403 3244 5466 sit,
3305 5405 3513 5457 sincere

1581 5624 1811 5676 VARIA'J
1853 5619 2230 5677 LECTIONES

563 5781 787 5833 οίπτεις.

394 5785 416 5811 ο
445 5779 526 5831 ἵσ.
