4236 6436
759 372 862 436 915
1879 371 2140 431 PHOTII
2179 371 2677 433 PATRIARCHE
2718 375 2822 433 (ΖΡ.

758 486 1021 555 corripias
1053 485 1213 539 velim
1247 502 1261 550 ;
1295 485 1406 538 noli
1435 484 1637 553 aliquid
1667 484 1995 553 efflagitare;
2030 486 2137 538 noli
2168 485 2325 552 quid-

2435 487 2567 554 ἧκεν
2594 488 2958 556 ἀνδρίζεσθαι.
3002 489 3062 542 'll
3093 489 3148 541 δὲ
3178 490 3614 560 παρακαταθήκη
3646 491 3733 560 (σὺ
3762 491 3817 544 δὲ
3849 493 4017 545 πάλιν

759 595 920 648 quam
955 577 1245 632 artiﬁciose
1273 578 1506 644 adjicere
1535 595 1548 642 ;
1591 577 1906 630 occasiones
1928 577 2321 630 meticulosita-
2431 604 2432 613 ι

1836 592 1906 630 les
1928 577 2321 630 meticulosita-
2431 576 2649 639 δειλία),
2687 579 2779 628 καὶ
2810 576 3040 639 σώζεται
3067 580 3160 630 καὶ
3185 579 3509 648 σωθήσεται.

759 677 826 730 tis
877 673 1168 729 dedimus?
1218 674 1378 726 hasce
1427 674 1624 736 revela,
1680 673 1773 726 sed
1825 672 2068 740 proferre
2113 672 2327 740 nequis.
2370 670 2486 724 Noli
2513 672 2674 740 igitur
2734 683 3058 741 personatus
3098 673 3267 727 hostis
3304 675 3356 726 in
3421 689 3506 727 me
3539 674 4016 742 exprobrationem

759 771 1062 838 projicere:
1093 789 1321 841 quorum
1352 771 1484 824 satis
1524 777 1727 822 tantam
1759 767 2145 836 supellectilem
2184 782 2214 820 e
2248 765 2354 819 tuis
2427 765 2621 818 litteris
2671 767 3100 835 proreptantium
3139 766 3323 820 videre
3375 767 3541 831 licet;
3595 776 3650 819 et
3702 768 3816 820 haec
3873 766 4017 822 forte

758 860 1005 927 pluribus
1053 877 1214 929 quam
1283 860 1580 914 secundum
1630 861 1776 929 leges
1819 857 2146 926 epistolieas.
2186 857 2338 920 Quod
2378 865 2565 920 restat,
2635 855 2848 910 fortiter
2886 865 3035 909 tuere
3090 857 3413 922 amicitiam;
3441 873 3557 910 eam
3585 858 3840 917 extende,
3864 868 4015 910 recta

761 947 986 1007 incede:
1024 951 1248 1019 piratas,
1303 950 1664 1009 insidiatores,
1700 958 1755 1001 et
1810 958 2036 1000 cattcros
2062 946 2331 999 maleﬁcos
2371 947 2422 1000 in
2457 947 2678 1015 pudoris
2720 948 2943 1017 pelagus
3003 948 3262 1016 propelle.
3309 957 3363 1002 ct
3390 948 3643 1018 demerge
3715 948 4015 1018 profundo.

761 1039 962 1107 Expedi
1016 1050 1067 1094 te
1120 1042 1266 1104 inde,
1311 1051 1367 1094 et
1405 1039 1742 1108 Splendidam
1790 1040 1934 1093 illam
1985 1040 2328 1108 margaritam
2410 1049 2556 1093 tuam
2607 1040 2887 1108 splendide
2929 1041 3298 1102 circumferto.
3367 1042 3555 1095 oculus
3602 1043 3914 1112 quicunque
3964 1041 4017 1092 in

761 1149 882 1187 eam
937 1142 1305 1194 convertetur,
1354 1133 1437 1186 vel
1469 1132 1808 1201 lippitudine,
1844 1132 1926 1184 vel
1984 1146 2082 1185 sua
2126 1132 2530 1201 pulchritudine
2598 1131 2884 1197 fruiscens,
2943 1143 2996 1186 tu
3025 1147 3203 1187 tamen
3225 1134 3364 1203 apud
3393 1144 3444 1188 te
3499 1134 3796 1204 depositam
3833 1143 4022 1188 custo-

763 1227 920 1279 dito:
969 1225 1085 1279 haec
1134 1225 1324 1294 partim
1378 1226 1542 1284 serio,
1585 1224 1779 1293 partim
1830 1225 1952 1292 joco
2001 1223 2213 1292 scripsi.
2271 1224 2336 1276 Et
2377 1225 2497 1277 ideo
2555 1223 2774 1292 quidem
2835 1223 3007 1292 jocor,
3047 1234 3106 1278 ut
3145 1225 3409 1293 intelligas
3438 1226 3578 1294 apud
3642 1241 3724 1278 me
3777 1226 4022 1277 rhetori-

766 1327 980 1372 cantem
1033 1332 1153 1370 esse
1183 1325 1238 1369 et
1272 1317 1452 1384 vigere
1495 1317 1710 1369 ultionis
1752 1316 1942 1378 aciem,
1983 1327 2038 1368 et
2087 1316 2328 1370 solvendi
2365 1316 2701 1385 sOphismata
2766 1317 3028 1370 scientem
3069 1316 3332 1370 orationis
3378 1319 3511 1384 vim,
3576 1318 3643 1372 ab
3670 1317 3733 1372 iis
3763 1317 4018 1372 edoctum

767 1411 858 1478 qui
894 1409 1258 1464 valentissime
1289 1409 1721 1463 rhetoricantur:
1756 1410 1898 1463 serio
1940 1423 2120 1463 autem
2150 1410 2346 1472 scribo,
2391 1427 2460 1463 ne
2497 1409 2751 1480 deinceps
2795 1410 2870 1464 sis
2900 1411 3276 1473 meticulosus,
3310 1410 3398 1464 ubi
3449 1411 3622 1464 virum
3657 1419 3821 1464 temet
3876 1426 4024 1478 pra:-

3908 376 4016 440 916

770 1516 912 1561 stare
961 1515 1192 1574 oportet.
1240 1505 1554 1576 Depositum
1585 1520 1713 1559 vero
1738 1506 1879 1575 apud
1923 1521 2009 1560 me
2043 1514 2214 1571 tuum,
2270 1516 2324 1560 et
2363 1516 2612 1561 servatur
2653 1516 2730 1572 et,
2766 1505 2876 1559 noli
2909 1515 3174 1571 metuere,
3199 1506 3524 1560 servabitur.

1392 1641 1610 1696 EPIST.
1651 1643 1714 1699 C.

1458 1731 1661 1786 Eidem.

3054 1645 3275 1696 ΕΠΙΣΤ.
3313 1646 3388 1699 P'.

3087 1735 3170 1798 Τῷ
3202 1733 3381 1798 αὐτῷ.

1992 1852 2263 1902 Montaeut.
2294 1853 2399 1914 (ep.
2423 1853 2534 1912 2H,
2556 1866 2604 1915 p.
2634 1851 2764 1912 571).

843 1950 957 2005 Nec
1003 1967 1218 2007 scenam
1245 1968 1345 2024 ego
1373 1969 1475 2008 nec
1511 1954 1781 2008 theatrum
1813 1956 1914 2009 sub
1943 1956 2040 2009 alis
2071 1957 2205 2011 meis
2251 1973 2340 2028 ge-

777 2053 928 2097 stans
953 2045 1257 2116 prodigiose
1297 2063 1416 2100 sum
1447 2047 1660 2102 locutus
1696 2065 1710 2112 ;
1742 2049 1835 2101 sed
1860 2049 2001 2116 quod
2028 2065 2244 2118 aequum
2281 2060 2338 2104 et

775 2137 980 2206 justum
1009 2137 1128 2202 fuit,
1177 2138 1343 2193 libere
1376 2155 1473 2209 pro
1506 2141 1732 2194 veritate
1788 2141 2047 2206 constiti;
2089 2157 2187 2212 ego
2234 2158 2343 2195 non

779 2239 968 2282 contra
1001 2230 1222 2292 amicos,
1252 2231 1346 2284 sed
1370 2240 1425 2285 et
1452 2247 1554 2285 nec
1585 2240 1770 2287 contra
1803 2232 1987 2286 hostes
2019 2234 2141 2294 tela,
2164 2249 2345 2298 arcus,

781 2320 910 2374 belli
936 2321 1156 2376 ordines
1185 2323 1394 2376 institui
1425 2368 1439 2388 ,
1485 2325 1663 2380 nullos
1691 2325 1896 2386 hostes,
1927 2325 2140 2394 clypeos
2179 2326 2354 2379 nullos

783 2412 1044 2467 somniavi
1074 2431 1090 2480 ;
1141 2423 1202 2467 ut
1230 2415 1406 2468 solent
1436 2415 1528 2480 illi,
1556 2415 1649 2485 qui
1686 2431 1807 2469 eum
1839 2432 1964 2469 aere
2008 2416 2352 2486 depugnant;

782 2505 878 2559 sed
908 2505 1079 2559 libere
1104 2506 1318 2560 locutus
1352 2522 1470 2560 sum
1504 2523 1600 2576 pro
1632 2509 1839 2562 amicis.
1875 2509 2030 2574 Quod
2062 2509 2106 2563 si
2147 2509 2241 2563 tibi
2271 2525 2357 2562 ar-

785 2600 948 2665 ridet,
991 2611 1044 2652 ut
1081 2600 1150 2653 ab
1181 2600 1453 2653 ulceribus
1488 2599 1604 2653 suis
1653 2599 1886 2653 Lazarus
1919 2600 2198 2664 liberetur,
2234 2601 2356 2670 qui-

786 2693 890 2747 bus
912 2693 1274 2756 conllictatur,
1303 2708 1405 2746 nec
1432 2693 1690 2762 deinceps
1721 2693 1788 2746 ab
1828 2693 1894 2746 iis
1924 2693 2226 2748 molestiam
2264 2709 2358 2764 pa—

789 2785 959 2839 tiatur
993 2800 1008 2849 ;
1034 2785 1078 2838 si
1099 2801 1315 2839 omnem
1344 2784 1607 2839 ﬂuctuum
1653 2785 2020 2855 ingruentiqu
2049 2786 2157 2840 vim
2189 2787 2240 2839 in
2271 2802 2362 2840 ca-

789 2887 888 2948 put
913 2876 1203 2947 pirataram
1221 2889 1525 2941 convertas,
1550 2888 1662 2932 tum
1680 2879 1895 2932 demum
1910 2894 2056 2933 mare
2071 2879 2190 2933 vita:
2208 2879 2362 2933 istius

789 2969 908 3025 sine
925 2979 1069 3024 metu
1090 2969 1632 3040 licetnavigare.Vide
1648 2979 1848 3035 autem,
1868 2969 2009 3040 quod
2027 2985 2124 3041 ego
2141 2971 2364 3024 minime

794 3061 888 3116 tibi
923 3061 1146 3116 insidias
1193 3072 1396 3115 struam
1424 3079 1519 3132 per
1557 3065 1658 3118 hoc
1705 3066 2010 3133 exemplum
2041 3082 2055 3130 ;
2086 3080 2188 3118 nec
2229 3064 2366 3118 indi-

2515 1956 2650 2009 Οὓτε
2678 1955 2879 2025 σκηνὴν
2909 1954 2999 2006 καὶ
3027 1953 3250 2022 θέατρον
3274 1953 3377 2006 ὑπὸ
3408 1953 3580 2023 μάλης
3620 1953 3868 2024 φέροντες
3893 1957 4022 2008 ἐτε-

2451 2048 2846 2119 ρατευσάμεθα·
2905 2047 3085 2116 δικαίᾳ
3132 2047 3187 2098 δὲ
3221 2047 3392 2114 λόγων
3428 2046 3706 2116 ἐλευθερίᾳ
3756 2049 3853 2115 τῆς
3886 2048 4027 2116 ἁλη-

2451 2143 2599 2204 θείας
2629 2143 2971 2212 προέστημεν
2993 2156 3005 2168 °
3035 2138 3156 2191 οὗτε
3193 2139 3332 2192 κατὰ
3359 2139 3548 2207 φίλων,
3595 2140 3708 2192 ἀλλ’
3741 2141 3857 2192 οὐδὲ
3890 2142 4025 2193 κατ’

2454 2231 2660 2302 ἐχθρῶν
2689 2232 3043 2300 ὠπλισάμεθα
3074 2230 3198 2301 βέλη
3227 2233 3320 2283 καὶ
3345 2231 3472 2294 τόξα
3523 2233 3618 2285 καὶ
3654 2233 3987 2302 παρατάξεις
4010 2249 4023 2260 ·

2452 2325 2544 2375 καὶ
2574 2323 2858 2392 πολεμίους
2892 2323 2986 2374 καὶ
3015 2323 3246 2384 ἀσπίδας
3278 2321 3711 2392 ὀνειρώττοντες,
3749 2321 3942 2391 ῶσπερ
3976 2324 4028 2374 οί

2453 2415 2589 2484 πρὸς
2622 2417 2760 2485 ἀέρα
2783 2415 3143 2477 πυκτεύοντες
3169 2433 3182 2446 ο
3235 2415 3349 2467 ἀλλ’
3389 2415 3528 2484 ὑπὲρ
3573 2415 3738 2482 φίλων
3773 2417 4028 2484 ὲπαῤῥη-

2456 2506 2780 2575 σιασάμεθα.
2814 2507 2876 2560 Εἰ
2907 2505 3084 2575 βούλει
3108 2506 3184 2569 δὲ,
3221 2505 3314 2558 καὶ
3345 2505 3429 2557 ἵνα
3453 2508 3480 2558 ό
3503 2506 3744 2574 Λάζαρος
3778 2505 4033 2559 ἀπαλλα-

2455 2601 2525 2669 γῇ
2551 2599 2643 2651 τοῦ
2677 2597 3120 2668 παραλυποῦντος
3177 2597 3389 2660 ἕλκους,
3443 2599 3539 2650 καὶ⁸
3591 2597 3859 2667 ἁνώτερος
3924 2598 4029 2650 τοῦ

2455 2689 2789 2758 διοχλοῦντος
2819 2689 3066 2757 γένηται,
3097 2689 3276 2743 πᾶσαν
3322 2689 3580 2758 κυμάτων
3627 2689 3886 2758 ἐπιφορὰν
3946 2690 4033 2752 εἰς

2457 2781 2553 2844 τὰς
2584 2780 2693 2833 τῶν
2728 2781 3001 2850 πειρατῶν
3032 2780 3271 2849 κεφαλὰς
3315 2779 3760 2851 ὲπαναστρέφων,
3791 2780 3880 2833 καὶ
3915 2780 4032 2832 λοι·

2461 2874 2561 2927 πὸν
2587 2873 2755 2935 ἀδεῶς
2783 2873 3026 2926 διαπλέοι
3055 2872 3146 2925 τοῦ
3174 2873 3290 2942 βίου
3326 2871 3424 2943 τὴν
3453 2873 3744 2926 θάλασσαν.
3792 2873 3901 2923 Καὶ
3929 2873 4036 2941 ὅρα

2461 2964 2534 3026 ῶς
2561 2964 2657 3033 οὐχ
2683 2962 3014 3016 ὲπιϐουλεύω
3032 2961 3106 3031 τῷ
3124 2963 3545 3032 παραδείγματι,
3568 2963 3686 3015 οὐδὲ
3711 2963 4039 3030 περιτρέπιυ

2463 3054 2558 3106 τοῦ
2583 3054 2923 3124 κεχρημένου
2950 3051 3009 3104 τὸ
3032 3051 3301 3121 βούλημα,
3324 3051 3413 3103 τὸν
3439 3051 3691 3103 πλούσιον
3709 3050 4034 3111 ὲπιστένων,

793 3153 968 3222 gentis
997 3154 1326 3208 voluntatem
1361 3156 1634 3219 subverto,
1669 3172 1791 3210 cum
1821 3156 2106 3226 gemitibus
2134 3156 2357 3210 divitem
2385 3162 2427 3219 (Ξ
2462 3162 2466 3194 τ

2385 3162 2427 3219 (ς
2462 3145 2556 3198 καὶ
2586 3145 2683 3214 τὴν
2710 3145 2975 3213 ἄστηκτον
2995 3143 3174 3212 δίψαν,
3213 3143 3388 3196 καὶτὸ
3422 3142 3606 3212 χάσμα
3627 3183 3641 3206 ,
3676 3144 3768 3193 καὶ
3802 3141 3860 3192 τὸ
3896 3139 4032 3206 πῦρ.

791 3260 1108 3314 prosequor,
1160 3256 1215 3300 ct
1265 3246 1408 3301 sitim
1464 3248 1988 3316 inexstinguibilem,
2031 3257 2086 3302 et
2131 3248 2351 3301 chasma

793 3337 945 3400 illud,
1003 3347 1060 3390 et
1102 3339 1276 3407 ignem
1312 3382 1327 3403 ,
1359 3349 1414 3393 et
1449 3350 1731 3394 tormenta.
1792 3339 1907 3394 Non
1943 3343 2087 3393 enim
2127 3354 2157 3391 a
2204 3350 2355 3410 parte

794 3430 1063 3483 deteriore
1095 3433 1421 3500 (quanquam
1450 3441 1596 3486 recte
1643 3443 1696 3485 tu
1731 3433 1859 3486 illud
1890 3433 1942 3484 in
1985 3447 2178 3485 manus
2208 3448 2355 3486 sum-

795 3522 1010 3592 pseris),
1043 3523 1134 3579 sed
1185 3527 1238 3579 in
1289 3525 1509 3578 meliore
1539 3525 1807 3589 sumitur;
1851 3507 2080 3578 arbitror
2131 3541 2216 3578 me
2249 3543 2357 3579 non

798 3616 994 3668 frustra
1049 3632 1266 3684 Operam
1320 3617 1534 3670 dedisse
1566 3616 1794 3671 libertati
1847 3617 2042 3686 lingua:
2075 3634 2089 3682 ;
2122 3617 2263 3685 quod
2314 3617 2356 3668 si

798 3707 927 3761 mihi
983 3706 1156 3759 virum
1203 3707 1587 3760 amicissimum
1635 3707 1871 3761 nancisci
1919 3708 2142 3776 contigit
2197 3708 2359 3776 (quod

800 3815 828 3849 a
864 3807 915 3851 te
957 3799 1214 3866 scriptum
1263 3799 1456 3868 gaudio
1487 3815 1573 3852 me
1607 3799 1833 3867 replevit
1881 3809 1936 3852 et
1980 3799 2216 3868 laetitia),
2270 3799 2360 3868 qui

803 3890 1142 3943 timiditatem
1178 3906 1281 3958 qua
1316 3891 1451 3943 male
1503 3892 1847 3958 premebatur
1877 3891 2029 3960 longe
2052 3907 2081 3943 a
2106 3906 2164 3943 se
2188 3908 2365 3944 remo—

802 3983 900 4045 vit,
927 3983 1044 4050 ejus
1071 3988 1247 4034 autem
1278 3982 1394 4035 loco
1428 3982 1585 4052 elegit
1607 3982 1706 4035 sibi
1740 3983 1984 4036 moribus
2003 3983 2115 4035 suis
2143 3993 2195 4036 et
2223 3992 2366 4036 recte

805 4073 962 4127 factis
984 4089 1270 4143 congruam
1307 4081 1360 4127 et
1399 4089 1756 4142 congenerem
1797 4073 2210 4139 fortitudinem;
2248 4075 2367 4143 qui-

806 4183 912 4235 que
937 4165 1133 4233 piratas
1163 4165 1281 4217 illos
1311 4181 1434 4219 cum
1470 4168 1580 4220 suis
1613 4166 1854 4220 artiﬁciis
1877 4177 1931 4220 et
1961 4167 2370 4221 machinamen-

811 4258 876 4311 tis
907 4257 1174 4324 profundo
1197 4257 1473 4311 demersos
1495 4259 1696 4319 obruit,
1731 4258 1847 4326 ipse
1896 4269 2084 4313 autem
2120 4260 2370 4312 omnibus

811 4351 1073 4402 malorum
1148 4360 1431 4404 ventorum
1497 4350 1710 4404 flatibus
1769 4361 1822 4404 et
1888 4351 2138 4408 ﬂuctibus
2210 4368 2372 4421 super

811 4450 1050 4502 exstans,
1088 4456 1182 4508 spe
1209 4457 1268 4494 se
1297 4440 1450 4496 fulcit
1478 4449 1530 4495 et
1571 4441 1826 4495 sublimat
1859 4442 2019 4496 bona.
2055 4442 2179 4496 llaec
2215 4459 2372 4512 porro

2457 3237 2550 3290 καὶ
2577 3237 2675 3306 τὴν
2709 3235 2956 3306 βάσανον.
2991 3235 3064 3287 Οὐ
3094 3234 3202 3303 γάρ
3231 3236 3294 3286 ὲκ
3321 3233 3413 3286 τοῦ
3449 3233 3689 3304 χείρονος
3712 3233 3846 3300 (ἀλλ’
3903 3232 4037 3298 εἶιγέ

2460 3347 2541 3382 σοι
2569 3327 3062 3400 μεταχειριζομένῳ
3085 3327 3224 3378 κατὰ
3241 3326 3298 3376 τὸ
3323 3325 3526 3394 βέλτιον
3549 3324 3848 3392 εἴληπται),
3872 3321 3922 3374 οἷ
3931 3342 4032 3392 μαι

2458 3422 2502 3474 δ’
2527 3422 2598 3483 ὡς
2629 3421 2748 3473 οὐδὲ
2786 3421 2961 3490 μάτην
2990 3421 3022 3488 ὴ
3052 3417 3351 3486 παρρησία,
3377 3418 3469 3468 καὶ
3499 3417 3560 3468 τὸ
3607 3416 3889 3485 ἐλεύθερον
3933 3416 4036 3483 τῆς

2461 3512 2702 3582 γλώττης
2735 3527 2823 3579 μοι
2856 3509 3286 3562 διεσπούδασται.
3318 3508 3384 3559 Εἴ
3413 3525 3476 3575 γε
3504 3507 3595 3559 τὸν
3636 3508 3888 3574 φίλτατον
3917 3507 4037 3575 ἔχο-

2465 3623 2562 3674 μεν
2592 3607 2682 3675 (ὡς
2710 3608 2804 3659 καὶ
2832 3606 2896 3656 σὺ
2929 3604 3165 3675 γράφεις
3192 3605 3363 3674 χαρᾶς
3387 3603 3534 3672 ἡμᾶς
3571 3603 3661 3654 καὶ
3691 3602 4036 3670 εὐφροσύνης

2465 3697 2711 3766 πληρῶν)
2761 3696 3154 3766 παρωσάμενον
3205 3696 3301 3764 μὲν
3356 3695 3458 3764 τὴν
3521 3693 3816 3761 οὐδαμόθεν
3885 3692 4037 3760 αὐτῷ

2467 3789 2846 3858 προσήκουσαν
2871 3789 3106 3854 δειλίαν,
3139 3788 3493 3857 ἀνθελόμενον
3540 3787 3595 3838 δὲ
3646 3786 3744 3855 τὴν
3795 3785 4038 3853 συγγενῆ

2465 3881 2572 3932 τῶν
2610 3880 2782 3933 ἄλλων
2824 3880 3040 3950 τρόπων
3097 3881 3190 3932 καὶ
3236 3879 3670 3948 κατορθωμάτων
3729 3877 3989 3946 ἀνδρείαν
4021 3893 4033 3903 ·

2469 3975 2559 4026 καὶ
2588 3973 2733 4043 βυθῷ
2770 3975 2865 4043 μὲν
2911 3975 3036 4036 τοὺς
3091 3973 3375 4042 πειρατὰς,
3427 3973 3614 4034 αὑταῖς
3647 3975 3914 4040 μηχαναῖς
3949 3973 4038 4023 καὶ

2468 4067 2682 4132 τέχναις
2713 4065 2810 4133 τῆς
2842 4062 2990 4131 σφῶν
3027 4061 3328 4132 βδελυρίας.
3354 4061 3716 4114 ὲπικλύσαντα
3745 4075 3759 4088 ·
3796 4060 3957 4118 αὑτὸν
3982 4057 4037 4108 δὲ

2471 4157 2650 4224 πάσης
2678 4155 2968 4224 τρικυμίας
3002 4154 3249 4223 πονηρῶν
3307 4153 3750 4221 ύπερανασχόντα
3794 4151 4038 4218 πνευμάο

2472 4265 2601 4311 των,
2623 4248 2713 4300 καὶ
2745 4249 2866 4307 ταῖς
2891 4245 3080 4307 καλαῖς
3103 4245 3312 4297 ἐλπίσιν
3332 4244 3693 4312 γεγενημένον
3723 4246 4035 4310 μετάρσιον.

2476 4335 2558 4389 Τὰ
2591 4337 2686 4404 μέν
2716 4352 2796 4386 τοι
2826 4334 3238 4403 παραδείγματα
3267 4333 3324 4384 οὗ
3367 4331 3465 4400 μὲν
3511 4327 3604 4383 οὖν
3634 4331 3694 4381 ού
3733 4329 4037 4396 κεκακουρ-

2477 4447 2639 4500 γηται
2669 4428 3004 4503 παρ’ῄμῶν,
3045 4425 3159 4479 ἀλλ’
3190 4425 3275 4476 ἵνα
3317 4425 3392 4494 μὴ
3430 4422 3844 4493 κακουργῆται,
3883 4421 4039 4487 λόγον

812 4529 1055 4597 exempla
1110 4545 1447 4601 nequaquam
1486 4532 1623 4585 mala
1671 4541 1850 4585 mente
1881 4548 1910 4584 a
1950 4548 2036 4585 me
2083 4531 2366 4600 proferuu-
2401 4534 2485 4586 Π(

2364 4562 2366 4568 τ
2401 4534 2444 4586 D
2474 4523 2790 4591 ἀπείληφεν.
2823 4519 2886 4574 Τί
2908 4537 2968 4586 γε
2997 4518 3172 4586 λέγως
3205 4518 3292 4570 ἵνα
3319 4519 3391 4586 μή
3420 4534 3502 4578 τις
3537 4517 3718 4584 πηγὴν
3750 4517 3846 4566 καὶ
3873 4531 4037 4565 ποτα-

814 4631 922 4683 tur,
976 4630 1032 4674 et
1086 4636 1156 4674 ne
1209 4622 1345 4673 male
1413 4623 1676 4684 multent,
1735 4623 1995 4674 rationem
2063 4622 2236 4674 inivi:
2288 4621 2373 4674 illa

817 4723 997 4765 autem
1035 4728 1282 4779 quamam
1312 4722 1394 4766 est
1423 4712 1445 4764 ?
1471 4713 1548 4765 Ne
1566 4713 1686 4780 quis
1715 4712 1941 4776 scilicet,
1973 4711 2172 4765 fontem
2194 4722 2248 4765 et
2277 4711 2375 4764 llu-

815 4807 961 4857 vium
1010 4821 1039 4856 a
1084 4813 1274 4856 natura
1306 4804 1515 4857 sincera
1550 4803 1601 4856 in
1641 4803 1941 4869 exemplum
1973 4803 2193 4854 trahens
2249 4802 2376 4870 (quo

820 4905 970 4948 tuum
1023 4904 1074 4948 te
1127 4895 1336 4963 lapsum
1376 4894 1644 4948 sustinere
1679 4908 1837 4962 posse
1873 4892 2119 4960 exemplo
2175 4891 2374 4959 putas),

819 4987 1018 5040 deinde
1049 4995 1273 5050 metuat,
1309 5001 1377 5038 ne
1410 4985 1509 5039 sibi
1536 4985 1806 5038 veneratio
1835 4983 2120 5046 dilabatur,
2151 4993 2241 5035 aut
2285 4982 2377 5034 de-

818 5081 993 5149 ploret
1016 5089 1264 5148 tanquam
1304 5079 1371 5132 ab
1397 5078 1514 5132 aliis
1543 5093 1637 5146 per
1670 5077 1867 5130 rivulos
1891 5076 2142 5138 deducta,
2173 5075 2378 5143 diSpar-

823 5183 910 5226 eat
945 5190 957 5222 :
992 5187 1092 5225 nec
1121 5171 1310 5224 metuit
1338 5187 1405 5224 ne
1447 5169 1732 5238 aliquando
1778 5183 1964 5221 ansam
1997 5167 2102 5218 illis
2128 5167 2219 5218 det
2278 5165 2378 5218 sibi

821 5263 1184 5334 applaudendi
1230 5263 1297 5316 de
1327 5262 1490 5326 furto,
1518 5262 1612 5328 qui
1662 5270 1718 5314 ut
1743 5259 1990 5312 auferant
2037 5258 2375 5318 insidiantur,

825 5364 917 5407 aut
944 5353 1173 5420 negligat
1209 5352 1572 5415 insidiatores,
1614 5351 1808 5418 quibus
1836 5350 1884 5402 id
1928 5350 1979 5400 in
2009 5347 2145 5400 votis
2167 5357 2266 5410 est,
2322 5356 2380 5398 ut

823 5451 1097 5495 amatores
1123 5443 1262 5508 justa
1298 5439 1552 5492 fruitione
1584 5439 1924 5491 defraudem.
1957 5436 2079 5490 Haec
2107 5452 2204 5489 nos
2229 5436 2378 5489 senili

825 5533 1049 5585 consilio
1096 5531 1390 5584 secundum
1436 5531 1715 5582 veritatem
1754 5530 2002 5591 diximus,
2036 5545 2139 5581 non
2203 5539 2380 5581 autem

827 5625 1131 5676 ostentandi
1162 5639 1258 5676 nos
1305 5623 1490 5692 gratia,
1521 5631 1687 5674 autut
1711 5624 1940 5689 juvenes
1970 5622 2164 5683 solent,
2209 5621 2378 5672 disse-

831 5717 1056 5769 ruimus.
1103 5713 1387 5778 Quocirca,
1423 5729 1528 5765 non
1562 5714 1754 5765 hortati
1800 5728 1986 5764 sumus
2015 5722 2071 5763 ut
2111 5712 2380 5763 abrenun-

831 5808 932 5864 ties
983 5807 1231 5862 auxit-ilhc
1286 5807 1465 5875 (absit,
1508 5814 1566 5859 ut
1599 5805 1777 5876 aliqua
1806 5806 2090 5861 rhetoricae
2151 5804 2380 5874 gravitas

2480 4616 2600 4683 μὴν,
2631 4615 2722 4665 ἐπὶ
2753 4613 2849 4680 τῆς
2885 4611 3161 4680 ἀκηράτου
3184 4609 3397 4689 φύσεως
3429 4608 3732 4674 ὑπόδειγμα
3770 4604 3952 4658 λαϐὼν
3982 4606 4040 4670 (ὃ

2477 4709 2568 4759 καὶ
2599 4706 2657 4756 τὸ
2685 4705 2773 4757 σὺν
2801 4703 3010 4771 ἀνέχειν
3043 4700 3344 4769 ὑπείληφας
3377 4698 3806 4768 παρολίσθημα),
3850 4697 4038 4747 ἔπειτα

2476 4800 2535 4848 τὸ
2574 4797 2646 4866 μὴ
2679 4795 3000 4865 διαρρυῆναι
3031 4794 3177 4861 αύτῴ
3201 4793 3261 4844 τὸ
3287 4790 3447 4853 σέϐας
3471 4791 3640 4859 δειλιᾷ
3662 4807 3673 4819 ”
3701 4789 3823 4859 μηδ’
3848 4789 3922 4850 ὡς
3951 4788 4038 4856 ὑφ’

2477 4891 2679 4958 ἑτέρων
2701 4886 3163 4956 παροχετούμενον
3185 4883 3542 4950 κατοδύρηται
3565 4900 3578 4913 ·
3641 4883 3761 4952 μηδ’
3797 4883 3910 4950 ἔχοι
3943 4883 4036 4948 φό-

2479 4985 2588 5046 ϐον,
2620 4982 2693 5044 ὡς
2714 4984 2825 5042 τοῖς
2846 4978 3181 5048 ὲνεδρεύουσί
3204 4995 3330 5030 ποτε
3352 4977 3467 5046 δοίη
3497 4974 3757 5045 κροτῆσαι
3780 4974 3877 5042 τὴν
3902 4974 4038 5025 αλω-

2481 5093 2564 5127 σιν
2590 5090 2602 5102 ·
2637 5073 2669 5142 ἢ
2704 5072 2827 5133 τοὺς
2854 5070 3120 5140 λοχῶντας
3171 5067 3510 5137 περιόψεται,
3545 5067 3867 5132 ἀποστερεῖν
3921 5065 4037 5114 ἐπι-

2480 5165 2792 5237 χειροῦντας
2818 5163 2914 5224 τὰς
2944 5161 3177 5229 ἐραστὰς
3205 5159 3372 5212 αὑτοῦ
3416 5158 3515 5227 τῆς
3557 5156 3768 5218 δικαίας
3801 5155 4039 5207 ἀπολαύ-

2482 5271 2635 5314 σεως.
2665 5252 2848 5314 Οὕτως
2882 5253 3040 5319 ἡμεῖς
3071 5247 3450 5318 πρεσϐυτικῶς
3474 5263 3535 5299 τε
3579 5246 3674 5298 καὶ
3703 5245 4036 5316 φιλαλήθως,

2480 5344 2712 5398 ἀλλὀὐκ
2741 5342 3136 5403 ἐπιδεικτικῶς,
3170 5341 3290 5392 οὐδὲ
3349 5339 3488 5392 κατὰ
3531 5339 3867 5399 νεανίσκους,
3916 5339 4041 5406 περὶ

2479 5431 2555 5489 ῶν
2585 5436 2771 5506 ἐχρῆν,
2796 5433 3161 5501 διεξήλθομεν.
3195 5433 3392 5502 Διόπερ
3414 5431 3532 5483 οὐδὲ
3555 5430 3650 5499 τὴν
3676 5429 3858 5497 φιλίαν
3890 5429 4040 5496 ῥίψαι

2482 5527 2905 5597 προὺτρέψαμεν
2941 5527 3037 5593 (μή
3073 5541 3165 5592 μοι
3196 5526 3404 5591 γένοιτο
3435 5523 3508 5592 μὴ
3537 5521 3676 5574 οὕτω
3716 5522 3813 5589 τῆς
3845 5520 4040 5588 πολλῆς

2481 5622 2636 5690 ἡμῶν
2668 5619 2965 5688 ἁπλότητος
3015 5619 3074 5669 τὸ
3109 5617 3280 5670 δεινὸν
3310 5618 3405 5684 τῆς
3447 5615 3700 5684 ρητορίας
3743 5629 4038 5680 κατεντρυ-

2483 5714 2679 5780 φάτω),
2714 5710 2826 5763 ἀλλ’
2879 5712 2995 5778 ἣτις
3052 5711 3166 5761 ἐστὶ
3209 5712 3331 5770 τους
3389 5709 3568 5774 φίλους
3605 5706 3892 5768 παίζουσα,
3924 5706 4041 5771 ητις

2486 5806 2802 5872 σαλεύοντα,
2839 5802 3050 5874 ἐκείνην
3085 5799 3496 5866 ἀποτείσασθαι,
3541 5800 3755 5868 εκείνην
3792 5795 3976 5867 ῥίψαν
4010 5796 4043 5864 η
