4236 6436
273 363 375 428 917

1415 367 1769 426 EPISTOLA
1783 368 1941 426 [ωλι
1987 369 2055 426 Ll
2069 368 2212 426 BER
2247 368 2327 426 ll.

3386 365 3486 428 918

274 484 334 533 τό
361 497 423 548 γε
456 480 651 550 ἑαυτῆς
685 481 846 550 μέρος
881 481 1220 550 προαπέστή,
1274 484 1368 536 καὶ
1413 484 1795 535 καταλέλοιπεν
1817 499 1828 512 ·
1862 488 1899 541 Α
1935 504 1947 537 ξ

1817 499 1828 512 ·
1862 488 1899 541 Α
1935 487 2009 537 sic
2038 484 2363 552 simplicitati
2425 497 2553 534 mem
2585 482 2850 548 insultet),
2875 483 2966 535 sed
3001 482 3072 535 illi
3103 482 3350 535 nuntium
3406 500 3488 534 ιϊ-

274 573 488 639 ἐκείνην
523 574 596 641 μὴ
620 573 808 641 φέρειν
831 573 992 641 ἄχθος
1028 574 1271 642 μάταιον,
1313 576 1412 644 τὴν
1449 575 1622 642 λόγοις
1677 578 1836 644 μόνον

273 665 658 732 ἐπιμειδιῶσαν
678 683 693 696 ο
745 667 890 734 ἕργῳ
933 667 987 718 δὲ
1015 667 1075 718 τὸ
1107 669 1424 735 σκυθρωπὸν
1450 669 1540 718 καὶ
1569 669 1665 736 τὴν
1706 685 1834 719 κατ-

273 758 470 823 ήφειαν
494 757 631 824 μετά
661 757 765 808 τῶν
786 758 994 826 ἐχθρῶν
1019 757 1473 820 συσκευάζουσαν.
1502 759 1579 811 Τά
1609 761 1651 811 δ’
1679 761 1833 819 ἄλλα,

275 847 463 915 ῶσπερ
489 849 713 915 ᾔτησας,
743 848 1010 915 πτέρυγες
1042 849 1221 917 φιλίας
1259 849 1536 918 ἥρπασαν,
1575 854 1666 900 καὶ
1701 868 1829 919 προ-

278 935 423 996 νοίας
459 937 776 1003 περιέπουσι
806 937 1035 1006 θάλαμοι
1063 981 1077 1001 ,
1111 939 1205 990 καὶ
1252 938 1555 1007 οἱκειοῦμαι
1589 939 1652 989 τὰ
1686 938 1793 1006 ἐμά
1819 953 1831 965 °

277 1029 370 1077 καὶ
402 1027 580 1078 οὐκέτι
609 1028 796 1096 δέομαι
831 1031 1158 1097 φαρμάκων,
1194 1029 1312 1080 οὐδὲ
1359 1029 1682 1098 θεραπείας,
1717 1029 1838 1097 μηδ’

279 1115 562 1177 ίλεοῦντος,
595 1118 754 1178 αὐτός
780 1136 864 1184 γε,
900 1119 1477 1187 μηδὲπρεσὸεύοντος.
1531 1118 1678 1184 Ἐχω
1730 1118 1836 1184 γάρ

274 1209 364 1257 τὸν
392 1209 722 1275 ποθούμενον
754 1210 931 1278 πάσης
956 1211 1263 1278 ἀρρωστίας
1297 1210 1573 1280 ἀνώτερον
1595 1225 1608 1236 ·
1656 1210 1748 1260 καὶ
1777 1210 1836 1259 τὸ

278 1299 423 1364 ἴχνος
453 1299 582 1348 αὐτὸ
610 1299 703 1350 τοῦ
731 1302 1052 1369 νοσήματος,
1080 1303 1175 1369 τὴν
1213 1302 1417 1370 μικράν
1437 1301 1659 1364 δειλίαν,
1690 1301 1838 1365 εὐγε-

276 1388 382 1448 νῶς
413 1405 469 1439 τε
498 1390 588 1440 καὶ
618 1390 803 1460 ῶσπερ
851 1393 1120 1462 ηὐχόμην,
1151 1393 1548 1462 ἀπορρίψαντα.

1940 574 2284 632 mittendum,
2349 587 2467 640 quae
2498 571 2670 625 illudit
2718 573 2918 626 amicos
2947 613 2961 635 ,
3003 588 3120 641 qua:
3165 572 3383 626 fluctuat
3439 584 3494 629 et

1937 664 2149 718 vacillat
2181 680 2194 725 ;
2256 663 2397 714 illam
2425 662 2772 730 rcjiciendam
2806 679 2942 726 esse,
2983 678 3102 732 quae
3132 663 3272 730 quod
3323 664 3493 732 ipsam

1937 764 2164 824 spectat,
2221 754 2330 822 jam
2383 754 2605 806 recessit
2637 764 2689 806 ct
2725 755 2932 821 reliquit
2983 755 3184 818 sedem,
3212 769 3334 806 cum
3387 770 3492 806 non

1938 856 2079 899 esset
2108 844 2257 897 oneri
2316 843 2630 896 sustinendo
2666 860 2780 912 par,
2813 860 2930 912 qua:
2967 847 3141 900 verbis
3186 857 3339 900 tenus
3362 848 3501 898 arri-

1937 937 2027 990 det
2059 946 2263 989 tantum
2288 976 2301 995 ,
2344 951 2402 987 re
2427 945 2604 987 autem
2648 937 2759 1004 ipsa
2809 953 2904 1003 per
2938 938 3276 991 tetricitatem
3303 951 3356 990 et
3405 939 3497 991 dc-

1932 1028 2137 1096 jectum
2173 1026 2375 1080 vultum
2415 1042 2442 1077 a
2491 1026 2730 1093 partibus
2757 1027 3000 1079 consistit
3034 1028 3286 1080 hostium.
3347 1029 3498 1092 Quod

1935 1118 2200 1184 reliquum
2233 1128 2336 1177 est,
2374 1116 2423 1168 id
2455 1115 2596 1183 quod
2641 1117 2873 1179 volebas,
2912 1119 3007 1170 ala:
3027 1118 3318 1170 amicitiam
3355 1119 3499 1171 abri-

1933 1226 2098 1279 puere
2121 1250 2136 1271 ,
2176 1216 2229 1261 ct
2265 1207 2613 1277 providentiae
2645 1210 2946 1262 rel'ocillant
2979 1211 3196 1263 thalami
3239 1230 3250 1264 :
3287 1226 3385 1280 ego
3416 1227 3500 1262 res

1935 1316 2082 1352 meas
2109 1299 2238 1352 mibi
2265 1300 2427 1352 reddo
2466 1299 2758 1352 familiares
2794 1318 2806 1363 ;
2844 1316 2944 1353 nec
2970 1302 3145 1353 adhuc
3179 1301 3308 1354 milii
3333 1302 3502 1353 medi-

1931 1391 2049 1443 cina
2083 1405 2216 1455 opus
2271 1397 2372 1452 cst,
2405 1399 2497 1442 aut
2548 1390 2827 1443 curatione
2872 1392 2996 1453 ulla,
3035 1393 3117 1444 vel
3165 1407 3194 1444 a
3233 1406 3500 1459 quoquam

278 1480 650 1541 miseratione,
700 1483 900 1536 nedum
929 1484 1155 1552 alicujus
1199 1484 1603 1537 intercessione.
1663 1480 1834 1545 Quem
1872 1481 2015 1533 enim
2072 1481 2336 1540 desidero,
2378 1481 2519 1532 hunc
2547 1481 2815 1547 possideo,
2853 1482 2995 1532 omni
3067 1481 3252 1534 morbo
3284 1489 3338 1534 et
3371 1481 3504 1533 vale-

281 1573 466 1624 tudine
515 1575 868 1640 supcriorem,
933 1576 1132 1643 quique
1188 1574 1470 1643 vestigium
1535 1572 1709 1626 omnis
1775 1571 2108 1643 aegritudinis
2171 1580 2370 1623 metum
2456 1571 2538 1622 vel
2589 1571 2870 1624 minimum
2923 1587 3197 1640 generose,
3248 1583 3306 1624 ut
3347 1582 3502 1640 opta-

282 1663 475 1726 verim,
514 1664 737 1732 rejiciat.

869 1775 1087 1827 ΕΠΙΣΤ.
1121 1776 1245 1829 PA'.

282 1867 572 1932 Εὺσεϐείᾳ
591 1867 930 1937 μοναζούσῃ
956 1868 1055 1921 καὶ
1105 1867 1403 1936 ἡγουμένῃ
1451 1869 1842 1937 παραμυθητι-

592 1936 690 2003 κὴ,
730 1937 826 1989 ἐπὶ
855 1937 1087 2006 ἀδελφῇ
1110 1937 1544 2004 τελευτησάσῃ.

2559 1775 2774 1829 EPIST.
2816 1776 2900 1827 Cl.

1949 1863 2188 1919 Eusebia:
2237 1869 2521 1932 monachus,
2577 1876 2627 1918 et
2676 1868 2970 1935 [tegumenta
3019 1867 3080 1915 de
3128 1864 3320 1916 sororis
3344 1867 3502 1930 obitu,

2542 1936 2905 1989 consolatoria.

1497 2028 1756 2076 Montacut.
1792 2028 1893 2090 (ep.
1918 2026 2026 2087 245,
2051 2041 2096 2087 p.
2121 2029 2250 2090 3'72).

355 2133 416 2184 Εἰ
456 2134 552 2200 μὲν
596 2132 688 2200 ἀφ’
716 2133 868 2201 ἡμῶν
912 2134 941 2184 ό
990 2133 1215 2194 θάνατος
1261 2133 1479 2201 ἡρχετο,
1513 2132 1608 2183 καὶ
1638 2131 1843 2199 πρῶτοι
1870 2130 1917 2187 Β

284 2222 374 2274 διὰ
402 2222 490 2275 τοῦ
518 2224 705 2290 γένους
736 2225 813 2286 εἰς
844 2225 1038 2292 πεῖραν
1065 2222 1225 2276 αὑτοῦ
1262 2221 1635 2290 καθιστάμεθα
1659 2262 1673 2282 ,
1704 2221 1847 2272 είκό-

285 2331 392 2375 τως
422 2314 486 2366 ἂν
531 2314 605 2376 ὡς
657 2314 1043 2384 ἀπροσδοκήτῳ
1094 2316 1186 2367 καὶ
1239 2313 1408 2382 καινῷ
1461 2314 1845 2382 περιπεσόντες

284 2405 686 2474 ἐθορυϐούμεθα
706 2407 782 2476 τῷ
812 2405 1172 2475 συμπτώματι
1197 2422 1209 2434 ’
1246 2407 1367 2457 ἐπεὶ
1395 2404 1472 2470 δὲ,
1496 2405 1587 2472 ἀφ’
1610 2399 1669 2456 οὗ
1695 2405 1849 2471 γεγό-

285 2514 443 2548 νασιν
477 2496 776 2566 ἄνθρωποι,
825 2499 934 2568 ζωῇ
968 2499 1062 2550 καὶ
1101 2497 1316 2567 θανάτῳ
1367 2495 1722 2566 μεριζὸμεθα,
1756 2497 1850 2547 καὶ

286 2589 608 2657 προγονικὸν
662 2591 894 2660 ὑπάρχει
925 2591 986 2641 τὸ
1013 2590 1284 2659 ἐπιτίμιον
1302 2605 1316 2619 °
1373 2590 1464 2642 καλ⁵
1491 2589 1590 2640 οὐκ
1617 2588 1761 2641 ἔστιν
1790 2588 1849 2649 ὃς

287 2680 532 2746 ζήσεται,
560 2683 649 2733 καὶ
678 2682 776 2733 οὑκ
803 2681 994 2749 ὄψεται
1015 2681 1272 2733 θάνατον·
1303 2680 1354 2732 τί
1374 2681 1434 2732 τὸ
1464 2680 1642 2733 κοινὸν
1692 2682 1850 2749 χρεὸς

293 2772 427 2823 ἰδίαν
458 2771 659 2838 ζημίαν
682 2771 1004 2838 λογιζόμεθα
1028 2787 1042 2834 ;
1072 2770 1188 2834 καὶ,
1212 2771 1286 2831 ὡς
1307 2769 1496 2839 καινὴν
1524 2769 1851 2838 ἀπαιτηθέν-

289 2879 381 2924 τες
402 2861 684 2929 εἴσπραξιν
697 2860 1165 2930 ἀπολοφυρόμεθα;
1190 2862 1283 2914 καὶ
1300 2860 1327 2912 ὃ
1349 2859 1492 2931 [οὐκ]
1509 2861 1653 2911 ἐστὶν
1679 2859 1849 2921 ἄλλως

289 2954 571 3020 γενέσθαι,
607 2955 714 3005 οὐδ’
746 2956 778 3023 ή
815 2953 972 3021 φύσις
998 2954 1155 3006 ἄλλον
1181 2953 1341 3021 νόμον
1371 2953 1674 3016 ἐπίσταται,
1696 2952 1770 3013 ὠς
1798 2953 1851 3003 τὶ

296 3045 406 3095 τῶν
459 3045 771 3114 παραδόξων
817 3043 1405 3114 ὑπερεκπληττόμεθα;
1458 3043 1550 3096 καὶ
1598 3044 1849 3111 διδόαμεν

297 3138 521 3196 ἑαυτοὺς
555 3137 652 3187 οὐκ
701 3136 944 3202 εύαγῶς,
1010 3136 1130 3188 οὐδὲ
1181 3137 1323 3189 κατὰ
1366 3137 1492 3198 τοὺς
1532 3137 1727 3204 νόμους
1753 3134 1847 3186 τοῦ

294 3225 621 3292 πνεύματος,
652 3227 802 3288 ὅλους
837 3229 900 3294 τῇ
925 3225 1068 3296 λύπῃ
1103 3226 1497 3294 βαπτίζεσθαι;
1530 3227 1622 3277 καὶ
1656 3226 1850 3279 λανθά-

294 3330 479 3381 νομεν,
529 3313 752 3365 θάνατον
814 3313 1088 3380 συγ-γενῶν
1118 3314 1469 3382 ὀδυρόμενοι,
1528 3315 1735 3375 ἑαυτοῖς
1773 3313 1850 3380 τῷ

296 3403 476 3472 θρήνῳ
500 3402 588 3454 τὸν
622 3403 846 3456 θάνατον
871 3403 1500 3469 συγκατασκευάζοντες;
1530 3405 1756 3466 Καίτοι,
1803 3405 1849 3454 εί

299 3495 398 3562 μὲν
430 3495 659 3562 χαλεπὸν
682 3497 708 3545 ὁ
729 3493 972 3556 θάνατος,
1001 3493 1054 3545 τί
1081 3494 1267 3546 τοῦτον
1297 3496 1507 3555 ἑαυτοῖς
1536 3497 1851 3564 επιταχύνο-

299 3603 433 3651 μ;ν;
467 3588 554 3637 καὶ
581 3586 669 3637 τὸν
697 3589 818 3656 ὅρον
840 3585 932 3637 τοῦ
961 3584 1203 3645 Πλάστευ
1232 3586 1431 3654 φθάσαι
1447 3586 1852 3656 διανιστάμεθα;

297 3674 362 3726 Εἰ
389 3675 433 3726 δ’
460 3676 661 3742 ἀγαθὸν
716 3677 808 3727 καὶ
843 3677 1127 3745 σωτήριον,
1154 3677 1206 3728 τί
1232 3678 1358 3738 τοὺς
1407 3677 1854 3745 ἀποικουμένους,

296 3766 392 3816 καὶ
420 3765 537 3817 τότε
562 3766 739 3833 κρίσει
768 3765 861 3818 τοῦ
890 3766 1186 3830 Δεσπότου,
1224 3769 1364 3836 πέρα
1389 3767 1482 3820 τοῦ
1515 3770 1733 3838 μετρίου
1767 3787 1857 3822 κο·

299 3856 576 3923 πτόμεθα;
643 3856 865 3924 Ἀδελφή
898 3874 985 3924 με,
1033 3859 1222 3926 φησὶν,
1255 3858 1630 3925 ἐγκατέλιπεν.
1658 3863 1690 3928 ἡ
1722 3861 1856 3930 μόνη

304 3949 440 4016 μετά
462 3947 591 3999 Θεὸν
629 3947 946 4018 παραψυχὴ,
984 3950 1089 4001 τῶν
1114 3949 1371 4018 λυπηρῶν
1415 3954 1448 4019 ἡ
1498 3952 1855 4021 παράκλησις,

299 4039 407 4090 τῶν
431 4039 691 4106 ἀλγεινῶν
722 4041 753 4109 ἡ
774 4039 1034 4106 διάλυσις,
1061 4043 1093 4110 ή
1118 4041 1306 4112 πρώτη
1332 4041 1440 4093 τῶν
1465 4043 1858 4111 εὐφραινόντων

302 4130 575 4192 ὑπόθεσις.
631 4133 740 4185 Καὶ
794 4134 844 4186 τί
882 4132 1069 4198 τοῦτο;
1116 4137 1207 4185 καὶ
1254 4136 1433 4204 πατήρ
1457 4152 1514 4186 σε
1555 4135 1644 4186 καὶ
1679 4137 1859 4207 μήτηρ

305 4223 676 4292 προλέλοιπεν,
727 4225 819 4276 καὶ
875 4227 1154 4290 συγγενεῖς
1205 4225 1395 4288 ἄλλοι,
1432 4227 1524 4278 καὶ
1575 4225 1635 4278 τὸ
1673 4228 1860 4297 μέχρις

316 4314 485 4382 Ἀδὰμ
507 4315 662 4380 γένος
695 4315 1114 4384 ἀναφερόμενον.
1144 4316 1216 4368 Σὺ
1253 4315 1310 4368 δὲ
1335 4316 1494 4368 πάλιν
1541 4317 1732 4381 ἄλλους
1764 4335 1861 4373 κα-

303 4405 596 4474 ταλείψεις,
624 4405 716 4457 καὶ
738 4407 835 4457 οὐκ
865 4407 1010 4458 ἔστιν
1031 4407 1231 4476 εὑρεῖν,
1261 4408 1318 4459 ὃν
1346 4409 1404 4459 ού
1433 4409 1670 4462 πλεῖστοι
1693 4427 1859 4463 κατα-

303 4498 674 4565 λιμπάνουσιν.
716 4498 938 4566 Ἀδελφὴ
965 4499 1253 4551 κατέλιπεν
1282 4499 1513 4568 ἀδελφήν
1533 4518 1546 4529 ·
1569 4501 1681 4552 ἀλλ’
1708 4497 1862 4570 εὗρεν

303 4589 427 4648 τοὺς
461 4587 828 4656 προλαϐόντας
856 4589 1210 4656 γεννήτορας·
1266 4589 1552 4642 κατέλιπεν
1607 4591 1859 4660 ἀδελφὴν,

304 4679 420 4730 ἀλλ’
448 4681 523 4741 εἰς
554 4680 648 4731 τὸν
679 4681 855 4732 κοινὸν
903 4681 1178 4748 Δεσπότην
1209 4681 1302 4732 καὶ
1333 4682 1548 4751 Πατέρα
1575 4683 1860 4752 ἀπεδήμη-

2019 2130 2074 2183 Si
2111 2147 2140 2184 a
2175 2131 2329 2183 nobis
2355 2144 2498 2184 mors
2548 2130 2838 2197 inciperet,
2867 2138 2922 2182 et
2950 2130 3192 2182 omnium
3232 2129 3283 2181 in
3313 2143 3508 2198 genere

1949 2231 2137 2276 nostro
2193 2222 2351 2290 primi
2384 2237 2482 2275 nos
2524 2221 2666 2275 illam
2698 2222 3086 2290 experiremur,
3137 2222 3332 2275 merito
3390 2221 3510 2290 qui-

1947 2316 2089 2380 dem,
2114 2325 2171 2368 ut
2193 2315 2259 2369 de
2289 2331 2346 2368 re
2394 2315 2752 2383 inexspectata
2779 2325 2831 2367 et
2859 2315 3116 2369 inusitato
3139 2332 3264 2370 casu
3293 2325 3511 2370 contur-

1951 2408 2221 2460 baremur.
2253 2405 2322 2459 At
2348 2421 2469 2458 cum
2502 2415 2622 2474 post
2658 2406 2903 2459 homines
2924 2407 3155 2475 primum
3192 2417 3346 2461 natos
3371 2408 3512 2460 inter

1949 2497 2110 2550 vitam
2168 2504 2221 2549 et
2265 2504 2492 2548 mortem
2549 2495 2886 2559 dividamur,
2940 2512 3169 2564 cumque
3219 2496 3512 2565 majoribus

1948 2591 2147 2643 nostris
2181 2590 2442 2642 inflictum
2471 2589 2540 2642 sit
2586 2589 2908 2658 supplicium
2938 2630 2952 2652 ,
2983 2605 3082 2643 nec
3121 2590 3190 2642 sit
3224 2590 3316 2656 qui
3357 2589 3508 2652 vivit,

1949 2680 2079 2748 quin
2113 2679 2350 2747 gustabit
2378 2688 2607 2732 mortem
2631 2697 2643 2732 :
2668 2695 2954 2733 commune
2984 2681 3225 2734 debitum
3251 2695 3509 2748 quorsum

1950 2786 2048 2823 nos
2105 2780 2163 2822 ut
2193 2771 2464 2839 peculiare
2495 2771 2751 2824 damnum
2795 2781 3130 2839 reputamus,
3156 2781 3211 2824 et
3253 2780 3508 2839 tanquam

1951 2863 2016 2916 ad
2043 2863 2255 2915 noviter
2286 2863 2724 2930 superindnctam
2769 2863 3091 2917 solutionem
3133 2864 3305 2917 adacti
3340 2864 3510 2933 gemi—

1952 2956 2350 3008 mus?ctcum
2408 2955 2563 3006 aliter
2621 2954 2734 3007 fieri
2789 2970 2896 3006 non
2945 2955 3131 3022 possit,
3184 2970 3284 3007 nec
3342 2956 3512 3023 legem

1951 3046 2200 3098 admittat
2230 3056 2419 3097 natura
2454 3045 2637 3108 aliam,
2674 3060 2770 3098 cur
2797 3055 3052 3112 tanquam
3082 3055 3277 3114 praeter
3299 3046 3513 3112 opinio-

1951 3152 2074 3189 nem
2121 3136 2524 3205 contingentem
2551 3136 2615 3188 ad
2643 3151 2760 3189 eam
2806 3136 3212 3199 conturbamur,
3246 3144 3296 3188 et
3362 3136 3518 3189 tradi-

1951 3243 2072 3280 mus
2106 3242 2202 3280 nos
2249 3225 2462 3279 mazrori
2497 3225 2923 3295 immergendos,
2953 3241 3060 3279 non
3103 3235 3290 3278 sancto
3336 3225 3517 3291 alique

1953 3333 2120 3381 more,
2171 3327 2263 3371 aut
2311 3317 2607 3369 secundum
2651 3317 2797 3384 leges
2848 3316 3118 3384 spiritus?
3151 3316 3333 3369 Nosne
3392 3315 3518 3368 latet

1953 3409 2078 3460 dum
2113 3417 2339 3460 mortem
2373 3407 2527 3459 nobis
2569 3405 2808 3459 affinium
2838 3407 3101 3476 lugcmus,
3135 3422 3234 3459 nos
3284 3415 3515 3459 mortem

1954 3499 2109 3551 nobis
2130 3499 2257 3566 ipsis
2290 3513 2384 3566 per
2415 3497 2617 3549 luctum
2650 3497 2911 3549 adornare
2935 3499 2956 3548 5?
2991 3496 3143 3560 Quod
3183 3496 3228 3549 si
3264 3512 3350 3549 res
3379 3497 3515 3549 adeo

1955 3591 2086 3642 dura
2115 3604 2257 3641 mors
2299 3597 2402 3650 est,
2437 3604 2532 3641 cur
2561 3603 2679 3641 eam
2714 3587 2785 3640 ita
2817 3588 2972 3640 nobis
3006 3588 3373 3640 acceleramus
3402 3589 3423 3638 ’ἒ
3466 3595 3520 3638 (ιι

1955 3689 2138 3735 contra
2177 3680 2348 3747 legem
2393 3679 2659 3732 Creatoris
2702 3679 2868 3733 nostri
2906 3677 3254 3746 insurgimus,
3287 3687 3347 3729 ut
3400 3692 3518 3730 eam

1956 3769 2346 3837 przeveniamus
2377 3769 2398 3818 ?
2427 3768 2520 3820 Sin
2553 3783 2582 3820 e
2613 3769 2767 3821 bonis
2801 3768 2869 3820 sit
2897 3777 2949 3820 et
2982 3766 3323 3830 salutaribus,
3355 3782 3521 3835 quor-

1956 3875 2072 3911 sum
2131 3859 2413 3912 defunctos
2458 3858 2524 3911 de
2566 3858 2774 3910 Domini
2814 3857 3080 3910 sententia
3115 3857 3253 3909 ultra
3304 3872 3523 3910 omnem

1956 3951 2176 4005 modum
2206 3952 2585 4019 deploramus?
2615 3951 2778 4002 Soror
2803 3964 2887 4000 me
2922 3949 3155 4016 reliquit,
3182 3948 3408 4016 inquies,
3433 3963 3521 4001 so-

1959 4046 2064 4097 lum
2103 4053 2223 4113 post
2280 4045 2446 4096 Deum
2493 4044 2730 4096 Solamen
2771 4057 2970 4102 meum,
3001 4041 3220 4093 doloris
3265 4041 3520 4101 lenimen,

1959 4137 2265 4190 acerbitatis
2300 4136 2625 4204 dissipatrix,
2669 4139 2960 4207 principale
2991 4140 3187 4193 laetitiae
3216 4155 3347 4192 mea:
3394 4139 3522 4192 sub-

1956 4229 2180 4296 jectum.
2216 4227 2281 4280 Et
2322 4227 2446 4295 quid
2478 4238 2587 4280 tum
2630 4239 2813 4296 postea
2844 4231 2866 4281 ?
2903 4230 3059 4283 Pater
3097 4240 3148 4283 te
3183 4239 3237 4284 et
3264 4239 3434 4283 mater
3455 4244 3522 4282 an

1960 4334 2070 4371 non
2095 4319 2515 4386 dereliquerunt,
2544 4322 2757 4388 cognati
2782 4337 2996 4390 quoque
3021 4323 3127 4384 alii,
3157 4332 3211 4376 et
3231 4323 3297 4374 ab
3319 4323 3524 4375 Adamo

1960 4410 2175 4480 longum
2215 4408 2417 4478 genus?
2460 4417 2513 4460 et
2556 4419 2612 4462 tu
2663 4421 2783 4478 post
2821 4420 2874 4465 te
2907 4412 3178 4480 relinques
3223 4412 3378 4473 alios.
3422 4429 3524 4466 nec

1964 4499 2206 4551 invenies
2234 4499 2406 4550 virum
2428 4513 2587 4564 quem
2613 4514 2721 4552 non
2768 4499 2983 4567 plurimi
3017 4502 3328 4554 deseruere.
3361 4502 3527 4555 Soror

1964 4589 2205 4642 deseruit
2239 4603 2501 4652 sororem,
2548 4590 2640 4643 sed
2671 4597 2926 4658 parentes
2964 4591 3170 4645 invenit
3211 4592 3526 4659 praeceden-

1965 4689 2084 4744 tes;
2119 4678 2358 4731 deseruit
2386 4695 2649 4743 sororem,
2691 4681 2786 4734 sed
2827 4681 2894 4734 ad
2930 4683 3213 4734 Dominum
3245 4693 3299 4736 et
3330 4698 3527 4751 paren-

306 4785 396 4820 σεν
419 4785 432 4799 ο
459 4769 591 4821 ἀλλά
622 4770 754 4838 πρὸς
791 4769 1000 4837 ἐκείνην
1042 4770 1140 4837 τὴν
1171 4770 1465 4834 πολιτείαν,
1510 4771 1643 4837 πρὸς
1674 4773 1739 4841 ἢν
1767 4774 1862 4823 καὶ
1895 4794 1937 4846 ι)
1969 4783 1979 4824 l

1850 4781 1862 4823 ι
1895 4794 1937 4846 ι)
1969 4783 2073 4825 tem
2103 4787 2444 4824 communem
2477 4773 2607 4824 abiit
2638 4788 2651 4835 ;
2690 4773 2742 4824 in
2785 4773 2927 4826 illam
2956 4775 3204 4843 migravit
3230 4777 3523 4842 rempubli-

303 4863 463 4928 ἡμεῖς
494 4861 857 4930 πορευόμεθα.
909 4857 1041 4912 Εἶτα
1069 4862 1148 4913 ὅτι
1189 4862 1287 4929 μέν
1319 4878 1377 4912 σε
1409 4863 1743 4924 κατέλειπεν,
1775 4863 1862 4914 λο-

304 4952 468 5022 γίζῃ*
499 4954 642 5014 οἵους
672 4953 726 5004 δὲ
761 4951 1058 5004 κατέλαϐεν
1084 4953 1183 5003 οὑκ
1222 4954 1456 5016 ἐννοεῖς;
1513 4955 1620 5004 Καὶ
1671 4955 1730 5006 τὸ
1766 4956 1863 5023 μὲν

307 5045 466 5112 σῶμα
497 5045 700 5106 στένεις
752 5045 832 5095 ὅτι
889 5045 984 5112 οὐχ
1024 5045 1155 5113 ὁρᾷς
1176 5061 1188 5073 ·
1219 5046 1251 5112 ἡ
1279 5045 1334 5096 δὲ
1385 5045 1528 5114 ψυχὴ
1552 5047 1632 5097 ὅτι
1665 5046 1863 5114 μᾶλλον

305 5136 579 5188 ἀκώλυτον
611 5131 764 5203 εὗρεν
802 5135 899 5204 τὴν
932 5135 1066 5205 πρὸς
1103 5137 1162 5187 σὲ
1196 5138 1505 5203 συνάφειαν,
1560 5139 1618 5188 ού
1654 5137 1862 5206 χαίρεις

307 5227 565 5294 συνορᾷν·
625 5227 717 5277 καὶ
765 5227 846 5278 ὃτι
901 5227 996 5293 μὲν
1055 5227 1310 5297 φθαρτῶν
1364 5228 1671 5298 ἀπηλλάγη,
1715 5230 1861 5282 δεινά

307 5320 475 5377 ποιεῖς
496 5335 508 5347 ·
539 5318 618 5368 ὅτι
651 5317 703 5368 δὲ
725 5317 831 5368 τῶν
855 5317 1143 5387 ἀφθάρτων
1163 5320 1442 5381 ἀπολαύει,
1477 5321 1536 5372 ού
1569 5323 1709 5389 μέγα
1731 5325 1858 5393 ἡγῇ.

308 5408 430 5466 Πῶς
476 5407 562 5459 δαὶ
590 5408 682 5459 καὶ
713 5408 1039 5471 κατέλιπεν;
1070 5410 1117 5460 εί
1148 5409 1245 5477 μὲν
1271 5413 1349 5472 εἰς
1365 5411 1423 5462 τὸ
1454 5413 1526 5479 μὴ
1557 5413 1615 5463 ὃν
1650 5415 1859 5482 ὑπεχώ-

310 5517 496 5570 ρησεν,
529 5503 575 5552 εἰ
599 5501 686 5551 ὑπ’
709 5501 873 5568 ἄλλην
896 5502 1142 5566 ἐξουσίαν
1173 5504 1266 5555 καὶ
1298 5505 1592 5574 κυριότητα
1623 5509 1860 5575 γέγονεν,

306 5592 427 5641 τότε
489 5589 551 5641 ἂν
607 5591 750 5658 ἡμᾶς
804 5590 876 5652 ὡς
909 5591 1122 5660 ἀληθῶς
1175 5593 1579 5657 ἐγκατέλειπεν.
1629 5597 1774 5648 Είδὲ
1797 5601 1861 5667 τῇ

309 5681 445 5746 αὐτῇ
500 5679 718 5749 παλάμῃ
759 5685 1071 5748 φρουρεῖται
1129 5683 1219 5733 τοῦ
1276 5685 1600 5749 Πλάσαντος,
1653 5689 1742 5739 καὶ
1775 5690 1865 5739 τὸν

312 5771 470 5820 αὐτὸ]
501 5771 638 5839 Ιςύρι
659 5790 699 5823 ιν
727 5771 1047 5834 δεσπόζοντα
1080 5791 1135 5826 τε
1167 5776 1259 5826 καὶ
1314 5777 1699 5846 προνοούμενον
1745 5780 1861 5849 ἔχο-

1966 4880 2102 4927 cam,
2155 4866 2220 4916 ad
2255 4881 2410 4932 quain
2445 4880 2543 4915 nos
2573 4880 2788 4933 quoque
2829 4867 3117 4933 pergimus.
3148 4867 3246 4930 Tu,
3281 4869 3424 4935 quod
3477 4878 3528 4921 te

1962 4958 2222 5018 deseruit,
2254 4971 2677 5021 commemoras;
2721 4967 2774 5008 at
2803 4973 2940 5024 quos
2966 4959 3190 5021 invenit,
3220 4975 3325 5011 non
3372 4976 3527 5013 reco-

1963 5050 2067 5112 lis;
2114 5048 2254 5117 quod
2312 5063 2506 5115 corpus
2541 5064 2647 5100 non
2698 5049 2977 5115 intuearis,
3033 5052 3202 5119 gemis
3231 5068 3244 5113 ;
3272 5063 3325 5104 at
3383 5053 3527 5119 quod

1961 5140 2140 5192 anima
2172 5154 2280 5192 non
2316 5138 2714 5205 impediendam
2757 5147 2936 5191 tet-tun
2974 5140 3410 5208 conjunctionem
3445 5141 3528 5192 in-

1967 5233 2132 5290 venit,
2182 5231 2284 5284 hoc
2325 5246 2432 5282 non
2463 5244 2871 5293 commemoras,
2920 5246 3042 5284 cum
3075 5232 3266 5299 gaudio
3324 5231 3523 5284 intueri

1968 5336 2076 5372 non
2112 5335 2290 5373 curas.
2324 5319 2476 5383 Quod
2500 5336 2527 5371 a
2561 5320 2910 5387 corruptione
2934 5321 3183 5386 expedita
3212 5321 3301 5383 sit,
3336 5337 3524 5390 grava-

1970 5413 2064 5464 tim
2118 5411 2223 5464 fers
2258 5429 2271 5476 ;
2323 5413 2462 5480 quod
2495 5411 2704 5464 fruatur
2735 5413 3136 5479 incorruptione
3179 5429 3284 5466 non
3345 5416 3524 5482 magni

1973 5505 2120 5557 facis.
2151 5503 2344 5557 Verum
2385 5515 2435 5557 te
2478 5504 2745 5572 quomodo
2792 5504 3075 5571 dereliquit
3119 5504 3140 5556 ?
3183 5507 3338 5556 Certe
3378 5505 3419 5556 si
3470 5507 3521 5558 in

1972 5612 2075 5648 non
2118 5611 2214 5647 ens
2247 5596 2526 5657 reciderit,
2578 5597 2620 5647 si
2653 5597 2705 5647 in
2746 5596 2971 5648 alienam
3000 5595 3430 5662 iurisdictionem
3473 5608 3527 5648 et

1975 5688 2466 5756 potestatemabiit,
2501 5701 2610 5739 tum
2651 5689 2855 5740 fatebor
2878 5703 2994 5739 eam
3017 5703 3113 5739 nos
3155 5686 3526 5754 dereliquisse.

1974 5781 2128 5845 Quod
2167 5781 2206 5835 si
2239 5779 2424 5833 eadem
2457 5779 2763 5833 Conditoris
2790 5778 2869 5832 sui
2907 5778 3155 5830 manibus
3191 5779 3526 5843 custoditur;
