  <div class='ocr_page' id='page_1' title='image "/cluster/home/n/w/nwhite01/storage/ocr_20150623/102/nnc1.0046979620/471.png"; bbox 0 0 4236 6436; ppageno 0'>
   <div class='ocr_carea' id='block_1_1' title="bbox 783 383 885 445">
    <p class='ocr_par' dir='ltr' id='par_1_1' title="bbox 783 383 885 445">
     <span class='ocr_line' id='line_1_1' title="bbox 783 383 885 445; baseline -0.029 0"><span class='ocrx_word' id='word_1_1' title='bbox 783 383 885 445; x_wconf 82' lang='grc'><strong>919</strong></span> 
     </span>
    </p>
   </div>
   <div class='ocr_carea' id='block_1_2' title="bbox 1897 383 2836 443">
    <p class='ocr_par' dir='ltr' id='par_1_2' title="bbox 1897 383 2836 443">
     <span class='ocr_line' id='line_1_2' title="bbox 1897 383 2836 443; baseline -0.002 -2"><span class='ocrx_word' id='word_1_2' title='bbox 1897 383 2154 442; x_wconf 81' lang='grc' dir='ltr'>ΡΗΟΤΙΙ</span> <span class='ocrx_word' id='word_1_3' title='bbox 2195 383 2694 442; x_wconf 77' lang='lat' dir='ltr'><strong>PATRIARCIUE</strong></span> <span class='ocrx_word' id='word_1_4' title='bbox 2729 386 2836 443; x_wconf 89' lang='lat' dir='ltr'><strong>CP.</strong></span> 
     </span>
    </p>
   </div>
   <div class='ocr_carea' id='block_1_3' title="bbox 3895 384 4006 446">
    <p class='ocr_par' dir='ltr' id='par_1_3' title="bbox 3895 384 4006 446">
     <span class='ocr_line' id='line_1_3' title="bbox 3895 384 4006 446; baseline -0.036 0"><span class='ocrx_word' id='word_1_5' title='bbox 3895 384 4006 446; x_wconf 67' lang='lat'><strong>920</strong></span> 
     </span>
    </p>
   </div>
   <div class='ocr_carea' id='block_1_4' title="bbox 780 495 2453 566">
    <p class='ocr_par' dir='ltr' id='par_1_4' title="bbox 780 495 2453 566">
     <span class='ocr_line' id='line_1_4' title="bbox 780 495 2453 566; baseline 0.002 -17"><span class='ocrx_word' id='word_1_6' title='bbox 780 497 827 550; x_wconf 85' lang='lat' dir='ltr'><strong>si</strong></span> <span class='ocrx_word' id='word_1_7' title='bbox 873 495 1119 549; x_wconf 90' lang='lat' dir='ltr'><strong>eumdem</strong></span> <span class='ocrx_word' id='word_1_8' title='bbox 1174 511 1273 549; x_wconf 89' lang='lat' dir='ltr'><strong>nos</strong></span> <span class='ocrx_word' id='word_1_9' title='bbox 1308 505 1362 548; x_wconf 94' lang='lat' dir='ltr'><strong>et</strong></span> <span class='ocrx_word' id='word_1_10' title='bbox 1409 496 1491 548; x_wconf 90' lang='lat' dir='ltr'><strong>illa</strong></span> <span class='ocrx_word' id='word_1_11' title='bbox 1547 495 1826 550; x_wconf 83' lang='lat' dir='ltr'><strong>Dominum</strong></span> <span class='ocrx_word' id='word_1_12' title='bbox 1873 498 2226 566; x_wconf 78' lang='lat' dir='ltr'><strong>imperantem</strong></span> <span class='ocrx_word' id='word_1_13' title='bbox 2289 499 2453 563; x_wconf 76' lang='lat' dir='ltr'><strong>etAt</strong></span> 
     </span>
    </p>
   </div>
   <div class='ocr_carea' id='block_1_5' title="bbox 2330 495 4003 566">
    <p class='ocr_par' dir='ltr' id='par_1_5' title="bbox 2330 495 4003 565">
     <span class='ocr_line' id='line_1_5' title="bbox 2330 495 4003 565; baseline -0.001 -17"><span class='ocrx_word' id='word_1_14' title='bbox 2330 505 2341 548; x_wconf 80' lang='lat' dir='ltr'><strong>L</strong></span> <span class='ocrx_word' id='word_1_15' title='bbox 2368 499 2411 553; x_wconf 86' lang='lat' dir='ltr'><strong>A</strong></span> <span class='ocrx_word' id='word_1_16' title='bbox 2445 513 2562 563; x_wconf 88' lang='grc' dir='ltr'>μεν,</span> <span class='ocrx_word' id='word_1_17' title='bbox 2600 500 2691 547; x_wconf 78' lang='grc' dir='ltr'><strong>καὶ</strong></span> <span class='ocrx_word' id='word_1_18' title='bbox 2711 499 2743 565; x_wconf 77' lang='grc' dir='ltr'>ἡ</span> <span class='ocrx_word' id='word_1_19' title='bbox 2775 495 2913 564; x_wconf 67' lang='grc' dir='ltr'>αὑτὴ</span> <span class='ocrx_word' id='word_1_20' title='bbox 2948 497 3226 563; x_wconf 72' lang='grc' dir='ltr'><strong>ἑκατέροις</strong></span> <span class='ocrx_word' id='word_1_21' title='bbox 3253 495 3499 564; x_wconf 76' lang='grc' dir='ltr'>διατριϐή</span> <span class='ocrx_word' id='word_1_22' title='bbox 3529 511 3587 546; x_wconf 91' lang='grc' dir='ltr'><strong>τε</strong></span> <span class='ocrx_word' id='word_1_23' title='bbox 3609 495 3701 545; x_wconf 78' lang='grc' dir='ltr'><strong>καὶ</strong></span> <span class='ocrx_word' id='word_1_24' title='bbox 3721 497 4003 564; x_wconf 72' lang='grc' dir='ltr'>κατασκή-</span> 
     </span>
    </p>
   </div>
   <div class='ocr_carea' id='block_1_6' title="bbox 783 585 2338 656">
    <p class='ocr_par' dir='ltr' id='par_1_6' title="bbox 783 585 2338 656">
     <span class='ocr_line' id='line_1_6' title="bbox 783 585 2338 656; baseline 0.003 -19"><span class='ocrx_word' id='word_1_25' title='bbox 783 596 1159 656; x_wconf 88' lang='lat' dir='ltr'><strong>procurantem</strong></span> <span class='ocrx_word' id='word_1_26' title='bbox 1203 585 1461 640; x_wconf 93' lang='lat' dir='ltr'><strong>habemus</strong></span> <span class='ocrx_word' id='word_1_27' title='bbox 1495 606 1509 653; x_wconf 89' lang='lat'><strong>;</strong></span> <span class='ocrx_word' id='word_1_28' title='bbox 1556 590 1597 640; x_wconf 91' lang='lat' dir='ltr'><strong>si</strong></span> <span class='ocrx_word' id='word_1_29' title='bbox 1633 590 1815 641; x_wconf 78' lang='lat' dir='ltr'><strong>eadem</strong></span> <span class='ocrx_word' id='word_1_30' title='bbox 1849 590 2108 643; x_wconf 74' lang='lat' dir='ltr'><strong>habitatio</strong></span> <span class='ocrx_word' id='word_1_31' title='bbox 2130 600 2184 644; x_wconf 90' lang='lat' dir='ltr'><strong>et</strong></span> <span class='ocrx_word' id='word_1_32' title='bbox 2208 604 2338 642; x_wconf 91' lang='lat' dir='ltr'><strong>con-</strong></span> 
     </span>
    </p>
   </div>
   <div class='ocr_carea' id='block_1_7' title="bbox 783 677 2338 747">
    <p class='ocr_par' dir='ltr' id='par_1_7' title="bbox 783 677 2338 747">
     <span class='ocr_line' id='line_1_7' title="bbox 783 677 2338 747; baseline 0.001 -17"><span class='ocrx_word' id='word_1_33' title='bbox 783 677 1018 730; x_wconf 83' lang='lat' dir='ltr'><strong>versatio</strong></span> <span class='ocrx_word' id='word_1_34' title='bbox 1066 679 1305 746; x_wconf 84' lang='lat' dir='ltr'><strong>utrisque</strong></span> <span class='ocrx_word' id='word_1_35' title='bbox 1354 689 1663 747; x_wconf 79' lang='lat' dir='ltr'><strong>apparatur,</strong></span> <span class='ocrx_word' id='word_1_36' title='bbox 1729 680 1772 731; x_wconf 81' lang='lat' dir='ltr'><strong>si</strong></span> <span class='ocrx_word' id='word_1_37' title='bbox 1839 681 1977 733; x_wconf 88' lang='lat' dir='ltr'><strong>illam</strong></span> <span class='ocrx_word' id='word_1_38' title='bbox 2034 682 2192 734; x_wconf 86' lang='lat' dir='ltr'><strong>habet</strong></span> <span class='ocrx_word' id='word_1_39' title='bbox 2231 680 2338 732; x_wconf 83' lang='lat' dir='ltr'><strong>vita</strong></span> 
     </span>
    </p>
   </div>
   <div class='ocr_carea' id='block_1_8' title="bbox 786 771 2338 839">
    <p class='ocr_par' dir='ltr' id='par_1_8' title="bbox 786 771 2338 839">
     <span class='ocr_line' id='line_1_8' title="bbox 786 771 2338 839; baseline 0.001 -17"><span class='ocrx_word' id='word_1_40' title='bbox 786 771 1110 823; x_wconf 77' lang='lat' dir='ltr'><strong>tumultuum</strong></span> <span class='ocrx_word' id='word_1_41' title='bbox 1167 787 1397 839; x_wconf 83' lang='lat' dir='ltr'><strong>expers,</strong></span> <span class='ocrx_word' id='word_1_42' title='bbox 1447 787 1546 825; x_wconf 89' lang='lat' dir='ltr'><strong>nos</strong></span> <span class='ocrx_word' id='word_1_43' title='bbox 1603 781 1780 824; x_wconf 90' lang='lat' dir='ltr'><strong>autem</strong></span> <span class='ocrx_word' id='word_1_44' title='bbox 1836 771 2084 824; x_wconf 86' lang='lat' dir='ltr'><strong>fluctibus</strong></span> <span class='ocrx_word' id='word_1_45' title='bbox 2143 773 2338 825; x_wconf 84' lang='lat' dir='ltr'><strong>etiam-</strong></span> 
     </span>
    </p>
   </div>
   <div class='ocr_carea' id='block_1_9' title="bbox 783 862 2337 932">
    <p class='ocr_par' dir='ltr' id='par_1_9' title="bbox 783 862 2337 932">
     <span class='ocr_line' id='line_1_9' title="bbox 783 862 2337 932; baseline 0.002 -17"><span class='ocrx_word' id='word_1_46' title='bbox 783 877 913 915; x_wconf 90' lang='lat' dir='ltr'><strong>num</strong></span> <span class='ocrx_word' id='word_1_47' title='bbox 948 862 1130 932; x_wconf 90' lang='lat' dir='ltr'><strong>jactati</strong></span> <span class='ocrx_word' id='word_1_48' title='bbox 1161 864 1590 917; x_wconf 87' lang='lat' dir='ltr'><strong>eireumferimur</strong></span> <span class='ocrx_word' id='word_1_49' title='bbox 1620 881 1633 915; x_wconf 91' lang='lat'><strong>:</strong></span> <span class='ocrx_word' id='word_1_50' title='bbox 1665 880 1832 932; x_wconf 88' lang='lat' dir='ltr'><strong>quare</strong></span> <span class='ocrx_word' id='word_1_51' title='bbox 1867 865 2108 922; x_wconf 82' lang='lat' dir='ltr'><strong>dicenda</strong></span> <span class='ocrx_word' id='word_1_52' title='bbox 2139 875 2222 919; x_wconf 91' lang='lat' dir='ltr'><strong>est</strong></span> <span class='ocrx_word' id='word_1_53' title='bbox 2252 865 2337 918; x_wconf 89' lang='lat' dir='ltr'><strong>illa</strong></span> 
     </span>
    </p>
   </div>
   <div class='ocr_carea' id='block_1_10' title="bbox 783 954 2337 1023">
    <p class='ocr_par' dir='ltr' id='par_1_10' title="bbox 783 954 2337 1023">
     <span class='ocr_line' id='line_1_10' title="bbox 783 954 2337 1023; baseline -0.001 -15"><span class='ocrx_word' id='word_1_54' title='bbox 783 969 885 1008; x_wconf 90' lang='lat' dir='ltr'><strong>nos</strong></span> <span class='ocrx_word' id='word_1_55' title='bbox 924 954 1324 1022; x_wconf 86' lang='lat' dir='ltr'><strong>dereliquisse?</strong></span> <span class='ocrx_word' id='word_1_56' title='bbox 1363 957 1416 1008; x_wconf 89' lang='lat' dir='ltr'><strong>Si</strong></span> <span class='ocrx_word' id='word_1_57' title='bbox 1457 971 1564 1008; x_wconf 89' lang='lat' dir='ltr'><strong>non</strong></span> <span class='ocrx_word' id='word_1_58' title='bbox 1613 955 1676 1008; x_wconf 91' lang='lat' dir='ltr'><strong>ad</strong></span> <span class='ocrx_word' id='word_1_59' title='bbox 1705 956 1952 1009; x_wconf 90' lang='lat' dir='ltr'><strong>eumdem</strong></span> <span class='ocrx_word' id='word_1_60' title='bbox 1988 956 2182 1023; x_wconf 86' lang='lat' dir='ltr'><strong>quietis</strong></span> <span class='ocrx_word' id='word_1_61' title='bbox 2209 971 2337 1022; x_wconf 88' lang='lat' dir='ltr'><strong>por-</strong></span> 
     </span>
    </p>
   </div>
   <div class='ocr_carea' id='block_1_11' title="bbox 783 1045 2336 1100">
    <p class='ocr_par' dir='ltr' id='par_1_11' title="bbox 783 1045 2336 1100">
     <span class='ocr_line' id='line_1_11' title="bbox 783 1045 2336 1100; baseline 0.001 -2"><span class='ocrx_word' id='word_1_62' title='bbox 783 1056 896 1098; x_wconf 92' lang='lat' dir='ltr'><strong>tum</strong></span> <span class='ocrx_word' id='word_1_63' title='bbox 939 1060 1100 1098; x_wconf 89' lang='lat' dir='ltr'><strong>cursu</strong></span> <span class='ocrx_word' id='word_1_64' title='bbox 1137 1046 1326 1100; x_wconf 83' lang='lat' dir='ltr'><strong>directi</strong></span> <span class='ocrx_word' id='word_1_65' title='bbox 1367 1045 1644 1098; x_wconf 89' lang='lat' dir='ltr'><strong>feramur:</strong></span> <span class='ocrx_word' id='word_1_66' title='bbox 1677 1047 1718 1100; x_wconf 92' lang='lat' dir='ltr'><strong>si</strong></span> <span class='ocrx_word' id='word_1_67' title='bbox 1761 1062 1866 1099; x_wconf 90' lang='lat' dir='ltr'><strong>non</strong></span> <span class='ocrx_word' id='word_1_68' title='bbox 1905 1046 2089 1099; x_wconf 84' lang='lat' dir='ltr'><strong>eadem</strong></span> <span class='ocrx_word' id='word_1_69' title='bbox 2119 1047 2336 1099; x_wconf 85' lang='lat' dir='ltr'><strong>insista-</strong></span> 
     </span>
    </p>
   </div>
   <div class='ocr_carea' id='block_1_12' title="bbox 783 1136 2335 1206">
    <p class='ocr_par' dir='ltr' id='par_1_12' title="bbox 783 1136 2335 1206">
     <span class='ocr_line' id='line_1_12' title="bbox 783 1136 2335 1206; baseline -0.001 -17"><span class='ocrx_word' id='word_1_70' title='bbox 783 1152 905 1189; x_wconf 90' lang='lat' dir='ltr'><strong>mus</strong></span> <span class='ocrx_word' id='word_1_71' title='bbox 936 1137 1017 1189; x_wconf 87' lang='lat' dir='ltr'><strong>via</strong></span> <span class='ocrx_word' id='word_1_72' title='bbox 1051 1157 1064 1190; x_wconf 89' lang='lat'><strong>:</strong></span> <span class='ocrx_word' id='word_1_73' title='bbox 1098 1139 1139 1191; x_wconf 90' lang='lat' dir='ltr'><strong>si</strong></span> <span class='ocrx_word' id='word_1_74' title='bbox 1165 1154 1270 1190; x_wconf 92' lang='lat' dir='ltr'><strong>non</strong></span> <span class='ocrx_word' id='word_1_75' title='bbox 1294 1146 1348 1189; x_wconf 87' lang='lat' dir='ltr'><strong>et</strong></span> <span class='ocrx_word' id='word_1_76' title='bbox 1368 1154 1465 1190; x_wconf 88' lang='lat' dir='ltr'><strong>nos</strong></span> <span class='ocrx_word' id='word_1_77' title='bbox 1483 1153 1693 1205; x_wconf 89' lang='lat' dir='ltr'><strong>quoque</strong></span> <span class='ocrx_word' id='word_1_78' title='bbox 1720 1137 1836 1190; x_wconf 91' lang='lat' dir='ltr'><strong>finis</strong></span> <span class='ocrx_word' id='word_1_79' title='bbox 1865 1136 2004 1190; x_wconf 90' lang='lat' dir='ltr'><strong>idem</strong></span> <span class='ocrx_word' id='word_1_80' title='bbox 2029 1147 2335 1206; x_wconf 83' lang='lat' dir='ltr'><strong>exspectet;</strong></span> 
     </span>
    </p>
   </div>
   <div class='ocr_carea' id='block_1_13' title="bbox 786 1226 2336 1294">
    <p class='ocr_par' dir='ltr' id='par_1_13' title="bbox 786 1226 2336 1294">
     <span class='ocr_line' id='line_1_13' title="bbox 786 1226 2336 1294; baseline 0 -16"><span class='ocrx_word' id='word_1_81' title='bbox 786 1236 899 1279; x_wconf 90' lang='lat' dir='ltr'><strong>tum</strong></span> <span class='ocrx_word' id='word_1_82' title='bbox 938 1228 1363 1280; x_wconf 84' lang='lat' dir='ltr'><strong>ratiocinandum</strong></span> <span class='ocrx_word' id='word_1_83' title='bbox 1399 1226 1501 1280; x_wconf 91' lang='lat' dir='ltr'><strong>fuit</strong></span> <span class='ocrx_word' id='word_1_84' title='bbox 1544 1245 1658 1280; x_wconf 85' lang='lat' dir='ltr'><strong>eam</strong></span> <span class='ocrx_word' id='word_1_85' title='bbox 1691 1227 2075 1294; x_wconf 82' lang='lat' dir='ltr'><strong>dereliquisse;</strong></span> <span class='ocrx_word' id='word_1_86' title='bbox 2114 1238 2221 1278; x_wconf 94' lang='lat' dir='ltr'><strong>tum</strong></span> <span class='ocrx_word' id='word_1_87' title='bbox 2252 1228 2336 1279; x_wconf 86' lang='lat' dir='ltr'><strong>di-</strong></span> 
     </span>
    </p>
   </div>
   <div class='ocr_carea' id='block_1_14' title="bbox 785 1320 2336 1388">
    <p class='ocr_par' dir='ltr' id='par_1_14' title="bbox 785 1320 2336 1388">
     <span class='ocr_line' id='line_1_14' title="bbox 785 1320 2336 1388; baseline 0.002 -18"><span class='ocrx_word' id='word_1_88' title='bbox 785 1321 1016 1373; x_wconf 66' lang='lat' dir='ltr'><strong>vortium</strong></span> <span class='ocrx_word' id='word_1_89' title='bbox 1067 1321 1262 1374; x_wconf 90' lang='lat' dir='ltr'><strong>factum</strong></span> <span class='ocrx_word' id='word_1_90' title='bbox 1310 1321 1694 1388; x_wconf 86' lang='lat' dir='ltr'><strong>deplorandum</strong></span> <span class='ocrx_word' id='word_1_91' title='bbox 1742 1321 1857 1373; x_wconf 91' lang='lat' dir='ltr'><strong>fuit.</strong></span> <span class='ocrx_word' id='word_1_92' title='bbox 1893 1320 1986 1373; x_wconf 86' lang='lat' dir='ltr'><strong>Sin</strong></span> <span class='ocrx_word' id='word_1_93' title='bbox 2015 1336 2138 1372; x_wconf 80' lang='lat' dir='ltr'><strong>vero</strong></span> <span class='ocrx_word' id='word_1_94' title='bbox 2165 1322 2336 1388; x_wconf 90' lang='lat' dir='ltr'><strong>quod-</strong></span> 
     </span>
    </p>
   </div>
   <div class='ocr_carea' id='block_1_15' title="bbox 786 1411 2336 1480">
    <p class='ocr_par' dir='ltr' id='par_1_15' title="bbox 786 1411 2336 1480">
     <span class='ocr_line' id='line_1_15' title="bbox 786 1411 2336 1480; baseline 0 -17"><span class='ocrx_word' id='word_1_95' title='bbox 786 1426 1016 1479; x_wconf 68' lang='lat' dir='ltr'><strong>eumqu:</strong></span> <span class='ocrx_word' id='word_1_96' title='bbox 1044 1411 1163 1479; x_wconf 89' lang='lat' dir='ltr'><strong>quis</strong></span> <span class='ocrx_word' id='word_1_97' title='bbox 1193 1411 1418 1465; x_wconf 86' lang='lat' dir='ltr'><strong>consilio</strong></span> <span class='ocrx_word' id='word_1_98' title='bbox 1449 1412 1627 1480; x_wconf 83' lang='lat' dir='ltr'><strong>agitet,</strong></span> <span class='ocrx_word' id='word_1_99' title='bbox 1654 1419 1708 1462; x_wconf 92' lang='lat' dir='ltr'><strong>et</strong></span> <span class='ocrx_word' id='word_1_100' title='bbox 1732 1412 1939 1478; x_wconf 85' lang='lat' dir='ltr'><strong>agendo</strong></span> <span class='ocrx_word' id='word_1_101' title='bbox 1963 1411 2223 1478; x_wconf 84' lang='lat' dir='ltr'><strong>perﬁciat,</strong></span> <span class='ocrx_word' id='word_1_102' title='bbox 2271 1426 2336 1463; x_wconf 87' lang='lat' dir='ltr'><strong>eo</strong></span> 
     </span>
    </p>
   </div>
   <div class='ocr_carea' id='block_1_16' title="bbox 786 1497 2335 1567">
    <p class='ocr_par' dir='ltr' id='par_1_16' title="bbox 786 1497 2335 1567">
     <span class='ocr_line' id='line_1_16' title="bbox 786 1497 2335 1567; baseline -0.001 -15"><span class='ocrx_word' id='word_1_103' title='bbox 786 1509 992 1552; x_wconf 88' lang='lat' dir='ltr'><strong>tantum</strong></span> <span class='ocrx_word' id='word_1_104' title='bbox 1035 1501 1363 1553; x_wconf 87' lang='lat' dir='ltr'><strong>contendat:</strong></span> <span class='ocrx_word' id='word_1_105' title='bbox 1418 1500 1542 1567; x_wconf 92' lang='lat' dir='ltr'><strong>quid</strong></span> <span class='ocrx_word' id='word_1_106' title='bbox 1577 1499 1768 1550; x_wconf 81' lang='lat' dir='ltr'><strong>frustra</strong></span> <span class='ocrx_word' id='word_1_107' title='bbox 1812 1497 2152 1567; x_wconf 81' lang='lat' dir='ltr'><strong>plangimus?</strong></span> <span class='ocrx_word' id='word_1_108' title='bbox 2198 1498 2335 1562; x_wconf 85' lang='lat' dir='ltr'><strong>Quid</strong></span> 
     </span>
    </p>
   </div>
   <div class='ocr_carea' id='block_1_17' title="bbox 783 1590 2337 1657">
    <p class='ocr_par' dir='ltr' id='par_1_17' title="bbox 783 1590 2337 1657">
     <span class='ocr_line' id='line_1_17' title="bbox 783 1590 2337 1657; baseline 0.002 -16"><span class='ocrx_word' id='word_1_109' title='bbox 783 1591 882 1657; x_wconf 80' lang='lat' dir='ltr'><strong>legi</strong></span> <span class='ocrx_word' id='word_1_110' title='bbox 917 1599 1119 1642; x_wconf 68' lang='lat' dir='ltr'><strong>natura:</strong></span> <span class='ocrx_word' id='word_1_111' title='bbox 1144 1592 1609 1642; x_wconf 88' lang='lat' dir='ltr'><strong>obmurmuramus</strong></span> <span class='ocrx_word' id='word_1_112' title='bbox 1633 1629 1647 1651; x_wconf 96' lang='lat'><strong>,</strong></span> <span class='ocrx_word' id='word_1_113' title='bbox 1676 1606 1740 1642; x_wconf 89' lang='lat' dir='ltr'><strong>eo</strong></span> <span class='ocrx_word' id='word_1_114' title='bbox 1760 1590 1922 1656; x_wconf 89' lang='lat' dir='ltr'><strong>quod,</strong></span> <span class='ocrx_word' id='word_1_115' title='bbox 1954 1606 2073 1642; x_wconf 93' lang='lat' dir='ltr'><strong>cum</strong></span> <span class='ocrx_word' id='word_1_116' title='bbox 2099 1591 2337 1644; x_wconf 83' lang='lat' dir='ltr'><strong>mortalis</strong></span> 
     </span>
    </p>
   </div>
   <div class='ocr_carea' id='block_1_18' title="bbox 781 1678 2334 1745">
    <p class='ocr_par' dir='ltr' id='par_1_18' title="bbox 781 1678 2334 1745">
     <span class='ocr_line' id='line_1_18' title="bbox 781 1678 2334 1745; baseline 0.001 -15"><span class='ocrx_word' id='word_1_117' title='bbox 781 1679 1082 1739; x_wconf 77' lang='lat' dir='ltr'><strong>exsisteret,</strong></span> <span class='ocrx_word' id='word_1_118' title='bbox 1109 1680 1263 1732; x_wconf 90' lang='lat' dir='ltr'><strong>morti</strong></span> <span class='ocrx_word' id='word_1_119' title='bbox 1295 1679 1617 1731; x_wconf 70' lang='lat' dir='ltr'><strong>subservivit</strong></span> <span class='ocrx_word' id='word_1_120' title='bbox 1648 1695 1660 1739; x_wconf 89' lang='lat'><strong>;</strong></span> <span class='ocrx_word' id='word_1_121' title='bbox 1707 1678 1848 1745; x_wconf 88' lang='lat' dir='ltr'><strong>quod</strong></span> <span class='ocrx_word' id='word_1_122' title='bbox 1874 1679 2167 1745; x_wconf 80' lang='lat' dir='ltr'><strong>:equalihus</strong></span> <span class='ocrx_word' id='word_1_123' title='bbox 2211 1695 2334 1744; x_wconf 84' lang='lat' dir='ltr'><strong>Spa-</strong></span> 
     </span>
    </p>
   </div>
   <div class='ocr_carea' id='block_1_19' title="bbox 783 1768 2334 1836">
    <p class='ocr_par' dir='ltr' id='par_1_19' title="bbox 783 1768 2334 1836">
     <span class='ocr_line' id='line_1_19' title="bbox 783 1768 2334 1836; baseline 0 -15"><span class='ocrx_word' id='word_1_124' title='bbox 783 1769 872 1821; x_wconf 90' lang='lat' dir='ltr'><strong>tiis</strong></span> <span class='ocrx_word' id='word_1_125' title='bbox 899 1785 1019 1820; x_wconf 79' lang='lat' dir='ltr'><strong>cum</strong></span> <span class='ocrx_word' id='word_1_126' title='bbox 1053 1778 1220 1835; x_wconf 89' lang='lat' dir='ltr'><strong>patre,</strong></span> <span class='ocrx_word' id='word_1_127' title='bbox 1258 1776 1450 1829; x_wconf 88' lang='lat' dir='ltr'><strong>matre,</strong></span> <span class='ocrx_word' id='word_1_128' title='bbox 1492 1768 1744 1819; x_wconf 87' lang='lat' dir='ltr'><strong>universo</strong></span> <span class='ocrx_word' id='word_1_129' title='bbox 1771 1784 1966 1836; x_wconf 80' lang='lat' dir='ltr'><strong>genere</strong></span> <span class='ocrx_word' id='word_1_130' title='bbox 1998 1769 2158 1820; x_wconf 81' lang='lat' dir='ltr'><strong>vitam</strong></span> <span class='ocrx_word' id='word_1_131' title='bbox 2195 1768 2334 1822; x_wconf 86' lang='lat' dir='ltr'><strong>hanc</strong></span> 
     </span>
    </p>
   </div>
   <div class='ocr_carea' id='block_1_20' title="bbox 2441 587 4002 657">
    <p class='ocr_par' dir='ltr' id='par_1_20' title="bbox 2441 587 4002 657">
     <span class='ocr_line' id='line_1_20' title="bbox 2441 587 4002 657; baseline 0 -19"><span class='ocrx_word' id='word_1_132' title='bbox 2441 605 2600 650; x_wconf 77' lang='lat' dir='ltr'><strong>vom;</strong></span> <span class='ocrx_word' id='word_1_133' title='bbox 2644 589 3022 657; x_wconf 75' lang='grc' dir='ltr'>ἐτοιμάζεται·</span> <span class='ocrx_word' id='word_1_134' title='bbox 3086 591 3187 640; x_wconf 78' lang='grc' dir='ltr'><strong>κᾶν</strong></span> <span class='ocrx_word' id='word_1_135' title='bbox 3220 589 3318 657; x_wconf 83' lang='grc' dir='ltr'><strong>τὴν</strong></span> <span class='ocrx_word' id='word_1_136' title='bbox 3368 588 3466 656; x_wconf 75' lang='grc' dir='ltr'>μὲν</span> <span class='ocrx_word' id='word_1_137' title='bbox 3497 588 3595 656; x_wconf 64' lang='grc' dir='ltr'><strong>ἤδη</strong></span> <span class='ocrx_word' id='word_1_138' title='bbox 3633 587 3873 655; x_wconf 74' lang='grc' dir='ltr'>θορύϐων</span> <span class='ocrx_word' id='word_1_139' title='bbox 3897 588 4002 656; x_wconf 77' lang='grc' dir='ltr'><strong>ἔχῃ</strong></span> 
     </span>
    </p>
   </div>
   <div class='ocr_carea' id='block_1_21' title="bbox 2443 679 4005 749">
    <p class='ocr_par' dir='ltr' id='par_1_21' title="bbox 2443 679 4005 749">
     <span class='ocr_line' id='line_1_21' title="bbox 2443 679 4005 749; baseline -0.001 -20"><span class='ocrx_word' id='word_1_140' title='bbox 2443 681 2549 746; x_wconf 80' lang='grc' dir='ltr'>βίος</span> <span class='ocrx_word' id='word_1_141' title='bbox 2582 681 2882 748; x_wconf 82' lang='grc' dir='ltr'>ἐλεύθερος,</span> <span class='ocrx_word' id='word_1_142' title='bbox 2917 682 3074 749; x_wconf 70' lang='grc' dir='ltr'>ἡμεῖς</span> <span class='ocrx_word' id='word_1_143' title='bbox 3102 681 3156 731; x_wconf 82' lang='grc' dir='ltr'><strong>δὲ</strong></span> <span class='ocrx_word' id='word_1_144' title='bbox 3187 681 3265 731; x_wconf 78' lang='grc' dir='ltr'>ἔτι</span> <span class='ocrx_word' id='word_1_145' title='bbox 3299 679 3375 748; x_wconf 81' lang='grc' dir='ltr'><strong>τῷ</strong></span> <span class='ocrx_word' id='word_1_146' title='bbox 3423 679 3738 746; x_wconf 72' lang='grc' dir='ltr'>κυμαίνοντι</span> <span class='ocrx_word' id='word_1_147' title='bbox 3771 695 4005 746; x_wconf 81' lang='grc' dir='ltr'>περιφε-</span> 
     </span>
    </p>
   </div>
   <div class='ocr_carea' id='block_1_22' title="bbox 2440 770 4004 842">
    <p class='ocr_par' dir='ltr' id='par_1_22' title="bbox 2440 770 4004 842">
     <span class='ocr_line' id='line_1_22' title="bbox 2440 770 4004 842; baseline -0.003 -18"><span class='ocrx_word' id='word_1_148' title='bbox 2440 774 2676 840; x_wconf 83' lang='grc' dir='ltr'>ρόμεοα’</span> <span class='ocrx_word' id='word_1_149' title='bbox 2712 775 2828 835; x_wconf 87' lang='grc' dir='ltr'><strong>πῶς</strong></span> <span class='ocrx_word' id='word_1_150' title='bbox 2879 776 3022 842; x_wconf 79' lang='grc' dir='ltr'>ἡμᾶς</span> <span class='ocrx_word' id='word_1_151' title='bbox 3071 773 3484 838; x_wconf 77' lang='grc' dir='ltr'>ὲγκατέλειπενς</span> <span class='ocrx_word' id='word_1_152' title='bbox 3520 772 3580 822; x_wconf 79' lang='lat' dir='ltr'><strong>Ei</strong></span> <span class='ocrx_word' id='word_1_153' title='bbox 3619 771 3690 838; x_wconf 83' lang='grc' dir='ltr'>μὴ</span> <span class='ocrx_word' id='word_1_154' title='bbox 3737 772 3869 835; x_wconf 72' lang='grc' dir='ltr'>προς</span> <span class='ocrx_word' id='word_1_155' title='bbox 3905 770 4004 821; x_wconf 73' lang='grc' dir='ltr'>τὸν</span> 
     </span>
    </p>
   </div>
   <div class='ocr_carea' id='block_1_23' title="bbox 2436 861 4000 934">
    <p class='ocr_par' dir='ltr' id='par_1_23' title="bbox 2436 861 4000 934">
     <span class='ocr_line' id='line_1_23' title="bbox 2436 861 4000 934; baseline -0.004 -18"><span class='ocrx_word' id='word_1_156' title='bbox 2436 863 2598 916; x_wconf 78' lang='grc' dir='ltr'>αὐτὸν</span> <span class='ocrx_word' id='word_1_157' title='bbox 2630 865 2724 916; x_wconf 79' lang='grc' dir='ltr'>καὶ</span> <span class='ocrx_word' id='word_1_158' title='bbox 2749 867 2906 933; x_wconf 82' lang='grc' dir='ltr'>ἡμεῖς</span> <span class='ocrx_word' id='word_1_159' title='bbox 2931 863 3318 934; x_wconf 70' lang='grc' dir='ltr'>κυϐερνώμεθα</span> <span class='ocrx_word' id='word_1_160' title='bbox 3346 865 3444 929; x_wconf 86' lang='grc' dir='ltr'>τῆς</span> <span class='ocrx_word' id='word_1_161' title='bbox 3489 861 3874 922; x_wconf 77' lang='grc' dir='ltr'>καταπαύσεως</span> <span class='ocrx_word' id='word_1_162' title='bbox 3912 861 4000 911; x_wconf 83' lang='grc' dir='ltr'>λι-</span> 
     </span>
    </p>
   </div>
   <div class='ocr_carea' id='block_1_24' title="bbox 2441 953 4002 1024">
    <p class='ocr_par' dir='ltr' id='par_1_24' title="bbox 2441 953 4002 1024">
     <span class='ocr_line' id='line_1_24' title="bbox 2441 953 4002 1024; baseline -0.002 -19"><span class='ocrx_word' id='word_1_163' title='bbox 2441 954 2592 1020; x_wconf 89' lang='grc' dir='ltr'>μένα·</span> <span class='ocrx_word' id='word_1_164' title='bbox 2621 956 2668 1004; x_wconf 78' lang='grc' dir='ltr'>εἰ</span> <span class='ocrx_word' id='word_1_165' title='bbox 2696 955 2772 1023; x_wconf 80' lang='grc' dir='ltr'>μὴ</span> <span class='ocrx_word' id='word_1_166' title='bbox 2797 956 2893 1024; x_wconf 77' lang='grc' dir='ltr'>τὴν</span> <span class='ocrx_word' id='word_1_167' title='bbox 2913 955 3078 1022; x_wconf 77' lang='grc' dir='ltr'>αὐτὴν</span> <span class='ocrx_word' id='word_1_168' title='bbox 3105 955 3222 1007; x_wconf 76' lang='grc' dir='ltr'>ὁδὸν</span> <span class='ocrx_word' id='word_1_169' title='bbox 3242 953 3546 1020; x_wconf 72' lang='grc' dir='ltr'>διανύωμιν</span> <span class='ocrx_word' id='word_1_170' title='bbox 3564 970 3576 984; x_wconf 88' lang='grc'><strong>·</strong></span> <span class='ocrx_word' id='word_1_171' title='bbox 3607 956 3654 1004; x_wconf 86' lang='grc' dir='ltr'><strong>εί</strong></span> <span class='ocrx_word' id='word_1_172' title='bbox 3684 954 3756 1022; x_wconf 84' lang='grc' dir='ltr'><strong>μὴ</strong></span> <span class='ocrx_word' id='word_1_173' title='bbox 3777 953 3838 1004; x_wconf 79' lang='grc' dir='ltr'><strong>τὸ</strong></span> <span class='ocrx_word' id='word_1_174' title='bbox 3859 953 4002 1004; x_wconf 62' lang='grc' dir='ltr'>αὐτὸ</span> 
     </span>
    </p>
   </div>
   <div class='ocr_carea' id='block_1_25' title="bbox 2435 1039 3996 1111">
    <p class='ocr_par' dir='ltr' id='par_1_25' title="bbox 2435 1039 3996 1111">
     <span class='ocr_line' id='line_1_25' title="bbox 2435 1039 3996 1111; baseline -0.003 -17"><span class='ocrx_word' id='word_1_175' title='bbox 2435 1043 2582 1111; x_wconf 83' lang='grc' dir='ltr'>ἡμᾶς</span> <span class='ocrx_word' id='word_1_176' title='bbox 2625 1042 2898 1109; x_wconf 80' lang='grc' dir='ltr'>ἐκδέχεται</span> <span class='ocrx_word' id='word_1_177' title='bbox 2925 1041 3074 1102; x_wconf 80' lang='grc' dir='ltr'><strong>τέλος</strong></span> <span class='ocrx_word' id='word_1_178' title='bbox 3092 1056 3106 1068; x_wconf 94' lang='grc'><strong>·</strong></span> <span class='ocrx_word' id='word_1_179' title='bbox 3149 1042 3255 1094; x_wconf 77' lang='grc' dir='ltr'>ἔδει</span> <span class='ocrx_word' id='word_1_180' title='bbox 3283 1042 3403 1091; x_wconf 87' lang='grc' dir='ltr'>τότε</span> <span class='ocrx_word' id='word_1_181' title='bbox 3437 1039 3744 1105; x_wconf 80' lang='grc' dir='ltr'>λογίζεσθαι</span> <span class='ocrx_word' id='word_1_182' title='bbox 3769 1041 3865 1109; x_wconf 83' lang='grc' dir='ltr'>τὴν</span> <span class='ocrx_word' id='word_1_183' title='bbox 3895 1042 3996 1104; x_wconf 78' lang='grc' dir='ltr'><strong>ἐγ-</strong></span> 
     </span>
    </p>
   </div>
   <div class='ocr_carea' id='block_1_26' title="bbox 2437 1131 3997 1202">
    <p class='ocr_par' dir='ltr' id='par_1_26' title="bbox 2437 1131 3997 1202">
     <span class='ocr_line' id='line_1_26' title="bbox 2437 1131 3997 1202; baseline -0.004 -16"><span class='ocrx_word' id='word_1_184' title='bbox 2437 1134 2768 1202; x_wconf 74' lang='grc' dir='ltr'>κατάλειψιν,</span> <span class='ocrx_word' id='word_1_185' title='bbox 2801 1135 2905 1186; x_wconf 81' lang='grc' dir='ltr'>ἔδει</span> <span class='ocrx_word' id='word_1_186' title='bbox 2944 1135 3064 1187; x_wconf 82' lang='grc' dir='ltr'>τότε</span> <span class='ocrx_word' id='word_1_187' title='bbox 3112 1133 3327 1185; x_wconf 78' lang='grc' dir='ltr'><strong>πενθεῖν</strong></span> <span class='ocrx_word' id='word_1_188' title='bbox 3379 1132 3476 1200; x_wconf 79' lang='grc' dir='ltr'>τὴν</span> <span class='ocrx_word' id='word_1_189' title='bbox 3523 1131 3817 1183; x_wconf 83' lang='grc' dir='ltr'>διάστασιν.</span> <span class='ocrx_word' id='word_1_190' title='bbox 3844 1132 3904 1183; x_wconf 83' lang='grc' dir='ltr'><strong>Εἰ</strong></span> <span class='ocrx_word' id='word_1_191' title='bbox 3940 1132 3997 1181; x_wconf 80' lang='grc' dir='ltr'><strong>δὲ</strong></span> 
     </span>
    </p>
   </div>
   <div class='ocr_carea' id='block_1_27' title="bbox 2435 1224 3996 1296">
    <p class='ocr_par' dir='ltr' id='par_1_27' title="bbox 2435 1224 3996 1296">
     <span class='ocr_line' id='line_1_27' title="bbox 2435 1224 3996 1296; baseline -0.004 -18"><span class='ocrx_word' id='word_1_192' title='bbox 2435 1229 2532 1278; x_wconf 77' lang='grc' dir='ltr'><strong>ὅσα</strong></span> <span class='ocrx_word' id='word_1_193' title='bbox 2563 1227 2625 1279; x_wconf 82' lang='grc' dir='ltr'><strong>άν</strong></span> <span class='ocrx_word' id='word_1_194' title='bbox 2654 1244 2734 1287; x_wconf 87' lang='grc' dir='ltr'><strong>τις</strong></span> <span class='ocrx_word' id='word_1_195' title='bbox 2763 1229 2856 1278; x_wconf 81' lang='grc' dir='ltr'><strong>καὶ</strong></span> <span class='ocrx_word' id='word_1_196' title='bbox 2888 1226 3146 1296; x_wconf 78' lang='grc' dir='ltr'><strong>βουλεύσῃ</strong></span> <span class='ocrx_word' id='word_1_197' title='bbox 3183 1243 3240 1278; x_wconf 90' lang='grc' dir='ltr'><strong>τε</strong></span> <span class='ocrx_word' id='word_1_198' title='bbox 3273 1227 3368 1277; x_wconf 72' lang='grc' dir='ltr'>καὶ</span> <span class='ocrx_word' id='word_1_199' title='bbox 3406 1224 3605 1294; x_wconf 80' lang='grc' dir='ltr'>πράξῃ.</span> <span class='ocrx_word' id='word_1_200' title='bbox 3635 1224 3810 1275; x_wconf 79' lang='grc' dir='ltr'>πάντα</span> <span class='ocrx_word' id='word_1_201' title='bbox 3853 1224 3996 1290; x_wconf 76' lang='grc' dir='ltr'>πρὸς</span> 
     </span>
    </p>
   </div>
   <div class='ocr_carea' id='block_1_28' title="bbox 2434 1314 3998 1388">
    <p class='ocr_par' dir='ltr' id='par_1_28' title="bbox 2434 1314 3998 1388">
     <span class='ocr_line' id='line_1_28' title="bbox 2434 1314 3998 1388; baseline -0.004 -18"><span class='ocrx_word' id='word_1_202' title='bbox 2434 1318 2648 1385; x_wconf 82' lang='grc' dir='ltr'>ἐκείνην</span> <span class='ocrx_word' id='word_1_203' title='bbox 2671 1317 2765 1386; x_wconf 82' lang='grc' dir='ltr'><strong>τὴν</strong></span> <span class='ocrx_word' id='word_1_204' title='bbox 2794 1319 2958 1388; x_wconf 85' lang='grc' dir='ltr'>μονὴν</span> <span class='ocrx_word' id='word_1_205' title='bbox 2984 1318 3183 1381; x_wconf 80' lang='grc' dir='ltr'>ἀπάγει</span> <span class='ocrx_word' id='word_1_206' title='bbox 3202 1334 3218 1347; x_wconf 84' lang='lat'><strong><em>°</em></strong></span> <span class='ocrx_word' id='word_1_207' title='bbox 3248 1317 3299 1368; x_wconf 90' lang='grc' dir='ltr'><strong>τί</strong></span> <span class='ocrx_word' id='word_1_208' title='bbox 3336 1317 3511 1385; x_wconf 85' lang='grc' dir='ltr'>μάτην</span> <span class='ocrx_word' id='word_1_209' title='bbox 3557 1315 3906 1382; x_wconf 76' lang='grc' dir='ltr'>κοπτόμεθας</span> <span class='ocrx_word' id='word_1_210' title='bbox 3943 1314 3998 1363; x_wconf 78' lang='grc' dir='ltr'><strong>τί</strong></span> 
     </span>
    </p>
   </div>
   <div class='ocr_carea' id='block_1_29' title="bbox 2433 1407 3998 1480">
    <p class='ocr_par' dir='ltr' id='par_1_29' title="bbox 2433 1407 3998 1480">
     <span class='ocr_line' id='line_1_29' title="bbox 2433 1407 3998 1480; baseline -0.004 -19"><span class='ocrx_word' id='word_1_211' title='bbox 2433 1410 2490 1462; x_wconf 75' lang='grc' dir='ltr'><strong>δὲ</strong></span> <span class='ocrx_word' id='word_1_212' title='bbox 2521 1413 2659 1464; x_wconf 74' lang='grc' dir='ltr'>κατὰ</span> <span class='ocrx_word' id='word_1_213' title='bbox 2701 1410 2795 1461; x_wconf 74' lang='grc' dir='ltr'>τοῦ</span> <span class='ocrx_word' id='word_1_214' title='bbox 2841 1412 3005 1480; x_wconf 90' lang='grc' dir='ltr'>νόμου</span> <span class='ocrx_word' id='word_1_215' title='bbox 3041 1411 3140 1477; x_wconf 83' lang='grc' dir='ltr'>τῆς</span> <span class='ocrx_word' id='word_1_216' title='bbox 3191 1410 3402 1478; x_wconf 77' lang='grc' dir='ltr'>φύσεως</span> <span class='ocrx_word' id='word_1_217' title='bbox 3433 1409 3826 1476; x_wconf 78' lang='grc' dir='ltr'><strong>χαλεπαίνομεν</strong></span> <span class='ocrx_word' id='word_1_218' title='bbox 3857 1451 3868 1461; x_wconf 86' lang='grc'><strong>.</strong></span> <span class='ocrx_word' id='word_1_219' title='bbox 3910 1407 3998 1456; x_wconf 76' lang='grc' dir='ltr'>ὅτι</span> 
     </span>
    </p>
   </div>
   <div class='ocr_carea' id='block_1_30' title="bbox 2435 1499 3998 1571">
    <p class='ocr_par' dir='ltr' id='par_1_30' title="bbox 2435 1499 3998 1571">
     <span class='ocr_line' id='line_1_30' title="bbox 2435 1499 3998 1571; baseline -0.004 -17"><span class='ocrx_word' id='word_1_220' title='bbox 2435 1503 2624 1571; x_wconf 73' lang='grc' dir='ltr'>θνητὸς</span> <span class='ocrx_word' id='word_1_221' title='bbox 2659 1502 2734 1554; x_wconf 80' lang='grc' dir='ltr'><strong>ὢν</strong></span> <span class='ocrx_word' id='word_1_222' title='bbox 2756 1504 2852 1570; x_wconf 81' lang='grc' dir='ltr'>τὴν</span> <span class='ocrx_word' id='word_1_223' title='bbox 2892 1501 3050 1569; x_wconf 82' lang='grc' dir='ltr'>φύσιν</span> <span class='ocrx_word' id='word_1_224' title='bbox 3072 1503 3354 1570; x_wconf 76' lang='grc' dir='ltr'>ἄνθρωπος</span> <span class='ocrx_word' id='word_1_225' title='bbox 3383 1502 3461 1570; x_wconf 83' lang='grc' dir='ltr'>τῷ</span> <span class='ocrx_word' id='word_1_226' title='bbox 3485 1501 3696 1568; x_wconf 84' lang='grc' dir='ltr'>Θανάτῳ</span> <span class='ocrx_word' id='word_1_227' title='bbox 3722 1499 3998 1564; x_wconf 75' lang='grc' dir='ltr'>ὲλειτούρ·</span> 
     </span>
    </p>
   </div>
   <div class='ocr_carea' id='block_1_31' title="bbox 2433 1586 3997 1660">
    <p class='ocr_par' dir='ltr' id='par_1_31' title="bbox 2433 1586 3997 1660">
     <span class='ocr_line' id='line_1_31' title="bbox 2433 1586 3997 1660; baseline -0.007 -14"><span class='ocrx_word' id='word_1_228' title='bbox 2433 1610 2631 1660; x_wconf 84' lang='grc' dir='ltr'>γησεν;</span> <span class='ocrx_word' id='word_1_229' title='bbox 2659 1595 2740 1645; x_wconf 84' lang='grc' dir='ltr'>ὅτι</span> <span class='ocrx_word' id='word_1_230' title='bbox 2766 1594 2832 1644; x_wconf 85' lang='grc' dir='ltr'>τὰ</span> <span class='ocrx_word' id='word_1_231' title='bbox 2856 1593 2946 1644; x_wconf 89' lang='grc' dir='ltr'><strong>ῖσα</strong></span> <span class='ocrx_word' id='word_1_232' title='bbox 2972 1593 3066 1645; x_wconf 83' lang='grc' dir='ltr'>καὶ</span> <span class='ocrx_word' id='word_1_233' title='bbox 3086 1593 3244 1660; x_wconf 86' lang='grc' dir='ltr'>ὃμοια</span> <span class='ocrx_word' id='word_1_234' title='bbox 3273 1592 3442 1659; x_wconf 75' lang='grc' dir='ltr'>πατρὶ</span> <span class='ocrx_word' id='word_1_235' title='bbox 3477 1592 3569 1641; x_wconf 73' lang='grc' dir='ltr'><strong>καὶ</strong></span> <span class='ocrx_word' id='word_1_236' title='bbox 3602 1590 3767 1659; x_wconf 77' lang='grc' dir='ltr'>μητρὶ</span> <span class='ocrx_word' id='word_1_237' title='bbox 3803 1589 3895 1638; x_wconf 79' lang='grc' dir='ltr'><strong>καὶ</strong></span> <span class='ocrx_word' id='word_1_238' title='bbox 3917 1586 3997 1652; x_wconf 82' lang='grc' dir='ltr'>τῷ</span> 
     </span>
    </p>
   </div>
   <div class='ocr_carea' id='block_1_32' title="bbox 2433 1677 3988 1753">
    <p class='ocr_par' dir='ltr' id='par_1_32' title="bbox 2433 1677 3988 1753">
     <span class='ocr_line' id='line_1_32' title="bbox 2433 1677 3988 1753; baseline -0.006 -17"><span class='ocrx_word' id='word_1_239' title='bbox 2433 1686 2602 1753; x_wconf 81' lang='grc' dir='ltr'>λοιπῷ</span> <span class='ocrx_word' id='word_1_240' title='bbox 2653 1683 2797 1751; x_wconf 85' lang='grc' dir='ltr'>γένει</span> <span class='ocrx_word' id='word_1_241' title='bbox 2848 1685 2939 1735; x_wconf 86' lang='grc' dir='ltr'><strong>τὸν</strong></span> <span class='ocrx_word' id='word_1_242' title='bbox 2973 1683 3217 1752; x_wconf 82' lang='grc' dir='ltr'>παρόντα</span> <span class='ocrx_word' id='word_1_243' title='bbox 3275 1685 3386 1752; x_wconf 88' lang='grc' dir='ltr'>βίον</span> <span class='ocrx_word' id='word_1_244' title='bbox 3437 1681 3786 1748; x_wconf 78' lang='grc' dir='ltr'>διεπέρασενς</span> <span class='ocrx_word' id='word_1_245' title='bbox 3834 1678 3897 1728; x_wconf 86' lang='grc' dir='ltr'>Τί</span> <span class='ocrx_word' id='word_1_246' title='bbox 3944 1677 3988 1728; x_wconf 81' lang='grc' dir='ltr'><strong>δ’</strong></span> 
     </span>
    </p>
   </div>
   <div class='ocr_carea' id='block_1_33' title="bbox 2432 1770 3995 1846">
    <p class='ocr_par' dir='ltr' id='par_1_33' title="bbox 2432 1770 3995 1846">
     <span class='ocr_line' id='line_1_33' title="bbox 2432 1770 3995 1846; baseline -0.008 -15"><span class='ocrx_word' id='word_1_247' title='bbox 2432 1777 2599 1846; x_wconf 79' lang='grc' dir='ltr'>ἐχρῆν</span> <span class='ocrx_word' id='word_1_248' title='bbox 2630 1777 2715 1841; x_wconf 73' lang='grc' dir='ltr'><strong>ἐφ’</strong></span> <span class='ocrx_word' id='word_1_249' title='bbox 2747 1775 2900 1842; x_wconf 77' lang='grc' dir='ltr'>ἡμῶν</span> <span class='ocrx_word' id='word_1_250' title='bbox 2927 1774 3083 1842; x_wconf 86' lang='grc' dir='ltr'>μόνον</span> <span class='ocrx_word' id='word_1_251' title='bbox 3111 1775 3487 1840; x_wconf 80' lang='grc' dir='ltr'>ἀνατραπῆναι</span> <span class='ocrx_word' id='word_1_252' title='bbox 3534 1771 3633 1838; x_wconf 80' lang='grc' dir='ltr'><strong>τὴν</strong></span> <span class='ocrx_word' id='word_1_253' title='bbox 3685 1770 3867 1837; x_wconf 67' lang='grc' dir='ltr'>ερύσιν,</span> <span class='ocrx_word' id='word_1_254' title='bbox 3899 1770 3995 1819; x_wconf 82' lang='grc' dir='ltr'><strong>καὶ</strong></span> 
     </span>
    </p>
   </div>
   <div class='ocr_carea' id='block_1_34' title="bbox 785 1854 2458 1936">
    <p class='ocr_par' dir='ltr' id='par_1_34' title="bbox 785 1854 2458 1927">
     <span class='ocr_line' id='line_1_34' title="bbox 785 1854 2458 1927; baseline 0.001 -17"><span class='ocrx_word' id='word_1_255' title='bbox 785 1860 1077 1912; x_wconf 82' lang='lat' dir='ltr'><strong>transivit?</strong></span> <span class='ocrx_word' id='word_1_256' title='bbox 1111 1861 1193 1912; x_wconf 81' lang='lat' dir='ltr'><strong>An</strong></span> <span class='ocrx_word' id='word_1_257' title='bbox 1225 1869 1340 1913; x_wconf 91' lang='lat' dir='ltr'><strong>erat</strong></span> <span class='ocrx_word' id='word_1_258' title='bbox 1366 1875 1575 1927; x_wconf 66' lang='lat' dir='ltr'><strong>aequum</strong></span> <span class='ocrx_word' id='word_1_259' title='bbox 1610 1869 1668 1912; x_wconf 91' lang='lat' dir='ltr'><strong>nt</strong></span> <span class='ocrx_word' id='word_1_260' title='bbox 1693 1869 1870 1912; x_wconf 88' lang='lat' dir='ltr'><strong>nostra</strong></span> <span class='ocrx_word' id='word_1_261' title='bbox 1894 1875 2053 1912; x_wconf 88' lang='lat' dir='ltr'><strong>causa</strong></span> <span class='ocrx_word' id='word_1_262' title='bbox 2101 1862 2327 1914; x_wconf 87' lang='lat' dir='ltr'><strong>snbrue-</strong></span> <span class='ocrx_word' id='word_1_263' title='bbox 2358 1854 2402 1911; x_wconf 87' lang='lat' dir='ltr'><strong>B</strong></span> <span class='ocrx_word' id='word_1_264' title='bbox 2435 1886 2458 1920; x_wconf 74' lang='grc' dir='ltr'>α</span> 
     </span>
    </p>
   </div>
   <div class='ocr_carea' id='block_1_35' title="bbox 2323 1854 3996 1936">
    <p class='ocr_par' dir='ltr' id='par_1_35' title="bbox 2323 1854 3996 1936">
     <span class='ocr_line' id='line_1_35' title="bbox 2323 1854 3996 1936; baseline -0.008 -16"><span class='ocrx_word' id='word_1_265' title='bbox 2323 1891 2327 1899; x_wconf 64' lang='grc'><em>’</em></span> <span class='ocrx_word' id='word_1_266' title='bbox 2358 1854 2402 1911; x_wconf 80' lang='grc' dir='ltr'><strong>Β</strong></span> <span class='ocrx_word' id='word_1_267' title='bbox 2435 1867 2765 1936; x_wconf 81' lang='grc' dir='ltr'>συγχυθῆναι</span> <span class='ocrx_word' id='word_1_268' title='bbox 2790 1865 2914 1926; x_wconf 71' lang='grc' dir='ltr'>τοὺς</span> <span class='ocrx_word' id='word_1_269' title='bbox 2941 1865 3098 1933; x_wconf 86' lang='grc' dir='ltr'>ὅρους</span> <span class='ocrx_word' id='word_1_270' title='bbox 3137 1865 3238 1932; x_wconf 86' lang='grc' dir='ltr'>τῆς</span> <span class='ocrx_word' id='word_1_271' title='bbox 3261 1863 3484 1920; x_wconf 76' lang='grc' dir='ltr'>κτίσεως</span> <span class='ocrx_word' id='word_1_272' title='bbox 3510 1877 3524 1923; x_wconf 90' lang='lat'><strong>;</strong></span> <span class='ocrx_word' id='word_1_273' title='bbox 3552 1861 3602 1911; x_wconf 86' lang='grc' dir='ltr'><strong>τί</strong></span> <span class='ocrx_word' id='word_1_274' title='bbox 3633 1860 3740 1928; x_wconf 77' lang='grc' dir='ltr'><strong>γάρ</strong></span> <span class='ocrx_word' id='word_1_275' title='bbox 3781 1858 3996 1927; x_wconf 72' lang='grc' dir='ltr'>προκύ-</span> 
     </span>
    </p>
   </div>
   <div class='ocr_carea' id='block_1_36' title="bbox 786 1949 2334 2012">
    <p class='ocr_par' dir='ltr' id='par_1_36' title="bbox 786 1949 2334 2012">
     <span class='ocr_line' id='line_1_36' title="bbox 786 1949 2334 2012; baseline 0.001 -10"><span class='ocrx_word' id='word_1_276' title='bbox 786 1960 932 2002; x_wconf 81' lang='lat' dir='ltr'><strong>retur</strong></span> <span class='ocrx_word' id='word_1_277' title='bbox 964 1960 1152 2003; x_wconf 90' lang='lat' dir='ltr'><strong>natura</strong></span> <span class='ocrx_word' id='word_1_278' title='bbox 1179 1989 1194 2012; x_wconf 94' lang='lat'><strong>,</strong></span> <span class='ocrx_word' id='word_1_279' title='bbox 1228 1960 1282 2003; x_wconf 90' lang='lat' dir='ltr'><strong>et</strong></span> <span class='ocrx_word' id='word_1_280' title='bbox 1315 1960 1372 2003; x_wconf 89' lang='lat' dir='ltr'><strong>ut</strong></span> <span class='ocrx_word' id='word_1_281' title='bbox 1396 1951 1680 2003; x_wconf 89' lang='lat' dir='ltr'><strong>creationis</strong></span> <span class='ocrx_word' id='word_1_282' title='bbox 1711 1949 1925 2003; x_wconf 88' lang='lat' dir='ltr'><strong>termini</strong></span> <span class='ocrx_word' id='word_1_283' title='bbox 1946 1950 2334 2005; x_wconf 84' lang='lat' dir='ltr'><strong>confunderen—</strong></span> 
     </span>
    </p>
   </div>
   <div class='ocr_carea' id='block_1_37' title="bbox 786 2041 2330 2110">
    <p class='ocr_par' dir='ltr' id='par_1_37' title="bbox 786 2041 2330 2110">
     <span class='ocr_line' id='line_1_37' title="bbox 786 2041 2330 2110; baseline 0.001 -17"><span class='ocrx_word' id='word_1_284' title='bbox 786 2041 910 2093; x_wconf 80' lang='lat' dir='ltr'><strong>tur?</strong></span> <span class='ocrx_word' id='word_1_285' title='bbox 939 2041 1069 2093; x_wconf 80' lang='lat' dir='ltr'><strong>Nam</strong></span> <span class='ocrx_word' id='word_1_286' title='bbox 1097 2041 1223 2108; x_wconf 91' lang='lat' dir='ltr'><strong>quid</strong></span> <span class='ocrx_word' id='word_1_287' title='bbox 1268 2056 1499 2108; x_wconf 85' lang='lat' dir='ltr'><strong>unquam</strong></span> <span class='ocrx_word' id='word_1_288' title='bbox 1552 2041 1746 2107; x_wconf 90' lang='lat' dir='ltr'><strong>prodiit</strong></span> <span class='ocrx_word' id='word_1_289' title='bbox 1775 2056 1870 2108; x_wconf 92' lang='lat' dir='ltr'><strong>per</strong></span> <span class='ocrx_word' id='word_1_290' title='bbox 1909 2041 2330 2110; x_wconf 80' lang='lat' dir='ltr'><strong>generationem,</strong></span> 
     </span>
    </p>
   </div>
   <div class='ocr_carea' id='block_1_38' title="bbox 786 2129 2332 2196">
    <p class='ocr_par' dir='ltr' id='par_1_38' title="bbox 786 2129 2332 2196">
     <span class='ocr_line' id='line_1_38' title="bbox 786 2129 2332 2196; baseline 0.002 -15"><span class='ocrx_word' id='word_1_291' title='bbox 786 2129 924 2196; x_wconf 89' lang='lat' dir='ltr'><strong>quod</strong></span> <span class='ocrx_word' id='word_1_292' title='bbox 959 2145 1064 2181; x_wconf 89' lang='lat' dir='ltr'><strong>non</strong></span> <span class='ocrx_word' id='word_1_293' title='bbox 1103 2130 1316 2182; x_wconf 81' lang='lat' dir='ltr'><strong>deruunt</strong></span> <span class='ocrx_word' id='word_1_294' title='bbox 1347 2145 1441 2196; x_wconf 91' lang='lat' dir='ltr'><strong>per</strong></span> <span class='ocrx_word' id='word_1_295' title='bbox 1468 2129 1868 2182; x_wconf 80' lang='lat' dir='ltr'><strong>dissolutionem</strong></span> <span class='ocrx_word' id='word_1_296' title='bbox 1911 2138 1965 2182; x_wconf 89' lang='lat' dir='ltr'><strong>et</strong></span> <span class='ocrx_word' id='word_1_297' title='bbox 1995 2140 2218 2184; x_wconf 83' lang='lat' dir='ltr'><strong>mortem</strong></span> <span class='ocrx_word' id='word_1_298' title='bbox 2244 2145 2332 2184; x_wconf 89' lang='lat' dir='ltr'><strong>re-</strong></span> 
     </span>
    </p>
   </div>
   <div class='ocr_carea' id='block_1_39' title="bbox 786 2223 2331 2294">
    <p class='ocr_par' dir='ltr' id='par_1_39' title="bbox 786 2223 2331 2294">
     <span class='ocr_line' id='line_1_39' title="bbox 786 2223 2331 2294; baseline 0.002 -21"><span class='ocrx_word' id='word_1_299' title='bbox 786 2223 1083 2292; x_wconf 79' lang='lat' dir='ltr'><strong>mcrgitur?</strong></span> <span class='ocrx_word' id='word_1_300' title='bbox 1119 2223 1320 2276; x_wconf 89' lang='lat' dir='ltr'><strong>Omitto</strong></span> <span class='ocrx_word' id='word_1_301' title='bbox 1351 2224 1546 2276; x_wconf 90' lang='lat' dir='ltr'><strong>herbas</strong></span> <span class='ocrx_word' id='word_1_302' title='bbox 1585 2224 1856 2284; x_wconf 89' lang='lat' dir='ltr'><strong>florentes,</strong></span> <span class='ocrx_word' id='word_1_303' title='bbox 1902 2224 2166 2292; x_wconf 84' lang='lat' dir='ltr'><strong>pulchras,</strong></span> <span class='ocrx_word' id='word_1_304' title='bbox 2209 2224 2331 2294; x_wconf 87' lang='lat' dir='ltr'><strong>qui-</strong></span> 
     </span>
    </p>
   </div>
   <div class='ocr_carea' id='block_1_40' title="bbox 783 2313 2328 2375">
    <p class='ocr_par' dir='ltr' id='par_1_40' title="bbox 783 2313 2328 2375">
     <span class='ocr_line' id='line_1_40' title="bbox 783 2313 2328 2375; baseline 0.002 -11"><span class='ocrx_word' id='word_1_305' title='bbox 783 2313 884 2364; x_wconf 90' lang='lat' dir='ltr'><strong>bus</strong></span> <span class='ocrx_word' id='word_1_306' title='bbox 903 2327 1007 2365; x_wconf 93' lang='lat' dir='ltr'><strong>non</strong></span> <span class='ocrx_word' id='word_1_307' title='bbox 1027 2313 1184 2366; x_wconf 91' lang='lat' dir='ltr'><strong>modo</strong></span> <span class='ocrx_word' id='word_1_308' title='bbox 1202 2314 1362 2375; x_wconf 90' lang='lat' dir='ltr'><strong>oculi,</strong></span> <span class='ocrx_word' id='word_1_309' title='bbox 1388 2313 1479 2366; x_wconf 85' lang='lat' dir='ltr'><strong>sed</strong></span> <span class='ocrx_word' id='word_1_310' title='bbox 1499 2322 1549 2364; x_wconf 77' lang='lat' dir='ltr'><strong>et</strong></span> <span class='ocrx_word' id='word_1_311' title='bbox 1565 2329 1754 2367; x_wconf 86' lang='lat' dir='ltr'><strong>sensus</strong></span> <span class='ocrx_word' id='word_1_312' title='bbox 1770 2314 1945 2366; x_wconf 76' lang='lat' dir='ltr'><strong>ezcteri</strong></span> <span class='ocrx_word' id='word_1_313' title='bbox 1962 2314 2328 2367; x_wconf 83' lang='lat' dir='ltr'><strong>oblectamur:</strong></span> 
     </span>
    </p>
   </div>
   <div class='ocr_carea' id='block_1_41' title="bbox 785 2404 2333 2472">
    <p class='ocr_par' dir='ltr' id='par_1_41' title="bbox 785 2404 2333 2472">
     <span class='ocr_line' id='line_1_41' title="bbox 785 2404 2333 2472; baseline 0.002 -16"><span class='ocrx_word' id='word_1_314' title='bbox 785 2404 1094 2472; x_wconf 91' lang='lat' dir='ltr'><strong>plantarum</strong></span> <span class='ocrx_word' id='word_1_315' title='bbox 1151 2415 1362 2458; x_wconf 88' lang='lat' dir='ltr'><strong>transeo</strong></span> <span class='ocrx_word' id='word_1_316' title='bbox 1396 2406 1666 2469; x_wconf 89' lang='lat' dir='ltr'><strong>decorem,</strong></span> <span class='ocrx_word' id='word_1_317' title='bbox 1708 2415 1764 2458; x_wconf 89' lang='lat' dir='ltr'><strong>et</strong></span> <span class='ocrx_word' id='word_1_318' title='bbox 1797 2405 2168 2460; x_wconf 87' lang='lat' dir='ltr'><strong>universorum</strong></span> <span class='ocrx_word' id='word_1_319' title='bbox 2216 2407 2333 2459; x_wconf 89' lang='lat' dir='ltr'><strong>ani-</strong></span> 
     </span>
    </p>
   </div>
   <div class='ocr_carea' id='block_1_42' title="bbox 781 2497 2328 2566">
    <p class='ocr_par' dir='ltr' id='par_1_42' title="bbox 781 2497 2328 2566">
     <span class='ocr_line' id='line_1_42' title="bbox 781 2497 2328 2566; baseline 0.001 -18"><span class='ocrx_word' id='word_1_320' title='bbox 781 2497 1004 2548; x_wconf 90' lang='lat' dir='ltr'><strong>malium</strong></span> <span class='ocrx_word' id='word_1_321' title='bbox 1041 2511 1250 2566; x_wconf 81' lang='lat' dir='ltr'><strong>greges,</strong></span> <span class='ocrx_word' id='word_1_322' title='bbox 1282 2513 1401 2565; x_wconf 76' lang='lat' dir='ltr'><strong>qua:</strong></span> <span class='ocrx_word' id='word_1_323' title='bbox 1441 2498 1618 2550; x_wconf 90' lang='lat' dir='ltr'><strong>omnia</strong></span> <span class='ocrx_word' id='word_1_324' title='bbox 1645 2497 1974 2565; x_wconf 90' lang='lat' dir='ltr'><strong>temporibus</strong></span> <span class='ocrx_word' id='word_1_325' title='bbox 2029 2506 2328 2560; x_wconf 87' lang='lat' dir='ltr'><strong>transeunt,</strong></span> 
     </span>
    </p>
   </div>
   <div class='ocr_carea' id='block_1_43' title="bbox 782 2586 2330 2656">
    <p class='ocr_par' dir='ltr' id='par_1_43' title="bbox 782 2586 2330 2656">
     <span class='ocr_line' id='line_1_43' title="bbox 782 2586 2330 2656; baseline 0.001 -19"><span class='ocrx_word' id='word_1_326' title='bbox 782 2593 837 2638; x_wconf 92' lang='lat' dir='ltr'><strong>et</strong></span> <span class='ocrx_word' id='word_1_327' title='bbox 875 2586 1170 2638; x_wconf 90' lang='lat' dir='ltr'><strong>sortiuntur</strong></span> <span class='ocrx_word' id='word_1_328' title='bbox 1223 2587 1620 2655; x_wconf 87' lang='lat' dir='ltr'><strong>generationem</strong></span> <span class='ocrx_word' id='word_1_329' title='bbox 1672 2602 1813 2648; x_wconf 89' lang='lat' dir='ltr'><strong>eam,</strong></span> <span class='ocrx_word' id='word_1_330' title='bbox 1846 2602 1963 2654; x_wconf 84' lang='lat' dir='ltr'><strong>qu:e</strong></span> <span class='ocrx_word' id='word_1_331' title='bbox 2011 2589 2330 2656; x_wconf 75' lang='lat' dir='ltr'><strong>prommium</strong></span> 
     </span>
    </p>
   </div>
   <div class='ocr_carea' id='block_1_44' title="bbox 783 2676 2330 2746">
    <p class='ocr_par' dir='ltr' id='par_1_44' title="bbox 783 2676 2330 2746">
     <span class='ocr_line' id='line_1_44' title="bbox 783 2676 2330 2746; baseline 0.003 -19"><span class='ocrx_word' id='word_1_332' title='bbox 783 2676 965 2746; x_wconf 82' lang='lat' dir='ltr'><strong>pangit</strong></span> <span class='ocrx_word' id='word_1_333' title='bbox 1009 2677 1369 2731; x_wconf 89' lang='lat' dir='ltr'><strong>dissolutioni.</strong></span> <span class='ocrx_word' id='word_1_334' title='bbox 1429 2677 1532 2730; x_wconf 86' lang='lat' dir='ltr'><strong>Sed</strong></span> <span class='ocrx_word' id='word_1_335' title='bbox 1577 2680 1753 2732; x_wconf 77' lang='lat' dir='ltr'><strong>recole</strong></span> <span class='ocrx_word' id='word_1_336' title='bbox 1796 2689 2062 2731; x_wconf 87' lang='lat' dir='ltr'><strong>astrorum</strong></span> <span class='ocrx_word' id='word_1_337' title='bbox 2104 2681 2330 2732; x_wconf 89' lang='lat' dir='ltr'><strong>ehorutn</strong></span> 
     </span>
    </p>
   </div>
   <div class='ocr_carea' id='block_1_45' title="bbox 785 2767 2334 2837">
    <p class='ocr_par' dir='ltr' id='par_1_45' title="bbox 785 2767 2334 2837">
     <span class='ocr_line' id='line_1_45' title="bbox 785 2767 2334 2837; baseline 0.003 -19"><span class='ocrx_word' id='word_1_338' title='bbox 785 2768 922 2820; x_wconf 89' lang='lat' dir='ltr'><strong>bene</strong></span> <span class='ocrx_word' id='word_1_339' title='bbox 947 2767 1348 2836; x_wconf 89' lang='lat' dir='ltr'><strong>dispositorum,</strong></span> <span class='ocrx_word' id='word_1_340' title='bbox 1375 2778 1572 2837; x_wconf 91' lang='lat' dir='ltr'><strong>quanta</strong></span> <span class='ocrx_word' id='word_1_341' title='bbox 1596 2770 1845 2822; x_wconf 89' lang='lat' dir='ltr'><strong>firmitate</strong></span> <span class='ocrx_word' id='word_1_342' title='bbox 1867 2778 2128 2822; x_wconf 79' lang='lat' dir='ltr'><strong>exornant</strong></span> <span class='ocrx_word' id='word_1_343' title='bbox 2154 2770 2334 2822; x_wconf 88' lang='lat' dir='ltr'><strong>firma-</strong></span> 
     </span>
    </p>
   </div>
   <div class='ocr_carea' id='block_1_46' title="bbox 785 2859 2330 2922">
    <p class='ocr_par' dir='ltr' id='par_1_46' title="bbox 785 2859 2330 2922">
     <span class='ocr_line' id='line_1_46' title="bbox 785 2859 2330 2922; baseline 0.003 -13"><span class='ocrx_word' id='word_1_344' title='bbox 785 2868 1048 2922; x_wconf 91' lang='lat' dir='ltr'><strong>mentum,</strong></span> <span class='ocrx_word' id='word_1_345' title='bbox 1105 2859 1482 2913; x_wconf 88' lang='lat' dir='ltr'><strong>illustrioribus</strong></span> <span class='ocrx_word' id='word_1_346' title='bbox 1515 2875 1694 2913; x_wconf 90' lang='lat' dir='ltr'><strong>aerem</strong></span> <span class='ocrx_word' id='word_1_347' title='bbox 1721 2861 1990 2914; x_wconf 90' lang='lat' dir='ltr'><strong>coloribus</strong></span> <span class='ocrx_word' id='word_1_348' title='bbox 2031 2861 2220 2915; x_wconf 81' lang='lat' dir='ltr'><strong>florum</strong></span> <span class='ocrx_word' id='word_1_349' title='bbox 2278 2863 2330 2916; x_wconf 93' lang='lat' dir='ltr'><strong>in</strong></span> 
     </span>
    </p>
   </div>
   <div class='ocr_carea' id='block_1_47' title="bbox 785 2951 2333 3021">
    <p class='ocr_par' dir='ltr' id='par_1_47' title="bbox 785 2951 2333 3021">
     <span class='ocr_line' id='line_1_47' title="bbox 785 2951 2333 3021; baseline 0.006 -21"><span class='ocrx_word' id='word_1_350' title='bbox 785 2965 989 3002; x_wconf 91' lang='lat' dir='ltr'><strong>morem</strong></span> <span class='ocrx_word' id='word_1_351' title='bbox 1058 2951 1462 3017; x_wconf 89' lang='lat' dir='ltr'><strong>illuminantes;</strong></span> <span class='ocrx_word' id='word_1_352' title='bbox 1519 2962 1732 3006; x_wconf 81' lang='lat' dir='ltr'><strong>noctem</strong></span> <span class='ocrx_word' id='word_1_353' title='bbox 1781 2955 2010 3021; x_wconf 88' lang='lat' dir='ltr'><strong>qualiter</strong></span> <span class='ocrx_word' id='word_1_354' title='bbox 2060 2955 2333 3010; x_wconf 90' lang='lat' dir='ltr'><strong>funalibus</strong></span> 
     </span>
    </p>
   </div>
   <div class='ocr_carea' id='block_1_48' title="bbox 783 3043 2334 3105">
    <p class='ocr_par' dir='ltr' id='par_1_48' title="bbox 783 3043 2334 3105">
     <span class='ocr_line' id='line_1_48' title="bbox 783 3043 2334 3105; baseline 0.006 -12"><span class='ocrx_word' id='word_1_355' title='bbox 783 3050 1062 3105; x_wconf 82' lang='lat' dir='ltr'><strong>exornant,</strong></span> <span class='ocrx_word' id='word_1_356' title='bbox 1108 3043 1234 3096; x_wconf 89' lang='lat' dir='ltr'><strong>dum</strong></span> <span class='ocrx_word' id='word_1_357' title='bbox 1288 3044 1654 3099; x_wconf 88' lang='lat' dir='ltr'><strong>horriditatem</strong></span> <span class='ocrx_word' id='word_1_358' title='bbox 1712 3047 1852 3099; x_wconf 93' lang='lat' dir='ltr'><strong>illius</strong></span> <span class='ocrx_word' id='word_1_359' title='bbox 1910 3048 2074 3101; x_wconf 90' lang='lat' dir='ltr'><strong>radiis</strong></span> <span class='ocrx_word' id='word_1_360' title='bbox 2123 3049 2334 3102; x_wconf 86' lang='lat' dir='ltr'><strong>emissis</strong></span> 
     </span>
    </p>
   </div>
   <div class='ocr_carea' id='block_1_49' title="bbox 786 3135 2328 3207">
    <p class='ocr_par' dir='ltr' id='par_1_49' title="bbox 786 3135 2328 3207">
     <span class='ocr_line' id='line_1_49' title="bbox 786 3135 2328 3207; baseline 0.006 -23"><span class='ocrx_word' id='word_1_361' title='bbox 786 3142 1104 3196; x_wconf 89' lang='lat' dir='ltr'><strong>temperant,</strong></span> <span class='ocrx_word' id='word_1_362' title='bbox 1131 3135 1200 3186; x_wconf 92' lang='lat' dir='ltr'><strong>ita</strong></span> <span class='ocrx_word' id='word_1_363' title='bbox 1224 3144 1427 3205; x_wconf 86' lang='lat' dir='ltr'><strong>gratum</strong></span> <span class='ocrx_word' id='word_1_364' title='bbox 1461 3137 1765 3191; x_wconf 89' lang='lat' dir='ltr'><strong>hominibus</strong></span> <span class='ocrx_word' id='word_1_365' title='bbox 1780 3141 2139 3207; x_wconf 84' lang='lat' dir='ltr'><strong>spectaculum</strong></span> <span class='ocrx_word' id='word_1_366' title='bbox 2175 3140 2328 3196; x_wconf 74' lang='lat' dir='ltr'><strong>exhi-</strong></span> 
     </span>
    </p>
   </div>
   <div class='ocr_carea' id='block_1_50' title="bbox 785 3223 2329 3296">
    <p class='ocr_par' dir='ltr' id='par_1_50' title="bbox 785 3223 2329 3296">
     <span class='ocr_line' id='line_1_50' title="bbox 785 3223 2329 3296; baseline 0.009 -24"><span class='ocrx_word' id='word_1_367' title='bbox 785 3223 964 3274; x_wconf 90' lang='lat' dir='ltr'><strong>bentia</strong></span> <span class='ocrx_word' id='word_1_368' title='bbox 995 3241 1005 3274; x_wconf 93' lang='lat'>:</span> <span class='ocrx_word' id='word_1_369' title='bbox 1034 3223 1211 3276; x_wconf 77' lang='lat' dir='ltr'><strong>Intraui</strong></span> <span class='ocrx_word' id='word_1_370' title='bbox 1232 3225 1484 3294; x_wconf 86' lang='lat' dir='ltr'><strong>deinceps</strong></span> <span class='ocrx_word' id='word_1_371' title='bbox 1505 3226 1733 3290; x_wconf 90' lang='lat' dir='ltr'><strong>intuere,</strong></span> <span class='ocrx_word' id='word_1_372' title='bbox 1758 3244 1874 3296; x_wconf 80' lang='lat' dir='ltr'><strong>qua:</strong></span> <span class='ocrx_word' id='word_1_373' title='bbox 1901 3239 2138 3284; x_wconf 89' lang='lat' dir='ltr'><strong>mutuata</strong></span> <span class='ocrx_word' id='word_1_374' title='bbox 2162 3247 2190 3285; x_wconf 90' lang='lat' dir='ltr'><strong>a</strong></span> <span class='ocrx_word' id='word_1_375' title='bbox 2219 3233 2329 3286; x_wconf 89' lang='lat' dir='ltr'><strong>sole</strong></span> 
     </span>
    </p>
   </div>
   <div class='ocr_carea' id='block_1_51' title="bbox 785 3316 2331 3390">
    <p class='ocr_par' dir='ltr' id='par_1_51' title="bbox 785 3316 2331 3390">
     <span class='ocr_line' id='line_1_51' title="bbox 785 3316 2331 3390; baseline 0.008 -24"><span class='ocrx_word' id='word_1_376' title='bbox 785 3316 955 3369; x_wconf 88' lang='lat' dir='ltr'><strong>lucem</strong></span> <span class='ocrx_word' id='word_1_377' title='bbox 986 3331 1159 3382; x_wconf 90' lang='lat' dir='ltr'><strong>suam,</strong></span> <span class='ocrx_word' id='word_1_378' title='bbox 1197 3319 1310 3371; x_wconf 86' lang='lat' dir='ltr'><strong>sine</strong></span> <span class='ocrx_word' id='word_1_379' title='bbox 1339 3319 1461 3372; x_wconf 93' lang='lat' dir='ltr'><strong>dote</strong></span> <span class='ocrx_word' id='word_1_380' title='bbox 1492 3321 1653 3390; x_wconf 87' lang='lat' dir='ltr'><strong>gratis</strong></span> <span class='ocrx_word' id='word_1_381' title='bbox 1676 3337 1852 3374; x_wconf 91' lang='lat' dir='ltr'><strong>aerem</strong></span> <span class='ocrx_word' id='word_1_382' title='bbox 1881 3323 2126 3387; x_wconf 88' lang='lat' dir='ltr'><strong>illustrat,</strong></span> <span class='ocrx_word' id='word_1_383' title='bbox 2150 3334 2202 3378; x_wconf 91' lang='lat' dir='ltr'><strong>et</strong></span> <span class='ocrx_word' id='word_1_384' title='bbox 2234 3325 2331 3378; x_wconf 89' lang='lat' dir='ltr'><strong>do-</strong></span> 
     </span>
    </p>
   </div>
   <div class='ocr_carea' id='block_1_52' title="bbox 785 3409 2328 3481">
    <p class='ocr_par' dir='ltr' id='par_1_52' title="bbox 785 3409 2328 3481">
     <span class='ocr_line' id='line_1_52' title="bbox 785 3409 2328 3481; baseline 0.009 -26"><span class='ocrx_word' id='word_1_385' title='bbox 785 3420 913 3456; x_wconf 92' lang='lat' dir='ltr'><strong>num</strong></span> <span class='ocrx_word' id='word_1_386' title='bbox 937 3417 1212 3474; x_wconf 88' lang='lat' dir='ltr'><strong>acceptum</strong></span> <span class='ocrx_word' id='word_1_387' title='bbox 1261 3409 1495 3478; x_wconf 87' lang='lat' dir='ltr'><strong>impertit</strong></span> <span class='ocrx_word' id='word_1_388' title='bbox 1517 3411 1670 3481; x_wconf 82' lang='lat' dir='ltr'><strong>longe</strong></span> <span class='ocrx_word' id='word_1_389' title='bbox 1705 3413 1914 3478; x_wconf 88' lang='lat' dir='ltr'><strong>lateque</strong></span> <span class='ocrx_word' id='word_1_390' title='bbox 1941 3453 1957 3477; x_wconf 88' lang='lat'><strong>,</strong></span> <span class='ocrx_word' id='word_1_391' title='bbox 1986 3415 2054 3467; x_wconf 86' lang='lat' dir='ltr'><strong>ita</strong></span> <span class='ocrx_word' id='word_1_392' title='bbox 2077 3424 2136 3469; x_wconf 92' lang='lat' dir='ltr'><strong>ut</strong></span> <span class='ocrx_word' id='word_1_393' title='bbox 2188 3417 2328 3469; x_wconf 94' lang='lat' dir='ltr'><strong>diem</strong></span> 
     </span>
    </p>
   </div>
   <div class='ocr_carea' id='block_1_53' title="bbox 784 3498 2333 3560">
    <p class='ocr_par' dir='ltr' id='par_1_53' title="bbox 784 3498 2333 3560">
     <span class='ocr_line' id='line_1_53' title="bbox 784 3498 2333 3560; baseline 0.006 -10"><span class='ocrx_word' id='word_1_394' title='bbox 784 3498 890 3551; x_wconf 89' lang='lat' dir='ltr'><strong>diei</strong></span> <span class='ocrx_word' id='word_1_395' title='bbox 925 3500 1343 3554; x_wconf 84' lang='lat' dir='ltr'><strong>anteeedanenm</strong></span> <span class='ocrx_word' id='word_1_396' title='bbox 1389 3503 1714 3557; x_wconf 82' lang='lat' dir='ltr'><strong>constituere</strong></span> <span class='ocrx_word' id='word_1_397' title='bbox 1757 3505 1974 3558; x_wconf 87' lang='lat' dir='ltr'><strong>nitatur.</strong></span> <span class='ocrx_word' id='word_1_398' title='bbox 2012 3506 2114 3559; x_wconf 92' lang='lat' dir='ltr'><strong>Sed</strong></span> <span class='ocrx_word' id='word_1_399' title='bbox 2147 3509 2333 3560; x_wconf 92' lang='lat' dir='ltr'><strong>termi-</strong></span> 
     </span>
    </p>
   </div>
   <div class='ocr_carea' id='block_1_54' title="bbox 786 3590 2332 3667">
    <p class='ocr_par' dir='ltr' id='par_1_54' title="bbox 786 3590 2332 3667">
     <span class='ocr_line' id='line_1_54' title="bbox 786 3590 2332 3667; baseline 0.006 -25"><span class='ocrx_word' id='word_1_400' title='bbox 786 3605 916 3642; x_wconf 86' lang='lat' dir='ltr'><strong>num</strong></span> <span class='ocrx_word' id='word_1_401' title='bbox 975 3590 1071 3642; x_wconf 81' lang='lat' dir='ltr'><strong>ista</strong></span> <span class='ocrx_word' id='word_1_402' title='bbox 1099 3593 1276 3642; x_wconf 91' lang='lat' dir='ltr'><strong>omnia</strong></span> <span class='ocrx_word' id='word_1_403' title='bbox 1332 3594 1623 3660; x_wconf 90' lang='lat' dir='ltr'><strong>respiciunt</strong></span> <span class='ocrx_word' id='word_1_404' title='bbox 1671 3611 1846 3656; x_wconf 91' lang='lat' dir='ltr'><strong>suum,</strong></span> <span class='ocrx_word' id='word_1_405' title='bbox 1885 3596 2122 3648; x_wconf 85' lang='lat' dir='ltr'><strong>debitum</strong></span> <span class='ocrx_word' id='word_1_406' title='bbox 2169 3614 2332 3667; x_wconf 83' lang='lat' dir='ltr'><strong>agno-</strong></span> 
     </span>
    </p>
   </div>
   <div class='ocr_carea' id='block_1_55' title="bbox 787 3682 2330 3742">
    <p class='ocr_par' dir='ltr' id='par_1_55' title="bbox 787 3682 2330 3742">
     <span class='ocr_line' id='line_1_55' title="bbox 787 3682 2330 3742; baseline 0.005 -10"><span class='ocrx_word' id='word_1_407' title='bbox 787 3689 944 3733; x_wconf 90' lang='lat' dir='ltr'><strong>scunt</strong></span> <span class='ocrx_word' id='word_1_408' title='bbox 971 3696 1148 3742; x_wconf 89' lang='lat' dir='ltr'><strong>suum,</strong></span> <span class='ocrx_word' id='word_1_409' title='bbox 1181 3691 1233 3734; x_wconf 88' lang='lat' dir='ltr'><strong>et</strong></span> <span class='ocrx_word' id='word_1_410' title='bbox 1259 3682 1322 3734; x_wconf 90' lang='lat' dir='ltr'><strong>ad</strong></span> <span class='ocrx_word' id='word_1_411' title='bbox 1357 3683 1651 3736; x_wconf 80' lang='lat' dir='ltr'><strong>faciendam</strong></span> <span class='ocrx_word' id='word_1_412' title='bbox 1685 3686 2004 3738; x_wconf 89' lang='lat' dir='ltr'><strong>solutionem</strong></span> <span class='ocrx_word' id='word_1_413' title='bbox 2041 3697 2330 3740; x_wconf 88' lang='lat' dir='ltr'><strong>maturant.</strong></span> 
     </span>
    </p>
   </div>
   <div class='ocr_carea' id='block_1_56' title="bbox 788 3772 2334 3843">
    <p class='ocr_par' dir='ltr' id='par_1_56' title="bbox 788 3772 2334 3843">
     <span class='ocr_line' id='line_1_56' title="bbox 788 3772 2334 3843; baseline 0.006 -21"><span class='ocrx_word' id='word_1_414' title='bbox 788 3773 875 3825; x_wconf 83' lang='lat' dir='ltr'><strong>Sol</strong></span> <span class='ocrx_word' id='word_1_415' title='bbox 913 3772 1024 3840; x_wconf 86' lang='lat' dir='ltr'><strong>ipse</strong></span> <span class='ocrx_word' id='word_1_416' title='bbox 1052 3788 1231 3824; x_wconf 89' lang='lat' dir='ltr'><strong>nonne</strong></span> <span class='ocrx_word' id='word_1_417' title='bbox 1268 3774 1524 3825; x_wconf 88' lang='lat' dir='ltr'><strong>mirabilis</strong></span> <span class='ocrx_word' id='word_1_418' title='bbox 1545 3785 1626 3826; x_wconf 90' lang='lat' dir='ltr'><strong>est</strong></span> <span class='ocrx_word' id='word_1_419' title='bbox 1655 3785 1894 3842; x_wconf 86' lang='lat' dir='ltr'><strong>aspectu,</strong></span> <span class='ocrx_word' id='word_1_420' title='bbox 1937 3777 2334 3843; x_wconf 90' lang='lat' dir='ltr'><strong>pulchritudine</strong></span> 
     </span>
    </p>
   </div>
   <div class='ocr_carea' id='block_1_57' title="bbox 792 3863 2333 3932">
    <p class='ocr_par' dir='ltr' id='par_1_57' title="bbox 792 3863 2333 3932">
     <span class='ocr_line' id='line_1_57' title="bbox 792 3863 2333 3932; baseline 0.005 -19"><span class='ocrx_word' id='word_1_421' title='bbox 792 3863 948 3928; x_wconf 84' lang='lat' dir='ltr'><strong>plane</strong></span> <span class='ocrx_word' id='word_1_422' title='bbox 995 3865 1380 3917; x_wconf 88' lang='lat' dir='ltr'><strong>admirabilis?</strong></span> <span class='ocrx_word' id='word_1_423' title='bbox 1431 3871 1498 3917; x_wconf 85' lang='lat' dir='ltr'><strong>de</strong></span> <span class='ocrx_word' id='word_1_424' title='bbox 1546 3881 1651 3932; x_wconf 84' lang='lat' dir='ltr'><strong>quo</strong></span> <span class='ocrx_word' id='word_1_425' title='bbox 1704 3882 1810 3917; x_wconf 87' lang='lat' dir='ltr'><strong>non</strong></span> <span class='ocrx_word' id='word_1_426' title='bbox 1863 3867 2007 3918; x_wconf 86' lang='lat' dir='ltr'><strong>aliud</strong></span> <span class='ocrx_word' id='word_1_427' title='bbox 2059 3867 2333 3932; x_wconf 77' lang='lat' dir='ltr'><strong>edixeris,</strong></span> 
     </span>
    </p>
   </div>
   <div class='ocr_carea' id='block_1_58' title="bbox 789 3956 2336 4024">
    <p class='ocr_par' dir='ltr' id='par_1_58' title="bbox 789 3956 2336 4024">
     <span class='ocr_line' id='line_1_58' title="bbox 789 3956 2336 4024; baseline 0.004 -20"><span class='ocrx_word' id='word_1_428' title='bbox 789 3970 947 4018; x_wconf 86' lang='lat' dir='ltr'><strong>quam</strong></span> <span class='ocrx_word' id='word_1_429' title='bbox 968 3956 1107 4022; x_wconf 93' lang='lat' dir='ltr'><strong>quod</strong></span> <span class='ocrx_word' id='word_1_430' title='bbox 1152 3965 1206 4006; x_wconf 83' lang='lat' dir='ltr'><strong>ut</strong></span> <span class='ocrx_word' id='word_1_431' title='bbox 1236 3957 1381 4024; x_wconf 83' lang='lat' dir='ltr'><strong>gigas</strong></span> <span class='ocrx_word' id='word_1_432' title='bbox 1413 3958 1636 4008; x_wconf 77' lang='lat' dir='ltr'><strong>ersultat</strong></span> <span class='ocrx_word' id='word_1_433' title='bbox 1659 3958 1902 4024; x_wconf 77' lang='lat' dir='ltr'><strong>conﬁcere</strong></span> <span class='ocrx_word' id='word_1_434' title='bbox 1929 3975 2132 4010; x_wconf 82' lang='lat' dir='ltr'><strong>cursum</strong></span> <span class='ocrx_word' id='word_1_435' title='bbox 2163 3977 2336 4021; x_wconf 77' lang='lat' dir='ltr'><strong>suurn,</strong></span> 
     </span>
    </p>
   </div>
   <div class='ocr_carea' id='block_1_59' title="bbox 789 4045 2337 4119">
    <p class='ocr_par' dir='ltr' id='par_1_59' title="bbox 789 4045 2337 4119">
     <span class='ocr_line' id='line_1_59' title="bbox 789 4045 2337 4119; baseline 0.006 -24"><span class='ocrx_word' id='word_1_436' title='bbox 789 4045 854 4096; x_wconf 76' lang='lat' dir='ltr'><strong>ab</strong></span> <span class='ocrx_word' id='word_1_437' title='bbox 885 4061 988 4096; x_wconf 85' lang='lat' dir='ltr'><strong>una</strong></span> <span class='ocrx_word' id='word_1_438' title='bbox 1013 4046 1126 4098; x_wconf 75' lang='lat' dir='ltr'><strong>cwli</strong></span> <span class='ocrx_word' id='word_1_439' title='bbox 1149 4052 1472 4099; x_wconf 72' lang='lat' dir='ltr'><strong>extremitate</strong></span> <span class='ocrx_word' id='word_1_440' title='bbox 1501 4049 1568 4099; x_wconf 77' lang='lat' dir='ltr'><strong>ad</strong></span> <span class='ocrx_word' id='word_1_441' title='bbox 1589 4049 1808 4100; x_wconf 81' lang='lat' dir='ltr'><strong>alterunt</strong></span> <span class='ocrx_word' id='word_1_442' title='bbox 1835 4050 1896 4113; x_wconf 76' lang='lat'><strong>“,</strong></span> <span class='ocrx_word' id='word_1_443' title='bbox 1923 4066 2086 4103; x_wconf 91' lang='lat' dir='ltr'><strong>cursu</strong></span> <span class='ocrx_word' id='word_1_444' title='bbox 2106 4053 2337 4119; x_wconf 85' lang='lat' dir='ltr'><strong>quodam</strong></span> 
     </span>
    </p>
   </div>
   <div class='ocr_carea' id='block_1_60' title="bbox 789 4138 2340 4206">
    <p class='ocr_par' dir='ltr' id='par_1_60' title="bbox 789 4138 2340 4206">
     <span class='ocr_line' id='line_1_60' title="bbox 789 4138 2340 4206; baseline 0.005 -16"><span class='ocrx_word' id='word_1_445' title='bbox 789 4138 1036 4190; x_wconf 72' lang='lat' dir='ltr'><strong>ordinato</strong></span> <span class='ocrx_word' id='word_1_446' title='bbox 1067 4178 1079 4200; x_wconf 90' lang='lat'><strong>,</strong></span> <span class='ocrx_word' id='word_1_447' title='bbox 1139 4139 1260 4190; x_wconf 89' lang='lat' dir='ltr'><strong>licet</strong></span> <span class='ocrx_word' id='word_1_448' title='bbox 1308 4141 1696 4206; x_wconf 89' lang='lat' dir='ltr'><strong>supernaturali</strong></span> <span class='ocrx_word' id='word_1_449' title='bbox 1727 4182 1740 4204; x_wconf 94' lang='lat'><strong>,</strong></span> <span class='ocrx_word' id='word_1_450' title='bbox 1781 4141 1830 4193; x_wconf 92' lang='lat' dir='ltr'><strong>in</strong></span> <span class='ocrx_word' id='word_1_451' title='bbox 1872 4143 2016 4196; x_wconf 85' lang='lat' dir='ltr'><strong>orbis</strong></span> <span class='ocrx_word' id='word_1_452' title='bbox 2066 4143 2240 4197; x_wconf 85' lang='lat' dir='ltr'><strong>medio</strong></span> <span class='ocrx_word' id='word_1_453' title='bbox 2283 4160 2340 4197; x_wconf 89' lang='lat' dir='ltr'><strong>se</strong></span> 
     </span>
    </p>
   </div>
   <div class='ocr_carea' id='block_1_61' title="bbox 791 4227 2342 4296">
    <p class='ocr_par' dir='ltr' id='par_1_61' title="bbox 791 4227 2342 4296">
     <span class='ocr_line' id='line_1_61' title="bbox 791 4227 2342 4296; baseline 0.005 -19"><span class='ocrx_word' id='word_1_454' title='bbox 791 4227 1082 4294; x_wconf 69' lang='lat' dir='ltr'><strong>explicans,</strong></span> <span class='ocrx_word' id='word_1_455' title='bbox 1119 4235 1367 4296; x_wconf 88' lang='lat' dir='ltr'><strong>tanquam</strong></span> <span class='ocrx_word' id='word_1_456' title='bbox 1397 4229 1447 4281; x_wconf 93' lang='lat' dir='ltr'><strong>in</strong></span> <span class='ocrx_word' id='word_1_457' title='bbox 1481 4230 1689 4282; x_wconf 89' lang='lat' dir='ltr'><strong>theatro</strong></span> <span class='ocrx_word' id='word_1_458' title='bbox 1730 4230 2119 4296; x_wconf 80' lang='lat' dir='ltr'><strong>manifestatur,</strong></span> <span class='ocrx_word' id='word_1_459' title='bbox 2153 4243 2207 4285; x_wconf 87' lang='lat' dir='ltr'><strong>et</strong></span> <span class='ocrx_word' id='word_1_460' title='bbox 2257 4248 2342 4285; x_wconf 84' lang='lat' dir='ltr'><strong>ra-</strong></span> 
     </span>
    </p>
   </div>
   <div class='ocr_carea' id='block_1_62' title="bbox 789 4317 2340 4387">
    <p class='ocr_par' dir='ltr' id='par_1_62' title="bbox 789 4317 2340 4387">
     <span class='ocr_line' id='line_1_62' title="bbox 789 4317 2340 4387; baseline 0.004 -21"><span class='ocrx_word' id='word_1_461' title='bbox 789 4317 890 4367; x_wconf 86' lang='lat' dir='ltr'><strong>diis</strong></span> <span class='ocrx_word' id='word_1_462' title='bbox 943 4318 1119 4368; x_wconf 88' lang='lat' dir='ltr'><strong>omnia</strong></span> <span class='ocrx_word' id='word_1_463' title='bbox 1175 4319 1498 4385; x_wconf 87' lang='lat' dir='ltr'><strong>percutiens.</strong></span> <span class='ocrx_word' id='word_1_464' title='bbox 1533 4320 1723 4387; x_wconf 84' lang='lat' dir='ltr'><strong>partim</strong></span> <span class='ocrx_word' id='word_1_465' title='bbox 1764 4320 1867 4371; x_wconf 63' lang='lat' dir='ltr'><strong>\‘ita</strong></span> <span class='ocrx_word' id='word_1_466' title='bbox 1901 4321 2076 4372; x_wconf 81' lang='lat' dir='ltr'><strong>dotata</strong></span> <span class='ocrx_word' id='word_1_467' title='bbox 2129 4321 2340 4383; x_wconf 88' lang='lat' dir='ltr'><strong>imbuit,</strong></span> 
     </span>
    </p>
   </div>
   <div class='ocr_carea' id='block_1_63' title="bbox 787 4407 2344 4478">
    <p class='ocr_par' dir='ltr' id='par_1_63' title="bbox 787 4407 2344 4478">
     <span class='ocr_line' id='line_1_63' title="bbox 787 4407 2344 4478; baseline 0.006 -23"><span class='ocrx_word' id='word_1_468' title='bbox 787 4407 983 4473; x_wconf 79' lang='lat' dir='ltr'><strong>partim</strong></span> <span class='ocrx_word' id='word_1_469' title='bbox 1016 4407 1160 4459; x_wconf 80' lang='lat' dir='ltr'><strong>fovet</strong></span> <span class='ocrx_word' id='word_1_470' title='bbox 1195 4425 1206 4469; x_wconf 85' lang='lat'>;</span> <span class='ocrx_word' id='word_1_471' title='bbox 1242 4417 1293 4460; x_wconf 83' lang='lat' dir='ltr'><strong>et</strong></span> <span class='ocrx_word' id='word_1_472' title='bbox 1333 4409 1626 4478; x_wconf 83' lang='lat' dir='ltr'><strong>emnpingit</strong></span> <span class='ocrx_word' id='word_1_473' title='bbox 1658 4410 1708 4461; x_wconf 93' lang='lat' dir='ltr'><strong>in</strong></span> <span class='ocrx_word' id='word_1_474' title='bbox 1746 4424 1822 4470; x_wconf 88' lang='lat' dir='ltr'><strong>sc,</strong></span> <span class='ocrx_word' id='word_1_475' title='bbox 1859 4425 2188 4478; x_wconf 80' lang='lat' dir='ltr'><strong>qtt:ceuuqtte</strong></span> <span class='ocrx_word' id='word_1_476' title='bbox 2218 4412 2344 4464; x_wconf 89' lang='lat' dir='ltr'><strong>sub-</strong></span> 
     </span>
    </p>
   </div>
   <div class='ocr_carea' id='block_1_64' title="bbox 2431 1950 3993 2027">
    <p class='ocr_par' dir='ltr' id='par_1_64' title="bbox 2431 1950 3993 2027">
     <span class='ocr_line' id='line_1_64' title="bbox 2431 1950 3993 2027; baseline -0.006 -17"><span class='ocrx_word' id='word_1_477' title='bbox 2431 1961 2537 2027; x_wconf 77' lang='grc' dir='ltr'><strong>ψαν</strong></span> <span class='ocrx_word' id='word_1_478' title='bbox 2567 1958 2653 2009; x_wconf 73' lang='grc' dir='ltr'>διὰ</span> <span class='ocrx_word' id='word_1_479' title='bbox 2677 1956 2968 2025; x_wconf 83' lang='grc' dir='ltr'>γενέσεως,</span> <span class='ocrx_word' id='word_1_480' title='bbox 2993 1955 3053 2007; x_wconf 81' lang='grc' dir='ltr'>οὐ</span> <span class='ocrx_word' id='word_1_481' title='bbox 3076 1953 3161 2006; x_wconf 83' lang='grc' dir='ltr'><strong>διά</strong></span> <span class='ocrx_word' id='word_1_482' title='bbox 3186 1953 3390 2015; x_wconf 81' lang='grc' dir='ltr'>λύσεως</span> <span class='ocrx_word' id='word_1_483' title='bbox 3417 1952 3575 2004; x_wconf 87' lang='grc' dir='ltr'>πάλιν</span> <span class='ocrx_word' id='word_1_484' title='bbox 3615 1952 3707 2002; x_wconf 73' lang='grc' dir='ltr'><strong>καὶ</strong></span> <span class='ocrx_word' id='word_1_485' title='bbox 3759 1950 3993 2002; x_wconf 75' lang='grc' dir='ltr'>Θανάτου</span> 
     </span>
    </p>
   </div>
   <div class='ocr_carea' id='block_1_65' title="bbox 2431 2042 3993 2117">
    <p class='ocr_par' dir='ltr' id='par_1_65' title="bbox 2431 2042 3993 2117">
     <span class='ocr_line' id='line_1_65' title="bbox 2431 2042 3993 2117; baseline -0.008 -15"><span class='ocrx_word' id='word_1_486' title='bbox 2431 2049 2782 2114; x_wconf 83' lang='grc' dir='ltr'>καταδύεται;</span> <span class='ocrx_word' id='word_1_487' title='bbox 2822 2046 3146 2117; x_wconf 81' lang='grc' dir='ltr'>Παραλείπω</span> <span class='ocrx_word' id='word_1_488' title='bbox 3174 2044 3408 2112; x_wconf 82' lang='grc' dir='ltr'>βοτανῶν</span> <span class='ocrx_word' id='word_1_489' title='bbox 3437 2043 3571 2111; x_wconf 81' lang='grc' dir='ltr'>ἄνθη</span> <span class='ocrx_word' id='word_1_490' title='bbox 3599 2045 3690 2094; x_wconf 76' lang='grc' dir='ltr'><strong>καὶ</strong></span> <span class='ocrx_word' id='word_1_491' title='bbox 3714 2042 3906 2108; x_wconf 77' lang='grc' dir='ltr'>κάλλη,</span> <span class='ocrx_word' id='word_1_492' title='bbox 3931 2042 3993 2090; x_wconf 78' lang='grc' dir='ltr'>οὑ</span> 
     </span>
    </p>
   </div>
   <div class='ocr_carea' id='block_1_66' title="bbox 2428 2131 3991 2209">
    <p class='ocr_par' dir='ltr' id='par_1_66' title="bbox 2428 2131 3991 2209">
     <span class='ocr_line' id='line_1_66' title="bbox 2428 2131 3991 2209; baseline -0.006 -18"><span class='ocrx_word' id='word_1_493' title='bbox 2428 2139 2525 2209; x_wconf 79' lang='grc' dir='ltr'>τὴν</span> <span class='ocrx_word' id='word_1_494' title='bbox 2553 2138 2674 2207; x_wconf 78' lang='grc' dir='ltr'>δψιν</span> <span class='ocrx_word' id='word_1_495' title='bbox 2707 2139 2884 2206; x_wconf 84' lang='grc' dir='ltr'>μόνον,</span> <span class='ocrx_word' id='word_1_496' title='bbox 2917 2135 3052 2188; x_wconf 81' lang='grc' dir='ltr'><strong>ἀλλά</strong></span> <span class='ocrx_word' id='word_1_497' title='bbox 3090 2140 3186 2187; x_wconf 74' lang='grc' dir='ltr'>καὶ</span> <span class='ocrx_word' id='word_1_498' title='bbox 3216 2135 3309 2196; x_wconf 74' lang='grc' dir='ltr'>τὰς</span> <span class='ocrx_word' id='word_1_499' title='bbox 3343 2133 3506 2195; x_wconf 79' lang='grc' dir='ltr'>ἄλλας</span> <span class='ocrx_word' id='word_1_500' title='bbox 3561 2131 3842 2200; x_wconf 84' lang='grc' dir='ltr'><strong>αἰσθήσεις</strong></span> <span class='ocrx_word' id='word_1_501' title='bbox 3867 2132 3991 2199; x_wconf 82' lang='grc' dir='ltr'>τέρ-</span> 
     </span>
    </p>
   </div>
   <div class='ocr_carea' id='block_1_67' title="bbox 2430 2222 3992 2296">
    <p class='ocr_par' dir='ltr' id='par_1_67' title="bbox 2430 2222 3992 2296">
     <span class='ocr_line' id='line_1_67' title="bbox 2430 2222 3992 2296; baseline -0.008 -13"><span class='ocrx_word' id='word_1_502' title='bbox 2430 2248 2620 2282; x_wconf 83' lang='grc' dir='ltr'>ποντα.</span> <span class='ocrx_word' id='word_1_503' title='bbox 2682 2228 3012 2296; x_wconf 83' lang='grc' dir='ltr'>Παρατρέχω</span> <span class='ocrx_word' id='word_1_504' title='bbox 3065 2224 3247 2292; x_wconf 85' lang='grc' dir='ltr'>φυτῶν</span> <span class='ocrx_word' id='word_1_505' title='bbox 3294 2224 3654 2292; x_wconf 78' lang='grc' dir='ltr'>ὡραιότητας,</span> <span class='ocrx_word' id='word_1_506' title='bbox 3696 2222 3898 2288; x_wconf 81' lang='grc' dir='ltr'><strong>ἀγέλας</strong></span> <span class='ocrx_word' id='word_1_507' title='bbox 3932 2238 3992 2272; x_wconf 84' lang='grc' dir='ltr'><strong>τε</strong></span> 
     </span>
    </p>
   </div>
   <div class='ocr_carea' id='block_1_68' title="bbox 2433 2314 3990 2384">
    <p class='ocr_par' dir='ltr' id='par_1_68' title="bbox 2433 2314 3990 2384">
     <span class='ocr_line' id='line_1_68' title="bbox 2433 2314 3990 2384; baseline -0.008 -9"><span class='ocrx_word' id='word_1_508' title='bbox 2433 2320 2782 2375; x_wconf 83' lang='grc' dir='ltr'>παντοδαπῶν</span> <span class='ocrx_word' id='word_1_509' title='bbox 2834 2317 3008 2379; x_wconf 79' lang='grc' dir='ltr'>ζώων.</span> <span class='ocrx_word' id='word_1_510' title='bbox 3050 2318 3301 2367; x_wconf 76' lang='grc' dir='ltr'>’Δπαντα</span> <span class='ocrx_word' id='word_1_511' title='bbox 3325 2315 3401 2384; x_wconf 82' lang='grc' dir='ltr'>τῷ</span> <span class='ocrx_word' id='word_1_512' title='bbox 3431 2315 3606 2383; x_wconf 83' lang='grc' dir='ltr'>χρόνῳ</span> <span class='ocrx_word' id='word_1_513' title='bbox 3636 2314 3990 2382; x_wconf 85' lang='grc' dir='ltr'>παρέρχεται,</span> 
     </span>
    </p>
   </div>
   <div class='ocr_carea' id='block_1_69' title="bbox 2430 2405 3994 2483">
    <p class='ocr_par' dir='ltr' id='par_1_69' title="bbox 2430 2405 3994 2483">
     <span class='ocr_line' id='line_1_69' title="bbox 2430 2405 3994 2483; baseline -0.006 -16"><span class='ocrx_word' id='word_1_514' title='bbox 2430 2417 2525 2467; x_wconf 78' lang='grc' dir='ltr'>καὶ</span> <span class='ocrx_word' id='word_1_515' title='bbox 2543 2413 2640 2483; x_wconf 80' lang='grc' dir='ltr'>τὴν</span> <span class='ocrx_word' id='word_1_516' title='bbox 2667 2411 2880 2478; x_wconf 84' lang='grc' dir='ltr'>γένεσιν</span> <span class='ocrx_word' id='word_1_517' title='bbox 2911 2409 3157 2478; x_wconf 84' lang='grc' dir='ltr'>εὑρίσκει</span> <span class='ocrx_word' id='word_1_518' title='bbox 3197 2407 3654 2478; x_wconf 78' lang='grc' dir='ltr'>προοιμιάζουσαν</span> <span class='ocrx_word' id='word_1_519' title='bbox 3685 2407 3784 2473; x_wconf 78' lang='grc' dir='ltr'><strong>τὴν</strong></span> <span class='ocrx_word' id='word_1_520' title='bbox 3812 2405 3994 2458; x_wconf 82' lang='grc' dir='ltr'>διάλυ-</span> 
     </span>
    </p>
   </div>
   <div class='ocr_carea' id='block_1_70' title="bbox 2432 2497 3996 2567">
    <p class='ocr_par' dir='ltr' id='par_1_70' title="bbox 2432 2497 3996 2567">
     <span class='ocr_line' id='line_1_70' title="bbox 2432 2497 3996 2567; baseline -0.004 -12"><span class='ocrx_word' id='word_1_521' title='bbox 2432 2522 2538 2556; x_wconf 91' lang='grc' dir='ltr'>σιν.</span> <span class='ocrx_word' id='word_1_522' title='bbox 2582 2502 2717 2554; x_wconf 81' lang='grc' dir='ltr'>Ἀλλ’</span> <span class='ocrx_word' id='word_1_523' title='bbox 2752 2501 2920 2552; x_wconf 85' lang='grc' dir='ltr'>ὲννόει</span> <span class='ocrx_word' id='word_1_524' title='bbox 2955 2516 3042 2567; x_wconf 91' lang='grc' dir='ltr'><strong>μοι</strong></span> <span class='ocrx_word' id='word_1_525' title='bbox 3067 2498 3158 2550; x_wconf 82' lang='grc' dir='ltr'><strong>τὸν</strong></span> <span class='ocrx_word' id='word_1_526' title='bbox 3184 2497 3440 2550; x_wconf 74' lang='grc' dir='ltr'>εὔτακτον</span> <span class='ocrx_word' id='word_1_527' title='bbox 3466 2497 3625 2566; x_wconf 76' lang='grc' dir='ltr'>χορὸν</span> <span class='ocrx_word' id='word_1_528' title='bbox 3682 2497 3789 2547; x_wconf 86' lang='grc' dir='ltr'><strong>τῶν</strong></span> <span class='ocrx_word' id='word_1_529' title='bbox 3835 2497 3996 2548; x_wconf 83' lang='grc' dir='ltr'>ἀστέ-</span> 
     </span>
    </p>
   </div>
   <div class='ocr_carea' id='block_1_71' title="bbox 2433 2589 3994 2664">
    <p class='ocr_par' dir='ltr' id='par_1_71' title="bbox 2433 2589 3994 2664">
     <span class='ocr_line' id='line_1_71' title="bbox 2433 2589 3994 2664; baseline -0.006 -17"><span class='ocrx_word' id='word_1_530' title='bbox 2433 2612 2561 2664; x_wconf 77' lang='grc' dir='ltr'>ρων,</span> <span class='ocrx_word' id='word_1_531' title='bbox 2587 2595 2733 2652; x_wconf 83' lang='grc' dir='ltr'>ὅπως</span> <span class='ocrx_word' id='word_1_532' title='bbox 2755 2608 2811 2643; x_wconf 84' lang='grc' dir='ltr'><strong>τε</strong></span> <span class='ocrx_word' id='word_1_533' title='bbox 2845 2590 3180 2642; x_wconf 82' lang='grc' dir='ltr'>ποικίλλουσι</span> <span class='ocrx_word' id='word_1_534' title='bbox 3210 2592 3270 2641; x_wconf 85' lang='grc' dir='ltr'>τὸ</span> <span class='ocrx_word' id='word_1_535' title='bbox 3295 2589 3596 2657; x_wconf 86' lang='grc' dir='ltr'>στερέωμα,</span> <span class='ocrx_word' id='word_1_536' title='bbox 3628 2589 3823 2656; x_wconf 82' lang='grc' dir='ltr'>βαφαῖς</span> <span class='ocrx_word' id='word_1_537' title='bbox 3851 2589 3994 2656; x_wconf 77' lang='grc' dir='ltr'>λαμ-</span> 
     </span>
    </p>
   </div>
   <div class='ocr_carea' id='block_1_72' title="bbox 2431 2679 3994 2756">
    <p class='ocr_par' dir='ltr' id='par_1_72' title="bbox 2431 2679 3994 2756">
     <span class='ocr_line' id='line_1_72' title="bbox 2431 2679 3994 2756; baseline -0.006 -17"><span class='ocrx_word' id='word_1_538' title='bbox 2431 2687 2720 2756; x_wconf 80' lang='grc' dir='ltr'>προτέραις</span> <span class='ocrx_word' id='word_1_539' title='bbox 2748 2679 3180 2752; x_wconf 76' lang='grc' dir='ltr'>περιανθίζοντες</span> <span class='ocrx_word' id='word_1_540' title='bbox 3204 2682 3271 2732; x_wconf 79' lang='grc' dir='ltr'>τὰ</span> <span class='ocrx_word' id='word_1_541' title='bbox 3289 2680 3543 2749; x_wconf 76' lang='grc' dir='ltr'>οὐράνια.</span> <span class='ocrx_word' id='word_1_542' title='bbox 3585 2682 3691 2732; x_wconf 71' lang='grc' dir='ltr'>Καὶ</span> <span class='ocrx_word' id='word_1_543' title='bbox 3716 2681 3863 2740; x_wconf 85' lang='grc' dir='ltr'>ὅπως</span> <span class='ocrx_word' id='word_1_544' title='bbox 3896 2680 3994 2750; x_wconf 55' lang='lat'><strong>6;-</strong></span> 
     </span>
    </p>
   </div>
   <div class='ocr_carea' id='block_1_73' title="bbox 2430 2771 3994 2847">
    <p class='ocr_par' dir='ltr' id='par_1_73' title="bbox 2430 2771 3994 2847">
     <span class='ocr_line' id='line_1_73' title="bbox 2430 2771 3994 2847; baseline -0.006 -18"><span class='ocrx_word' id='word_1_545' title='bbox 2430 2776 2674 2847; x_wconf 84' lang='grc' dir='ltr'>δουχοῦσι</span> <span class='ocrx_word' id='word_1_546' title='bbox 2693 2775 2790 2844; x_wconf 79' lang='grc' dir='ltr'>τὴν</span> <span class='ocrx_word' id='word_1_547' title='bbox 2814 2773 3001 2834; x_wconf 85' lang='grc' dir='ltr'>νύκτα,</span> <span class='ocrx_word' id='word_1_548' title='bbox 3033 2773 3092 2824; x_wconf 82' lang='grc' dir='ltr'>τὸ</span> <span class='ocrx_word' id='word_1_549' title='bbox 3121 2771 3347 2838; x_wconf 80' lang='grc' dir='ltr'>στυγνὸν</span> <span class='ocrx_word' id='word_1_550' title='bbox 3373 2771 3542 2837; x_wconf 83' lang='grc' dir='ltr'>αὐτῆς</span> <span class='ocrx_word' id='word_1_551' title='bbox 3566 2771 3994 2836; x_wconf 77' lang='grc' dir='ltr'>ὑπαυγάζοντες,</span> 
     </span>
    </p>
   </div>
   <div class='ocr_carea' id='block_1_74' title="bbox 2433 2861 3998 2934">
    <p class='ocr_par' dir='ltr' id='par_1_74' title="bbox 2433 2861 3998 2934">
     <span class='ocr_line' id='line_1_74' title="bbox 2433 2861 3998 2934; baseline -0.006 -15"><span class='ocrx_word' id='word_1_552' title='bbox 2433 2869 2524 2919; x_wconf 73' lang='grc' dir='ltr'><strong>καὶ</strong></span> <span class='ocrx_word' id='word_1_553' title='bbox 2560 2867 2659 2934; x_wconf 73' lang='grc' dir='ltr'>τὴν</span> <span class='ocrx_word' id='word_1_554' title='bbox 2693 2867 2817 2917; x_wconf 86' lang='grc' dir='ltr'>Θέαν</span> <span class='ocrx_word' id='word_1_555' title='bbox 2858 2865 3061 2917; x_wconf 82' lang='grc' dir='ltr'>ἄλυπον</span> <span class='ocrx_word' id='word_1_556' title='bbox 3103 2865 3214 2924; x_wconf 87' lang='grc' dir='ltr'>τοῖς</span> <span class='ocrx_word' id='word_1_557' title='bbox 3243 2861 3410 2931; x_wconf 82' lang='grc' dir='ltr'>ὁρῶσι</span> <span class='ocrx_word' id='word_1_558' title='bbox 3463 2862 3827 2929; x_wconf 71' lang='grc' dir='ltr'>παρεχόμενοι</span> <span class='ocrx_word' id='word_1_559' title='bbox 3850 2878 3863 2888; x_wconf 91' lang='grc'><strong>·</strong></span> <span class='ocrx_word' id='word_1_560' title='bbox 3895 2861 3998 2928; x_wconf 71' lang='grc' dir='ltr'>τὴν</span> 
     </span>
    </p>
   </div>
   <div class='ocr_carea' id='block_1_75' title="bbox 2434 2951 3997 3027">
    <p class='ocr_par' dir='ltr' id='par_1_75' title="bbox 2434 2951 3997 3027">
     <span class='ocr_line' id='line_1_75' title="bbox 2434 2951 3997 3027; baseline -0.006 -17"><span class='ocrx_word' id='word_1_561' title='bbox 2434 2960 2658 3027; x_wconf 85' lang='grc' dir='ltr'>σελήνην</span> <span class='ocrx_word' id='word_1_562' title='bbox 2684 2957 2842 3008; x_wconf 85' lang='grc' dir='ltr'>πάλιν</span> <span class='ocrx_word' id='word_1_563' title='bbox 2873 2956 3180 3015; x_wconf 82' lang='grc' dir='ltr'>ἐπισκόπει,</span> <span class='ocrx_word' id='word_1_564' title='bbox 3198 2956 3343 3016; x_wconf 78' lang='grc' dir='ltr'>ὅπως</span> <span class='ocrx_word' id='word_1_565' title='bbox 3370 2955 3434 3004; x_wconf 82' lang='grc' dir='ltr'>ὲκ</span> <span class='ocrx_word' id='word_1_566' title='bbox 3451 2953 3542 3005; x_wconf 78' lang='grc' dir='ltr'>τοῦ</span> <span class='ocrx_word' id='word_1_567' title='bbox 3575 2952 3725 3022; x_wconf 73' lang='grc' dir='ltr'>ἡλίου</span> <span class='ocrx_word' id='word_1_568' title='bbox 3749 2951 3997 3014; x_wconf 72' lang='grc' dir='ltr'>δανειζο-</span> 
     </span>
    </p>
   </div>
   <div class='ocr_carea' id='block_1_76' title="bbox 2443 3044 3995 3120">
    <p class='ocr_par' dir='ltr' id='par_1_76' title="bbox 2443 3044 3995 3120">
     <span class='ocr_line' id='line_1_76' title="bbox 2443 3044 3995 3120; baseline -0.005 -18"><span class='ocrx_word' id='word_1_569' title='bbox 2443 3054 2577 3120; x_wconf 83' lang='grc' dir='ltr'>μένη</span> <span class='ocrx_word' id='word_1_570' title='bbox 2594 3051 2654 3101; x_wconf 84' lang='grc' dir='ltr'><strong>τὸ</strong></span> <span class='ocrx_word' id='word_1_571' title='bbox 2677 3051 2810 3116; x_wconf 86' lang='grc' dir='ltr'>φῶς,</span> <span class='ocrx_word' id='word_1_572' title='bbox 2840 3052 3036 3116; x_wconf 86' lang='grc' dir='ltr'>προῖκα</span> <span class='ocrx_word' id='word_1_573' title='bbox 3056 3049 3146 3100; x_wconf 79' lang='grc' dir='ltr'><strong>τὸν</strong></span> <span class='ocrx_word' id='word_1_574' title='bbox 3167 3047 3303 3115; x_wconf 88' lang='grc' dir='ltr'>ἀέρα</span> <span class='ocrx_word' id='word_1_575' title='bbox 3348 3044 3628 3110; x_wconf 80' lang='grc' dir='ltr'>πυρσεύει,</span> <span class='ocrx_word' id='word_1_576' title='bbox 3672 3045 3766 3095; x_wconf 75' lang='grc' dir='ltr'><strong>καὶ</strong></span> <span class='ocrx_word' id='word_1_577' title='bbox 3790 3045 3995 3110; x_wconf 77' lang='grc' dir='ltr'>φιλοτι-</span> 
     </span>
    </p>
   </div>
   <div class='ocr_carea' id='block_1_77' title="bbox 2437 3136 4000 3212">
    <p class='ocr_par' dir='ltr' id='par_1_77' title="bbox 2437 3136 4000 3212">
     <span class='ocr_line' id='line_1_77' title="bbox 2437 3136 4000 3212; baseline -0.006 -17"><span class='ocrx_word' id='word_1_578' title='bbox 2437 3147 2617 3212; x_wconf 81' lang='grc' dir='ltr'>μεῖται</span> <span class='ocrx_word' id='word_1_579' title='bbox 2646 3143 2704 3196; x_wconf 68' lang='grc' dir='ltr'><strong>τὸ</strong></span> <span class='ocrx_word' id='word_1_580' title='bbox 2727 3142 2920 3209; x_wconf 85' lang='grc' dir='ltr'>δῶρον,</span> <span class='ocrx_word' id='word_1_581' title='bbox 2950 3142 3042 3191; x_wconf 78' lang='grc' dir='ltr'><strong>καὶ</strong></span> <span class='ocrx_word' id='word_1_582' title='bbox 3065 3139 3169 3208; x_wconf 75' lang='grc' dir='ltr'><strong>πρὸ</strong></span> <span class='ocrx_word' id='word_1_583' title='bbox 3188 3138 3396 3206; x_wconf 77' lang='grc' dir='ltr'>ἡμέρας</span> <span class='ocrx_word' id='word_1_584' title='bbox 3415 3137 3581 3203; x_wconf 83' lang='grc' dir='ltr'>ἄλλην</span> <span class='ocrx_word' id='word_1_585' title='bbox 3609 3136 3826 3204; x_wconf 80' lang='grc' dir='ltr'>ἡμέραν</span> <span class='ocrx_word' id='word_1_586' title='bbox 3850 3136 4000 3202; x_wconf 75' lang='grc' dir='ltr'>φιλο-</span> 
     </span>
    </p>
   </div>
   <div class='ocr_carea' id='block_1_78' title="bbox 2432 3226 4002 3300">
    <p class='ocr_par' dir='ltr' id='par_1_78' title="bbox 2432 3226 4002 3300">
     <span class='ocr_line' id='line_1_78' title="bbox 2432 3226 4002 3300; baseline -0.005 -17"><span class='ocrx_word' id='word_1_587' title='bbox 2432 3235 2601 3284; x_wconf 86' lang='grc' dir='ltr'>νεικεῖ</span> <span class='ocrx_word' id='word_1_588' title='bbox 2627 3229 3052 3300; x_wconf 75' lang='grc' dir='ltr'>ἀπεργάζεσθαι.</span> <span class='ocrx_word' id='word_1_589' title='bbox 3071 3228 3226 3280; x_wconf 79' lang='grc' dir='ltr'><strong>Ἀλλά</strong></span> <span class='ocrx_word' id='word_1_590' title='bbox 3253 3227 3344 3279; x_wconf 80' lang='grc' dir='ltr'><strong>καὶ</strong></span> <span class='ocrx_word' id='word_1_591' title='bbox 3372 3227 3542 3279; x_wconf 84' lang='grc' dir='ltr'>ταῦτα</span> <span class='ocrx_word' id='word_1_592' title='bbox 3572 3227 3747 3278; x_wconf 82' lang='grc' dir='ltr'>πάντα</span> <span class='ocrx_word' id='word_1_593' title='bbox 3764 3226 3902 3294; x_wconf 64' lang='grc' dir='ltr'>πρὸς</span> <span class='ocrx_word' id='word_1_594' title='bbox 3924 3226 4002 3276; x_wconf 87' lang='grc' dir='ltr'><strong>τέ-</strong></span> 
     </span>
    </p>
   </div>
   <div class='ocr_carea' id='block_1_79' title="bbox 2430 3314 4002 3389">
    <p class='ocr_par' dir='ltr' id='par_1_79' title="bbox 2430 3314 4002 3389">
     <span class='ocr_line' id='line_1_79' title="bbox 2430 3314 4002 3389; baseline -0.004 -16"><span class='ocrx_word' id='word_1_595' title='bbox 2430 3325 2517 3383; x_wconf 87' lang='grc' dir='ltr'><strong>λος</strong></span> <span class='ocrx_word' id='word_1_596' title='bbox 2541 3323 2660 3389; x_wconf 79' lang='grc' dir='ltr'>ὁρᾷ,</span> <span class='ocrx_word' id='word_1_597' title='bbox 2676 3322 2846 3372; x_wconf 76' lang='grc' dir='ltr'>καὶτὸ</span> <span class='ocrx_word' id='word_1_598' title='bbox 2866 3321 3020 3388; x_wconf 84' lang='grc' dir='ltr'>χρέος</span> <span class='ocrx_word' id='word_1_599' title='bbox 3037 3314 3166 3382; x_wconf 82' lang='grc' dir='ltr'>οἶδε,</span> <span class='ocrx_word' id='word_1_600' title='bbox 3184 3319 3276 3370; x_wconf 82' lang='grc' dir='ltr'>καὶ</span> <span class='ocrx_word' id='word_1_601' title='bbox 3295 3319 3475 3386; x_wconf 80' lang='grc' dir='ltr'>τρέχει</span> <span class='ocrx_word' id='word_1_602' title='bbox 3501 3318 3634 3384; x_wconf 83' lang='grc' dir='ltr'>πρὸς</span> <span class='ocrx_word' id='word_1_603' title='bbox 3654 3317 3752 3384; x_wconf 83' lang='grc' dir='ltr'><strong>τὴν</strong></span> <span class='ocrx_word' id='word_1_604' title='bbox 3766 3317 4002 3384; x_wconf 73' lang='grc' dir='ltr'>ἀπαίτηο</span> 
     </span>
    </p>
   </div>
   <div class='ocr_carea' id='block_1_80' title="bbox 2434 3407 4000 3478">
    <p class='ocr_par' dir='ltr' id='par_1_80' title="bbox 2434 3407 4000 3478">
     <span class='ocr_line' id='line_1_80' title="bbox 2434 3407 4000 3478; baseline -0.003 -14"><span class='ocrx_word' id='word_1_605' title='bbox 2434 3430 2535 3464; x_wconf 89' lang='grc' dir='ltr'>σιν.</span> <span class='ocrx_word' id='word_1_606' title='bbox 2569 3411 2738 3472; x_wconf 81' lang='grc' dir='ltr'>Αὐτὸς</span> <span class='ocrx_word' id='word_1_607' title='bbox 2763 3412 2790 3461; x_wconf 85' lang='grc' dir='ltr'><strong>ό</strong></span> <span class='ocrx_word' id='word_1_608' title='bbox 2818 3409 2965 3478; x_wconf 71' lang='grc' dir='ltr'>ἥλιος</span> <span class='ocrx_word' id='word_1_609' title='bbox 2980 3409 3040 3459; x_wconf 80' lang='grc' dir='ltr'>οὑ</span> <span class='ocrx_word' id='word_1_610' title='bbox 3065 3408 3313 3477; x_wconf 81' lang='grc' dir='ltr'>λαμπρὸς</span> <span class='ocrx_word' id='word_1_611' title='bbox 3336 3409 3432 3476; x_wconf 84' lang='grc' dir='ltr'><strong>μὲν</strong></span> <span class='ocrx_word' id='word_1_612' title='bbox 3458 3408 3603 3466; x_wconf 72' lang='grc' dir='ltr'>ἰδεῖν,</span> <span class='ocrx_word' id='word_1_613' title='bbox 3625 3407 3927 3474; x_wconf 77' lang='grc' dir='ltr'>θαυμάσιος</span> <span class='ocrx_word' id='word_1_614' title='bbox 3945 3409 4000 3459; x_wconf 77' lang='grc' dir='ltr'><strong>δὲ</strong></span> 
     </span>
    </p>
   </div>
   <div class='ocr_carea' id='block_1_81' title="bbox 2429 3499 4002 3567">
    <p class='ocr_par' dir='ltr' id='par_1_81' title="bbox 2429 3499 4002 3567">
     <span class='ocr_line' id='line_1_81' title="bbox 2429 3499 4002 3567; baseline -0.003 -13"><span class='ocrx_word' id='word_1_615' title='bbox 2429 3504 2490 3554; x_wconf 78' lang='grc' dir='ltr'><strong>τὸ</strong></span> <span class='ocrx_word' id='word_1_616' title='bbox 2516 3501 2741 3566; x_wconf 83' lang='grc' dir='ltr'>κάλλος;</span> <span class='ocrx_word' id='word_1_617' title='bbox 2777 3500 2871 3552; x_wconf 78' lang='grc' dir='ltr'><strong>καὶ</strong></span> <span class='ocrx_word' id='word_1_618' title='bbox 2909 3500 2961 3552; x_wconf 85' lang='grc' dir='ltr'><strong>τί</strong></span> <span class='ocrx_word' id='word_1_619' title='bbox 3005 3501 3113 3567; x_wconf 83' lang='grc' dir='ltr'><strong>γάρ</strong></span> <span class='ocrx_word' id='word_1_620' title='bbox 3147 3500 3274 3553; x_wconf 81' lang='grc' dir='ltr'>ἄλλο</span> <span class='ocrx_word' id='word_1_621' title='bbox 3313 3501 3518 3559; x_wconf 74' lang='grc' dir='ltr'>εἰπεῖν,</span> <span class='ocrx_word' id='word_1_622' title='bbox 3548 3499 3580 3566; x_wconf 81' lang='grc' dir='ltr'>ἦ</span> <span class='ocrx_word' id='word_1_623' title='bbox 3614 3501 3695 3551; x_wconf 77' lang='grc' dir='ltr'><strong>ὅτι</strong></span> <span class='ocrx_word' id='word_1_624' title='bbox 3728 3499 3808 3563; x_wconf 85' lang='grc' dir='ltr'>ὠς</span> <span class='ocrx_word' id='word_1_625' title='bbox 3831 3499 4002 3566; x_wconf 74' lang='grc' dir='ltr'>γίγας</span> 
     </span>
    </p>
   </div>
   <div class='ocr_carea' id='block_1_82' title="bbox 2432 3587 4002 3662">
    <p class='ocr_par' dir='ltr' id='par_1_82' title="bbox 2432 3587 4002 3662">
     <span class='ocr_line' id='line_1_82' title="bbox 2432 3587 4002 3662; baseline -0.006 -14"><span class='ocrx_word' id='word_1_626' title='bbox 2432 3593 2873 3662; x_wconf 73' lang='grc' dir='ltr'>ἀγαλλιώμενος</span> <span class='ocrx_word' id='word_1_627' title='bbox 2892 3589 3135 3658; x_wconf 80' lang='grc' dir='ltr'>δραμεῖν</span> <span class='ocrx_word' id='word_1_628' title='bbox 3164 3589 3308 3642; x_wconf 80' lang='grc' dir='ltr'><strong>ὁδὸν</strong></span> <span class='ocrx_word' id='word_1_629' title='bbox 3329 3589 3534 3646; x_wconf 83' lang='grc' dir='ltr'>αὑτοῦ,</span> <span class='ocrx_word' id='word_1_630' title='bbox 3551 3588 3650 3641; x_wconf 77' lang='grc' dir='ltr'>ἀπ’</span> <span class='ocrx_word' id='word_1_631' title='bbox 3681 3587 3869 3652; x_wconf 73' lang='grc' dir='ltr'>ἄκρου</span> <span class='ocrx_word' id='word_1_632' title='bbox 3895 3587 4002 3639; x_wconf 81' lang='grc' dir='ltr'>τοῦ</span> 
     </span>
    </p>
   </div>
   <div class='ocr_carea' id='block_1_83' title="bbox 2433 3679 4001 3752">
    <p class='ocr_par' dir='ltr' id='par_1_83' title="bbox 2433 3679 4001 3752">
     <span class='ocr_line' id='line_1_83' title="bbox 2433 3679 4001 3752; baseline -0.007 -14"><span class='ocrx_word' id='word_1_633' title='bbox 2433 3684 2712 3752; x_wconf 81' lang='grc' dir='ltr'>οὐρανοῦ,</span> <span class='ocrx_word' id='word_1_634' title='bbox 2728 3684 2837 3749; x_wconf 83' lang='grc' dir='ltr'><strong>ἕως</strong></span> <span class='ocrx_word' id='word_1_635' title='bbox 2866 3683 3052 3748; x_wconf 83' lang='grc' dir='ltr'>ἄκρου</span> <span class='ocrx_word' id='word_1_636' title='bbox 3078 3681 3182 3734; x_wconf 85' lang='grc' dir='ltr'>τοῦ</span> <span class='ocrx_word' id='word_1_637' title='bbox 3196 3681 3477 3746; x_wconf 81' lang='grc' dir='ltr'>οὐρανοῦ,</span> <span class='ocrx_word' id='word_1_638' title='bbox 3500 3682 3702 3731; x_wconf 77' lang='grc' dir='ltr'>ἐκεῖνον</span> <span class='ocrx_word' id='word_1_639' title='bbox 3719 3679 3813 3729; x_wconf 83' lang='grc' dir='ltr'><strong>τὸν</strong></span> <span class='ocrx_word' id='word_1_640' title='bbox 3829 3679 4001 3746; x_wconf 79' lang='grc' dir='ltr'>ὑπερ-</span> 
     </span>
    </p>
   </div>
   <div class='ocr_carea' id='block_1_84' title="bbox 2434 3769 4002 3847">
    <p class='ocr_par' dir='ltr' id='par_1_84' title="bbox 2434 3769 4002 3847">
     <span class='ocr_line' id='line_1_84' title="bbox 2434 3769 4002 3847; baseline -0.007 -17"><span class='ocrx_word' id='word_1_641' title='bbox 2434 3779 2543 3845; x_wconf 76' lang='grc' dir='ltr'><strong>φυῆ</strong></span> <span class='ocrx_word' id='word_1_642' title='bbox 2575 3777 2770 3847; x_wconf 80' lang='grc' dir='ltr'>δρόμον</span> <span class='ocrx_word' id='word_1_643' title='bbox 2796 3776 2887 3826; x_wconf 69' lang='grc' dir='ltr'><strong>καὶ</strong></span> <span class='ocrx_word' id='word_1_644' title='bbox 2931 3773 3191 3825; x_wconf 77' lang='grc' dir='ltr'>εὕτακτον</span> <span class='ocrx_word' id='word_1_645' title='bbox 3245 3774 3301 3822; x_wconf 86' lang='grc' dir='ltr'>ἐν</span> <span class='ocrx_word' id='word_1_646' title='bbox 3333 3771 3480 3840; x_wconf 82' lang='grc' dir='ltr'>αὑτῷ</span> <span class='ocrx_word' id='word_1_647' title='bbox 3506 3772 3654 3840; x_wconf 79' lang='grc' dir='ltr'>μέσῳ</span> <span class='ocrx_word' id='word_1_648' title='bbox 3704 3769 3779 3837; x_wconf 84' lang='grc' dir='ltr'>τῷ</span> <span class='ocrx_word' id='word_1_649' title='bbox 3809 3770 4002 3837; x_wconf 80' lang='grc' dir='ltr'>κόσμῳ</span> 
     </span>
    </p>
   </div>
   <div class='ocr_carea' id='block_1_85' title="bbox 2436 3863 3996 3933">
    <p class='ocr_par' dir='ltr' id='par_1_85' title="bbox 2436 3863 3996 3933">
     <span class='ocr_line' id='line_1_85' title="bbox 2436 3863 3996 3933; baseline -0.006 -12"><span class='ocrx_word' id='word_1_650' title='bbox 2436 3865 3099 3933; x_wconf 73' lang='grc' dir='ltr'>ἁνελίττων,θεατρίζειτε</span> <span class='ocrx_word' id='word_1_651' title='bbox 3118 3865 3204 3916; x_wconf 73' lang='grc' dir='ltr'>καὶ</span> <span class='ocrx_word' id='word_1_652' title='bbox 3234 3865 3621 3914; x_wconf 79' lang='grc' dir='ltr'>ἐπιδείκνυται·</span> <span class='ocrx_word' id='word_1_653' title='bbox 3655 3865 3750 3913; x_wconf 84' lang='grc' dir='ltr'><strong>καὶ</strong></span> <span class='ocrx_word' id='word_1_654' title='bbox 3773 3863 3841 3912; x_wconf 84' lang='grc' dir='ltr'><strong>τὰ</strong></span> <span class='ocrx_word' id='word_1_655' title='bbox 3860 3863 3996 3928; x_wconf 77' lang='grc' dir='ltr'>σύμ-</span> 
     </span>
    </p>
   </div>
   <div class='ocr_carea' id='block_1_86' title="bbox 2438 3951 3996 4023">
    <p class='ocr_par' dir='ltr' id='par_1_86' title="bbox 2438 3951 3996 4023">
     <span class='ocr_line' id='line_1_86' title="bbox 2438 3951 3996 4023; baseline -0.008 -12"><span class='ocrx_word' id='word_1_656' title='bbox 2438 3977 2609 4011; x_wconf 89' lang='grc' dir='ltr'>παντα</span> <span class='ocrx_word' id='word_1_657' title='bbox 2632 3961 2750 4018; x_wconf 87' lang='grc' dir='ltr'>ταῖς</span> <span class='ocrx_word' id='word_1_658' title='bbox 2778 3959 2959 4008; x_wconf 81' lang='grc' dir='ltr'>ἀκτῖσι</span> <span class='ocrx_word' id='word_1_659' title='bbox 2991 3955 3217 4023; x_wconf 81' lang='grc' dir='ltr'>βάλλων,</span> <span class='ocrx_word' id='word_1_660' title='bbox 3252 3954 3346 4006; x_wconf 81' lang='grc' dir='ltr'>καὶ</span> <span class='ocrx_word' id='word_1_661' title='bbox 3373 3953 3531 4004; x_wconf 83' lang='grc' dir='ltr'>τοῦτο</span> <span class='ocrx_word' id='word_1_662' title='bbox 3564 3953 3660 4020; x_wconf 85' lang='grc' dir='ltr'>μὲν</span> <span class='ocrx_word' id='word_1_663' title='bbox 3693 3951 3996 4016; x_wconf 76' lang='grc' dir='ltr'>ζωογονῶν,</span> 
     </span>
    </p>
   </div>
   <div class='ocr_carea' id='block_1_87' title="bbox 2437 4043 3998 4113">
    <p class='ocr_par' dir='ltr' id='par_1_87' title="bbox 2437 4043 3998 4113">
     <span class='ocr_line' id='line_1_87' title="bbox 2437 4043 3998 4113; baseline -0.008 -10"><span class='ocrx_word' id='word_1_664' title='bbox 2437 4051 2591 4102; x_wconf 83' lang='grc' dir='ltr'>τοῦτο</span> <span class='ocrx_word' id='word_1_665' title='bbox 2618 4050 2674 4101; x_wconf 82' lang='grc' dir='ltr'>δὲ</span> <span class='ocrx_word' id='word_1_666' title='bbox 2707 4049 2947 4110; x_wconf 84' lang='grc' dir='ltr'>θάλπων,</span> <span class='ocrx_word' id='word_1_667' title='bbox 2979 4046 3074 4097; x_wconf 79' lang='grc' dir='ltr'>καὶ</span> <span class='ocrx_word' id='word_1_668' title='bbox 3105 4045 3340 4113; x_wconf 87' lang='grc' dir='ltr'>συνέχων</span> <span class='ocrx_word' id='word_1_669' title='bbox 3362 4045 3430 4094; x_wconf 79' lang='grc' dir='ltr'><strong>τά</strong></span> <span class='ocrx_word' id='word_1_670' title='bbox 3451 4043 3701 4110; x_wconf 81' lang='grc' dir='ltr'>περίγεια</span> <span class='ocrx_word' id='word_1_671' title='bbox 3734 4043 3876 4107; x_wconf 78' lang='grc' dir='ltr'>λόγῳ</span> <span class='ocrx_word' id='word_1_672' title='bbox 3908 4047 3998 4092; x_wconf 74' lang='grc' dir='ltr'><strong>καὶ</strong></span> 
     </span>
    </p>
   </div>
   <div class='ocr_carea' id='block_1_88' title="bbox 2441 4133 3997 4210">
    <p class='ocr_par' dir='ltr' id='par_1_88' title="bbox 2441 4133 3997 4210">
     <span class='ocr_line' id='line_1_88' title="bbox 2441 4133 3997 4210; baseline -0.005 -18"><span class='ocrx_word' id='word_1_673' title='bbox 2441 4143 2590 4210; x_wconf 83' lang='grc' dir='ltr'>νόμῳ</span> <span class='ocrx_word' id='word_1_674' title='bbox 2625 4137 2718 4192; x_wconf 81' lang='grc' dir='ltr'>τοῦ</span> <span class='ocrx_word' id='word_1_675' title='bbox 2760 4138 3082 4197; x_wconf 80' lang='grc' dir='ltr'>Κτίσαντος,</span> <span class='ocrx_word' id='word_1_676' title='bbox 3108 4137 3227 4204; x_wconf 77' lang='grc' dir='ltr'>οὐχὶ</span> <span class='ocrx_word' id='word_1_677' title='bbox 3259 4136 3494 4203; x_wconf 73' lang='grc' dir='ltr'>τοσούτῳ</span> <span class='ocrx_word' id='word_1_678' title='bbox 3553 4137 3781 4203; x_wconf 78' lang='grc' dir='ltr'>μακροῖς</span> <span class='ocrx_word' id='word_1_679' title='bbox 3828 4133 3997 4186; x_wconf 77' lang='grc' dir='ltr'>ταῦτα</span> 
     </span>
    </p>
   </div>
   <div class='ocr_carea' id='block_1_89' title="bbox 2442 4225 3999 4299">
    <p class='ocr_par' dir='ltr' id='par_1_89' title="bbox 2442 4225 3999 4299">
     <span class='ocr_line' id='line_1_89' title="bbox 2442 4225 3999 4299; baseline -0.004 -17"><span class='ocrx_word' id='word_1_680' title='bbox 2442 4232 2691 4299; x_wconf 87' lang='grc' dir='ltr'>πράττων</span> <span class='ocrx_word' id='word_1_681' title='bbox 2707 4231 2767 4281; x_wconf 85' lang='grc' dir='ltr'><strong>οὐ</strong></span> <span class='ocrx_word' id='word_1_682' title='bbox 2789 4229 3054 4297; x_wconf 81' lang='grc' dir='ltr'>γηράσκει</span> <span class='ocrx_word' id='word_1_683' title='bbox 3075 4228 3305 4297; x_wconf 85' lang='grc' dir='ltr'>χρόνοις,</span> <span class='ocrx_word' id='word_1_684' title='bbox 3329 4227 3437 4278; x_wconf 80' lang='grc' dir='ltr'>οὐδ’</span> <span class='ocrx_word' id='word_1_685' title='bbox 3461 4225 3764 4277; x_wconf 78' lang='grc' dir='ltr'>ἀλλοιοῦται</span> <span class='ocrx_word' id='word_1_686' title='bbox 3787 4225 3846 4276; x_wconf 84' lang='grc' dir='ltr'><strong>τὸ</strong></span> <span class='ocrx_word' id='word_1_687' title='bbox 3872 4227 3999 4276; x_wconf 83' lang='grc' dir='ltr'>κάλ-</span> 
     </span>
    </p>
   </div>
   <div class='ocr_carea' id='block_1_90' title="bbox 2442 4315 3996 4390">
    <p class='ocr_par' dir='ltr' id='par_1_90' title="bbox 2442 4315 3996 4390">
     <span class='ocr_line' id='line_1_90' title="bbox 2442 4315 3996 4390; baseline -0.004 -17"><span class='ocrx_word' id='word_1_688' title='bbox 2442 4324 2551 4384; x_wconf 84' lang='grc' dir='ltr'>λος,</span> <span class='ocrx_word' id='word_1_689' title='bbox 2585 4322 2705 4374; x_wconf 76' lang='grc' dir='ltr'>οὐδὲ</span> <span class='ocrx_word' id='word_1_690' title='bbox 2732 4323 2822 4372; x_wconf 86' lang='grc' dir='ltr'><strong>τὸν</strong></span> <span class='ocrx_word' id='word_1_691' title='bbox 2854 4321 3055 4390; x_wconf 79' lang='grc' dir='ltr'>δρόμον</span> <span class='ocrx_word' id='word_1_692' title='bbox 3109 4318 3350 4380; x_wconf 77' lang='grc' dir='ltr'>ὀκλάζει,</span> <span class='ocrx_word' id='word_1_693' title='bbox 3386 4316 3492 4368; x_wconf 75' lang='grc' dir='ltr'><strong>οὐδ’</strong></span> <span class='ocrx_word' id='word_1_694' title='bbox 3524 4315 3635 4384; x_wconf 77' lang='grc' dir='ltr'>ἔχει</span> <span class='ocrx_word' id='word_1_695' title='bbox 3679 4316 3898 4384; x_wconf 77' lang='grc' dir='ltr'>πρᾶξιν,</span> <span class='ocrx_word' id='word_1_696' title='bbox 3932 4317 3996 4367; x_wconf 78' lang='grc' dir='ltr'><strong>δι’</strong></span> 
     </span>
    </p>
   </div>
   <div class='ocr_carea' id='block_1_91' title="bbox 2442 4403 3997 4482">
    <p class='ocr_par' dir='ltr' id='par_1_91' title="bbox 2442 4403 3997 4482">
     <span class='ocr_line' id='line_1_91' title="bbox 2442 4403 3997 4482; baseline -0.006 -14"><span class='ocrx_word' id='word_1_697' title='bbox 2442 4411 2501 4468; x_wconf 72' lang='grc' dir='ltr'><strong>οὗ</strong></span> <span class='ocrx_word' id='word_1_698' title='bbox 2549 4415 2646 4482; x_wconf 84' lang='grc' dir='ltr'>τὴν</span> <span class='ocrx_word' id='word_1_699' title='bbox 2697 4413 2845 4464; x_wconf 84' lang='grc' dir='ltr'>λύσιν</span> <span class='ocrx_word' id='word_1_700' title='bbox 2899 4411 3345 4478; x_wconf 78' lang='grc' dir='ltr'>ἀπαιτηθήσεται.</span> <span class='ocrx_word' id='word_1_701' title='bbox 3415 4408 3570 4460; x_wconf 79' lang='grc' dir='ltr'>Ἀλλά</span> <span class='ocrx_word' id='word_1_702' title='bbox 3630 4408 3726 4460; x_wconf 77' lang='grc' dir='ltr'>καὶ</span> <span class='ocrx_word' id='word_1_703' title='bbox 3785 4403 3939 4466; x_wconf 75' lang='grc' dir='ltr'>οὗτος</span> <span class='ocrx_word' id='word_1_704' title='bbox 3970 4411 3997 4458; x_wconf 77' lang='grc' dir='ltr'>ὁ</span> 
     </span>
    </p>
   </div>
   <div class='ocr_carea' id='block_1_92' title="bbox 791 4489 2464 4580">
    <p class='ocr_par' dir='ltr' id='par_1_92' title="bbox 791 4499 2464 4580">
     <span class='ocr_line' id='line_1_92' title="bbox 791 4499 2464 4580; baseline 0.004 -32"><span class='ocrx_word' id='word_1_705' title='bbox 791 4499 996 4551; x_wconf 86' lang='lat' dir='ltr'><strong>lunaria</strong></span> <span class='ocrx_word' id='word_1_706' title='bbox 1051 4501 1344 4551; x_wconf 77' lang='lat' dir='ltr'><strong>secundum</strong></span> <span class='ocrx_word' id='word_1_707' title='bbox 1400 4499 1634 4552; x_wconf 83' lang='lat' dir='ltr'><strong>edictum</strong></span> <span class='ocrx_word' id='word_1_708' title='bbox 1695 4500 2018 4552; x_wconf 83' lang='lat' dir='ltr'><strong>conditionis</strong></span> <span class='ocrx_word' id='word_1_709' title='bbox 2047 4518 2154 4554; x_wconf 72' lang='lat' dir='ltr'><strong>sua:</strong></span> <span class='ocrx_word' id='word_1_710' title='bbox 2191 4521 2201 4553; x_wconf 93' lang='lat'>:</span> <span class='ocrx_word' id='word_1_711' title='bbox 2241 4519 2338 4554; x_wconf 88' lang='lat' dir='ltr'><strong>ne-</strong></span> <span class='ocrx_word' id='word_1_712' title='bbox 2375 4527 2419 4580; x_wconf 83' lang='grc' dir='ltr'>υ</span> <span class='ocrx_word' id='word_1_713' title='bbox 2443 4524 2464 4556; x_wconf 71' lang='grc' dir='ltr'><strong>ιι</strong></span> 
     </span>
    </p>
   </div>
   <div class='ocr_carea' id='block_1_93' title="bbox 2323 4489 3996 4580">
    <p class='ocr_par' dir='ltr' id='par_1_93' title="bbox 2323 4489 3996 4580">
     <span class='ocr_line' id='line_1_93' title="bbox 2323 4489 3996 4580; baseline -0.006 -23"><span class='ocrx_word' id='word_1_714' title='bbox 2323 4532 2338 4541; x_wconf 93' lang='grc'><strong><em>-</em></strong></span> <span class='ocrx_word' id='word_1_715' title='bbox 2375 4527 2419 4580; x_wconf 84' lang='grc' dir='ltr'>υ</span> <span class='ocrx_word' id='word_1_716' title='bbox 2443 4504 2693 4565; x_wconf 80' lang='grc' dir='ltr'>τοσοῦτος</span> <span class='ocrx_word' id='word_1_717' title='bbox 2721 4489 2810 4556; x_wconf 58' lang='grc' dir='ltr'>καὶ</span> <span class='ocrx_word' id='word_1_718' title='bbox 2845 4501 3159 4570; x_wconf 71' lang='grc' dir='ltr'>τηλικοῦτος</span> <span class='ocrx_word' id='word_1_719' title='bbox 3189 4501 3249 4552; x_wconf 78' lang='grc' dir='ltr'><strong>οὐ</strong></span> <span class='ocrx_word' id='word_1_720' title='bbox 3280 4499 3561 4566; x_wconf 83' lang='grc' dir='ltr'>διαφεύγει</span> <span class='ocrx_word' id='word_1_721' title='bbox 3591 4498 3649 4548; x_wconf 82' lang='grc' dir='ltr'><strong>τὸ</strong></span> <span class='ocrx_word' id='word_1_722' title='bbox 3680 4499 3850 4561; x_wconf 81' lang='grc' dir='ltr'>τέλος,</span> <span class='ocrx_word' id='word_1_723' title='bbox 3884 4499 3996 4550; x_wconf 66' lang='grc' dir='ltr'>ἀλλ’</span> 
     </span>
    </p>
   </div>
   <div class='ocr_carea' id='block_1_94' title="bbox 787 4590 2339 4660">
    <p class='ocr_par' dir='ltr' id='par_1_94' title="bbox 787 4590 2339 4660">
     <span class='ocr_line' id='line_1_94' title="bbox 787 4590 2339 4660; baseline 0.005 -22"><span class='ocrx_word' id='word_1_724' title='bbox 787 4607 891 4656; x_wconf 92' lang='lat' dir='ltr'><strong>que</strong></span> <span class='ocrx_word' id='word_1_725' title='bbox 924 4590 1148 4648; x_wconf 82' lang='lat' dir='ltr'><strong>interea,</strong></span> <span class='ocrx_word' id='word_1_726' title='bbox 1192 4592 1316 4642; x_wconf 90' lang='lat' dir='ltr'><strong>dum</strong></span> <span class='ocrx_word' id='word_1_727' title='bbox 1349 4592 1448 4643; x_wconf 92' lang='lat' dir='ltr'><strong>hoc</strong></span> <span class='ocrx_word' id='word_1_728' title='bbox 1493 4592 1697 4659; x_wconf 81' lang='lat' dir='ltr'><strong>peragit</strong></span> <span class='ocrx_word' id='word_1_729' title='bbox 1728 4593 1888 4643; x_wconf 89' lang='lat' dir='ltr'><strong>tantis</strong></span> <span class='ocrx_word' id='word_1_730' title='bbox 1913 4603 1966 4644; x_wconf 90' lang='lat' dir='ltr'><strong>et</strong></span> <span class='ocrx_word' id='word_1_731' title='bbox 1996 4602 2100 4645; x_wconf 84' lang='lat' dir='ltr'><strong>tam</strong></span> <span class='ocrx_word' id='word_1_732' title='bbox 2138 4595 2339 4660; x_wconf 81' lang='lat' dir='ltr'><strong>produ-</strong></span> 
     </span>
    </p>
   </div>
   <div class='ocr_carea' id='block_1_95' title="bbox 789 4683 2337 4752">
    <p class='ocr_par' dir='ltr' id='par_1_95' title="bbox 789 4683 2337 4752">
     <span class='ocr_line' id='line_1_95' title="bbox 789 4683 2337 4752; baseline 0.003 -20"><span class='ocrx_word' id='word_1_733' title='bbox 789 4683 889 4733; x_wconf 89' lang='lat' dir='ltr'><strong>ctis</strong></span> <span class='ocrx_word' id='word_1_734' title='bbox 912 4683 1098 4749; x_wconf 87' lang='lat' dir='ltr'><strong>spatiis</strong></span> <span class='ocrx_word' id='word_1_735' title='bbox 1125 4683 1483 4743; x_wconf 76' lang='lat' dir='ltr'><strong>consenescit,</strong></span> <span class='ocrx_word' id='word_1_736' title='bbox 1515 4699 1688 4749; x_wconf 90' lang='lat' dir='ltr'><strong>neque</strong></span> <span class='ocrx_word' id='word_1_737' title='bbox 1711 4683 1921 4736; x_wconf 88' lang='lat' dir='ltr'><strong>decoris</strong></span> <span class='ocrx_word' id='word_1_738' title='bbox 1944 4684 2022 4735; x_wconf 88' lang='lat' dir='ltr'><strong>sui</strong></span> <span class='ocrx_word' id='word_1_739' title='bbox 2045 4685 2337 4752; x_wconf 84' lang='lat' dir='ltr'><strong>deliquium</strong></span> 
     </span>
    </p>
   </div>
   <div class='ocr_carea' id='block_1_96' title="bbox 793 4773 2337 4842">
    <p class='ocr_par' dir='ltr' id='par_1_96' title="bbox 793 4773 2337 4842">
     <span class='ocr_line' id='line_1_96' title="bbox 793 4773 2337 4842; baseline 0.005 -20"><span class='ocrx_word' id='word_1_740' title='bbox 793 4773 872 4826; x_wconf 71' lang='lat' dir='ltr'><strong>vel</strong></span> <span class='ocrx_word' id='word_1_741' title='bbox 923 4774 1334 4826; x_wconf 89' lang='lat' dir='ltr'><strong>diminutionem</strong></span> <span class='ocrx_word' id='word_1_742' title='bbox 1387 4775 1603 4842; x_wconf 90' lang='lat' dir='ltr'><strong>patitur,</strong></span> <span class='ocrx_word' id='word_1_743' title='bbox 1659 4792 1762 4827; x_wconf 89' lang='lat' dir='ltr'><strong>nou</strong></span> <span class='ocrx_word' id='word_1_744' title='bbox 1815 4775 1865 4827; x_wconf 91' lang='lat' dir='ltr'><strong>in</strong></span> <span class='ocrx_word' id='word_1_745' title='bbox 1913 4791 2072 4827; x_wconf 89' lang='lat' dir='ltr'><strong>cursu</strong></span> <span class='ocrx_word' id='word_1_746' title='bbox 2124 4775 2337 4839; x_wconf 89' lang='lat' dir='ltr'><strong>fatiscit,</strong></span> 
     </span>
    </p>
   </div>
   <div class='ocr_carea' id='block_1_97' title="bbox 783 4865 2338 4934">
    <p class='ocr_par' dir='ltr' id='par_1_97' title="bbox 783 4865 2338 4934">
     <span class='ocr_line' id='line_1_97' title="bbox 783 4865 2338 4934; baseline 0.001 -18"><span class='ocrx_word' id='word_1_747' title='bbox 783 4865 922 4916; x_wconf 87' lang='lat' dir='ltr'><strong>nihil</strong></span> <span class='ocrx_word' id='word_1_748' title='bbox 953 4867 1078 4934; x_wconf 83' lang='lat' dir='ltr'><strong>agit,</strong></span> <span class='ocrx_word' id='word_1_749' title='bbox 1105 4865 1246 4917; x_wconf 88' lang='lat' dir='ltr'><strong>unde</strong></span> <span class='ocrx_word' id='word_1_750' title='bbox 1297 4865 1363 4918; x_wconf 89' lang='lat' dir='ltr'><strong>de</strong></span> <span class='ocrx_word' id='word_1_751' title='bbox 1388 4865 1740 4918; x_wconf 88' lang='lat' dir='ltr'><strong>dissolutione</strong></span> <span class='ocrx_word' id='word_1_752' title='bbox 1787 4865 2084 4933; x_wconf 82' lang='lat' dir='ltr'><strong>postuletur</strong></span> <span class='ocrx_word' id='word_1_753' title='bbox 2116 4883 2130 4929; x_wconf 88' lang='lat'><strong>;</strong></span> <span class='ocrx_word' id='word_1_754' title='bbox 2160 4875 2212 4918; x_wconf 89' lang='lat' dir='ltr'><strong>et</strong></span> <span class='ocrx_word' id='word_1_755' title='bbox 2258 4877 2338 4918; x_wconf 87' lang='lat' dir='ltr'><strong>ta-</strong></span> 
     </span>
    </p>
   </div>
   <div class='ocr_carea' id='block_1_98' title="bbox 792 4956 2341 5023">
    <p class='ocr_par' dir='ltr' id='par_1_98' title="bbox 792 4956 2341 5023">
     <span class='ocr_line' id='line_1_98' title="bbox 792 4956 2341 5023; baseline 0.001 -16"><span class='ocrx_word' id='word_1_756' title='bbox 792 4970 912 5007; x_wconf 89' lang='lat' dir='ltr'><strong>men</strong></span> <span class='ocrx_word' id='word_1_757' title='bbox 936 4956 1020 5008; x_wconf 91' lang='lat' dir='ltr'><strong>ille</strong></span> <span class='ocrx_word' id='word_1_758' title='bbox 1051 4957 1168 5008; x_wconf 75' lang='lat' dir='ltr'><strong>talis</strong></span> <span class='ocrx_word' id='word_1_759' title='bbox 1211 4966 1494 5023; x_wconf 89' lang='lat' dir='ltr'><strong>tantusque</strong></span> <span class='ocrx_word' id='word_1_760' title='bbox 1518 4957 1676 5009; x_wconf 90' lang='lat' dir='ltr'><strong>finem</strong></span> <span class='ocrx_word' id='word_1_761' title='bbox 1719 4971 1874 5009; x_wconf 90' lang='lat' dir='ltr'><strong>suum</strong></span> <span class='ocrx_word' id='word_1_762' title='bbox 1935 4967 2341 5010; x_wconf 83' lang='lat' dir='ltr'><strong>etconsumma-</strong></span> 
     </span>
    </p>
   </div>
   <div class='ocr_carea' id='block_1_99' title="bbox 793 5047 2342 5115">
    <p class='ocr_par' dir='ltr' id='par_1_99' title="bbox 793 5047 2342 5115">
     <span class='ocr_line' id='line_1_99' title="bbox 793 5047 2342 5115; baseline 0.003 -20"><span class='ocrx_word' id='word_1_763' title='bbox 793 5047 990 5098; x_wconf 89' lang='lat' dir='ltr'><strong>tionetn</strong></span> <span class='ocrx_word' id='word_1_764' title='bbox 1022 5062 1128 5098; x_wconf 90' lang='lat' dir='ltr'><strong>non</strong></span> <span class='ocrx_word' id='word_1_765' title='bbox 1162 5047 1391 5115; x_wconf 73' lang='lat' dir='ltr'><strong>diffugit,</strong></span> <span class='ocrx_word' id='word_1_766' title='bbox 1429 5047 1520 5099; x_wconf 86' lang='lat' dir='ltr'><strong>sed</strong></span> <span class='ocrx_word' id='word_1_767' title='bbox 1567 5048 1798 5100; x_wconf 88' lang='lat' dir='ltr'><strong>decretis</strong></span> <span class='ocrx_word' id='word_1_768' title='bbox 1849 5049 2150 5101; x_wconf 86' lang='lat' dir='ltr'><strong>succumbit</strong></span> <span class='ocrx_word' id='word_1_769' title='bbox 2183 5057 2342 5100; x_wconf 60' lang='lat' dir='ltr'><strong>natu-</strong></span> 
     </span>
    </p>
   </div>
   <div class='ocr_carea' id='block_1_100' title="bbox 793 5135 2339 5205">
    <p class='ocr_par' dir='ltr' id='par_1_100' title="bbox 793 5135 2339 5205">
     <span class='ocr_line' id='line_1_100' title="bbox 793 5135 2339 5205; baseline 0.001 -19"><span class='ocrx_word' id='word_1_770' title='bbox 793 5135 1010 5188; x_wconf 90' lang='lat' dir='ltr'><strong>ralibus.</strong></span> <span class='ocrx_word' id='word_1_771' title='bbox 1043 5137 1231 5188; x_wconf 86' lang='lat' dir='ltr'><strong>Omnia</strong></span> <span class='ocrx_word' id='word_1_772' title='bbox 1257 5136 1455 5205; x_wconf 88' lang='lat' dir='ltr'><strong>quippe</strong></span> <span class='ocrx_word' id='word_1_773' title='bbox 1498 5138 1870 5200; x_wconf 83' lang='lat' dir='ltr'><strong>immutantur,</strong></span> <span class='ocrx_word' id='word_1_774' title='bbox 1921 5153 2019 5190; x_wconf 92' lang='lat' dir='ltr'><strong>nec</strong></span> <span class='ocrx_word' id='word_1_775' title='bbox 2051 5137 2339 5205; x_wconf 86' lang='lat' dir='ltr'><strong>quidquam</strong></span> 
     </span>
    </p>
   </div>
   <div class='ocr_carea' id='block_1_101' title="bbox 791 5228 2342 5298">
    <p class='ocr_par' dir='ltr' id='par_1_101' title="bbox 791 5228 2342 5298">
     <span class='ocr_line' id='line_1_101' title="bbox 791 5228 2342 5298; baseline 0.001 -20"><span class='ocrx_word' id='word_1_776' title='bbox 791 5238 892 5288; x_wconf 83' lang='lat' dir='ltr'><strong>est,</strong></span> <span class='ocrx_word' id='word_1_777' title='bbox 947 5228 1090 5296; x_wconf 87' lang='lat' dir='ltr'><strong>quod</strong></span> <span class='ocrx_word' id='word_1_778' title='bbox 1147 5244 1242 5296; x_wconf 85' lang='lat' dir='ltr'><strong>per</strong></span> <span class='ocrx_word' id='word_1_779' title='bbox 1296 5229 1692 5298; x_wconf 85' lang='lat' dir='ltr'><strong>generationem</strong></span> <span class='ocrx_word' id='word_1_780' title='bbox 1740 5230 2156 5293; x_wconf 87' lang='lat' dir='ltr'><strong>substantiatur,</strong></span> <span class='ocrx_word' id='word_1_781' title='bbox 2213 5231 2342 5298; x_wconf 86' lang='lat' dir='ltr'><strong>quin</strong></span> 
     </span>
    </p>
   </div>
   <div class='ocr_carea' id='block_1_102' title="bbox 792 5321 2343 5389">
    <p class='ocr_par' dir='ltr' id='par_1_102' title="bbox 792 5321 2343 5389">
     <span class='ocr_line' id='line_1_102' title="bbox 792 5321 2343 5389; baseline 0.002 -21"><span class='ocrx_word' id='word_1_782' title='bbox 792 5329 916 5369; x_wconf 90' lang='lat' dir='ltr'><strong>ante</strong></span> <span class='ocrx_word' id='word_1_783' title='bbox 958 5329 1182 5371; x_wconf 89' lang='lat' dir='ltr'><strong>mortem</strong></span> <span class='ocrx_word' id='word_1_784' title='bbox 1223 5321 1422 5386; x_wconf 75' lang='lat' dir='ltr'><strong>aspiret</strong></span> <span class='ocrx_word' id='word_1_785' title='bbox 1458 5321 1931 5374; x_wconf 86' lang='lat' dir='ltr'><strong>immortalitatem.</strong></span> <span class='ocrx_word' id='word_1_786' title='bbox 1985 5321 2124 5385; x_wconf 89' lang='lat' dir='ltr'><strong>Quid</strong></span> <span class='ocrx_word' id='word_1_787' title='bbox 2171 5322 2343 5389; x_wconf 84' lang='lat' dir='ltr'><strong>ergo?</strong></span> 
     </span>
    </p>
   </div>
   <div class='ocr_carea' id='block_1_103' title="bbox 795 5406 2344 5474">
    <p class='ocr_par' dir='ltr' id='par_1_103' title="bbox 795 5406 2344 5474">
     <span class='ocr_line' id='line_1_103' title="bbox 795 5406 2344 5474; baseline 0.002 -17"><span class='ocrx_word' id='word_1_788' title='bbox 795 5406 918 5458; x_wconf 81' lang='lat' dir='ltr'><strong>ll.ee</strong></span> <span class='ocrx_word' id='word_1_789' title='bbox 947 5407 1126 5457; x_wconf 85' lang='lat' dir='ltr'><strong>omnia</strong></span> <span class='ocrx_word' id='word_1_790' title='bbox 1164 5407 1514 5474; x_wconf 83' lang='lat' dir='ltr'><strong>relinguntur,</strong></span> <span class='ocrx_word' id='word_1_791' title='bbox 1551 5418 1607 5462; x_wconf 88' lang='lat' dir='ltr'><strong>et</strong></span> <span class='ocrx_word' id='word_1_792' title='bbox 1655 5425 1711 5463; x_wconf 88' lang='lat' dir='ltr'><strong>se</strong></span> <span class='ocrx_word' id='word_1_793' title='bbox 1765 5411 2067 5470; x_wconf 90' lang='lat' dir='ltr'><strong>immutant,</strong></span> <span class='ocrx_word' id='word_1_794' title='bbox 2120 5425 2220 5462; x_wconf 89' lang='lat' dir='ltr'><strong>nec</strong></span> <span class='ocrx_word' id='word_1_795' title='bbox 2277 5410 2344 5460; x_wconf 78' lang='lat' dir='ltr'><strong>de</strong></span> 
     </span>
    </p>
   </div>
   <div class='ocr_carea' id='block_1_104' title="bbox 795 5497 2341 5568">
    <p class='ocr_par' dir='ltr' id='par_1_104' title="bbox 795 5497 2341 5568">
     <span class='ocr_line' id='line_1_104' title="bbox 795 5497 2341 5568; baseline 0.004 -21"><span class='ocrx_word' id='word_1_796' title='bbox 795 5499 899 5550; x_wconf 86' lang='lat' dir='ltr'><strong>fine</strong></span> <span class='ocrx_word' id='word_1_797' title='bbox 938 5497 1260 5550; x_wconf 89' lang='lat' dir='ltr'><strong>conditionis</strong></span> <span class='ocrx_word' id='word_1_798' title='bbox 1310 5513 1419 5551; x_wconf 74' lang='lat' dir='ltr'><strong>sua:</strong></span> <span class='ocrx_word' id='word_1_799' title='bbox 1462 5509 1816 5563; x_wconf 90' lang='lat' dir='ltr'><strong>murmurant,</strong></span> <span class='ocrx_word' id='word_1_800' title='bbox 1855 5500 1945 5552; x_wconf 83' lang='lat' dir='ltr'><strong>sed</strong></span> <span class='ocrx_word' id='word_1_801' title='bbox 2000 5499 2217 5568; x_wconf 83' lang='lat' dir='ltr'><strong>Opificis</strong></span> <span class='ocrx_word' id='word_1_802' title='bbox 2259 5501 2341 5553; x_wconf 89' lang='lat' dir='ltr'><strong>sui</strong></span> 
     </span>
    </p>
   </div>
   <div class='ocr_carea' id='block_1_105' title="bbox 795 5589 2341 5661">
    <p class='ocr_par' dir='ltr' id='par_1_105' title="bbox 795 5589 2341 5661">
     <span class='ocr_line' id='line_1_105' title="bbox 795 5589 2341 5661; baseline 0.001 -19"><span class='ocrx_word' id='word_1_803' title='bbox 795 5589 1188 5656; x_wconf 87' lang='lat' dir='ltr'><strong>beueplaeitum</strong></span> <span class='ocrx_word' id='word_1_804' title='bbox 1255 5605 1406 5656; x_wconf 61' lang='lat' dir='ltr'><strong>teque</strong></span> <span class='ocrx_word' id='word_1_805' title='bbox 1472 5593 1650 5646; x_wconf 89' lang='lat' dir='ltr'><strong>animo</strong></span> <span class='ocrx_word' id='word_1_806' title='bbox 1698 5592 1916 5646; x_wconf 88' lang='lat' dir='ltr'><strong>ferunt:</strong></span> <span class='ocrx_word' id='word_1_807' title='bbox 1975 5603 2027 5644; x_wconf 90' lang='lat' dir='ltr'><strong>at</strong></span> <span class='ocrx_word' id='word_1_808' title='bbox 2081 5608 2200 5657; x_wconf 84' lang='lat' dir='ltr'><strong>nos,</strong></span> <span class='ocrx_word' id='word_1_809' title='bbox 2251 5594 2341 5661; x_wconf 83' lang='lat' dir='ltr'><strong>qui</strong></span> 
     </span>
    </p>
   </div>
   <div class='ocr_carea' id='block_1_106' title="bbox 873 5770 1354 5837">
    <p class='ocr_par' dir='ltr' id='par_1_106' title="bbox 873 5770 1354 5837">
     <span class='ocr_line' id='line_1_106' title="bbox 873 5770 1354 5837; baseline 0.01 -16"><span class='ocrx_word' id='word_1_810' title='bbox 873 5772 909 5800; x_wconf 66' lang='grc' dir='ltr'><strong><em>ὀ</em></strong></span> <span class='ocrx_word' id='word_1_811' title='bbox 944 5770 1080 5825; x_wconf 79' lang='lat' dir='ltr'><strong>Psal.</strong></span> <span class='ocrx_word' id='word_1_812' title='bbox 1113 5789 1264 5837; x_wconf 75' lang='lat' dir='ltr'><strong>xrut,</strong></span> <span class='ocrx_word' id='word_1_813' title='bbox 1304 5773 1354 5826; x_wconf 90' lang='lat'><strong>6.</strong></span> 
     </span>
    </p>
   </div>
   <div class='ocr_carea' id='block_1_107' title="bbox 2448 4589 3997 4659">
    <p class='ocr_par' dir='ltr' id='par_1_107' title="bbox 2448 4589 3997 4659">
     <span class='ocr_line' id='line_1_107' title="bbox 2448 4589 3997 4659; baseline -0.005 -11"><span class='ocrx_word' id='word_1_814' title='bbox 2448 4596 2748 4647; x_wconf 82' lang='grc' dir='ltr'>ὑποκύπτει</span> <span class='ocrx_word' id='word_1_815' title='bbox 2772 4595 2880 4654; x_wconf 87' lang='grc' dir='ltr'>τοῖς</span> <span class='ocrx_word' id='word_1_816' title='bbox 2900 4593 3080 4659; x_wconf 86' lang='grc' dir='ltr'>νόμοις</span> <span class='ocrx_word' id='word_1_817' title='bbox 3103 4592 3198 4657; x_wconf 81' lang='grc' dir='ltr'><strong>τῆς</strong></span> <span class='ocrx_word' id='word_1_818' title='bbox 3230 4591 3463 4657; x_wconf 77' lang='grc' dir='ltr'>φύσεως.</span> <span class='ocrx_word' id='word_1_819' title='bbox 3486 4590 3667 4640; x_wconf 76' lang='grc' dir='ltr'>ΙΙάντα</span> <span class='ocrx_word' id='word_1_820' title='bbox 3697 4589 3804 4656; x_wconf 82' lang='grc' dir='ltr'><strong>γάρ</strong></span> <span class='ocrx_word' id='word_1_821' title='bbox 3838 4606 3997 4654; x_wconf 82' lang='grc' dir='ltr'>μετα-</span> 
     </span>
    </p>
   </div>
   <div class='ocr_carea' id='block_1_108' title="bbox 2446 4675 3997 4745">
    <p class='ocr_par' dir='ltr' id='par_1_108' title="bbox 2446 4675 3997 4745">
     <span class='ocr_line' id='line_1_108' title="bbox 2446 4675 3997 4745; baseline -0.008 -9"><span class='ocrx_word' id='word_1_822' title='bbox 2446 4683 2716 4745; x_wconf 77' lang='grc' dir='ltr'>ϐάλλεται,</span> <span class='ocrx_word' id='word_1_823' title='bbox 2748 4683 2839 4732; x_wconf 71' lang='grc' dir='ltr'><strong>καὶ</strong></span> <span class='ocrx_word' id='word_1_824' title='bbox 2863 4680 3035 4741; x_wconf 73' lang='grc' dir='ltr'>οὐδὲν,</span> <span class='ocrx_word' id='word_1_825' title='bbox 3079 4678 3106 4729; x_wconf 85' lang='grc' dir='ltr'>ὃ</span> <span class='ocrx_word' id='word_1_826' title='bbox 3152 4679 3238 4730; x_wconf 78' lang='grc' dir='ltr'><strong>διὰ</strong></span> <span class='ocrx_word' id='word_1_827' title='bbox 3273 4677 3532 4742; x_wconf 79' lang='grc' dir='ltr'>γενέσεως</span> <span class='ocrx_word' id='word_1_828' title='bbox 3571 4675 3831 4741; x_wconf 75' lang='grc' dir='ltr'>οὑσιὼοη,</span> <span class='ocrx_word' id='word_1_829' title='bbox 3883 4679 3997 4725; x_wconf 74' lang='grc' dir='ltr'>ἐπι-</span> 
     </span>
    </p>
   </div>
   <div class='ocr_carea' id='block_1_109' title="bbox 2446 4765 3994 4846">
    <p class='ocr_par' dir='ltr' id='par_1_109' title="bbox 2446 4765 3994 4846">
     <span class='ocr_line' id='line_1_109' title="bbox 2446 4765 3994 4846; baseline -0.008 -19"><span class='ocrx_word' id='word_1_830' title='bbox 2446 4776 2598 4846; x_wconf 82' lang='grc' dir='ltr'>ζητεῖ</span> <span class='ocrx_word' id='word_1_831' title='bbox 2636 4775 2739 4842; x_wconf 81' lang='grc' dir='ltr'><strong>πρὸ</strong></span> <span class='ocrx_word' id='word_1_832' title='bbox 2763 4771 2854 4824; x_wconf 75' lang='grc' dir='ltr'>τοῦ</span> <span class='ocrx_word' id='word_1_833' title='bbox 2887 4771 3112 4823; x_wconf 83' lang='grc' dir='ltr'>θανάτου</span> <span class='ocrx_word' id='word_1_834' title='bbox 3145 4769 3330 4836; x_wconf 76' lang='grc' dir='ltr'>μαθεῖν</span> <span class='ocrx_word' id='word_1_835' title='bbox 3355 4769 3415 4819; x_wconf 85' lang='grc' dir='ltr'><strong>τὸ</strong></span> <span class='ocrx_word' id='word_1_836' title='bbox 3442 4768 3724 4819; x_wconf 79' lang='grc' dir='ltr'>ἀθάνατον.</span> <span class='ocrx_word' id='word_1_837' title='bbox 3769 4765 3835 4817; x_wconf 84' lang='grc' dir='ltr'>Τί</span> <span class='ocrx_word' id='word_1_838' title='bbox 3865 4766 3994 4824; x_wconf 82' lang='grc' dir='ltr'>οὗν;</span> 
     </span>
    </p>
   </div>
   <div class='ocr_carea' id='block_1_110' title="bbox 2447 4857 4000 4930">
    <p class='ocr_par' dir='ltr' id='par_1_110' title="bbox 2447 4857 4000 4930">
     <span class='ocr_line' id='line_1_110' title="bbox 2447 4857 4000 4930; baseline -0.008 -13"><span class='ocrx_word' id='word_1_839' title='bbox 2447 4865 2614 4918; x_wconf 81' lang='grc' dir='ltr'>ταῦτα</span> <span class='ocrx_word' id='word_1_840' title='bbox 2638 4864 2809 4916; x_wconf 84' lang='grc' dir='ltr'>πάντα</span> <span class='ocrx_word' id='word_1_841' title='bbox 2833 4861 3260 4930; x_wconf 76' lang='grc' dir='ltr'>μετα-πλάττεται</span> <span class='ocrx_word' id='word_1_842' title='bbox 3288 4859 3379 4911; x_wconf 72' lang='grc' dir='ltr'><strong>καὶ</strong></span> <span class='ocrx_word' id='word_1_843' title='bbox 3405 4857 3724 4924; x_wconf 76' lang='grc' dir='ltr'>μεταϐάλλει</span> <span class='ocrx_word' id='word_1_844' title='bbox 3751 4859 3844 4908; x_wconf 80' lang='grc' dir='ltr'><strong>καὶ</strong></span> <span class='ocrx_word' id='word_1_845' title='bbox 3867 4859 4000 4925; x_wconf 67' lang='grc' dir='ltr'>πρὸς</span> 
     </span>
    </p>
   </div>
   <div class='ocr_carea' id='block_1_111' title="bbox 2445 4947 4000 5021">
    <p class='ocr_par' dir='ltr' id='par_1_111' title="bbox 2445 4947 4000 5021">
     <span class='ocr_line' id='line_1_111' title="bbox 2445 4947 4000 5021; baseline -0.008 -15"><span class='ocrx_word' id='word_1_846' title='bbox 2445 4956 2537 5006; x_wconf 84' lang='grc' dir='ltr'><strong>τὸν</strong></span> <span class='ocrx_word' id='word_1_847' title='bbox 2563 4957 2684 5021; x_wconf 83' lang='grc' dir='ltr'>ὅρον</span> <span class='ocrx_word' id='word_1_848' title='bbox 2704 4955 2803 5004; x_wconf 81' lang='grc' dir='ltr'><strong>οὐκ</strong></span> <span class='ocrx_word' id='word_1_849' title='bbox 2830 4952 3123 5018; x_wconf 81' lang='grc' dir='ltr'>ἀγανακτεῖ</span> <span class='ocrx_word' id='word_1_850' title='bbox 3158 4952 3257 5016; x_wconf 78' lang='grc' dir='ltr'>τῆς</span> <span class='ocrx_word' id='word_1_851' title='bbox 3288 4949 3553 5008; x_wconf 83' lang='grc' dir='ltr'>πλάσεως.</span> <span class='ocrx_word' id='word_1_852' title='bbox 3586 4947 3700 4998; x_wconf 77' lang='grc' dir='ltr'>ἀλλ’</span> <span class='ocrx_word' id='word_1_853' title='bbox 3735 4947 4000 5006; x_wconf 72' lang='grc' dir='ltr'>εὐπειθῶς</span> 
     </span>
    </p>
   </div>
   <div class='ocr_carea' id='block_1_112' title="bbox 2445 5027 3999 5112">
    <p class='ocr_par' dir='ltr' id='par_1_112' title="bbox 2445 5027 3999 5112">
     <span class='ocr_line' id='line_1_112' title="bbox 2445 5027 3999 5112; baseline -0.008 -17"><span class='ocrx_word' id='word_1_854' title='bbox 2445 5046 2597 5112; x_wconf 79' lang='grc' dir='ltr'>φέρει</span> <span class='ocrx_word' id='word_1_855' title='bbox 2633 5042 2724 5093; x_wconf 79' lang='grc' dir='ltr'>τοῦ</span> <span class='ocrx_word' id='word_1_856' title='bbox 2754 5041 2997 5108; x_wconf 86' lang='grc' dir='ltr'>τεχνίτου</span> <span class='ocrx_word' id='word_1_857' title='bbox 3022 5039 3079 5089; x_wconf 80' lang='grc' dir='ltr'>τὸ</span> <span class='ocrx_word' id='word_1_858' title='bbox 3110 5038 3352 5106; x_wconf 79' lang='grc' dir='ltr'>βούλημα</span> <span class='ocrx_word' id='word_1_859' title='bbox 3378 5052 3390 5064; x_wconf 85' lang='grc'><em>’</em></span> <span class='ocrx_word' id='word_1_860' title='bbox 3423 5036 3581 5103; x_wconf 84' lang='grc' dir='ltr'>ἡμεῖς</span> <span class='ocrx_word' id='word_1_861' title='bbox 3617 5034 3672 5084; x_wconf 82' lang='grc' dir='ltr'>δὲ</span> <span class='ocrx_word' id='word_1_862' title='bbox 3702 5032 3768 5084; x_wconf 83' lang='grc' dir='ltr'><strong>δι’</strong></span> <span class='ocrx_word' id='word_1_863' title='bbox 3798 5027 3872 5084; x_wconf 81' lang='grc' dir='ltr'>ὢν</span> <span class='ocrx_word' id='word_1_864' title='bbox 3900 5033 3999 5096; x_wconf 85' lang='grc' dir='ltr'>μά-</span> 
     </span>
    </p>
   </div>
   <div class='ocr_carea' id='block_1_113' title="bbox 2446 5125 3999 5205">
    <p class='ocr_par' dir='ltr' id='par_1_113' title="bbox 2446 5125 3999 5205">
     <span class='ocr_line' id='line_1_113' title="bbox 2446 5125 3999 5205; baseline -0.008 -17"><span class='ocrx_word' id='word_1_865' title='bbox 2446 5155 2540 5205; x_wconf 79' lang='grc' dir='ltr'>την</span> <span class='ocrx_word' id='word_1_866' title='bbox 2568 5134 2893 5202; x_wconf 76' lang='grc' dir='ltr'>κοπτόμεϐας</span> <span class='ocrx_word' id='word_1_867' title='bbox 2917 5131 3035 5183; x_wconf 79' lang='grc' dir='ltr'>καθ’</span> <span class='ocrx_word' id='word_1_868' title='bbox 3061 5131 3214 5199; x_wconf 80' lang='grc' dir='ltr'>ἡμῶν</span> <span class='ocrx_word' id='word_1_869' title='bbox 3255 5131 3316 5180; x_wconf 74' lang='grc' dir='ltr'><strong>τὸ</strong></span> <span class='ocrx_word' id='word_1_870' title='bbox 3341 5129 3494 5179; x_wconf 81' lang='grc' dir='ltr'>Θείον</span> <span class='ocrx_word' id='word_1_871' title='bbox 3521 5125 3874 5195; x_wconf 73' lang='grc' dir='ltr'>παροργίζειν</span> <span class='ocrx_word' id='word_1_872' title='bbox 3903 5128 3999 5176; x_wconf 73' lang='grc' dir='ltr'>οὐκ</span> 
     </span>
    </p>
   </div>
   <div class='ocr_carea' id='block_1_114' title="bbox 2404 5218 3997 5295">
    <p class='ocr_par' dir='ltr' id='par_1_114' title="bbox 2404 5218 3997 5295">
     <span class='ocr_line' id='line_1_114' title="bbox 2404 5218 3997 5295; baseline -0.009 -15"><span class='ocrx_word' id='word_1_873' title='bbox 2404 5222 2743 5295; x_wconf 72' lang='grc' dir='ltr'>ίόγνήσομεν</span> <span class='ocrx_word' id='word_1_874' title='bbox 2765 5242 2777 5286; x_wconf 87' lang='lat'>;</span> <span class='ocrx_word' id='word_1_875' title='bbox 2798 5225 2890 5276; x_wconf 74' lang='grc' dir='ltr'>καὶ</span> <span class='ocrx_word' id='word_1_876' title='bbox 2907 5222 3140 5274; x_wconf 76' lang='grc' dir='ltr'>τοσαῦτα</span> <span class='ocrx_word' id='word_1_877' title='bbox 3161 5221 3263 5291; x_wconf 82' lang='grc' dir='ltr'>πρὸ</span> <span class='ocrx_word' id='word_1_878' title='bbox 3280 5218 3568 5285; x_wconf 69' lang='grc' dir='ltr'>ὀφθαλμῶν</span> <span class='ocrx_word' id='word_1_879' title='bbox 3589 5218 3802 5285; x_wconf 81' lang='grc' dir='ltr'>ἔχοντες</span> <span class='ocrx_word' id='word_1_880' title='bbox 3823 5233 3997 5284; x_wconf 79' lang='grc' dir='ltr'>παρα-</span> 
     </span>
    </p>
   </div>
   <div class='ocr_carea' id='block_1_115' title="bbox 2444 5309 3999 5387">
    <p class='ocr_par' dir='ltr' id='par_1_115' title="bbox 2444 5309 3999 5387">
     <span class='ocr_line' id='line_1_115' title="bbox 2444 5309 3999 5387; baseline -0.009 -16"><span class='ocrx_word' id='word_1_881' title='bbox 2444 5320 2707 5387; x_wconf 83' lang='grc' dir='ltr'>δείγματα</span> <span class='ocrx_word' id='word_1_882' title='bbox 2727 5360 2740 5382; x_wconf 86' lang='lat'><strong>,</strong></span> <span class='ocrx_word' id='word_1_883' title='bbox 2771 5317 2871 5369; x_wconf 84' lang='grc' dir='ltr'><strong>ὑπὸ</strong></span> <span class='ocrx_word' id='word_1_884' title='bbox 2894 5315 3093 5366; x_wconf 79' lang='grc' dir='ltr'>τούτων</span> <span class='ocrx_word' id='word_1_885' title='bbox 3119 5315 3214 5381; x_wconf 78' lang='grc' dir='ltr'><strong>μὲν</strong></span> <span class='ocrx_word' id='word_1_886' title='bbox 3244 5311 3451 5371; x_wconf 73' lang='grc' dir='ltr'>οὐδενὸς</span> <span class='ocrx_word' id='word_1_887' title='bbox 3479 5309 3856 5376; x_wconf 77' lang='grc' dir='ltr'>ἁνανήψομεν;</span> <span class='ocrx_word' id='word_1_888' title='bbox 3904 5311 3999 5358; x_wconf 69' lang='grc' dir='ltr'>ὅσα</span> 
     </span>
    </p>
   </div>
   <div class='ocr_carea' id='block_1_116' title="bbox 2445 5400 3997 5474">
    <p class='ocr_par' dir='ltr' id='par_1_116' title="bbox 2445 5400 3997 5474">
     <span class='ocr_line' id='line_1_116' title="bbox 2445 5400 3997 5474; baseline -0.01 -11"><span class='ocrx_word' id='word_1_889' title='bbox 2445 5411 2501 5463; x_wconf 78' lang='grc' dir='ltr'><strong>δὲ</strong></span> <span class='ocrx_word' id='word_1_890' title='bbox 2527 5412 2585 5462; x_wconf 72' lang='grc' dir='ltr'>τὸ</span> <span class='ocrx_word' id='word_1_891' title='bbox 2616 5410 2783 5467; x_wconf 79' lang='grc' dir='ltr'>πάθος</span> <span class='ocrx_word' id='word_1_892' title='bbox 2807 5408 2899 5459; x_wconf 78' lang='grc' dir='ltr'><strong>καὶ</strong></span> <span class='ocrx_word' id='word_1_893' title='bbox 2927 5409 2954 5458; x_wconf 81' lang='grc' dir='ltr'><strong>ὁ</strong></span> <span class='ocrx_word' id='word_1_894' title='bbox 2985 5405 3214 5474; x_wconf 75' lang='grc' dir='ltr'>πονηρὸς</span> <span class='ocrx_word' id='word_1_895' title='bbox 3245 5403 3590 5471; x_wconf 74' lang='grc' dir='ltr'>ὑπαγορεύει,</span> <span class='ocrx_word' id='word_1_896' title='bbox 3634 5400 3842 5459; x_wconf 69' lang='grc' dir='ltr'>τούτοις</span> <span class='ocrx_word' id='word_1_897' title='bbox 3871 5401 3997 5449; x_wconf 65' lang='grc' dir='ltr'>ἐαυ-</span> 
     </span>
    </p>
   </div>
   <div class='ocr_carea' id='block_1_117' title="bbox 2453 5490 4000 5568">
    <p class='ocr_par' dir='ltr' id='par_1_117' title="bbox 2453 5490 4000 5568">
     <span class='ocr_line' id='line_1_117' title="bbox 2453 5490 4000 5568; baseline -0.011 -14"><span class='ocrx_word' id='word_1_898' title='bbox 2453 5504 2574 5562; x_wconf 73' lang='grc' dir='ltr'>τους</span> <span class='ocrx_word' id='word_1_899' title='bbox 2605 5499 3029 5568; x_wconf 74' lang='grc' dir='ltr'>παραδώσομενς</span> <span class='ocrx_word' id='word_1_900' title='bbox 3066 5494 3292 5547; x_wconf 74' lang='grc' dir='ltr'>Ἔλαϐεν</span> <span class='ocrx_word' id='word_1_901' title='bbox 3331 5495 3358 5545; x_wconf 72' lang='grc' dir='ltr'>ὁ</span> <span class='ocrx_word' id='word_1_902' title='bbox 3383 5492 3630 5559; x_wconf 73' lang='grc' dir='ltr'>ῐιλάστης</span> <span class='ocrx_word' id='word_1_903' title='bbox 3658 5490 3791 5556; x_wconf 62' lang='grc' dir='ltr'>πρὸς</span> <span class='ocrx_word' id='word_1_904' title='bbox 3817 5491 4000 5539; x_wconf 75' lang='grc' dir='ltr'>ἑαυτον</span> 
     </span>
    </p>
   </div>
   <div class='ocr_carea' id='block_1_118' title="bbox 2452 5581 4000 5661">
    <p class='ocr_par' dir='ltr' id='par_1_118' title="bbox 2452 5581 4000 5661">
     <span class='ocr_line' id='line_1_118' title="bbox 2452 5581 4000 5661; baseline -0.011 -15"><span class='ocrx_word' id='word_1_905' title='bbox 2452 5594 2509 5646; x_wconf 76' lang='grc' dir='ltr'><strong>τὸ</strong></span> <span class='ocrx_word' id='word_1_906' title='bbox 2542 5592 2964 5661; x_wconf 71' lang='grc' dir='ltr'>πλαστοὺργημα</span> <span class='ocrx_word' id='word_1_907' title='bbox 2989 5607 3002 5620; x_wconf 74' lang='grc' dir='ltr'><strong>ο</strong></span> <span class='ocrx_word' id='word_1_908' title='bbox 3032 5590 3122 5641; x_wconf 68' lang='grc' dir='ltr'><strong>καὶ</strong></span> <span class='ocrx_word' id='word_1_909' title='bbox 3146 5589 3208 5640; x_wconf 75' lang='grc' dir='ltr'><strong>συ</strong></span> <span class='ocrx_word' id='word_1_910' title='bbox 3233 5589 3328 5638; x_wconf 74' lang='grc' dir='ltr'><strong>οὐκ</strong></span> <span class='ocrx_word' id='word_1_911' title='bbox 3357 5584 3522 5652; x_wconf 79' lang='grc' dir='ltr'>ἀνέχῃ</span> <span class='ocrx_word' id='word_1_912' title='bbox 3547 5585 3629 5634; x_wconf 78' lang='grc' dir='ltr'><strong>ἵνα</strong></span> <span class='ocrx_word' id='word_1_913' title='bbox 3661 5582 3796 5650; x_wconf 78' lang='grc' dir='ltr'>λύσῃ</span> <span class='ocrx_word' id='word_1_914' title='bbox 3833 5581 4000 5632; x_wconf 73' lang='grc' dir='ltr'>πόνων</span> 
     </span>
    </p>
   </div>
  </div>
