4236 6436
260 402 358 466 921

1403 410 1937 474 EPISTOLARUM
1976 415 2206 478 LIBER
2249 418 2328 478 Ιῐ.

3383 424 3487 488 922

263 525 359 571 καὶ
391 514 705 586 φροντίδων,
740 516 775 568 ἃ
796 514 872 585 τῷ
903 516 1001 584 βίῳ
1027 517 1240 579 πάντως
1287 521 1788 574 συνανακύπτουσιν
1809 538 1821 551 '
1851 524 1899 583 Λ

1928 524 2125 581 frustra
2152 528 2472 598 plangimur,
2502 542 2599 598 per
2628 535 2872 582 nostram
2902 528 3046 582 illam
3068 530 3343 597 querelam
3372 532 3486 587 Nu-

263 611 359 662 καὶ
399 611 465 662 σὺ
490 608 855 678 δυσχεραίνεις
891 610 975 660 ἵνα
1007 611 1282 679 ἀναστήσῃ
1311 627 1325 640 ·
1358 612 1453 663 καὶ
1476 614 1540 663 σὺ
1571 612 1666 682 τὴν
1706 630 1828 665 τοσ-

264 700 437 768 αὐτην
458 701 618 768 χάριν
650 700 887 770 ὀλοφύρῃ
916 719 929 765 ;
958 702 1127 764 Αὐτὸς
1174 703 1588 768 ἀπαθανατίζει,
1614 706 1708 757 καὶ
1739 708 1825 770 σὺ,

263 793 339 853 ὼς
373 793 571 859 μηκέτι
590 791 774 859 οῠσης,
798 795 876 854 είς
900 794 1164 862 ὀδυρμοὺς
1186 796 1542 857 καταπίπτεις
1565 811 1579 823 ·
1606 798 1698 850 καὶ
1723 798 1827 849 ποῦ

262 882 434 933 ταῦτα
465 883 565 950 τῆς
596 883 693 952 σῆς
726 885 923 953 ἀρετῆς
973 886 1133 950 ἀξιας
1176 886 1288 938 ἀλλ’
1317 886 1673 955 ἀναλάϐωμεν
1702 890 1847 941 tau--

263 976 411 1035 τοὺς,
443 976 754 1043 ὲπιγνῶμεν
794 976 950 1044 ἡμῶν
994 977 1092 1045 τὴν
1148 978 1330 1046 φύσιν,
1390 980 1704 1050 ὲπιγνῶμεν
1738 980 1828 1033 τὸν

267 1066 536 1133 ΙΙλάστην,
572 1067 914 1135 ἐννοήσωμεν
943 1068 1043 1138 τὴν
1092 1068 1327 1122 ἄϐυσσον
1352 1071 1453 1137 τῆς
1493 1073 1828 1136 Δεσποτικῆς

265 1152 695 1223 φιλανθρωπίας.
736 1158 972 1211 Ἔδωκεν
1006 1160 1083 1220 είς
1115 1161 1390 1229 ἐπιτιμίου
1419 1161 1572 1229 λόγον
1613 1164 1702 1214 τὸν
1732 1163 1828 1216 θά-

265 1260 459 1295 νατον·
492 1245 607 1297 ἀλλ’
646 1247 945 1309 ἀθανασίας
994 1250 1153 1301 αὐτὸν
1208 1251 1382 1318 πύλην
1408 1251 1474 1303 δι’
1536 1253 1664 1304 ίδίου
1700 1270 1828 1316 μετ·

266 1337 561 1389 εσκεύασεν
583 1339 835 1393 θανάτου.
883 1341 1081 1409 Ὀργῆς
1128 1341 1222 1393 καὶ
1240 1343 1661 1412 ἀγανακτήσεως
1688 1345 1826 1395 ἀπό-

268 1447 431 1495 φασις
460 1427 555 1498 ἦν·
610 1432 745 1483 ἀλλὰ
802 1433 901 1499 τὴν
925 1433 1099 1500 ἄκραν
1157 1433 1470 1503 ἀγαθότητα
1509 1435 1602 1486 τοῦ
1637 1436 1826 1505 κριτοῦ

270 1522 464 1589 μηνύει
488 1539 502 1552 ·
530 1522 645 1575 ἀλλ’
685 1524 997 1592 ὑπερϐαίνει
1044 1524 1316 1592 λογισμῶν
1376 1525 1630 1594 μεθόδους
1659 1528 1718 1579 τὸ
1742 1529 1828 1579 ὲν-

268 1608 467 1677 νόημα.
498 1610 628 1662 Λύει
665 1612 761 1679 μὲν
787 1612 895 1679 γάρ
917 1612 1127 1681 θανάτῳ
1152 1614 1248 1681 τὴν
1268 1614 1447 1680 φύσιν,
1473 1616 1593 1683 ἣτις
1623 1616 1709 1667 διὰ
1734 1617 1827 1668 τοῦ

267 1700 592 1765 προγονικοῦ
628 1702 910 1771 συνετρίϐη
945 1702 1412 1771 παραπτώματος·
1439 1704 1551 1756 ἀλλ’
1600 1720 1633 1773 η
1678 1723 1827 1767 Αυσις

266 1790 550 1857 προοίμιον
577 1789 673 1858 τῆς
703 1790 1057 1853 ἀναπλάσεως
1080 1792 1305 1857 γίνεται.
1337 1796 1543 1861 Διαιρεῖ
1587 1794 1680 1845 τοῦ
1716 1796 1821 1846 σώ-

268 1894 439 1947 ματος
490 1880 589 1946 τὴν
620 1879 797 1948 ψυχήν
817 1896 830 1909 ’
862 1880 955 1932 καὶ
1007 1881 1037 1947 ή
1069 1880 1327 1950 διαίρεσις
1350 1883 1492 1952 ἀρχὴ
1537 1883 1825 1950 συναφείας
1856 1863 1899 1919 Β

263 1970 651 2039 λαμπροτέρας
681 1986 740 2022 τε
780 1971 872 2023 καὶ
898 1971 1173 2041 θειοτέρας
1216 1973 1546 2041 εὑρίσκεται*
1584 1976 1825 2042 Σπειξρε-

263 2078 363 2113 ται
396 2062 503 2129 γὰρ
534 2060 702 2129 σῶμα
722 2063 1009 2130 ψυχικὸν,
1040 2064 1321 2131 trs/perat
1344 2065 1514 2132 σῶμα
1562 2081 1827 2131 πνευμα-

263 2154 467 2203 τικόν·
512 2152 815 2220 σπείρεται
856 2152 927 2204 ἐν
979 2155 1195 2221 ἀτιμίᾳ,
1243 2155 1525 2223 ἐγείρεται
1552 2158 1621 2209 ἐν
1651 2157 1823 2223 δόξῃ.

279 2242 671 2312 ’Λναλαμϐἀνει
695 2244 755 2296 τὸ
782 2244 1148 2314 φιλοτέχνημα
1186 2246 1293 2299 τῶν
1331 2250 1543 2300 οἰκείων
1572 2249 1767 2319 χειρῶν
1797 2252 1825 2301 6

264 2335 605 2404 Δημιουργὸς
630 2374 647 2399 ,
694 2335 839 2388 ἕλκει
880 2338 1017 2406 πρὸς
1050 2338 1239 2389 ἑαυτόν
1266 2355 1279 2369 ⁸
1329 2340 1547 2408 χωρίζει
1591 2342 1688 2409 μὲν
1717 2340 1824 2393 τῶν

262 2426 617 2496 ἀνθρωπίνων
648 2427 961 2497 ὀφθαλμῶν,
1018 2430 1131 2481 ἀλλ’
1193 2430 1295 2481 ὑπὸ
1336 2434 1455 2493 ταῖς
1508 2432 1825 2498 ἀγγελικαῖς

262 2519 572 2587 ἀστραπαῖς
588 2520 681 2571 καὶ
704 2517 1075 2588 λαμπρότησιν
1092 2520 1475 2585 ἐγκατοικίξει.
1514 2522 1622 2573 Ποῦ
1653 2523 1823 2575 ταῦτα

265 2608 497 2676 θρήνων,
557 2607 660 2658 ποῦ
708 2608 765 2659 δὲ
792 2608 1076 2677 δακρύων;
1108 2608 1268 2660 πόσον
1298 2610 1491 2679 ἀπέχει
1523 2612 1724 2664 τούτων
1762 2614 1821 2666 τὸ

263 2698 458 2761 πένθος
481 2716 495 2765 ;
523 2700 705 2752 Ταῦτα
730 2701 1083 2770 διανοουμένη
1114 2701 1206 2752 καὶ
1226 2702 1453 2771 μελέτην
1475 2703 1691 2773 ἔχουσα,
1730 2709 1822 2759 καὶ

268 2795 376 2860 πρό
401 2810 463 2860 γε
489 2792 692 2845 τούτων
720 2794 970 2845 ἁπάντων
997 2797 1170 2847 ἐκεῖνο
1192 2793 1429 2847 λαϐοῦσα
1454 2797 1553 2863 τῆς
1583 2799 1820 2867 μνήμης,

264 2888 345 2937 ὅτι
376 2889 439 2937 ἐκ
466 2885 698 2954 βρέφους
724 2886 843 2955 Θεῷ
870 2886 1185 2952 ὲκολλήθης,
1215 2886 1309 2937 καὶ
1343 2886 1420 2955 τῷ
1440 2886 1700 2957 ἀφθάρτῳ
1730 2890 1823 2939 καὶ

265 2978 517 3046 ἀθανάτῳ
543 2978 757 3046 νυμφίῳ
785 2977 1001 3045 Χριστῷ
1035 2977 1416 3045 συνηρμόσθης
1435 3017 1450 3040 ,
1498 2983 1823 3049 γεννήτορας

269 3072 368 3137 μὲν
392 3072 482 3123 καὶ
511 3072 769 3138 ἀδελφοὺς
794 3074 886 3122 καὶ
909 3071 1227 3137 συγγένειαν
1250 3072 1428 3122 πᾶσαν
1450 3072 1820 3141 ἀρνησαμένη,

1931 633 2051 671 men
2086 619 2298 673 irritare
2329 636 2435 675 non
2467 634 2792 689 gravamur:
2828 634 3003 688 neque
3025 635 3146 672 eum
3181 630 3256 674 tot
3289 622 3489 677 habea-

1930 725 2051 763 mus
2078 727 2186 779 pra:
2215 711 2384 764 oculis
2414 711 2681 780 exempla,
2708 710 2774 763 ad
2800 726 2984 764 eorum
3020 713 3232 781 aliquod
3271 716 3487 770 excitati

1928 801 2075 855 velut
2102 802 2168 855 de
2198 801 2407 855 somnio
2442 804 2683 871 sapimus
2706 844 2720 866 ,
2763 804 2858 856 sed
2897 806 3074 871 potius
3108 821 3204 857 nos
3231 806 3296 858 iis
3328 811 3488 860 tradi-

1931 908 2048 947 mus
2076 894 2441 962 exagitandos,
2467 911 2585 964 quae
2631 897 2880 951 diabolus
2912 898 3147 965 suggerit
3179 908 3233 952 et
3260 899 3487 955 allectus

1928 986 2118 1038 nostri.
2147 984 2447 1040 Transtulit
2483 988 2757 1055 Opificium
2794 1004 2950 1042 suum
2986 990 3051 1041 ad
3088 990 3321 1057 seipsum
3353 994 3483 1045 arti-

1929 1075 2053 1140 fex;
2087 1084 2144 1129 tu
2192 1086 2373 1131 autem
2413 1092 2552 1147 a-gre
2581 1077 2687 1130 fers
2712 1120 2726 1141 ,
2769 1088 2825 1131 ut
2858 1094 2885 1131 a
2912 1079 3183 1131 laboribus
3225 1090 3279 1133 et
3317 1083 3483 1145 curis,

1927 1182 2047 1234 (μιαι
2089 1167 2291 1235 passim
2348 1184 2444 1236 per
2470 1169 2592 1222 vita:
2621 1184 2835 1222 cursum
2885 1180 3195 1229 occurrunt.
3222 1187 3280 1224 se
3325 1188 3486 1240 expe-

1928 1258 2059 1311 diat.
2102 1257 2217 1313 Pati
2249 1274 2355 1312 non
2398 1270 2550 1328 potes
2583 1252 2643 1312 ut
2683 1270 2927 1330 resurgat
2967 1263 3087 1326 illa;
3117 1264 3208 1316 sed
3237 1264 3393 1316 talem
3432 1273 3486 1318 et

1931 1360 2131 1402 tantam
2163 1350 2383 1418 gratiam
2424 1352 2675 1406 collatam
2707 1352 2878 1405 doles.
2935 1353 3072 1405 Deus
3109 1355 3252 1407 illam
3303 1355 3485 1407 reddi-

1927 1442 2006 1494 dit
2062 1442 2437 1505 immortalem,
2475 1452 2529 1495 et
2584 1450 2640 1495 tu
2697 1444 2918 1507 idcirco,
2973 1445 3124 1511 quasi
3162 1461 3269 1497 non
3310 1445 3487 1499 adhuc

1928 1542 2164 1587 exstaret
2223 1534 2442 1597 alicubi,
2490 1534 2542 1587 in
2606 1535 2779 1588 lessus
2848 1545 2900 1587 te
2950 1536 3100 1587 dedis
3133 1545 3185 1588 et
3228 1538 3481 1589 lamenta.

1932 1624 2181 1678 Haeecine
2215 1636 2357 1678 tuam
2389 1641 2458 1677 an
2504 1641 2610 1679 non
2645 1626 2909 1679 dedecent
2937 1626 3230 1679 virtutem?
3257 1628 3485 1679 ltecnlli-

1929 1730 2115 1784 gamus
2146 1732 2244 1769 nos
2296 1718 2438 1784 ipsos
2485 1727 2687 1779 autem,
2722 1727 2965 1770 naturam
3012 1728 3252 1770 nostram
3285 1720 3486 1772 recola-

1934 1813 2079 1871 mus',
2131 1808 2473 1862 Conditorem
2545 1824 2899 1877 agnoscamus
2931 1851 2944 1872 ,
2993 1812 3238 1878 abyssum
3289 1812 3485 1865 divina:

1929 1898 2310 1953 misericordiae
2332 1901 2648 1969 cogitemus.
2683 1900 2904 1955 Mortem
2954 1902 3041 1954 ille
3068 1904 3343 1955 constituit
3366 1913 3484 1955 tan-

1925 2005 2082 2057 quam
2133 2005 2385 2059 paznam,
2446 1993 2538 2045 sed
2594 2008 2689 2061 per
2725 1994 2994 2061 propriam
3052 2010 3202 2046 suam
3255 2006 3484 2048 mortem

1921 2082 2139 2149 januam
2174 2083 2585 2136 immortalitatis
2605 2096 2835 2137 mortem
2864 2086 3145 2138 constituit
3172 2104 3185 2139 :
3216 2089 3482 2141 sententia

1927 2173 2025 2227 fuit
2087 2175 2228 2237 irati,
2276 2182 2330 2227 et
2368 2176 2697 2244 indignantis
2723 2175 2836 2235 Dei,
2880 2177 2971 2229 sed
3002 2187 3184 2229 tamen
3234 2179 3484 2231 eximiam

1921 2265 2115 2331 judicis
2151 2265 2444 2317 bonitatem
2506 2265 2746 2329 indicat;
2803 2266 3023 2319 rationis
3078 2267 3217 2319 viam
3266 2283 3482 2320 onlnem

1924 2367 2211 2426 exsuperat
2232 2357 2502 2427 cogitatio.
2535 2357 2636 2411 Per
2661 2368 2888 2412 mortem
2929 2368 3119 2411 natura
3149 2359 3374 2412 εοΙγῑιιιι·
3397 2375 3481 2421 ea,

1923 2465 2043 2517 qua:
2066 2450 2446 2502 conterebatur
2480 2464 2576 2517 per
2630 2450 2788 2518 primi
2835 2451 3072 2519 parentis
3100 2451 3482 2520 transgressio—

1923 2560 2086 2609 nem;
2120 2544 2211 2597 scd
2270 2544 2357 2597 illa
2402 2544 2684 2598 dissolutio
2720 2546 2777 2598 fit
2808 2546 3122 2613 prooemium
3170 2555 3367 2599 nostra:
3398 2561 3484 2599 re-
3536 2530 3539 2531 ν

1923 2634 2232 2688 creatiunis.
2290 2634 2499 2701 Corpus
2544 2642 2597 2687 ct
2627 2634 2859 2687 animam
2906 2642 3116 2701 separat
3177 2648 3359 2694 mors;
3394 2633 3483 2686 illa

1924 2736 2101 2779 autem
2130 2726 2531 2792 conjunctionis
2565 2727 2785 2781 alterius
2820 2736 2874 2779 et
2903 2726 3209 2778 illustrioris
3240 2735 3293 2778 ct
3344 2725 3483 2778 divi-

1924 2820 2089 2873 ninris
2156 2818 2367 2871 initium
2418 2819 2722 2887 reperitur:
2767 2818 3067 2871 Seminatur
3116 2819 3254 2870 enim
3300 2834 3485 2885 corpus

1924 2912 2179 2972 animale,
2206 2913 2371 2980 surgit
2403 2929 2588 2978 corpus
2635 2912 2947 2978 spiritualc;
2975 2911 3265 2963 seminatur
3301 2927 3484 2978 corpus

1926 3004 1976 3053 in
2006 3003 2269 3066 dedecore,
2296 3008 2460 3073 surgit
2499 3005 2553 3055 in
2580 3004 2747 3073 gloria
2782 3004 2845 3054 ¹⁵.
2880 3003 3027 3071 Opus
3058 3004 3201 3056 enim
3228 3019 3483 3056 manuum

1926 3107 2139 3143 suarum
2176 3092 2403 3144 assumit
2428 3091 2637 3160 Opifex,
2673 3093 2736 3144 ad
2765 3108 2821 3145 se.
2854 3093 3107 3146 transfert
3136 3111 3149 3155 ;
3182 3095 3394 3161 seponit
3419 3094 3485 3144 ab

266 3162 413 3231 αύτῴ
447 3162 500 3214 δὲ
524 3164 670 3233 μόνῳ
697 3163 787 3214 τὸν
817 3163 925 3231 βίον
951 3163 1067 3214 ὅλον
1090 3162 1182 3214 καὶ
1201 3163 1299 3232 τὴν
1320 3161 1463 3229 ζωὴν
1488 3163 1820 3231 καθυποσχο-
1851 3197 1892 3253 c

1930 3182 2176 3235 humanis
2236 3182 2445 3245 oculis,
2482 3184 2573 3235 sed
2627 3183 2865 3236 habitare
2917 3184 3045 3236 facit
3073 3185 3124 3236 in
3170 3193 3486 3238 coruscante

271 3258 437 3322 μὲνηο
478 3255 551 3324 μὴ
583 3254 877 3322 καθύϐριζε
922 3258 1033 3317 τοῖς
1079 3254 1330 3324 ὀδυρμοῖς
1386 3254 1482 3323 τὴν
1512 3256 1819 3323 ὁμολογίαν,

270 3348 403 3415 μηδὲ
435 3346 512 3415 τῷ
545 3347 727 3398 πένθει
754 3348 851 3415 τὴν
880 3348 1037 3415 χάριν
1061 3348 1272 3414 ἐκείνην
1293 3348 1657 3418 ἀμαυρώσῃς,
1693 3349 1823 3416 μηδὲ

266 3443 334 3510 τῇ
363 3440 455 3493 νῦν
479 3441 886 3509 σκυθρωπότητι
924 3440 1021 3509 τὴν
1049 3442 1155 3493 τῶν
1189 3441 1435 3507 ἀγγέλων
1484 3442 1604 3493 τότε
1655 3444 1825 3511 χαράν

268 3533 591 3604 ἀπαλλάξῃ.
631 3534 727 3585 Ἂν
747 3534 853 3603 γὰρ
883 3530 964 3595 οἷς
995 3536 1189 3585 ἐκεῖνοι
1224 3536 1339 3587 νυνὶ
1370 3534 1648 3603 χαίρουσιν
1686 3552 1825 3602 παρ-

268 3627 421 3678 Θένον
445 3626 621 3694 ψυχὴν
648 3626 739 3676 καὶ
769 3627 878 3676 τῶν
913 3625 1101 3677 παθῶν
1137 3626 1433 3694 ἀνωτέραν,
1484 3630 1561 3688 εἰς
1585 3627 1825 3695 ἀναπλή-

273 3733 437 3785 ρωσιν
464 3715 571 3768 τῶν
604 3716 983 3786 ἀπορρυέντων
1008 3717 1296 3784 δαιμονίων
1340 3718 1725 3785 εἰσδεξάμενοι,
1762 3720 1823 3771 σὺ

270 3808 436 3859 ταῦτα
472 3808 696 3869 πένθους
732 3809 1154 3870 κατασκευάζεις
1180 3808 1451 3861 ὑπόθεσιν.
1498 3811 1639 3878 Ὅρα
1680 3812 1824 3872 ὅπως

268 3904 380 3961 τοῖς
405 3900 675 3965 δευτέροις
710 3900 917 3966 πικρῶς
949 3900 1244 3967 ὲξυϐρίξεις
1265 3901 1331 3951 τὰ
1354 3901 1609 3970 πρότερα.
1642 3902 1824 3963 Οὐδεὶς

269 3992 530 4060 ἀκμάζων
553 3989 630 4059 τῷ
656 3990 788 4059 πρὸς
818 3991 907 4040 τὸν
948 3990 1175 4057 νυμφίον
1199 3990 1379 4058 ἔρωτι,
1415 3991 1587 4042 λείπει
1614 3991 1710 4058 μὲν
1735 3992 1825 4044 τὸν

273 4084 455 4147 πόθον,
484 4083 689 4150 γίνεται
716 4083 771 4134 δὲ
796 4082 889 4134 τοῦ
918 4082 1164 4144 πένθους.
1216 4085 1324 4135 Καὶ
1375 4083 1456 4135 ὅτι
1503 4084 1599 4150 μὲν
1625 4085 1825 4136 ἐκεῖνον

272 4178 406 4245 ἔχει,
438 4174 884 4228 ἐπιλανθάνεται·
937 4174 1198 4234 θανάτους
1248 4173 1304 4226 δὲ
1352 4177 1673 4244 περισκοπεῖ
1731 4174 1825 4227 καὶ⁵

271 4268 691 4337 περιεργάζεται
725 4267 820 4319 καὶ
851 4265 1059 4328 τούτοις
1101 4267 1492 4335 περιοδυνεῖται
1514 4281 1527 4295 ⁸
1565 4267 1640 4335 τῷ
1664 4267 1824 4320 πάθει

273 4360 362 4411 τὸν
405 4359 565 4409 πόθον
596 4358 887 4427 βαπτίζων,
920 4357 1013 4408 καὶ
1062 4358 1161 4424 τὴν
1212 4356 1384 4425 χαρὰν
1435 4356 1712 4425 προδιδοὺς
1756 4360 1822 4426 τῇ

273 4449 415 4523 λύπῃ
442 4450 804 4519 αίχμάλωτον.
842 4450 900 4501 Et
938 4448 1033 4514 μὲν
1062 4444 1153 4501 οὖν
1187 4450 1213 4499 6
1240 4449 1584 4516 τελευτήσας,
1625 4447 1822 4517 μᾶλλον

1931 3273 2315 3326 illuminatione
2343 3274 2674 3341 angelorum.
2715 3276 2795 3325 An
2841 3275 3081 3341 laerymae
3112 3273 3323 3340 hicjam
3350 3288 3486 3325 con-

1930 3363 2171 3432 gruunt?
2197 3378 2265 3415 an
2299 3364 2532 3415 lamenta
2561 3363 2582 3413 ?
2615 3379 2775 3430 quam
2821 3363 2976 3431 longe
3024 3363 3149 3415 hinc
3181 3371 3485 3415 removetur

1934 3456 2176 3522 planctus
2207 3452 2229 3505 ?
2263 3451 2385 3507 Haec
2408 3464 2465 3505 tu
2496 3452 2799 3515 revolvens,
2828 3466 2875 3505 et
2900 3453 3041 3520 apud
3069 3452 3305 3503 animum
3335 3460 3485 3503 tuum

1930 3545 2194 3613 cogitans,
2219 3554 2273 3597 et
2294 3552 2488 3612 praeter
2516 3543 2631 3597 haac
2656 3545 2835 3596 omnia
2874 3544 3015 3596 illius
3049 3544 3311 3611 imprimis
3336 3545 3488 3595 remi-

1930 3637 2164 3699 niscens,
2222 3636 2363 3704 quod
2405 3636 2511 3688 Deo
2541 3636 2607 3688 ab
2647 3635 2987 3687 incunabulis
3033 3635 3241 3687 addicta
3284 3636 3484 3695 fueras,

1931 3728 2323 3796 incorruptibili
2377 3736 2431 3780 et
2456 3727 2743 3778 immortali
2781 3741 2980 3793 sponso
3021 3726 3239 3778 Christo
3272 3724 3488 3793 copula-

1931 3830 2003 3883 ta,
2034 3829 2306 3888 parentes,
2339 3820 2552 3879 fratres,
2582 3818 3015 3887 consanguineos
3040 3818 3331 3885 abnegans,
3386 3818 3486 3884 ipsi

1930 3912 2032 3965 soli
2063 3914 2227 3965 vitam
2256 3912 2562 3965 universam
2591 3920 2645 3963 et
2674 3911 2884 3963 vivendi
2918 3911 3182 3962 rationem
3212 3908 3483 3976 stipulata.

1930 4003 2046 4056 Noli
2072 4004 2232 4072 igitur
2263 4003 2606 4056 lamentando
2632 4003 2772 4055 illam
2794 4011 2938 4054 tuam
2968 4002 3356 4070 professionem
3388 4001 3484 4053 de-

1930 4096 2222 4159 decorare;
2254 4094 2360 4147 noli
2393 4094 2535 4147 luctu
2556 4096 2693 4146 illam
2718 4096 2941 4163 gratiam
2979 4094 3263 4155 omiseare,
3290 4109 3355 4145 ne
3387 4109 3487 4161 pro

1931 4186 2178 4254 praesenti
2212 4186 2498 4240 tetricitate
2527 4187 2777 4255 gaudium
2818 4196 3119 4239 commutes
3150 4187 3484 4253 angelorum.

1930 4276 1983 4328 Si
2032 4276 2196 4337 enim,
2234 4276 2523 4343 quibusilli
2554 4290 2698 4329 nunc
2755 4276 3021 4339 laetantur,
3066 4276 3299 4327 animam
3334 4274 3487 4342 virgi-

1930 4378 2086 4417 neam
2120 4365 2456 4433 passionibus
2478 4365 2815 4432 superiorem
2846 4363 3116 4424 humanis,
3139 4364 3203 4415 ad
3234 4364 3486 4431 supplen-

1930 4458 2057 4509 dum
2118 4457 2291 4510 locmn
2340 4466 2389 4508 et
2441 4465 2639 4509 statum
2680 4455 3088 4517 dannoniorum,
3138 4456 3227 4522 qui
3274 4456 3339 4508 dc
3395 4454 3485 4505 illo

268 4544 324 4594 δὲ
352 4543 498 4610 ἡμᾶς
536 4543 568 4609 ή
600 4540 943 4606 προλαϐοῦσα
970 4539 1075 4591 τῶν
1096 4539 1310 4609 ἀμελῶς
1336 4542 1429 4593 καὶ
1457 4541 1555 4592 ούκ
1588 4540 1820 4602 εὐσεϐῶς
1854 4543 1897 4597 Ι)

1928 4548 2259 4609 exciderunt,
2287 4546 2641 4613 suscipientes
2662 4585 2674 4607 ,
2708 4555 2763 4597 ιιι
2803 4546 2854 4596 in
2878 4554 3251 4612 argumentum
3283 4544 3483 4596 doloris

270 4633 610 4702 βεϐιωκότων
640 4633 932 4701 ἐτύγχανεν
953 4650 966 4662 ·
1000 4633 1138 4701 τάχα
1166 4634 1231 4684 ἂν
1266 4632 1593 4701 συγγνώμην
1620 4628 1762 4701 εἶχεν
1795 4634 1823 4682 6

270 4726 572 4793 στεναγμὸς
606 4726 698 4776 καὶ
719 4726 787 4776 τά
820 4725 1049 4792 δάκρυα,
1083 4724 1257 4776 καίτοι
1289 4742 1352 4791 γε
1376 4727 1402 4776 6
1434 4724 1634 4793 Κύριος
1668 4724 1823 4793 ήμῶν

267 4819 362 4869 καὶ
389 4817 595 4885 Σωτὴρ,
621 4818 653 4884 ἡ
674 4816 772 4883 τῆς
797 4815 1201 4882 φιλανθρωπίας
1221 4816 1390 4883 πηγὴ,
1412 4816 1531 4867 οὐδὲ
1548 4816 1684 4883 πρὸς
1707 4813 1823 4865 τούς

265 4921 391 4964 τους
416 4904 836 4972 ἐπιστρέφεσθαι
858 4907 968 4965 τοῖς
1001 4903 1311 4955 ἀκολουθεῖν
1359 4904 1506 4973 αὐτῷ
1530 4920 1821 4973 προαιρου-

271 4995 448 5061 μένοις
470 4996 630 5063 νόμον
652 4995 821 5049 ἔθετο.
882 4998 1063 5063 ’Ἄφες
1087 4997 1210 5063 γὰρ,
1239 4997 1363 5065 ἔφη.
1389 4997 1529 5060 τοὺς
1574 4996 1823 5063 νεκροὺς

267 5085 449 5153 θάψαι
501 5086 641 5151 τοὺς
683 5086 909 5138 ἑαυτῶν
953 5088 1238 5153 νεκρούς·
1280 5088 1360 5139 σὺ
1389 5088 1455 5138 δὲ
1510 5089 1824 5141 ἀκολούθει

258 5196 381 5245 μοι.
428 5179 580 5230 Ἐπεὶ
607 5180 662 5231 δὲ
693 5180 799 5230 τῶν
824 5181 985 5240 ὁσίως
1019 5182 1111 5231 καί
1141 5179 1403 5246 θεοφιλῶς
1430 5179 1818 5249 διαζησάντων,

265 5274 357 5324 καὶ
391 5273 508 5341 Θεῷ
532 5273 629 5341 τὴν
674 5273 852 5325 πίστιν
889 5273 1131 5341 καθαρὰν
1158 5274 1553 5342 τετηρηκότων,
1589 5276 1650 5325 τὸ
1681 5290 1820 5340 παρτ

263 5364 471 5415 Οενικὸν
506 5366 678 5415 ἐκεῖνο
704 5366 797 5415 καὶ
831 5366 1096 5432 μακάριον
1126 5365 1317 5425 σκεῦος
1348 5364 1641 5431 ἐτύγχανεν
1666 5378 1678 5391 ⁸
1704 5364 1819 5427 πῶς

259 5456 713 5525 τὴνΔεσποτικὴν
757 5457 939 5524 φωνὴν
989 5458 1048 5507 οὺ
1103 5457 1528 5527 δυσωπούμεθας
1580 5457 1696 5519 πῶς
1727 5459 1822 5525 οὐχ

261 5548 585 5616 εὑρίσκομεν
605 5550 662 5600 ἐν
686 5550 819 5619 αὐτῇ
845 5552 1023 5601 πᾶσαν
1045 5552 1344 5620 κατηφείας
1367 5551 1606 5604 διάλυσιν
1629 5552 1723 5617 ;'0
1740 5564 1824 5602 πί-

260 5641 494 5691 στεύων
519 5642 603 5704 είς
633 5642 755 5708 ἐμὲ,
776 5642 891 5695 κᾶν
911 5643 1201 5709 ἁποθιὶιῃ,
1234 5644 1502 5710 ζήσεται·
1544 5645 1630 5696 διὰ
1660 5643 1821 5697 θανά-

339 5826 379 5856 υ
415 5826 432 5880 l
467 5827 593 5883 Cor.
621 5847 708 5895 xv,
752 5832 824 5885 Η..

1933 4641 2291 4698 transtuleris,
2324 4640 2442 4693 vide
2464 4656 2533 4692 an
2561 4654 2665 4691 non
2699 4639 2876 4704 priora
2903 4647 2991 4690 tua
3024 4649 3167 4689 recte
3194 4636 3353 4700 facta,
3390 4651 3485 4703 per

1930 4734 2029 4785 ista
2100 4732 2392 4801 posteriora
2460 4731 2636 4783 vities.
2690 4727 2859 4782 Nemo
2922 4744 3105 4781 amore
3154 4729 3236 4781 sui
3299 4731 3481 4795 sponsi

1931 4824 2288 4877 inﬂammatus
2340 4823 2508 4875 amori
2543 4822 2789 4874 nuntium
2846 4820 3104 4877 remittet,
3143 4829 3198 4871 ut
3238 4834 3293 4871 se
3323 4820 3483 4871 dedat

1930 4916 2128 4968 luctui:
2162 4915 2361 4965 oblitus
2382 4912 2524 4979 quod
2556 4911 2705 4962 illum
2742 4908 3116 4976 amplectatur,
3149 4916 3346 4958 mortes
3371 4905 3481 4957 cir-

1927 5006 2236 5072 cumspicit,
2260 5012 2309 5055 et
2336 5002 2544 5053 curiose
2570 4999 2822 5066 inquirat,
2846 4998 2983 5051 etob
3002 4998 3116 5049 illas
3134 4997 3479 5048 vehementer

1921 5115 1977 5152 se
2008 5096 2222 5164 ailligct,
2242 5092 2580 5163 passionibus
2614 5092 2934 5158 innncrgens
2956 5087 3476 5147 desideriumsuum,

1920 5201 1973 5244 et
2004 5190 2250 5259 gaudium
2284 5186 2336 5238 in
2381 5183 2609 5236 vinculis
2650 5182 2998 5235 constrictum
3027 5180 3189 5231 luctui
3225 5180 3427 5231 dedens
3461 5197 3473 5231 :

1920 5284 1961 5336 si
2007 5290 2181 5334 autem
2218 5279 2303 5330 illa
2331 5292 2429 5329 suo
2459 5276 2567 5327 fato
2605 5274 2808 5336 functa,
2840 5273 2922 5326 vel
2961 5280 3019 5324 ut
3067 5272 3249 5324 verius
3279 5272 3472 5330 dicam,

1921 5391 2036 5444 qum
2067 5388 2163 5426 nos
2196 5369 2502 5429 antecessit,
2541 5370 2595 5422 in
2636 5383 2817 5421 earum
2854 5366 3041 5419 fuisset
3067 5380 3313 5427 numero,
3356 5380 3476 5431 qua:

1920 5480 2123 5519 securae
2199 5462 2301 5523 sui,
2362 5476 2465 5514 nec
2555 5459 2849 5512 secundum
2934 5457 3099 5509 Deum
3178 5456 3471 5517 vixerant,

1920 5570 2031 5613 tum
2105 5566 2249 5609 certe
2340 5553 2624 5624 gemitibus
2696 5551 3079 5619 indulgendum
3132 5549 3228 5602 tibi
3306 5546 3525 5601 foret.'

1926 5651 2053 5701 Nam
2111 5645 2370 5699 Dominus
2398 5654 2450 5697 et
2490 5642 2744 5696 Servatur
2773 5650 2957 5695 noster
2980 5638 3066 5693 ille
3096 5638 3219 5695 fons
3244 5648 3299 5693 et
3318 5638 3470 5707 origo
