4236 6436
780 354 883 416 923

1906 351 2160 412 ΡΗΟΤΙΙ
2199 351 2695 413 ΡΛΤΒΙΑΒΩΗἉΕ
2737 354 2849 417 CP.

3894 354 4001 414 924

780 460 1001 517 humani
1038 462 1237 516 amoris
1272 478 1532 532 sequaces
1563 481 1689 520 suos
1713 477 2048 533 nequaquam
2098 461 2341 530 permisit
2366 463 2453 519 Ααι

2327 468 2341 513 ι
2366 463 2417 519 Α
2438 478 2531 513 του
2558 461 2702 533 ζωὴν
2731 465 2998 517 ἀθάνατον
3024 464 3220 534 εὖρατο
3243 479 3257 493 ⁸
3286 464 3373 520 διὰ
3416 464 3617 527 λύσεως
3644 465 3741 534 τὴν
3782 465 4000 517 ἀδιάλυ-

779 554 975 606 talibus
1031 554 1403 609 affectionibus
1453 557 1642 610 abduci
1696 574 1708 608 :
1766 555 2034 617 Permitte,
2061 554 2332 621 inquiens,

776 650 1007 693 mortuos
1039 658 1157 694 suos
1200 652 1426 696 mortuos
1476 645 1691 712 sepelire
1735 660 1755 697 :
1809 654 1864 695 tu
1899 655 2075 695 autem
2125 658 2335 710 sequere

779 751 859 786 me
884 734 945 787 ".
979 733 1110 787 Cum
1136 750 1264 788 vero
1317 735 1457 790 inter
1486 753 1581 791 eos
1606 740 1696 806 qui
1722 736 2018 790 secundum
2061 734 2153 788 Dei
2205 735 2336 787 dile-

777 826 1010 878 ctionem
1065 825 1332 891 vixerunt,
1357 838 1410 881 et
1446 826 1553 881 Deo
1594 830 1750 883 fidem
1784 829 2046 882 sinceram
2076 835 2130 880 et
2166 826 2337 879 illiba-

780 923 884 964 tam
940 927 1311 981 servaverunt,
1369 918 1665 988 virgineum
1711 919 1839 971 illud
1872 928 1925 972 et
1978 920 2193 973 beatum
2241 934 2336 971 vas

778 1003 959 1066 fuerit,
991 1006 1131 1058 unde
1162 1017 1262 1071 est,
1280 1008 1419 1075 quod
1457 1008 1784 1062 Dominicam
1810 1024 1990 1062 vocem
2023 1024 2129 1061 non
2154 1024 2338 1061 verea-

778 1110 900 1146 mur
926 1096 948 1146 ?
988 1097 1096 1149 Cur
1125 1113 1230 1149 non
1272 1098 1323 1149 in
1352 1116 1416 1151 eo
1463 1115 1587 1153 vase
1618 1101 2021 1168 dissipationem
2051 1099 2334 1152 obnubila-

781 1187 938 1241 tionis
987 1190 1307 1255 requirimus
1353 1191 1571 1257 potius?
1619 1189 1718 1254 Qui
1764 1191 1926 1242 credit
1958 1191 2012 1241 in
2069 1206 2169 1253 me,
2219 1188 2333 1239 licet

777 1281 1034 1332 moriatur
1061 1282 1257 1345 vivet”,
1285 1293 1624 1351 permortcm
1651 1299 1845 1352 nempe
1868 1283 2094 1352 adeptus
2116 1284 2334 1335 immor-

778 1372 1055 1436 talitatem,
1077 1388 1172 1441 per
1203 1374 1521 1428 solutionem
1549 1386 1737 1428 nactus
1769 1374 2137 1428 indissolubile
2162 1372 2333 1426 taber-

775 1463 1043 1516 naculum.
1102 1464 1243 1518 Dixit
1293 1467 1484 1520 iterum
1550 1468 1855 1520 communis
1918 1467 2006 1519 ille
2054 1464 2334 1519 hominum

775 1554 1049 1619 Serv-ator,
1103 1564 1157 1609 et
1188 1559 1562 1611 salvandorum
1593 1574 1858 1628 sponsus:
1908 1557 2031 1610 Filii
2077 1559 2335 1625 sponsalia

776 1646 997 1697 thalami
1030 1647 1203 1715 lugere
1230 1665 1329 1699 non
1353 1658 1586 1715 possunt,
1632 1650 1864 1717 quandiu
1891 1666 2005 1701 cum
2028 1650 2130 1701 illis
2162 1658 2333 1702 manet

774 1739 1068 1803 sponsus".
1096 1740 1269 1793 Audin
1294 1741 1422 1808 quid
1456 1741 1624 1795 dicit?
1655 1741 1769 1795 Noli
1807 1750 1858 1794 te
1891 1751 2092 1794 tuamet
2117 1752 2333 1794 senten-

779 1829 848 1880 tia
910 1829 1186 1895 damnare,
1248 1832 1314 1884 ad
1367 1833 1762 1900 separationem
1818 1833 1937 1887 talis
1988 1831 2179 1901 Sponsi
2240 1850 2335 1901 per

776 1918 1009 1974 lamenta
1041 1940 1055 1986 ;
1093 1939 1192 1976 nec
1245 1925 1371 1977 illud
1406 1925 1459 1976 in
1500 1925 1727 1993 teipsum
1764 1926 2041 1979 decretum
2101 1926 2335 1988 saucias,

778 2010 919 2077 quod
948 2012 991 2064 si
1014 2013 1134 2079 quis
1163 2014 1300 2067 alius
1329 2014 1557 2078 tulisset,
1591 2015 1839 2083 injuriam
1875 2032 1981 2068 non
2005 2015 2175 2070 ferres
2203 2016 2337 2069 irro-

778 2110 976 2167 gatam,
1008 2103 1100 2156 sed
1131 2104 1187 2156 in
1218 2104 1333 2159 loco
1363 2106 1530 2160 hostis
1559 2115 1612 2159 et
1644 2108 1843 2158 malum
1899 2107 1990 2159 tibi
2021 2107 2339 2160 machinan—

777 2189 849 2242 tis
879 2190 1074 2245 habere
1115 2193 1296 2253 velles,
1333 2204 1387 2248 et
1414 2196 1724 2249 omnimodo
1747 2211 1777 2248 a
1804 2206 1853 2249 te
1878 2196 2220 2266 relegandum
2254 2198 2337 2250 di-

779 2296 952 2333 ccres.
1008 2281 1123 2335 Noli
1171 2293 1223 2336 tu
1269 2285 1500 2350 lugendo
1523 2287 1747 2355 gloriam
1800 2287 1963 2351 illam,
1996 2306 2099 2356 qua
2144 2289 2340 2342 fruitur

783 2370 890 2432 illa,
921 2382 970 2425 te
1006 2375 1174 2443 ipsam
1212 2376 1463 2445 lacrymis
1491 2379 1703 2448 dignam
1734 2380 1911 2433 facere
1945 2398 1957 2432 :
1992 2379 2191 2448 Lugere
2238 2399 2340 2435 non

782 2476 1017 2531 possunt,
1067 2468 1154 2536 qui
1194 2472 1439 2522 assistunt
1496 2488 1682 2538 sponso
1712 2472 1777 2525 ".
1817 2471 1929 2525 lloc
1965 2472 2182 2525 clintum
2212 2474 2340 2541 quid

783 2554 882 2606 sibi
909 2558 1022 2608 vult
1051 2558 1072 2609 ?
1106 2559 1245 2622 Quid
1277 2576 1408 2614 voce
1452 2563 1551 2615 hac
1576 2562 1851 2617 Dominica
1884 2564 2214 2617 terribilius?
2238 2566 2341 2617 De—

784 2645 999 2714 ploras?
1055 2649 1235 2719 itaque
1294 2653 1558 2723 disjungis
1603 2669 1633 2707 a
1678 2670 1876 2722 sponso
1914 2672 1929 2721 ;
1987 2656 2343 2712 lamentaris?

784 2741 947 2802 atque
972 2738 1043 2791 ita
1089 2741 1357 2807 genialem
1385 2744 1676 2797 thalamum
1702 2745 2025 2799 contumelia
2055 2745 2241 2809 allicis,
2289 2748 2343 2800 id

785 2826 930 2892 quod
959 2829 1204 2884 homines
1234 2833 1479 2902 plerique
1508 2835 1696 2889 etvilis
1720 2837 2002 2890 multitudo
2019 2838 2163 2902 facit,
2193 2854 2346 2892 nem-

787 2931 854 2985 pe
907 2934 937 2971 e
989 2920 1225 2976 thalamo
1261 2925 1528 2980 excidisti.
1565 2925 1826 2992 Quocirca
1868 2944 1937 2982 ne
1965 2938 2024 2981 ut
2076 2937 2343 2982 mortuam

786 3008 1130 3077 deplorenius
1183 3032 1324 3082 eam,
1355 3033 1474 3086 qua:
1495 3035 1619 3073 cum
1670 3019 1895 3075 Domino
1924 3021 2087 3086 vivit;
2120 3038 2190 3077 ne
2250 3039 2345 3091 per

2434 569 2526 605 τον
2549 557 2960 623 κατασκήνωσιν
2988 554 3357 624 ἐκληρώσατο.
3386 556 3532 623 Ἔφη
3567 554 3728 607 πάλιν
3765 557 3793 606 ὁ
3822 556 4002 615 κοινὸς

2435 645 2734 716 ἀνθρώπων
2756 646 2962 715 Σωτὴρ,
2987 649 3077 699 καὶ
3103 650 3210 699 τῶν
3253 649 3571 715 σωζομένων
3605 645 3832 714 νυμφίος
3860 661 3871 671 ·
3912 647 3998 696 Οὐ

2435 738 2719 791 δύνανται
2748 738 2990 791 πενθεῖν
3010 743 3061 793 οἱ
3083 739 3199 792 υἱοὶ
3228 741 3331 792 τοῦ
3355 737 3696 807 νυμφῶνος,
3730 738 3821 805 ἐφ’
3845 739 3999 790 ὅσον

2435 832 2657 898 χρόνον
2666 829 2993 898 μετάὺτῶν
3009 830 3178 883 ἐστιν
3192 834 3223 883 o'
3236 831 3510 898 νυμφίοςο
3527 829 3744 890 ἀκούεις
3762 829 3811 878 τί
3823 829 3995 893 λὲγεις

2438 921 2511 988 μὴ
2536 921 2902 990 καταδικήσης
2929 924 3145 990 σεαυτῇ,
3182 921 3269 972 διά
3298 920 3389 972 τοῦ
3420 919 3670 980 πένθους,
3700 916 3795 969 τοῦ
3849 916 3999 984 τηλι-

2436 1010 2625 1062 κούτου
2660 1012 2891 1079 νυμφίου
2944 1013 3039 1081 τὴν
3076 1012 3375 1074 διάστασιν,
3438 1010 3575 1078 μηδὲ
3618 1009 3799 1076 ψῆφον
3855 1007 3997 1057 κατά

2436 1103 2664 1168 σεαυτῆς
2712 1102 3025 1174 ὲξενέγκῃς,
3056 1102 3084 1153 ὃ
3137 1105 3229 1154 καὶ
3274 1102 3431 1154 ἄλλου
3464 1100 3764 1166 τολμῶντος
3798 1098 3897 1149 οὐκ
3929 1097 3999 1147 ἂν

2434 1192 2574 1263 αὑτὴ
2599 1194 2695 1261 τὴν
2719 1194 2981 1261 ἐπήρειαν
3012 1195 3247 1263 ἤνεγκας
3270 1211 3284 1224 ’
3308 1194 3419 1245 ἀλλ’
3437 1192 3648 1262 ἐχθρὸν,
3679 1190 3813 1241 ἀλλά
3842 1189 3970 1240 πολέ

2438 1303 2580 1353 μιον,
2614 1285 2749 1338 ἀλλά
2770 1287 2947 1338 πάντα
2962 1287 3129 1339 κακὸν
3150 1288 3328 1354 ἀπεκή
3339 1286 3497 1355 ρυξας
3516 1302 3528 1313 ·
3564 1284 3695 1353 μηδὲ
3719 1283 3817 1350 τὴν
3840 1278 3997 1347 δόξης

2435 1378 2807 1430 ἀπολαύουσαν
2838 1376 3109 1446 θρηνοῦσα
3133 1377 3361 1443 σεαυτὴν
3392 1376 3572 1445 ἔνοχον
3610 1374 3819 1442 θρήνων
3863 1372 3997 1423 ἀπο-

2434 1469 2634 1541 δείξῃς*
2674 1472 2754 1521 Οὐ
2780 1468 3062 1522 δύνανται
3094 1467 3335 1523 πενθεῖν
3350 1469 3714 1527 οισυνόντες
3748 1462 3827 1526 τῷ
3849 1479 3969 1527 νυμ

2436 1562 2569 1629 φίφ·
2593 1561 2655 1612 Τί
2675 1560 2875 1627 ταύτης
2896 1559 2995 1624 τῆς
3018 1559 3219 1627 φωνῆς,
3249 1557 3445 1627 μᾶλλον
3469 1557 3525 1607 δὲ
3546 1556 3643 1623 τῆς
3661 1552 3994 1617 Δεσποτικῆς

2436 1652 2864 1723 διαμαρτυρίας,
2897 1650 3300 1720 φοὸερώτερονς
3329 1634 3583 1711 Πενθεῖςς
3613 1649 3857 1713 ἀπέστης
3900 1644 3993 1696 τοῦ

2437 1745 2689 1812 νυμφίου.
2736 1743 2967 1812 Ὀδύρῃς
3013 1743 3102 1795 τὸν
3163 1741 3401 1808 θάλαμον
3443 1738 3708 1811 ὑϐρίζεις.
3778 1736 3861 1789 Τά
3887 1737 3997 1788 τῶν

2437 1835 2645 1888 πολλῶν
2674 1836 2768 1887 καὶ
2801 1835 3032 1903 χυδαίων
3056 1832 3335 1901 πράττεις,
3362 1830 3644 1891 ἔκπίπτεις
3667 1828 3767 1895 τῆς
3792 1826 3998 1879 παστά-

2435 1930 2550 1991 δος’
2579 1927 2715 1980 ἀλλὰ
2755 1926 2948 1995 μηκέτι
2979 1925 3075 1994 τὴν
3097 1926 3154 1975 ἐν
3172 1923 3290 1993 Θεῷ
3324 1922 3504 1985 ζῶσαν
3534 1922 3607 1982 ὡς
3636 1919 3836 1988 νεκράν
3859 1918 3995 1985 θρη-

2437 2021 2614 2087 νῶμεν
2635 2036 2648 2049 '
2678 2018 2809 2087 μηδὲ
2840 2017 2906 2068 δι’
2940 2011 3014 2068 ὧν
3042 2016 3295 2083 στέργειν
3328 2012 3494 2081 αὐτὴν
3522 2010 3817 2078 νομίζομεν
3840 2048 3856 2071 ,
3903 2007 4000 2059 καὶ

2437 2105 2606 2174 αὐτὴν
2634 2106 2848 2173 ἐκείνην
2875 2101 3254 2171 ἀτιμάζωμεν.
3286 2099 3479 2167 ’Υϐρις
3508 2099 3622 2150 ἐστὶ
3647 2101 3758 2159 τοῖς
3782 2096 3873 2146 τὸν
3902 2096 3998 2146 οὑ-

2440 2198 2597 2268 ρανὸν
2641 2194 3109 2266 θαλαμηπολοῦσιν
3165 2196 3193 2246 ὀ
3221 2193 3477 2262 ὀδυρμὸς·
3525 2194 3617 2243 καὶ
3658 2189 3727 2243 τὰ
3784 2189 4000 2257 δάκρυα⁵

2438 2288 2857 2358 δυσφημούντων
2880 2288 3024 2338 ἐστὶν
3047 2284 3224 2339 αὐτῶν
3245 2285 3303 2336 τὸ
3325 2283 3612 2353 μακάριον,
3635 2280 3999 2341 δισταζόντων

2439 2381 2535 2449 τὴν
2558 2380 2873 2441 ἀπόλαυσιν,
2901 2375 3344 2446 ἀμφιϐαλλὸντων
3365 2374 3471 2442 (ἵνα
3517 2372 3591 2443 μὴ
3625 2371 4000 2425 ἀπιστούντων

2440 2473 2602 2542 λέγω)
2632 2473 2728 2542 τὴν
2758 2473 3048 2525 ἀνάστασιν
3071 2486 3084 2498 ’
3114 2468 3151 2521 ἀ
3174 2469 3349 2520 πάντα
3382 2465 3735 2533 λογισαμένη,
3771 2464 3867 2516 καὶ
3899 2479 3999 2530 νη-

2442 2564 2616 2634 φούσῃ
2640 2563 2815 2632 κρίσει
2840 2561 3271 2630 ὲπισκοπήσασα,
3307 2558 3461 2628 ρίψον
3514 2556 3573 2609 τὺ
3619 2555 3831 2615 πένθος,
3866 2552 4003 2604 (11:6-

2443 2656 2534 2706 θου
2555 2655 2615 2705 τὸ
2634 2653 2822 2717 πάθος,
2842 2652 2967 2713 τοὺς
2989 2651 3344 2718 στεναγμοὺς,
3364 2646 3540 2700 καὶτὰ
3559 2647 3785 2716 δάκρυα.
3806 2643 4004 2695 Ἔσται

2442 2748 2499 2799 δὲ
2530 2744 2686 2798 τοῦτο
2710 2747 2822 2806 τοῖς
2841 2761 2900 2794 τε
2930 2742 3128 2806 ἄλλοις,
3158 2736 3239 2803 οἷς
3270 2739 3603 2809 προείπομεν
3621 2777 3637 2799 ,
3678 2738 3771 2789 καὶ
3795 2737 4004 2801 ἐάνπερ

2445 2838 2644 2907 ἑαυτὴν
2689 2837 2903 2887 πάντων
2943 2834 3051 2885 τῶν
3076 2832 3274 2887 λοιπῶν
3304 2831 3689 2893 ἀποσπάσασα,
3717 2830 3879 2899 μόνον
3908 2827 4005 2880 τοῦ

2446 2927 2685 2996 καθαροῦ
2725 2928 2817 2978 καὶ
2844 2927 3108 2995 ἀχράντου
3142 2923 3373 2992 νυμφίου
3403 2920 3637 2990 Χριστοῦ
3679 2920 3771 2971 τὸν
3825 2920 4007 2986 μακά·

2448 3036 2561 3090 ριον
2586 3020 2679 3071 καὶ
2707 3017 3007 3085 ἀνώλεθρον
3037 3014 3215 3084 ἔρωτα
3242 3054 3257 3077 ,
3291 3014 3408 3065 ὅλον
3441 3011 3561 3063 καθ’
3606 3010 3733 3078 ὃλην
3769 3008 4010 3077 σεαυτὴν

787 3113 851 3151 ea
883 3100 1023 3153 illam
1046 3105 1484 3173 dehonestemus,
1508 3111 1706 3178 quibus
1735 3126 1853 3164 eam
1880 3126 2060 3167 amore
2094 3113 2341 3181 prosequi
2370 3132 2413 3190 (ς
2447 3114 2460 3162 ι

2333 3113 2341 3166 i
2370 3132 2413 3190 ε
2447 3107 2806 3171 ἀναλαϐοῦσα,
2839 3108 2972 3176 πρὸς
3001 3110 3204 3159 ἐκεῖνον
3242 3106 3302 3157 οὺ
3340 3104 3525 3173 λήγεις
3567 3100 4006 3170 ἐπιστρεφομένη

786 3188 955 3244 videri
1015 3194 1262 3250 volumus
1292 3217 1304 3251 :
1334 3199 1579 3268 planctus
1602 3200 1907 3255 convicium
1933 3201 2038 3255 illis
2067 3201 2214 3266 facit,
2244 3206 2334 3271 qui
2384 3188 2397 3190 _
2443 3223 2459 3257 ι

1222 3213 1262 3250 Is
1292 3217 1304 3251 :
1334 3199 1579 3268 planctus
1602 3200 1907 3255 convicium
1933 3201 2038 3255 illis
2067 3201 2214 3266 facit,
2244 3206 2334 3271 qui
2384 3188 2397 3190 _
2443 3204 2534 3257 καὶ
2560 3202 2895 3263 ἀτενίζουσα.

789 3281 1038 3337 caelestes
1067 3287 1326 3343 thalamos
1370 3290 1610 3344 incolunt
1641 3308 1655 3355 ;
1692 3293 1935 3361 lacrymze
1986 3292 2346 3349 convitiantur
2383 3297 2541 3350 beato
2576 3297 2783 3349 illorum
2808 3291 3009 3357 statui;
3041 3292 3108 3346 de
3137 3289 3393 3344 fruitione
3417 3287 3685 3343 dubitant.
3744 3284 3837 3354 qui
3905 3282 4009 3335 du-

788 3375 961 3428 hitant
991 3377 1058 3431 de
1093 3383 1507 3447 resurrectione,
1552 3400 1621 3438 ne
1650 3384 1822 3438 dicam
1850 3387 1940 3455 qui
1968 3388 2183 3441 tollunt.
2226 3387 2337 3442 lloc
2377 3400 2431 3443 tu
2465 3389 2764 3449 ruminans,
2798 3397 2853 3441 et
2878 3384 3056 3441 sobrio
3081 3395 3240 3453 atque
3266 3383 3545 3452 jejunante
3613 3379 3757 3434 velut
3824 3378 4011 3429 animo

790 3473 1152 3539 perpendens,
1193 3490 1383 3531 amove
1416 3479 1644 3544 luctum,
1678 3480 1912 3535 laetitiam
1948 3483 2211 3549 exprime,
2254 3484 2557 3550 passionem
2609 3484 2747 3536 hanc
2816 3481 3024 3545 abdica,
3060 3480 3251 3543 lessus,
3318 3478 3573 3537 lamenta,
3640 3472 3877 3532 dolores,
3931 3472 4010 3522 la-

790 3578 1017 3631 crymas.
1046 3564 1157 3619 lloc
1173 3568 1388 3633 efﬁcies,
1423 3587 1543 3624 cum
1575 3572 1640 3625 ad
1670 3588 1731 3626 ea
1761 3589 1880 3642 qua:
1909 3573 2145 3628 diximus
2174 3576 2517 3638 attendendo,
2573 3586 2627 3629 et
2657 3574 2918 3643 imprimis
2947 3573 2991 3627 si
3042 3582 3093 3626 te
3129 3572 3364 3625 abducas
3387 3569 3601 3638 penitus
3661 3567 3727 3619 ab
3756 3563 4014 3619 omnibus

790 3656 931 3719 aliis,
959 3657 1295 3713 solummodo
1319 3660 1383 3714 ad
1406 3662 1619 3716 beatum
1636 3663 1786 3716 illum
1807 3664 2189 3717 etduraturum
2216 3680 2428 3733 semper
2453 3680 2691 3719 amorem
2714 3663 2938 3729 Christi,
2962 3661 3232 3733 purissimi
3260 3661 3400 3713 illius
3427 3669 3481 3713 et
3502 3656 3765 3727 impolluti
3790 3656 4005 3725 sponsi,

792 3746 1058 3817 integrum
1095 3753 1301 3823 integre
1333 3762 1669 3823 assumptum
1691 3763 1997 3819 convertas,
2027 3766 2082 3810 et
2138 3771 2477 3826 nequaquam
2535 3755 2751 3812 desinas
2804 3755 2886 3811 sic
2937 3769 3195 3809 conversa
3236 3753 3386 3808 illum
3414 3751 3689 3808 anhelare.

1612 4107 2131 4186 FRANCiSCI
2211 4108 2556 4184 SCOBSI
2638 4104 3133 4184 MONITUM

1913 4283 1978 4338 IN
2034 4283 2208 4349 SEQU
2219 4282 2451 4338 ENTEM
2497 4280 2901 4337 EPISTOLAM.

1693 4443 1793 4512 (Ex
1814 4445 2129 4515 prmfatione
2161 4445 2227 4499 ad
2256 4460 2418 4515 opera
2444 4439 3111 4517 Theophanis-Ceramei.)

874 4576 1057 4632 Habeo
1089 4576 1141 4631 in
1168 4578 1304 4632 meis
1323 4578 1686 4649 monumentis
1713 4595 1741 4632 a
1776 4582 1837 4633 P.
1866 4580 2088 4635 Octavio
2114 4580 2351 4635 Caetano
2380 4582 2616 4636 collectis
2640 4578 2919 4649 epistolam
2946 4575 3124 4649 Photii
3156 4573 3374 4627 missam
3399 4571 3716 4649 Theophani
3746 4574 4016 4649 monacho

801 4648 987 4702 Graece
1027 4649 1276 4714 scriptam
1332 4664 1492 4701 manu
1521 4649 1582 4702 P.
1616 4648 1800 4703 Jacobi
1833 4650 2102 4705 Sirmondi
2125 4662 2180 4704 et
2227 4651 2415 4706 Latine
2446 4654 2513 4706 ab
2535 4668 2600 4707 eo
2620 4644 2905 4715 redditam,
2932 4647 3324 4715 depromptam,
3363 4652 3420 4696 ut.
3448 4644 3653 4711 judico,
3693 4658 3760 4696 ex
3818 4644 4018 4698 Biblio-

805 4722 957 4772 theca
986 4718 1271 4771 cardinalis
1308 4717 1533 4782 Sirletti,
1576 4734 1720 4773 nunc
1754 4720 1907 4775 ducis
1943 4722 2203 4791 Altemps.

3057 4891 3279 4947 ΕΠΙΣΤ.
3309 4892 3429 4943 PB'.

2928 4984 3197 5053 Θεοφάνη
3218 4982 3548 5052 μονάζοντι.

1403 4898 1618 4953 EPIST.
1670 4896 1775 4954 Cll.
2400 4904 2444 4958 D

1288 4987 1580 5059 Theophani
1625 4992 1894 5044 monacho.

1143 5098 1283 5148 Edita
1314 5114 1341 5147 a
1372 5100 1633 5148 Francisco
1658 5101 1833 5149 Scorso
1866 5100 1916 5147 in
1946 5099 2233 5148 Przefatione
2256 5101 2314 5148 ad
2343 5101 2506 5161 Opera
2535 5100 2849 5162 Theophanis
2878 5096 3099 5149 Ceramei
3133 5096 3315 5158 (in-fol.
3344 5094 3494 5142 Paris.
3523 5091 3685 5151 ιοιι).

883 5200 939 5253 Si
989 5209 1043 5255 te
1099 5200 1418 5256 humilitatis
1446 5204 1864 5258 nostrmlitterae
1910 5203 2199 5269 delectant,
2249 5220 2366 5257 rur-
2409 5202 2438 5243 ί
2534 5204 2556 5253 ῐ

2343 5233 2366 5243 -
2409 5202 2438 5243 ί
2534 5204 2597 5254 Εἰ
2620 5201 2873 5268 σο“ιφίλον
2907 5201 2967 5252 τὸ
2991 5200 3125 5269 πρὸς
3157 5198 3312 5267 ἡμῶν
3336 5196 3443 5249 τῶν
3483 5195 3715 5248 εὐτελῶν
3764 5193 4016 5265 γράμμα,

811 5306 929 5346 sum
959 5293 1166 5362 accipe,
1194 5295 1671 5359 desideratissime,
1711 5312 1832 5365 quae
1854 5296 1986 5349 nihil
2015 5295 2228 5364 quidem
2263 5297 2369 5349 ele-
2466 5294 2484 5346 ε

2349 5324 2369 5333 -
2466 5294 2637 5363 δέχοιο
2671 5295 2760 5345 καὶ
2793 5288 2965 5353 αὖθις,
2986 5284 3030 5342 ὦ
3049 5290 3357 5359 τριπόθητε,
3380 5289 3531 5340 οὐδὲν
3554 5288 3648 5357 μὲν
3674 5286 3795 5355 ἕχον
3826 5288 4022 5355 cii-ups-

814 5384 1030 5454 gantiaa,
1088 5384 1458 5454 facundiaeque
1491 5387 1741 5451 habeant,
1782 5396 1841 5439 ut
1881 5396 1936 5440 tu
1967 5387 2159 5440 blande
2186 5387 2319 5440 dicis
2355 5402 2369 5449 ;
2470 5406 2487 5439 ς

2355 5402 2369 5449 ;
2470 5387 2569 5447 πές
2597 5402 2654 5436 τε
2693 5385 2785 5436 καὶ
2820 5383 3081 5452 εὖφραδὲς
3103 5422 3117 5446 ,
3151 5381 3226 5443 ὼς
3256 5383 3437 5451 χάριτι
3470 5380 3605 5448 φής,
3636 5378 3695 5430 τὸ
3720 5378 3765 5430 δ’
3793 5378 3885 5430 οὖν
3933 5380 4023 5444 τῆς

816 5475 1097 5528 «:haritatis
1123 5492 1251 5530 vero
1283 5478 1581 5546 symbolum
1610 5486 1736 5531 sunt
1759 5478 1943 5545 procul
1971 5478 2169 5531 dubio:
2204 5493 2377 5545 quan-
2471 5480 2489 5530 ἐ

2344 5504 2377 5525 ς-
2471 5478 2688 5544 ἀγάπης
2718 5476 2981 5545 σύμόολον
3034 5472 3499 5542 ὁμολογουμένως.
3557 5470 3663 5522 Καὶ
3706 5486 3769 5536 γε
3830 5470 4017 5536 ὃσονὴ

813 5575 993 5634 neque
1050 5565 1252 5622 fuerint
1276 5568 1575 5623 litterarum
1618 5569 1783 5631 vices,
1820 5579 1967 5623 tanto
2001 5578 2055 5623 et
2101 5567 2376 5622 charitatis
2474 5585 2486 5618 ι

2352 5583 2376 5619 s
2474 5566 2737 5629 ἀντίδοσις
2786 5565 2894 5617 τῶν
2931 5565 3270 5634 γραμμάτων
3297 5562 3523 5631 γένοιτο,
3573 5558 3883 5626 τοσοῦτονὴ
3926 5558 4020 5623 τῆς

896 5744 938 5773 ¹⁶
972 5742 1155 5798 Matth.
1197 5762 1309 5803 \m.
1342 5746 1428 5799 2'2.
1511 5748 1547 5777 ¹⁷
1578 5746 1730 5798 .loun.
1763 5763 1831 5804 γι.
1878 5746 1953 5797 l7.
2067 5747 2106 5776 ”
2140 5744 2300 5799 Marc.
2339 5761 2394 5805 ιι,
2436 5745 2515 5797 l‘J.

1423 5789 1428 5793 .
1511 5748 1547 5777 ιτ
1578 5746 1730 5798 .loan.
1763 5763 1831 5804 γι.
1878 5746 1953 5797 l7.
2067 5747 2106 5776 ”
2140 5744 2300 5799 Marc.
2339 5761 2394 5805 ιι,
2436 5745 2515 5797 ιιι.
2596 5745 2634 5773 ⁸⁵
2673 5741 2855 5795 Matth.
2893 5757 2962 5802 Ix,
3002 5741 3084 5793 15.
