4236 6436
259 411 363 470 925

1406 416 1941 479 EPISTOLARUM
1982 421 2208 484 LIBER
2251 426 2324 485 II.

3387 425 3489 485 926

254 518 475 585 ἀγάπης
503 516 739 580 διαθεσις
764 518 995 582 αὔξοιτο.
1028 514 1101 572 Οῦ
1131 522 1180 574 τί
1215 522 1282 576 ἂν
1328 528 1410 595 εἴη
1475 528 1812 581 σπουδαιότε-
1844 527 1885 581 Α
1919 551 1927 582 ι

1844 527 1885 581 Α
1919 543 2132 585 crescat
2189 533 2433 586 all‘ectus.
2475 532 2592 597 Quo
2618 533 2830 601 quidem
2871 532 3158 602 optabilius
3188 549 3305 587 esse
3360 536 3488 603 quid

257 626 385 677 ρον;
417 608 549 660 ἀλλὰ
584 609 740 661 τοῦτο
773 610 866 661 νῦν
921 612 1120 664 κείσθω
1174 616 1430 671 ἐνταῦθα.
1488 621 1625 687 Πρὸς
1679 622 1821 673 δὲτὸ

252 697 380 766 ἑξῆς
409 699 689 766 βαδιστέον
720 702 747 751 ὁ
777 701 952 768 λόγος.
995 704 1059 755 Τί
1092 704 1151 755 τὸ
1193 706 1285 758 νῦν
1342 712 1732 781 καινοτομηθὲν
1762 715 1819 764 ἐν

251 793 364 849 τοῖς
393 790 599 852 αὐτόθι;
632 793 741 843 Καὶ
766 793 907 855 τίνες
926 796 977 845 οἱ
997 796 1270 862 νεοφανῶς
1296 798 1590 867 δράκοντες
1618 804 1819 872 χαρυό-

253 877 411 943 δηδὸν
469 879 858 943 καταπίνοντες
900 883 1075 951 ψυχὰς

254 966 396 1036 λόγῳ
423 969 516 1036 τῆς
554 969 843 1037 ἀληθείας;
872 975 1039 1037 Αὐτὸς
1070 977 1164 1043 μὲν
1194 972 1286 1031 οῦν
1333 980 1431 1030 οὐκ
1484 979 1814 1049 ἐξωνομάτι-

256 1074 353 1120 σας
378 1099 393 1121 ,
434 1061 592 1127 ἡμεῖς
637 1061 693 1113 δὲ
726 1063 816 1114 κα)⁵
868 1066 972 1134 πρὸ
1020 1067 1120 1135 τῆς
1160 1068 1441 1136 δηλώσεως
1484 1071 1590 1123 τῶν
1639 1089 1819 1142 γραμ-

258 1150 445 1218 μάτων
470 1155 957 1223 κατεστενάξαμεν,
1004 1158 1084 1210 ὅτι
1134 1160 1366 1228 μάλιστα
1398 1162 1482 1228 ἐφ’
1530 1163 1610 1215 ἐνὶ
1664 1164 1817 1233 ἀνδρὶ

256 1245 538 1314 αἱρετικῷ,
578 1247 775 1314 μᾶλλον
804 1250 858 1300 δὲ
904 1248 1218 1322 βλασφήμῳ
1265 1254 1343 1319 τῷ
1396 1255 1507 1306 ὄντι
1545 1257 1622 1317 εἰς
1652 1256 1815 1307 Θεό-ι’

258 1334 475 1401 λαχόντι
510 1339 567 1388 ἐν
601 1339 712 1398 τοῖς
737 1338 922 1391 αὐτόθι
978 1343 1128 1409 παρά
1183 1343 1276 1394 τοῦ
1323 1345 1557 1413 κράτους
1593 1362 1819 1415 χαρτου⁹

257 1427 533 1495 λαρεῦσιν,
586 1432 761 1482 ἐκεῖνο
802 1433 1069 1497 εἰπόντες,
1095 1436 1183 1486 ὅτι
1234 1452 1296 1502 γε
1343 1437 1440 1506 τῆς
1495 1438 1816 1508 περισοήτου

257 1519 537 1581 Σικελίας,
576 1519 809 1588 ἔφθασεν
837 1522 1073 1590 ὄλεθρος.
1099 1524 1230 1575 Τόδε
1278 1524 1337 1576 τὸ
1389 1526 1572 1595 πῆμα,
1605 1528 1702 1579 οὐκ
1754 1529 1819 1579 ὲκ

258 1611 592 1678 ὁογματικῆς
636 1612 830 1679 πείρας
864 1614 1260 1682 τετεχνωμένον
1291 1633 1303 1644 ·
1338 1619 1562 1687 ἄπειρον
1616 1618 1723 1687 γὰρ
1762 1620 1823 1671 τὸ

257 1697 666 1767 ἀνδριαντὰριον
716 1714 730 1729 ⁸
783 1702 916 1753 ἀλλά
962 1704 1020 1765 ἐξ
1067 1704 1294 1768 ἀσεϐοῦς
1343 1706 1564 1775 γνώμης
1615 1718 1820 1775 πεπλη-

261 1791 525 1858 ρωμένον,
569 1794 662 1844 καὶ
698 1794 783 1846 ἵνα
809 1795 1199 1867 τάληθέστερον
1229 1798 1440 1867 ῥηθείη,
1466 1800 1696 1869 πρόσθεν
1730 1800 1817 1853 ἐπὶ

257 1882 319 1931 τὸ
351 1882 587 1934 ἀσεϐοῦν
620 1886 857 1953 ἠγμένον
878 1903 890 1915 ο
934 1890 1025 1939 καί
1065 1906 1129 1953 γε
1166 1889 1406 1941 συνδόσιν
1451 1890 1628 1953 ἄλλοις
1657 1892 1815 1959 ὁμαί-

264 1990 445 2041 μοσιν.
485 1975 643 2029 Ἀλλά
663 1977 869 2040 τούτοις
896 1979 994 2047 μὲν
1043 1983 1076 2048 ἡ
1106 1982 1276 2051 Τριάς
1311 1982 1527 2045 ἐνθέους
1562 1984 1819 2054 στόμασιν

254 2060 355 2116 οἷδ’
408 2066 489 2117 ὅτι
538 2067 902 2136 ἀπορῤαπίσει
958 2070 1110 2138 ὑμῶν
1153 2089 1212 2124 τε
1277 2075 1368 2125 καὶ
1422 2075 1529 2126 τῶν
1589 2072 1820 2126 ἐνταῦθα

257 2156 721 2224 ὑπερμαχοῦντων
743 2158 839 2225 τῆς
867 2158 1142 2228 ἀληθείας.
1169 2162 1233 2213 Σὲ
1265 2162 1342 2223 δὲ,
1374 2164 1466 2214 καὶ
1488 2164 1577 2215 τὸν
1601 2157 1708 2225 οἷος
1730 2164 1816 2227 σὺ,

260 2247 430 2317 μηδὲν
466 2248 738 2312 ξενιζέτω,
776 2251 809 2318 ἡ
839 2249 917 2301 ἔτι
948 2251 1214 2304 λυττοῦσα
1241 2254 1468 2323 αἵρεσις.
1509 2252 1676 2306 Οὔπω
1709 2254 1816 2322 γὰρ

256 2328 613 2409 ἐκτέτριπται
673 2341 734 2392 τὸ
781 2343 949 2393 κακὸν
1006 2343 1128 2396 οῦτε
1181 2346 1584 2414 δεδοικίμασται
1622 2346 1819 2408 ἱκανῶς

254 2431 368 2482 τῶν
398 2432 603 2485 πιστῶν
632 2433 692 2485 τὸ
726 2436 997 2501 φιλόθεονο
1031 2438 1121 2488 καὶ
1156 2439 1335 2508 τρίτον
1360 2478 1374 2500 ,
1407 2440 1501 2508 οὐχ
1526 2433 1625 2491 οἷοί
1655 2442 1819 2507 ἐσμεν

254 2523 579 2591 ὲμὸατεύειν
630 2527 708 2589 είς
762 2528 997 2581 ἄϐυσσον
1040 2530 1318 2599 κριμάτων
1367 2530 1521 2597 Θεοῦ,
1570 2531 1690 2584 καθ’
1728 2531 1818 2593 οῦς

256 2617 491 2685 τρόπους
544 2620 792 2689 ἀνέχεται
846 2619 1029 2691 ἀκμὴν
1084 2621 1500 2687 κλυδωνίζεσθαι
1547 2624 1623 2692 τῷ
1674 2624 1819 2694 σάλῳ

255 2711 359 2779 τῆς
392 2711 646 2774 ἀπιστίας
669 2712 760 2765 τὸν
795 2713 923 2766 λαὸν
950 2714 1113 2767 αὐτοῦ

334 2800 477 2869 Πλὴν
528 2804 921 2872 συμπερασμοῦ
971 2803 1063 2856 τοῦ
1102 2804 1298 2871 λόγου,
1354 2804 1441 2857 ἵνα
1504 2806 1553 2857 οἱ
1608 2805 1820 2875 δόκιμοι

258 2893 532 2960 γίγνοιντο
566 2896 808 2965 φανεροὶ,
837 2895 912 2958 ὡς
950 2898 977 2949 ὁ
1018 2896 1115 2966 τῆς
1162 2896 1351 2964 σοφίας
1379 2896 1578 2966 ταμίας
1611 2896 1819 2961 Παῦλος

258 2985 497 3053 λέλεχεν.
532 2986 621 3037 Διὸ
664 2987 1090 3056 παρακαλοῦμεν
1149 2990 1244 3041 καὶ
1287 2987 1690 3059 ἀντιϐολοῦμεν,
1745 2991 1817 3059 μὴ

262 3079 522 3129 ἑκκακεῖν
553 3077 995 3147 διακατελέγχειν
1028 3095 1085 3131 σε
1114 3083 1227 3142 τοῖς
1263 3080 1601 3143 ὑπεναντίοις
1624 3082 1687 3133 ὲκ
1712 3081 1818 3135 τῶν

1152 885 1227 956 μὴ
1292 888 1687 957 ὲστηριγμένας
1743 890 1855 960 τῷ»

1924 624 2095 690 possit
2122 624 2144 675 ?
2172 622 2369 675 Verum
2404 625 2513 676 haec
2568 623 2729 675 inissa
2776 623 3034 677 faciamus
3066 641 3077 675 :
3107 623 3170 676 ad
3211 625 3490 691 sequentia

1927 724 2111 783 pergat
2171 715 2363 768 oratio.
2398 715 2536 779 Quid
2586 717 2687 769 hoc
2718 725 2820 777 est,
2843 717 2984 782 quod
3016 730 3161 767 nunc
3203 717 3344 783 apud
3394 732 3491 770 vos

1925 809 2240 860 innovatum
2298 808 2511 860 audio?
2555 807 2618 861 Et
2667 807 2886 876 quinam
2929 806 2981 857 hi
3025 805 3147 858 novi
3204 806 3486 869 dracones,

1924 898 2205 967 charybdis
2249 898 2417 951 instar
2468 899 2673 951 animas
2719 896 3071 950 absorbentes
3107 912 3225 964 quae
3249 897 3492 950 veritatis

1921 989 2088 1041 verbo
2128 989 2351 1042 ﬁrmata:
2400 1006 2507 1041 non
2541 990 2712 1041 sunt?
2761 988 2838 1041 Tu
2869 986 3085 1055 quidem
3120 987 3258 1038 haud
3312 989 3489 1040 nomi-

1924 1078 2062 1130 nasti
2094 1096 2105 1129 :
2135 1094 2232 1133 nos
2266 1094 2394 1132 vero
2424 1080 2583 1132 etiam
2631 1086 2919 1147 antequam
2968 1078 3161 1132 litterae
3189 1087 3291 1131 tuae
3326 1080 3489 1148 signi-

1921 1170 2172 1235 ﬁcarent,
2230 1162 2583 1224 vehementer
2637 1170 2980 1239 planximus,
3038 1169 3199 1222 unius
3253 1170 3487 1221 hominis

1922 1278 2083 1315 causa
2137 1263 2415 1325 haeretici,
2477 1263 2570 1316 sed
2629 1263 2807 1331 potius
2868 1277 3051 1314 revera
3098 1262 3391 1330 blasphemi
3436 1263 3487 1314 in

1922 1354 2114 1417 Deum,
2155 1354 2247 1422 qui
2298 1355 2609 1408 chartularii
2654 1370 2852 1407 munus
2893 1353 3012 1406 istic
3059 1354 3125 1405 ab
3166 1354 3491 1421 imperatore

1922 1446 2150 1513 adeptus
2181 1455 2283 1509 est,
2302 1446 2401 1500 hoc
2422 1448 2664 1500 dicentes
2681 1445 3046 1499 celeberrima:
3060 1444 3251 1498 Sicilia:
3265 1446 3489 1498 exitium

1925 1537 2201 1607 obtigisse.
2241 1539 2512 1592 Pernicies
2553 1548 2739 1592 autem
2778 1539 2893 1592 haac
2942 1555 3049 1592 non
3079 1556 3144 1593 ex
3188 1539 3487 1607 dognialica

1922 1629 2171 1682 doctrina
2204 1630 2431 1683 conﬂata
2470 1640 2550 1682 est
2581 1648 2591 1682 :
2633 1630 2893 1683 doctrinae
2911 1631 3053 1684 enim
3083 1648 3272 1699 expers
3301 1632 3489 1700 ingens

1926 1720 2039 1775 inec
2075 1731 2285 1774 statua:
2322 1722 2431 1774 sed-
2473 1722 2539 1774 ab
2574 1721 2735 1789 impia
2781 1730 2960 1774 mente
2988 1723 3245 1790 profecta,
3304 1733 3485 1789 atque,

1926 1820 1985 1863 ut
2017 1812 2160 1879 quod
2225 1812 2405 1864 verius
2440 1822 2523 1865 est
2569 1812 2800 1874 dicatur,
2844 1814 2910 1866 ad
2954 1814 3281 1881 impietatem
3337 1815 3489 1882 prius
3584 1824 3587 1827 '

1924 1912 2045 1955 nata
2082 1921 2093 1955 :
2128 1911 2183 1956 et
2211 1902 2427 1971 quidem
2472 1918 2591 1955 cum
2637 1903 2845 1957 duabus
2878 1904 2997 1957 aliis
3051 1904 3484 1973 consanguineis.

1924 1992 2027 2045 Sed
2055 1993 2155 2047 hos
2185 1992 2423 2047 Trinitas
2444 1994 2641 2048 divinis
2658 1994 2843 2048 oribus
2870 1995 3192 2064 proﬁigabit,
3225 2005 3279 2048 et
3310 2007 3487 2049 vestro

1920 2092 1973 2137 et
1996 2084 2245 2146 aliorum,
2290 2101 2409 2153 qum
2436 2086 2717 2139 veritatem
2761 2086 2830 2139 ibi
2887 2086 3201 2139 defendunt.
3235 2086 3309 2139 Te
3356 2102 3486 2139 vero

1920 2184 1973 2228 et
2005 2176 2078 2229 tui
2108 2177 2310 2230 similes
2358 2176 2584 2230 minime
2614 2177 2793 2230 turbet
2841 2178 3016 2230 adhuc
3031 2178 3217 2231 furens
3240 2178 3483 2232 haeresis.

1920 2266 2172 2321 Nondum
2230 2269 2373 2322 enim
2420 2284 2705 2323 excussum
2732 2280 2786 2323 et
2829 2278 3113 2323 contusum
3146 2279 3229 2323 est
3261 2271 3484 2333 malum,

1922 2373 2022 2412 nec
2052 2360 2179 2413 satis
2216 2359 2394 2413 adhuc
2425 2361 2684 2428 probatus
2735 2361 2973 2413 ﬁdelium
3015 2361 3065 2413 in
3101 2361 3264 2413 Deum
3296 2376 3483 2425 amor;

1923 2464 1986 2503 ae
2018 2451 2199 2513 tertio,
2232 2467 2340 2503 non
2381 2467 2667 2520 possumus
2716 2452 2918 2521 ingredi
2974 2452 3025 2504 in
3065 2452 3310 2521 abyssum
3339 2451 3487 2519 judi-

1923 2539 2129 2592 ciorum
2186 2537 2302 2601 Dei,
2339 2541 2607 2608 quomodo
2665 2540 2919 2609 p0pulum
2953 2556 3107 2593 suum
3160 2539 3488 2594 inlidclitatis
3534 2522 3540 2527 ”

1923 2631 2163 2698 procella
2192 2646 2364 2700 usque
2391 2632 2526 2685 adeo
2547 2632 2733 2702 agitari
2765 2632 2923 2685 sinat.

1994 2811 2265 2867 Caeterum
2313 2812 2577 2866 sermonis
2645 2810 2919 2867 conclusio
2983 2820 3068 2865 est
3109 2819 3170 2863 ut
3216 2808 3486 2863 manifesti

1925 2904 2058 2959 ﬁant
2089 2904 2267 2967 electi,
2300 2905 2441 2959 sicut
2479 2902 2755 2973 sapientiae
2783 2903 3119 2971 dispensator
3146 2901 3343 2956 Paulus
3389 2902 3483 2956 ait.

1921 2995 2260 3065 Quapropter
2291 2996 2570 3050 hortamur
2606 3003 2661 3048 et
2700 2995 3077 3059 obsecramus,
3110 3010 3177 3047 ne
3228 2994 3489 3063 fatigeris,

1927 3103 2105 3157 neque
2138 3102 2320 3141 cesses
2352 3086 2692 3140 adversarios
2733 3101 3023 3155 coarguere
3058 3101 3119 3138 ex
3152 3085 3339 3139 intimo
3365 3101 3486 3139 eor-

264 3169 477 3222 ἀδύτων
510 3171 749 3239 ταμείων
776 3172 876 3241 τῆς
905 3172 1130 3241 καρδίας
1177 3190 1292 3237 σου,
1358 3174 1698 3242 προφέροντα
1750 3176 1817 3227 τὰ
1845 3197 1888 3255 ε
1924 3196 1937 3233 (

1814 3195 1817 3226 ι
1845 3197 1888 3255 ε
1924 3178 2006 3233 dis
2035 3179 2110 3232 tui
2140 3193 2281 3247 penu
2318 3176 2502 3230 divina
2520 3191 2776 3246 promens
2806 3176 3150 3239 documenta,
3181 3184 3341 3243 atque
3362 3175 3487 3229 hinc

263 3259 384 3312 θεῖα
423 3259 746 3330 διδάγματα,
796 3263 889 3315 καὶ
936 3262 1355 3315 ὑποδεικνύοντα
1403 3264 1647 3316 ἐντεῦθεν
1694 3266 1818 3335 ἀρι-

260 3348 455 3419 δήλως,
502 3352 580 3402 ὅτι
613 3352 844 3421 Χριστὸς
876 3352 935 3403 οὐ
964 3354 1219 3421 Χριστὸς,
1248 3355 1293 3405 εἰ
1320 3352 1392 3423 μὴ
1427 3355 1823 3423 περιγράφοντο

261 3445 329 3511 τῇ
349 3446 469 3497 καθ’
489 3446 632 3514 ἡμᾶς
667 3445 797 3515 ἰδέᾳ.
832 3445 999 3514 Εἴπερ
1021 3445 1127 3516 γὰρ
1153 3445 1287 3513 σὰρξ
1314 3446 1575 3513 ἐγεγόνει,
1607 3450 1823 3511 πάντως

263 3541 359 3592 καὶ
382 3541 456 3602 ὼς
486 3538 621 3608 σὰρξ
656 3540 1062 3608 περιγράφοιτο.
1111 3541 1174 3590 Ὃ
1218 3540 1272 3590 δὲ
1311 3539 1383 3609 μὴ
1414 3540 1820 3609 περιγράφοιτο,

262 3632 421 3684 τοῦτο
456 3632 553 3683 οὐκ
605 3630 732 3681 εἴσω
776 3630 1211 3699 ἀνθρωπότητος,
1254 3631 1368 3683 ἀλλ’
1426 3631 1528 3693 ἔξω
1580 3632 1823 3702 δηλονότι

264 3725 359 3776 καὶ
386 3724 550 3776 τόπου
578 3725 669 3775 καὶ
708 3722 920 3792 χρόνου,
973 3722 1101 3784 Θεὸς
1151 3723 1351 3791 γυμνὸς
1395 3726 1459 3793 τῇ
1492 3724 1823 3794 ἁπεριληψίᾳ.

266 3833 327 3867 τε
386 3816 479 3867 καὶ
545 3814 823 3883 ἀοριστία,
874 3814 967 3865 καὶ¹
1030 3812 1319 3881 λεγόμενος
1369 3814 1460 3865 καὶ
1514 3814 1819 3882 νοούμενος·

267 3908 360 3958 καὶ
412 3905 566 3959 τοῦτο
625 3904 907 3974 ἀραρότως
964 3906 1041 3967 είς
1091 3904 1492 3973 ἀναμφίλεκτον
1544 3905 1818 3969 ἀπόδειξιν

262 3999 360 4067 τῆς
430 3997 684 4063 ἀληθείας
774 3998 1007 4065 φυσικῆς
1098 3997 1414 4058 ἀκολουθίας
1514 3997 1821 4064 ἀναγκαζό-

268 4107 427 4158 μενον
505 4086 938 4160 περιγράφεσθαι
1010 4089 1241 4157 Χριστὸν
1324 4088 1426 4140 κᾶν
1505 4091 1571 4156 τῇ
1655 4090 1822 4142 εἰκόνι

265 4182 765 4253 προσκυνούμενον,
826 4181 1054 4250 ἐπείπερ
1104 4183 1160 4233 ὲν
1215 4182 1351 4250 αὐτῇ
1409 4178 1467 4233 τὸ
1518 4182 1824 4251 ἀρχέτυπον

268 4275 643 4340 ἐκπέφανται,
707 4272 895 4337 ὥσπερ
961 4272 1093 4340 φησὶ
1167 4272 1455 4339 θεόφαντος
1508 4273 1821 4335 Διονύσιος,

268 4367 363 4417 καὶ
414 4365 665 4432 ἀλλαχοῦ,
696 4365 953 4432 ἑκάτερον
1000 4366 1056 4414 ὲν
1114 4364 1355 4434 ἑκατέρῳ
1405 4363 1557 4433 παρὰ
1606 4363 1665 4416 τὸ
1723 4364 1823 4432 τῆς

265 4456 450 4517 οὐσίας
510 4454 784 4523 διάφορον.
835 4454 997 4504 Ὥστε
1053 4456 1080 4505 ὁ
1135 4454 1564 4521 ἀπαναινόμενος
1620 4454 1822 4523 ἐγγρά-

1921 3271 2209 3341 perspicue
2268 3271 2669 3333 demonstrans,
2712 3268 2992 3323 Christum
3024 3282 3130 3320 non
3157 3282 3277 3320 esse
3325 3266 3489 3320 Chri-

1923 3370 2084 3420 stum.
2148 3360 2251 3413 nisi
2276 3360 2426 3428 juxta
2458 3359 2681 3429 ﬁguram
2718 3368 2955 3411 nostram
2990 3356 3485 3411 circumscribatur.

1920 3454 2054 3506 Nam
2086 3453 2128 3506 si
2159 3468 2284 3507 caro
2314 3451 2485 3505 factus
2535 3459 2637 3515 est,
2668 3450 2851 3517 utique
2882 3449 3045 3501 veluti
3100 3464 3225 3502 caro
3252 3450 3485 3501 circum—

1922 3545 2210 3598 scribetur.
2272 3542 2426 3607 Quod
2457 3556 2584 3595 vero
2626 3556 2734 3593 non
2774 3540 3252 3599 circumscribitur,
3282 3540 3331 3591 id
3378 3555 3483 3590 non

1922 3634 2060 3686 intra
2102 3632 2488 3687 humanitatem
2534 3640 2649 3691 est,
2701 3628 2794 3682 sed
2843 3639 2991 3681 extra
3039 3629 3179 3681 haud
3229 3629 3389 3680 dubie
3435 3638 3489 3679 et

1922 3726 2095 3777 locum
2155 3734 2209 3777 et
2265 3733 2497 3790 tempus,
2533 3720 2675 3774 Deus
2708 3720 2909 3781 nudus,
2959 3735 3120 3787 quem
3183 3720 3487 3786 incompre-

1922 3813 2204 3867 hensibilis
2261 3821 2316 3865 et
2368 3810 2664 3864 indeﬁnita:
2698 3817 2902 3861 natura:
2931 3808 3162 3861 dicimus
3208 3816 3261 3860 et
3290 3807 3489 3876 cogita-

1920 3924 2061 3962 mus.
2098 3907 2276 3975 Atque
2311 3905 2413 3959 hoc
2434 3910 2795 3973 congruenter
2820 3901 2883 3953 ad
2917 3911 3115 3953 certam
3154 3900 3489 3955 demonstra-

1924 3999 2122 4052 tionem
2153 3997 2396 4052 veritatis
2428 4005 2634 4049 naturae
2677 3995 2828 4062 sequi
2872 4006 3093 4045 necesse
3127 4000 3227 4054 est,
3256 3990 3489 4043 cireum-

1924 4091 2085 4145 scribi
2146 4089 2444 4151 Christum,
2497 4086 2629 4140 etin
2665 4084 2897 4154 imagine
2938 4082 3167 4145 adorari,
3225 4081 3489 4149 siquidem

1923 4184 1979 4236 in
2033 4199 2094 4237 ea
2127 4183 2477 4251 archetypum
2525 4186 2982 4245 repraesentatur,
3038 4172 3490 4242 quemadmodum

1923 4273 2283 4340 diviniloquus
2331 4272 2401 4324 ait
2453 4269 2768 4339 Dionysius,
2825 4275 2881 4319 et
2954 4265 3104 4325 alibi,
3153 4264 3380 4316 alterum
3436 4263 3489 4313 in

1923 4366 2112 4427 altero,
2156 4373 2352 4433 praeter
2400 4361 2714 4415 substantia:
2772 4358 3151 4413 differentiam.
3187 4359 3361 4419 Quare
3400 4357 3493 4423 qui

1924 4466 2084 4523 negat
2135 4454 2348 4525 depingi
2390 4453 2688 4511 Christum,
2734 4452 2779 4505 is
2820 4460 3002 4503 natum
3051 4449 3323 4502 hominem
3372 4463 3493 4499 esse

267 4546 460 4611 φεσθαι
502 4546 734 4616 Χριστὸν
762 4546 992 4615 ἤρνηται
1037 4544 1317 4614 ἄνθρωπον
1358 4543 1659 4612 γεγονέναι.
1709 4546 1817 4599 Καὶ
1847 4540 1891 4596 D
1920 4565 1940 4603 ι

1847 4540 1891 4596 Ῑ)
1920 4548 2139 4617 negavit
2166 4565 2179 4611 ;
2219 4556 2272 4600 et
2297 4546 2386 4614 qui
2409 4546 2527 4614 ejus
2549 4542 2831 4613 imaginem
2858 4558 2965 4594 non
2993 4541 3199 4602 adorat,
3224 4555 3290 4592 ne
3314 4540 3490 4606 ipsum

265 4640 294 4688 ὁ
327 4636 401 4705 μὴ
429 4635 744 4704 προσκυνῶν
780 4634 941 4687 αὑτοῦ
982 4635 1079 4704 τὴν
1119 4635 1322 4697 εἰκόνα,
1361 4635 1420 4687 οῦ
1450 4634 1617 4686 τύπον
1652 4652 1821 4705 προσ-

268 4730 419 4781 κυνεί
484 4727 644 4780 αὑτὸν
699 4727 759 4778 τὸ
798 4725 1046 4789 καθόλου,
1100 4727 1203 4777 κᾶν
1256 4726 1449 4796 νομίζῃ
1483 4727 1820 4795 προσκυνεῖν,

272 4820 393 4872 ἐπεί
452 4837 614 4887 φησιν
642 4821 669 4871 ό
711 4820 852 4888 ἱερὸς
906 4819 1080 4885 λόγος,
1129 4820 1188 4871 Oi
1236 4818 1453 4870 ἄπιστοι
1500 4818 1817 4887 ὁμολογοῦσι

272 4911 403 4963 Θεὸν
437 4910 668 4976 εἰδέναι,
698 4913 809 4972 τοῖς
857 4911 912 4962 δὲ
945 4911 1124 4979 ἔργοις
1162 4909 1463 4978 ἀρνοῦνται.
1509 4910 1689 4963 Ταῦτα
1727 4911 1821 4979 ούχ

270 5002 345 5063 ὡς
373 5001 641 5071 ἀγνονιύση
687 5003 752 5069 τῇ
804 5001 1071 5070 τιμιότητί
1104 5016 1195 5051 σου
1226 5000 1566 5069 ὑπεδήλωσα,
1614 5002 1726 5053 ἀλλ’
1748 5002 1821 5062 ὡς

272 5110 583 5162 συνομογνω
614 5092 846 5162 μονούση
871 5133 884 5155 ,
909 5094 1001 5143 καὶ
1024 5091 1211 5161 ῶσπερ
1247 5092 1429 5162 ρανίδα
1456 5094 1517 5143 ὲκ
1561 5093 1826 5160 πελάγους

266 5188 551 5255 δογμάτων
585 5186 905 5248 ἀνελκύσας.
965 5186 1100 5255 πρὸς
1155 5186 1215 5238 τὸ
1255 5186 1349 5238 καὶ
1401 5186 1623 5256 ἄπειρον
1664 5187 1827 5254 ἐσμὸν

270 5274 410 5330 εἶναι
441 5280 747 5348 Πατρικῶν,
776 5280 911 5349 μετὰ
944 5279 1036 5331 καὶ
1066 5279 1162 5348 τῆς
1186 5278 1536 5349 ἁρχαιολόγου
1567 5280 1823 5349 ἱστορίας,

268 5370 363 5422 ἀπ’
410 5372 576 5441 αὐτῆς
614 5372 859 5441 βαλϐῖδος
899 5372 989 5424 τοῦ
1051 5371 1400 5443 κηρύγματος
1450 5372 1528 5433 είς
1574 5370 1828 5423 σύστασιν

266 5463 362 5530 τῆς
404 5466 701 5532 ἀμωμήτου
733 5466 885 5534 ἡμῶν
914 5466 1022 5517 τῶν
1060 5463 1397 5534 Χριστιανῶν
1430 5462 1683 5526 πίστεως.

1922 4642 2138 4709 quidem
2192 4654 2416 4707 prorsus
2466 4638 2672 4699 adorat,
2720 4635 2848 4687 licet
2894 4633 3121 4687 adorare
3172 4647 3229 4684 se
3286 4642 3487 4700 putet:

1920 4732 2135 4803 quando
2166 4732 2381 4800 quidem
2408 4771 2422 4796 ,
2463 4738 2523 4782 ut
2545 4741 2722 4781 sermo
2747 4742 2899 4779 sacer
2926 4724 3019 4787 ait,
3054 4724 3294 4777 inﬁdeles
3322 4723 3494 4776 conﬁ-

1920 4834 2101 4878 tentur
2151 4840 2207 4876 se
2258 4823 2428 4877 Deum
2461 4837 2640 4884 nosse,
2679 4819 2839 4873 factis
2873 4828 3051 4869 autem
3100 4824 3311 4884 negant.
3368 4814 3492 4867 limo

1920 4932 2017 4985 ego
2052 4932 2156 4969 non
2192 4924 2447 4982 tanquam
2480 4912 2745 4983 ignoranti
2781 4910 3097 4964 reverentia:
3121 4918 3221 4961 tuae
3243 4907 3491 4975 exposui.

1921 5012 2016 5063 sed
2071 5019 2320 5075 tanquam
2358 5022 2461 5059 una
2514 5004 2797 5066 sentienti,
2843 5018 2905 5055 ac
2953 5000 3113 5055 veluti
3170 5008 3373 5067 guttam
3422 5014 3490 5050 ex

1936 5104 2244 5172 dogmatum
2300 5101 2483 5169 pelago
2516 5097 2789 5159 hauriens,
2819 5111 2939 5150 eum
2972 5093 3195 5147 inﬁnita:
3230 5099 3488 5159 praeterea

1937 5194 2044 5246 sint
2066 5192 2286 5244 Patrum
2312 5190 2615 5252 sementim,
2651 5204 2753 5241 una
2785 5204 2905 5239 cum
2936 5196 3115 5238 vetere
3148 5185 3390 5245 historia,
3424 5183 3490 5235 ab

1933 5285 2153 5337 exordio
2202 5285 2319 5352 ipso
2363 5281 2684 5350 evangelica:
2727 5277 3124 5347 prmdicationis
3171 5275 3234 5329 ad
3276 5275 3490 5329 illibatze

1933 5374 2056 5428 ﬁdei
2104 5384 2301 5428 nostrm
2333 5371 2654 5428 Christianae
2684 5367 3174 5423 conﬁrmationem.
