4236 6436
811 385 912 445 9:27

1959 392 2213 452 PIIOTII
2252 393 2746 455 PATRIARCH/E
2783 395 2877 456 CP.

3914 397 4014 458 928

818 520 4003 552 ..____________________________________________

1431 614 1792 690 PHOTll
1843 615 2553 697 EPISTOLARUM
2599 621 2894 697 LIBER
2938 621 3412 700 TERTIUS.

1243 767 1596 823 EPISTOLAS
1636 769 1726 822 AD
1763 767 2164 824 OFFICIALES
2208 771 2452 826 LAICOS
2486 771 2570 824 ET
2604 773 3092 830 MAGISTRATUS
3127 773 3570 830 SECULAItES.

1393 943 1606 996 EPIST.
1641 944 1677 997 I.

1016 1032 1205 1086 Joanm‘
1233 1037 1530 1102 aspathario
1558 1046 1604 1088 et
1629 1035 1953 1104 Philoponesi
1973 1037 2113 1091 duci.

2385 961 2432 1015 Δ

3065 951 3287 1003 ΕΠΙΣΤ.
3335 951 3413 1002 A'.

2475 1041 2718 1107 Ἰωάννῃ
2752 1042 3214 1109 ἀσπαοαριφκαὶ
3250 1038 4017 1109 στρατητῷφιλοπονήσου.

2015 1130 2276 1182 Montacut.
2314 1136 2418 1195 (ep.
2452 1136 2499 1194 5,
2533 1150 2582 1196 p.
2612 1135 2713 1195 69).

885 1211 1124 1264 Adverso
1154 1211 1392 1275 flumine,
1423 1212 1563 1278 quod
1588 1214 1872 1279 proverbio
1906 1216 2122 1276 dicitur,
2151 1217 2203 1267 in
2231 1233 2365 1284 prm-

815 1307 953 1357 senti
1012 1305 1221 1372 negotia
1279 1305 1405 1357 ferri
1446 1306 1742 1360 videntur:
1793 1307 2030 1362 Joannes
2070 1309 2214 1361 enim
2282 1310 2370 1360 ille

814 1396 1083 1462 quondam
1132 1395 1378 1448 laudatus
1411 1397 1690 1465 bonusque
1745 1399 1924 1451 subito
1953 1415 2058 1450 non
2093 1409 2173 1451 est
2205 1399 2247 1450 is
2280 1399 2368 1465 qui

815 1487 919 1538 fuit
944 1487 1290 1554 ante(religio
1317 1487 1461 1538 enim
1493 1488 1620 1538 mihi
1649 1498 1731 1540 est
1755 1489 1928 1540 adhuc
1951 1489 2131 1541 dicere
2170 1490 2367 1553 aliter),

814 1591 922 1628 non
950 1585 1030 1629 est
1053 1577 1141 1644 qui
1174 1577 1365 1638 fuerat,
1397 1593 1498 1630 nec
1521 1578 1730 1644 qualem
1763 1594 1980 1632 manere
2003 1595 2125 1631 eum
2159 1580 2211 1631 in
2234 1579 2371 1632 votis

813 1666 944 1718 mihi
977 1677 1112 1728 erat,
1146 1670 1235 1720 sed
1265 1684 1384 1720 cum
1417 1669 1516 1721 hac
1549 1677 1702 1721 aatate
1737 1671 1822 1730 sit,
1850 1680 1904 1722 et
1932 1670 1997 1722 ad
2044 1672 2164 1724 vita:
2207 1686 2363 1723 occa-

815 1771 932 1808 sum
981 1759 1198 1826 jamjam
1247 1761 1518 1828 devergat,
1573 1760 1903 1812 immutatur.
1955 1760 2232 1814 Defluxcre
2284 1775 2367 1813 res

817 1849 1107 1914 pra-clara},
1140 1863 1350 1902 mortua
1380 1860 1463 1902 est
1499 1849 1687 1912 virtus,
1724 1851 2006 1903 oblivionis
2039 1853 2244 1904 tumulo
2274 1868 2367 1905 oc-

815 1939 1048 1991 cultatur
1068 1941 1296 1992 amicitia
1325 1957 1334 1990 :
1357 1941 1560 1993 amicus
1581 1941 1850 1993 communi
1866 1942 2070 1994 calculo
2095 1955 2364 2006 censetur,

817 2046 921 2081 non
963 2032 1050 2082 ille
1083 2031 1173 2098 qui
1203 2033 1344 2098 quod
1380 2033 1614 2099 loquitur
1642 2048 1705 2083 ex
1737 2041 1844 2084 tota
1898 2033 2075 2084 anima
2110 2034 2364 2100 loquitur,

2538 1221 2684 1271 Ἀνω
2715 1219 2994 1286 ποταμῶν,
3041 1220 3075 1286 ὴ
3115 1219 3404 1287 παροιμία,
3456 1218 3548 1268 ἐπὶ
3581 1217 3772 1284 καιροῦ
3801 1218 3868 1268 ἂν
3891 1217 4020 1282 φαίη

2463 1313 2530 1362 τὰ
2577 1310 2874 1378 πράγματα
2902 1325 2914 1335 ·
2971 1309 3223 1375 Ἰωάννης
3276 1312 3304 1360 6
3350 1309 3511 1369 καλός
3549 1326 3606 1360 τε
3647 1310 3740 1359 καὶ
3800 1308 4020 1370 ἀγαθὸς,

2465 1403 2720 1470 ἐξαίφνης
2740 1402 2841 1457 (ἔτι
2864 1402 2971 1469 γὰρ
2993 1400 3322 1467 εὐλαϐοῦμαι
3345 1402 3476 1452 αὐτὸ
3496 1401 3806 1452 τούναντίον
3829 1403 4019 1465 εἰπεῖν)

2463 1495 2561 1545 οὐκ
2594 1494 2740 1545 ἐστιν
2773 1488 2998 1560 οἷόσπερ
3050 1488 3140 1560 ἦν,
3169 1491 3274 1542 οὐδ’
3310 1485 3420 1542 οἷον
3450 1492 3611 1542 αὐτὸν
3664 1491 3848 1558 μένειν
3874 1491 4025 1557 εὐχό-

2468 1584 2635 1651 μεθα·
2663 1584 2776 1634 ἀλλ’
2809 1581 3040 1634 ἐνταῦθα
3061 1581 3279 1649 ἡλικίας
3300 1579 3492 1642 ἐλθὼν,
3523 1581 3619 1631 καὶ
3651 1583 3784 1649 πρὸς
3815 1581 4024 1648 δυσμὰς

2468 1675 2703 1727 ὲλαύνων
2756 1676 2892 1743 βίου,
2946 1673 3360 1742 μεταϐέϐληται.
3429 1673 3636 1740 ἘρειΡ
3687 1673 3757 1723 τὰ
3814 1673 3958 1724 καλά
4005 1688 4021 1723 °.

2463 1766 2692 1834 τέθνηκε
2731 1765 2776 1816 δ’
2813 1765 2984 1832 ἀρετὴ
3015 1805 3030 1826 ,
3061 1763 3157 1814 καὶ
3181 1763 3348 1830 λήθης
3376 1763 3530 1830 ταφῳ
3573 1762 3727 1828 φιλία
3755 1762 4026 1813 καλύπτε-

2469 1874 2589 1909 ται·
2629 1857 2721 1908 καὶ
2753 1857 2904 1923 φίλος
2929 1857 3152 1918 ἐκεῖνος,
3207 1855 3302 1923 οὐχ
3329 1857 3475 1916 ὅστις
3498 1855 3556 1919 ἐξ
3579 1855 3700 1906 ὅλου
3745 1855 3894 1918 λέγει
3934 1855 4024 1904 τοῦ

2470 1947 2582 2010 νοῦ,
2630 1948 2724 1998 καὶ
2772 1945 2971 2005 ἀδόλως
3003 1944 3092 1996 διὰ
3127 1944 3242 2013 βίου
3295 1945 3446 2011 μένει
3497 1944 3687 2011 φιλῶν,
3737 1943 3852 1994 ἀλλ’
3883 1944 4027 2002 ὅστις

2472 2039 2658 2108 ύφάλῳ
2682 2037 2891 2104 γνώμῃ,
2922 2037 3061 2088 κατά
3101 2036 3392 2104 πρόσωπον
3424 2036 3524 2103 μὲν
3555 2036 3724 2103 ἡδέως
3754 2034 4027 2101 γαληνιῶν

815 2130 870 2172 ct
904 2122 1017 2173 sine
1043 2124 1164 2174 dolo
1211 2125 1382 2191 diligit
1433 2140 1526 2191 per
1558 2125 1722 2177 totius
1748 2126 1868 2178 vitae
1915 2141 2156 2188 cursum,
2195 2127 2288 2179 sed
2321 2128 2366 2180 is
2398 2148 2438 2201 Β
2469 2132 2488 2181 ὁ

2356 2144 2366 2180 ι
2398 2148 2438 2201 Β
2469 2131 2665 2196 ὁμιλεῖ,
2699 2129 2801 2190 ἔξω
2819 2129 2877 2179 δὲ
2901 2129 3188 2194 γενόμενος
3213 2127 3528 2194 ὀφθαλμῶν,
3561 2127 3856 2193 τρικυμίας
3888 2125 4029 2176 ἀπα·

815 2215 904 2280 qui
938 2216 1157 2268 subdola
1199 2226 1250 2269 et
1279 2218 1512 2269 sublesta
1545 2227 1744 2276 mente,
1793 2232 1971 2270 coram
2000 2227 2057 2271 et
2089 2219 2141 2272 in
2177 2220 2368 2272 faciem

2477 2236 2573 2281 σας
2610 2221 2814 2285 ἐγείρει
2839 2217 3136 2286 πονηριῶν.

820 2308 1172 2375 tranquilliter
1198 2320 1250 2362 et
1284 2311 1520 2376 jucunde
1584 2321 1954 2376 conversatur,
2015 2323 2069 2365 at
2097 2328 2222 2366 cum
2291 2321 2438 2366 extra
2477 2313 2640 2366 fuerit
2685 2311 2962 2366 oculorum
3042 2319 3415 2376 conspectum,
3446 2307 3784 2361 omnimodos
3837 2305 4032 2359 fluctus

815 2401 1012 2452 malum
1042 2401 1357 2453 intentando
1395 2404 1646 2455 concitat.

1402 2491 1615 2546 EPIS'I‘.
1655 2494 1716 2546 ll.

1034 2581 1215 2650 Sergio
1257 2584 1526 2652 magistro,
1571 2595 1617 2636 et
1647 2585 1823 2636 ιιι·υωὶ
1859 2585 2142 2654 logothetw.

3063 2487 3285 2540 ΕΠΙΣΤ.
3340 2486 3412 2540 π.

2541 2584 2759 2650 Σεργίῳ
2781 2583 3085 2650 μαγιστρῳ
3134 2582 3229 2632 καὶ
3263 2580 3548 2648 λογυθέτῃ
3578 2581 3681 2632 τοῦ
3712 2581 3961 2647 Δρόμου.

2051 2683 2312 2730 Montacut.
2353 2683 2453 2742 (ep.
2493 2680 2564 2736 10,
2601 2693 2648 2738 ρ.
2684 2676 2762 2736 75)

888 2760 1006 2812 Non
1035 2763 1249 2828 quidem
1291 2773 1476 2815 contra
1515 2779 1634 2827 nos,
1665 2773 1724 2816 ut
1757 2774 1870 2817 tute
1900 2765 2113 2826 scribis,
2145 2765 2238 2817 sed
2281 2780 2378 2830 pro

820 2855 976 2906 nobis
1001 2855 1166 2918 dicta,
1193 2871 1312 2922 qua:
1341 2856 1656 2908 dicebantur
1685 2874 1713 2908 a
1743 2865 1812 2916 te.
1847 2867 2189 2924 reputamus;
2221 2865 2380 2923 atque

820 2947 942 2998 ideo
973 2946 1180 2997 veniam
1202 2947 1357 2999 dictis
1384 2949 1587 3014 precari
1615 2964 1721 2998 non
1755 2958 1868 3000 erat
1893 2963 2048 3015 opus.
2087 2946 2139 2998 Si
2159 2947 2374 3015 quidem

819 3053 938 3104 qua:
957 3038 1221 3104 protulisti
1249 3053 1372 3090 vera
1396 3048 1541 3098 sunt.
1571 3039 1871 3099 commodo,
1901 3054 2007 3091 non
2043 3038 2380 3091 incommodo

822 3144 908 3180 me
937 3129 1184 3187 atlecisti,
1229 3129 1355 3182 dum
1386 3131 1663 3196 culparum
1711 3131 1945 3183 instituis
1998 3130 2380 3197 reprehensio-

824 3236 947 3271 nem
982 3261 994 3281 ,
1048 3236 1167 3287 qua:
1221 3222 1358 3272 solet
1411 3237 1701 3288 provurare
1773 3224 2238 3286 emendationem;
2295 3222 2378 3276 sin

825 3308 958 3360 falsa
989 3309 1294 3374 protuleris,
1330 3312 1495 3378 magis
1525 3312 1738 3377 quidem
1770 3313 2044 3379 magisque
2085 3312 2370 3380 profueris,

826 3415 890 3449 eo
919 3401 1062 3466 quod
1097 3401 1229 3452 faISo
1257 3403 1557 3469 culpaveris
1585 3419 1597 3462 ;
1638 3419 1722 3455 res
1760 3404 1900 3455 enim
1937 3404 2105 3472 magis
2132 3404 2376 3457 attende-

826 3506 904 3552 re,
931 3499 984 3542 et
1020 3490 1070 3541 in
1103 3491 1454 3558 princinctura
1491 3502 1633 3544 stare
1665 3507 1762 3544 nos
1787 3492 1958 3545 fecisti
1991 3509 2006 3554 ;
2043 3507 2150 3543 non
2175 3500 2381 3544 tantum

828 3590 886 3631 ut
915 3581 982 3632 ab
1007 3582 1256 3646 operibus
1283 3582 1347 3634 iis
1375 3582 1740 3633 abstineamus
1775 3598 1893 3649 qua:
1933 3583 2292 3644 retulisti,sed
2327 3593 2384 3634 ut

828 3681 882 3725 ct
913 3690 940 3724 a
974 3673 1152 3739 praxis
1195 3674 1607 3741 cogitationibus
1644 3676 1968 3740 quantocius
2016 3689 2172 3740 quam
2230 3674 2385 3741 longe

832 3763 1187 3827 recedamus;
1219 3779 1283 3816 eo
1306 3764 1447 3831 quod
1484 3765 1768 3816 retributio
1795 3780 1822 3815 a
1846 3764 1996 3817 cadis
2036 3764 2269 3832 reposita
2302 3772 2387 3816 est

829 3856 918 3917 iis,
948 3856 1037 3922 qui
1065 3870 1185 3908 cum
1223 3856 1497 3924 proposito
1528 3857 1816 3909 mentiendi
1847 3857 2009 3909 verba
2061 3856 2220 3924 impia
2256 3873 2379 3924 pro-

831 3947 1020 3998 tulere.
1063 3947 1178 3998 Noli
1245 3947 1403 4016 igitur
1452 3949 1516 4000 de
1559 3949 1716 4002 dictis
1762 3949 2116 4012 erubescere;
2172 3956 2378 3999 tantum

831 4037 983 4089 abest
1018 4047 1072 4088 ut
1103 4049 1152 4089 te
1183 4055 1282 4090 nos
1311 4042 1380 4091 ob
1410 4039 1496 4090 illa
1534 4041 1860 4104 incusemus,
1891 4052 1948 4094 ut
1991 4041 2153 4094 etiam
2184 4040 2382 4108 scripto

831 4128 1169 4194 consignatas
1199 4129 1490 4182 habeamus
1517 4131 1730 4195 gratias.

1427 4219 1638 4271 EPIST.
1673 4218 1758 4271 ΙΙΙ.

1111 4303 1308 4357 Basilio
1339 4310 1558 4374 patricio
1593 4309 1734 4361 urbis
1763 4310 2022 4377 pra’fecto.

2549 2762 2623 2810 υύ
2655 2758 2774 2810 καθ’
2803 2757 2982 2823 ήμῶν,
3013 2756 3204 2824 ῶσπερ
3226 2756 3494 2825 ἔγραψας,
3522 2756 3655 2810 ἀλλά
3684 2759 3821 2827 ὑπὲρ
3853 2763 4032 2829 ἡμῶν,

2477 2853 2544 2903 τὰ
2573 2849 2874 2918 λαληθέντα
2906 2865 2990 2899 σοι
3016 2847 3347 2916 λογιζόμεθα
3371 2863 3382 2874 ·
3422 2847 3617 2900 οὐκοῦν
3645 2850 3764 2901 ωδε
3795 2854 4038 2919 συγγνώ-

2481 2962 2608 3012 μην,
2643 2939 2723 3003 οἷς
2781 2942 3068 3009 ὲλάλησας,
3108 2941 3382 3010 προσῆκεν
3437 2943 3628 2995 αἰτεῖν.
3683 2944 3744 2994 Εἰ
3788 2945 3888 3011 μὲν
3932 2947 4039 3014 γὰρ

2477 3035 2650 3103 ἀληθῆ
2698 3033 2765 3084 τά
2808 3032 3056 3101 ῥηθέντα,
3088 3032 3395 3100 ὠφέλησας,
3451 3031 3564 3083 ἀλλ’
3619 3033 3717 3084 οὐκ
3775 3033 4036 3100 ἔϐλαψας,

2480 3128 2702 3194 ἔλεγχον
2729 3123 2838 3176 τῶν
2859 3125 3264 3193 ἡμαρτημένων
3289 3124 3667 3192 ποιησάμενος,
3696 3125 3753 3187 ἐξ
3777 3119 3854 3177 ὧν
3880 3129 4040 3178 εῖωθε

2479 3219 2763 3286 διόρθωσις
2799 3216 3208 3285 περιγίνεσθαι·
3246 3218 3294 3265 εί
3357 3215 3411 3266 δὲ
3440 3216 3632 3284 ψευδῆ,
3667 3219 3801 3269 πολὺ
3838 3220 4041 3286 μᾶλλον

2479 3311 2786 3380 ὠφέλησας,
2825 3312 2999 3378 μάτην
3034 3308 3435 3373 αἰτιασάμενος.
3485 3309 3780 3376 ΙΙροσέχειν
3819 3328 3876 3362 τε
3934 3312 4041 3378 γὰρ

2479 3402 2621 3454 οὕτω
2645 3401 2864 3469 μᾶλλον,
2888 3401 2981 3450 καὶ
3003 3399 3371 3467 περιστέλλειν
3391 3400 3631 3459 ἑαυτοὺς,
3655 3401 3714 3450 ού
3739 3400 3844 3450 τῶν
3863 3400 4040 3468 ἔργων

2486 3495 2665 3561 μόνον,
2697 3495 2798 3543 ὅσα
2832 3491 2907 3559 μὴ
2949 3491 3046 3552 δεῖ,
3091 3490 3465 3558 διανέστησας,
3511 3491 3625 3542 ἀλλ’
3683 3493 3835 3544 οὐδὲν
3877 3491 4041 3562 ἦττον

2484 3587 2734 3637 σπεύδειν
2762 3587 3063 3659 ἀναχωρεῖν
3092 3585 3186 3635 καὶ
3218 3585 3326 3635 τῶν
3375 3585 3450 3653 μὴ
3478 3584 3658 3635 καλῶν
3690 3584 4039 3651 ύπολήψεων.

2485 3675 2692 3734 ’Ἄλλως
2723 3690 2782 3723 τε
2828 3673 2904 3734 δὲ,
2936 3673 3016 3722 ὅτι
3045 3672 3138 3722 καὶ⁸
3188 3670 3595 3738 μισθαποδοσίαι
3629 3673 3740 3730 τοῖς
3779 3671 3872 3719 ἐπὶ
3905 3668 4040 3736 ψεύ-

2481 3765 2596 3816 δεσι
2633 3763 2785 3832 ῥῆμα
2818 3761 3052 3830 πονηρὸν
3091 3762 3495 3830 ὑφισταμένοις,
3535 3762 3738 3812 ἐκεῖθεν
3786 3760 4042 3811 ἀπόκειν-

2482 3873 2591 3906 ται.
2642 3855 2855 3923 Μηκέτι
2905 3849 2994 3905 οὗν
3053 3852 3393 3922 ὲπερυθριῶν
3449 3854 3559 3912 τοῖς
3611 3868 3692 3901 σοι
3736 3850 4044 3916 λαληθεῖσιν

2483 3944 2863 3996 ὲπιδείκνυσο·
2921 3946 3082 4012 ἡμεῖς
3140 3943 3246 4010 γὰρ
3295 3940 3548 3992 τοσοῦτον
3593 3942 3870 4008 ἀπέχομεν
3922 3943 4046 4006 περὶ

2481 4035 2685 4086 τούτων
2739 4035 3035 4098 ἐπικαλεῖν,
3081 4034 3218 4085 ὥστε
3273 4049 3354 4084 σοι
3403 4035 3494 4084 καὶ
3547 4032 3706 4101 χάριν
3760 4031 4045 4100 ὁμολογεῖν

2487 4125 2774 4194 ἐγγράφως
2797 4126 2894 4194 ἠδη
2930 4125 3304 4192 συντιθέμεθα.

3109 4216 3331 4267 ΕΠΙΣΤ.
3374 4215 3448 4267 1".

2638 4308 2933 4368 Βασιλείᾳ)
2959 4309 3243 4374 πατρικίῳ
3271 4306 3366 4357 καὶ
3389 4305 3625 4372 ἐπάρχῳ
3653 4306 3905 4368 πόλεως.

2069 4397 2331 4446 Montacut.
2371 4398 2467 4458 (ep.
2508 4397 2583 4456 t3,
2619 4411 2666 4458 p.
2701 4399 2801 4455 74).

906 4481 1140 4535 [λίῐῐιιιιίι
1178 4483 1366 4546 virtus,
1401 4485 1529 4536 abiit
1555 4485 1671 4553 ejus
1717 4486 1902 4553 gratia,
1938 4486 2146 4540 obtinet
2195 4486 2389 4553 impie-
2422 4490 2468 4542 D

836 4582 938 4632 tas,
965 4582 1015 4624 et
1065 4575 1400 4626 mendacium
1441 4576 1536 4628 alis
1582 4577 1966 4642 pullulantibus
2000 4579 2214 4640 crescit,
2253 4578 2386 4629 vcri-

837 4666 959 4716 tatis
989 4666 1082 4717 ala:
1106 4667 1363 4733 floresque
1393 4669 1666 4722 decidunt.
1701 4669 1853 4722 Unde
1883 4681 2060 4723 autem
2093 4672 2207 4724 haec
2234 4671 2388 4723 inva-

837 4757 935 4808 luit
998 4757 1258 4810 malorum
1318 4759 1481 4810 Ilias?
1516 4760 1778 4813 Nimirum
1823 4762 1974 4814 aiunt
2003 4763 2144 4829 quod
2195 4773 2251 4815 tu
2312 4763 2385 4814 sis

828 4863 958 4899 cum
988 4849 1230 4915 imperio,
1263 4860 1317 4902 et
1343 4852 1430 4916 qui
1475 4852 1641 4903 multo
1694 4853 1963 4920 digniores
2013 4863 2136 4906 sunt
2182 4863 2240 4906 ut
2295 4855 2386 4905 tibi

838 4938 1120 5005 imperent,
1155 4950 1303 4991 tuum
1355 4943 1577 4993 tolerare
1602 4955 1654 4995 et
1705 4945 1915 4997 trahere
1960 4945 2144 5014 jngum
2193 4963 2388 5015 cogan-

842 5041 948 5081 Iur.
988 5032 1253 5085 Moderata
1302 5046 1446 5085 certe
1486 5037 1695 5088 videtur
1722 5037 2033 5104 improbitas
2061 5054 2178 5106 quae
2225 5041 2384 5090 vitam

841 5124 969 5189 ipsis
1019 5126 1229 5191 penitus
1289 5143 1396 5178 non
1449 5129 1773 5193 absciderit;
1805 5132 1903 5183 hoc
1948 5141 2031 5183 est
2075 5132 2216 5198 quod
2245 5130 2390 5183 fures

842 5213 1037 5279 passim
1072 5223 1125 5266 et
1182 5217 1460 5268 carnitices
1495 5234 1589 5285 per
1641 5219 1823 5271 urbem
1875 5229 2098 5272 scatent.
2138 5219 2259 5272 llaec
2291 5235 2390 5286 ego

841 5305 906 5355 de
936 5315 983 5355 te
1010 5305 1187 5357 nullus
1217 5307 1480 5373 przedico;
1525 5308 1568 5360 is
1599 5320 1774 5361 autem
1820 5310 1908 5376 qui
1938 5309 1988 5361 in
2017 5310 2266 5377 praasenti
2298 5326 2390 5376 pa-

844 5407 945 5448 trat
1001 5412 1060 5448 ea
1099 5414 1216 5465 qua:
1244 5415 1337 5464 per
1361 5401 1599 5451 omnium
1633 5416 1723 5452 ora
1754 5411 1806 5452 et
1841 5417 1998 5454 aures
2026 5402 2387 5460 celebrantur,

842 5490 956 5555 ipse
1023 5498 1104 5539 est
1149 5491 1238 5555 qui
1289 5490 1454 5554 (licet
1499 5507 1596 5559 ego
1653 5491 2044 5558 conticescam)
2087 5492 2386 5544 istiusmodi

848 5580 1014 5630 titulis
1046 5579 1234 5643 dignus
1276 5589 1374 5633 est.
1410 5579 1486 5632 Tu
1537 5597 1716 5649 porro,
1754 5582 1797 5633 si
1846 5581 1985 5649 quod
2018 5581 2277 5643 referunt,
2307 5583 2387 5633 illa

847 5674 974 5739 agis.
1007 5674 1129 5725 odio
1164 5675 1338 5740 potius
1367 5674 1560 5726 habeto
1586 5675 1848 5726 actionem
1880 5673 2067 5740 ipsam.
2097 5673 2162 5725 de
2195 5688 2386 5739 perpe-

2574 4485 2760 4553 Ἔρῤει
2792 4484 2859 4534 τά
2890 4485 3049 4547 καλὰ,
3088 4483 3182 4534 καὶ
3211 4483 3310 4550 τῆς
3349 4481 3605 4550 ἀρετῆςὴ
3633 4481 3790 4548 χάρις
3822 4480 4045 4547 οἶχεται,

2492 4573 2655 4622 κακία
2685 4571 2738 4622 δὲ
2765 4572 3122 4623 πολιτεύεται·
3150 4571 3321 4622 καὶτὸ
3349 4570 3448 4638 μὲν
3471 4569 3663 4637 ψεῦδος
3691 4571 4047 4635 πτερογςυεῖιι,

2491 4661 2804 4726 φυλλοϐολεῖ
2858 4663 2914 4713 δὲ
2967 4663 3036 4714 τὰ
3089 4663 3261 4729 πτέρα
3308 4664 3339 4729 ὴ
3389 4661 3629 4728 ἀλήθεια.
3665 4661 3831 4710 Πόθεν
3878 4657 3969 4709 οὖν
4017 4660 4048 4725 ἡ

2493 4753 2723 4824 τοσαύτη
2752 4755 2859 4804 τῶν
2896 4754 3079 4806 κακῶν
3125 4753 3322 4818 Ἰλίας;
3357 4755 3478 4804 Ὀτι
3514 4754 3575 4803 σὺ
3611 4751 3727 4820 μὲν,
3759 4751 3834 4812 ῶς
3865 4766 4046 4815 φασιν,

2493 4849 2712 4914 ἄρχεις·
2746 4849 2793 4898 οἱ
2827 4847 2883 4898 δέ
2931 4865 3021 4900 σου
3080 4847 3212 4898 πολὺ
3255 4846 3536 4915 κρείσσους
3573 4845 3760 4912 ἄρχειν
3783 4884 3798 4906 ,
3831 4843 3920 4893 τὸν
3962 4844 4049 4891 στιν

2491 4941 2657 5013 βαρὺν
2690 4940 2869 4991 ἕλκειν
2895 4940 3057 5006 ζυγὸν
3108 4937 3539 5002 ἀναγκάζονται·
3573 4937 3664 4986 καὶ
3696 4937 3891 5003 μετρία
3928 4937 4050 4988 τοι)-

2485 5053 2595 5096 τοις
2627 5037 2899 5095 κάκωσις,
2936 5033 2967 5100 ἡ
3014 5030 3088 5098 μὴ
3140 5031 3319 5080 πᾶσαν
3364 5028 3541 5079 αὐτῶν
3582 5028 3678 5093 τὴν
3709 5029 3851 5093 ζωὴν
3892 5045 4047 5095 περι-

2490 5129 2793 5179 κόπτουσα·
2850 5124 3004 5176 τούτό
3061 5125 3206 5173 ἐστιν
3255 5123 3282 5172 6
3329 5122 3384 5171 ἐν
3422 5120 3572 5170 πόλει
3611 5120 3851 5187 λῃστὴς,
3895 5121 3986 5170 καὶ
4025 5122 4049 5171 ὁ

2449 5218 2772 5284 ίπάνδημος
2819 5215 3028 5281 δήμιος.
3072 5211 3210 5277 Ἐγὼ
3259 5213 3356 5278 μὲν
3400 5212 3461 5261 ού
3515 5210 3656 5274 λέγω
3701 5210 3874 5260 ταῦτα
3926 5212 4049 5277 περὶ

2499 5309 2618 5359 σοῦ·
2655 5307 2770 5358 ἀλλ’
2824 5309 2850 5357 ό
2892 5304 3059 5357 ποιῶν
3102 5305 3168 5354 τά
3203 5305 3315 5353 νυνὶ
3366 5303 3512 5370 πάσῃ
3538 5300 3758 5370 γλώσσῃ
3790 5303 3882 5352 καὶ
3913 5303 4045 5367 ἀκοῇ

2496 5401 2640 5468 πάσῃ
2677 5397 3059 5468 περιᾳδόμενα,
3102 5395 3305 5455 ἐκεῖνός
3329 5395 3442 5443 ὲστι
3469 5391 3590 5454 (κᾶν
3622 5391 3729 5456 ἐγὼ
3761 5395 4046 5458 σιωπήσω-

2501 5492 2618 5560 μαι)
2672 5492 2700 5541 ὀ
2746 5490 2950 5540 τούτων
2983 5487 3090 5537 τῶν
3141 5487 3418 5552 ὀνομάτων
3451 5485 3616 5545 ἄξιος.
3658 5485 3728 5534 Σὺ
3753 5484 3831 5541 δὲ.
3868 5485 3914 5533 εί
3954 5485 4047 5550 μὲν

2499 5585 2752 5650 πράττεις
2779 5580 2811 5632 ἀ
2839 5597 3019 5646 φασιν,
3064 5578 3291 5646 μίσησον
3341 5575 3535 5643 μᾶλλον
3566 5576 3663 5641 τὴν
3713 5573 3932 5640 πρᾶξιν.
3961 5573 4046 5623 καὶ

2500 5676 2608 5732 τοῖς
2671 5668 3059 5735 πραττομένοις
3109 5664 3440 5732 αἰσχύνθητι,
3511 5664 3689 5730 ἢτοῖς
3724 5660 4042 5728 ὀνομάζουσι

2110 5765 2337 5819 ΥΛΙΗΑΞ
2378 5761 2753 5818 ΜΞΟΙΊΟΧΕΞ

928 5842 953 5880 Ρ
982 5834 1061 5885 ῖσ.
1101 5835 1262 5903 ipfea.
1342 5847 1366 5884 ‘1
1394 5838 1475 5889 Io.
1509 5838 1809 5904 πτερορυεῖ.
