  <div class='ocr_page' id='page_1' title='image "/cluster/home/n/w/nwhite01/storage/ocr_20150623/102/nnc1.0046979620/476.png"; bbox 0 0 4236 6436; ppageno 0'>
   <div class='ocr_carea' id='block_1_1' title="bbox 242 414 352 479">
    <p class='ocr_par' dir='ltr' id='par_1_1' title="bbox 242 414 352 479">
     <span class='ocr_line' id='line_1_1' title="bbox 242 414 352 479; baseline -0.045 -1"><span class='ocrx_word' id='word_1_1' title='bbox 242 414 352 479; x_wconf 69' lang='lat'><strong>9529</strong></span> 
     </span>
    </p>
   </div>
   <div class='ocr_carea' id='block_1_2' title="bbox 1388 410 2338 472">
    <p class='ocr_par' dir='ltr' id='par_1_2' title="bbox 1388 410 2338 472">
     <span class='ocr_line' id='line_1_2' title="bbox 1388 410 2338 472; baseline 0 -3"><span class='ocrx_word' id='word_1_2' title='bbox 1388 411 1917 472; x_wconf 78' lang='lat' dir='ltr'><strong>EPISTOLARUM</strong></span> <span class='ocrx_word' id='word_1_3' title='bbox 1960 411 2183 470; x_wconf 85' lang='lat' dir='ltr'><strong>LIBER</strong></span> <span class='ocrx_word' id='word_1_4' title='bbox 2228 410 2338 469; x_wconf 88' lang='lat' dir='ltr'><strong>III.</strong></span> 
     </span>
    </p>
   </div>
   <div class='ocr_carea' id='block_1_3' title="bbox 3365 419 3470 480">
    <p class='ocr_par' dir='ltr' id='par_1_3' title="bbox 3365 419 3470 480">
     <span class='ocr_line' id='line_1_3' title="bbox 3365 419 3470 480; baseline 0.01 -1"><span class='ocrx_word' id='word_1_5' title='bbox 3365 419 3470 480; x_wconf 82' lang='lat'><strong>930</strong></span> 
     </span>
    </p>
   </div>
   <div class='ocr_carea' id='block_1_4' title="bbox 244 492 1917 591">
    <p class='ocr_par' dir='ltr' id='par_1_4' title="bbox 244 514 1885 589">
     <span class='ocr_line' id='line_1_4' title="bbox 244 514 1885 589; baseline 0.001 -20"><span class='ocrx_word' id='word_1_6' title='bbox 244 518 677 589; x_wconf 82' lang='grc' dir='ltr'>μνησικάκησον.</span> <span class='ocrx_word' id='word_1_7' title='bbox 730 518 805 569; x_wconf 67' lang='lat' dir='ltr'><strong>UO</strong></span> <span class='ocrx_word' id='word_1_8' title='bbox 854 516 962 585; x_wconf 74' lang='grc' dir='ltr'><strong>γὰρ</strong></span> <span class='ocrx_word' id='word_1_9' title='bbox 1012 514 1155 568; x_wconf 79' lang='grc' dir='ltr'>ἔστιν</span> <span class='ocrx_word' id='word_1_10' title='bbox 1204 516 1377 580; x_wconf 81' lang='grc' dir='ltr'>ἄλλως</span> <span class='ocrx_word' id='word_1_11' title='bbox 1432 520 1527 581; x_wconf 85' lang='grc' dir='ltr'><strong>τὰς</strong></span> <span class='ocrx_word' id='word_1_12' title='bbox 1560 520 1805 586; x_wconf 83' lang='grc' dir='ltr'>πράξεις,</span> <span class='ocrx_word' id='word_1_13' title='bbox 1841 524 1885 580; x_wconf 79' lang='grc' dir='ltr'>Α</span> 
     </span>
    </p>
   </div>
   <div class='ocr_carea' id='block_1_5' title="bbox 1797 492 3470 591">
    <p class='ocr_par' dir='ltr' id='par_1_5' title="bbox 1797 492 3470 591">
     <span class='ocr_line' id='line_1_5' title="bbox 1797 492 3470 591; baseline 0.004 -22"><span class='ocrx_word' id='word_1_14' title='bbox 1797 559 1805 580; x_wconf 86' lang='grc'><strong>,</strong></span> <span class='ocrx_word' id='word_1_15' title='bbox 1841 524 1885 580; x_wconf 77' lang='grc' dir='ltr'>Α</span> <span class='ocrx_word' id='word_1_16' title='bbox 1920 517 2073 569; x_wconf 89' lang='lat' dir='ltr'><strong>tratis</strong></span> <span class='ocrx_word' id='word_1_17' title='bbox 2104 515 2362 585; x_wconf 83' lang='lat' dir='ltr'><strong>pudeﬁas,</strong></span> <span class='ocrx_word' id='word_1_18' title='bbox 2394 530 2552 583; x_wconf 90' lang='lat' dir='ltr'><strong>quam</strong></span> <span class='ocrx_word' id='word_1_19' title='bbox 2591 515 2901 573; x_wconf 89' lang='lat' dir='ltr'><strong>memineris</strong></span> <span class='ocrx_word' id='word_1_20' title='bbox 2947 528 3005 572; x_wconf 90' lang='lat' dir='ltr'><strong>ut</strong></span> <span class='ocrx_word' id='word_1_21' title='bbox 3038 492 3229 587; x_wconf 84' lang='lat' dir='ltr'><strong>punias</strong></span> <span class='ocrx_word' id='word_1_22' title='bbox 3261 534 3354 575; x_wconf 91' lang='lat' dir='ltr'><strong>eos</strong></span> <span class='ocrx_word' id='word_1_23' title='bbox 3379 524 3470 591; x_wconf 90' lang='lat' dir='ltr'><strong>qui</strong></span> 
     </span>
    </p>
   </div>
   <div class='ocr_carea' id='block_1_6' title="bbox 240 612 1806 682">
    <p class='ocr_par' dir='ltr' id='par_1_6' title="bbox 240 612 1806 682">
     <span class='ocr_line' id='line_1_6' title="bbox 240 612 1806 682; baseline -0.002 -17"><span class='ocrx_word' id='word_1_24' title='bbox 240 615 361 666; x_wconf 79' lang='grc' dir='ltr'>ἀλλ’</span> <span class='ocrx_word' id='word_1_25' title='bbox 396 613 427 682; x_wconf 81' lang='grc' dir='ltr'>ἢ</span> <span class='ocrx_word' id='word_1_26' title='bbox 459 614 570 673; x_wconf 86' lang='grc' dir='ltr'>τοῖς</span> <span class='ocrx_word' id='word_1_27' title='bbox 616 612 835 674; x_wconf 82' lang='grc' dir='ltr'><strong>οἰκείοις</strong></span> <span class='ocrx_word' id='word_1_28' title='bbox 887 612 1232 680; x_wconf 78' lang='grc' dir='ltr'><strong>ἐξονομάζειν</strong></span> <span class='ocrx_word' id='word_1_29' title='bbox 1274 612 1552 681; x_wconf 84' lang='grc' dir='ltr'>ὀνόμασιν.</span> <span class='ocrx_word' id='word_1_30' title='bbox 1587 613 1696 665; x_wconf 73' lang='grc' dir='ltr'>Καὶ</span> <span class='ocrx_word' id='word_1_31' title='bbox 1729 614 1806 681; x_wconf 80' lang='grc' dir='ltr'>τῷ</span> 
     </span>
    </p>
   </div>
   <div class='ocr_carea' id='block_1_7' title="bbox 242 703 1803 773">
    <p class='ocr_par' dir='ltr' id='par_1_7' title="bbox 242 703 1803 773">
     <span class='ocr_line' id='line_1_7' title="bbox 242 703 1803 773; baseline 0 -17"><span class='ocrx_word' id='word_1_32' title='bbox 242 703 646 773; x_wconf 75' lang='grc' dir='ltr'><strong>δυσχεραίνοντι</strong></span> <span class='ocrx_word' id='word_1_33' title='bbox 694 706 813 765; x_wconf 89' lang='grc' dir='ltr'>ταῖς</span> <span class='ocrx_word' id='word_1_34' title='bbox 878 705 1161 771; x_wconf 78' lang='grc' dir='ltr'>κλήσεσιν,</span> <span class='ocrx_word' id='word_1_35' title='bbox 1214 703 1391 772; x_wconf 83' lang='grc' dir='ltr'>πολλῷ</span> <span class='ocrx_word' id='word_1_36' title='bbox 1450 704 1714 773; x_wconf 89' lang='grc' dir='ltr'>πρότερον</span> <span class='ocrx_word' id='word_1_37' title='bbox 1770 706 1803 773; x_wconf 83' lang='grc' dir='ltr'>ὴ</span> 
     </span>
    </p>
   </div>
   <div class='ocr_carea' id='block_1_8' title="bbox 244 794 1802 864">
    <p class='ocr_par' dir='ltr' id='par_1_8' title="bbox 244 794 1802 864">
     <span class='ocr_line' id='line_1_8' title="bbox 244 794 1802 864; baseline -0.001 -18"><span class='ocrx_word' id='word_1_38' title='bbox 244 797 393 864; x_wconf 67' lang='grc' dir='ltr'>φυγὴ</span> <span class='ocrx_word' id='word_1_39' title='bbox 420 796 749 848; x_wconf 86' lang='grc' dir='ltr'><strong>διαπονεῖται</strong></span> <span class='ocrx_word' id='word_1_40' title='bbox 774 794 881 846; x_wconf 90' lang='grc' dir='ltr'><strong>τῶν</strong></span> <span class='ocrx_word' id='word_1_41' title='bbox 920 794 1190 862; x_wconf 79' lang='grc' dir='ltr'>πράξεων.</span> <span class='ocrx_word' id='word_1_42' title='bbox 1229 796 1288 847; x_wconf 82' lang='grc' dir='ltr'>Εἰ</span> <span class='ocrx_word' id='word_1_43' title='bbox 1335 794 1392 847; x_wconf 84' lang='grc' dir='ltr'>δὲ</span> <span class='ocrx_word' id='word_1_44' title='bbox 1421 794 1490 846; x_wconf 84' lang='grc' dir='ltr'><strong>τά</strong></span> <span class='ocrx_word' id='word_1_45' title='bbox 1512 795 1677 863; x_wconf 76' lang='grc' dir='ltr'>ψευδῆ</span> <span class='ocrx_word' id='word_1_46' title='bbox 1712 812 1802 847; x_wconf 87' lang='grc' dir='ltr'><strong>σου</strong></span> 
     </span>
    </p>
   </div>
   <div class='ocr_carea' id='block_1_9' title="bbox 246 885 1796 956">
    <p class='ocr_par' dir='ltr' id='par_1_9' title="bbox 246 885 1796 956">
     <span class='ocr_line' id='line_1_9' title="bbox 246 885 1796 956; baseline -0.001 -17"><span class='ocrx_word' id='word_1_47' title='bbox 246 890 609 956; x_wconf 77' lang='grc' dir='ltr'>καταχέουσι·</span> <span class='ocrx_word' id='word_1_48' title='bbox 663 886 894 938; x_wconf 78' lang='grc' dir='ltr'>σπεῦσον</span> <span class='ocrx_word' id='word_1_49' title='bbox 947 886 1131 956; x_wconf 85' lang='grc' dir='ltr'>ῶσπερ</span> <span class='ocrx_word' id='word_1_50' title='bbox 1181 885 1381 954; x_wconf 73' lang='grc' dir='ltr'>ἔφυγες</span> <span class='ocrx_word' id='word_1_51' title='bbox 1435 886 1533 955; x_wconf 82' lang='grc' dir='ltr'><strong>τὴν</strong></span> <span class='ocrx_word' id='word_1_52' title='bbox 1580 887 1796 954; x_wconf 78' lang='grc' dir='ltr'>πρᾶξιν,</span> 
     </span>
    </p>
   </div>
   <div class='ocr_carea' id='block_1_10' title="bbox 242 975 1803 1045">
    <p class='ocr_par' dir='ltr' id='par_1_10' title="bbox 242 975 1803 1045">
     <span class='ocr_line' id='line_1_10' title="bbox 242 975 1803 1045; baseline 0.002 -18"><span class='ocrx_word' id='word_1_53' title='bbox 242 976 390 1028; x_wconf 66' lang='grc' dir='ltr'>οὕτω</span> <span class='ocrx_word' id='word_1_54' title='bbox 413 980 602 1044; x_wconf 75' lang='grc' dir='ltr'>φυγεῖν</span> <span class='ocrx_word' id='word_1_55' title='bbox 624 994 681 1028; x_wconf 90' lang='grc' dir='ltr'><strong>σε</strong></span> <span class='ocrx_word' id='word_1_56' title='bbox 713 977 885 1028; x_wconf 76' lang='grc' dir='ltr'>καὶτὸ</span> <span class='ocrx_word' id='word_1_57' title='bbox 910 977 1074 1043; x_wconf 77' lang='grc' dir='ltr'>ἐγγὺς</span> <span class='ocrx_word' id='word_1_58' title='bbox 1104 977 1387 1045; x_wconf 81' lang='grc' dir='ltr'>τυγχάνειν</span> <span class='ocrx_word' id='word_1_59' title='bbox 1414 975 1512 1045; x_wconf 84' lang='grc' dir='ltr'>τῆς</span> <span class='ocrx_word' id='word_1_60' title='bbox 1537 977 1803 1045; x_wconf 81' lang='grc' dir='ltr'>πράξεως.</span> 
     </span>
    </p>
   </div>
   <div class='ocr_carea' id='block_1_11' title="bbox 242 1067 1816 1137">
    <p class='ocr_par' dir='ltr' id='par_1_11' title="bbox 242 1067 1816 1137">
     <span class='ocr_line' id='line_1_11' title="bbox 242 1067 1816 1137; baseline 0.001 -19"><span class='ocrx_word' id='word_1_61' title='bbox 242 1068 321 1119; x_wconf 82' lang='grc' dir='ltr'><strong>Τὸ</strong></span> <span class='ocrx_word' id='word_1_62' title='bbox 354 1067 453 1135; x_wconf 85' lang='grc' dir='ltr'>μὲν</span> <span class='ocrx_word' id='word_1_63' title='bbox 485 1069 591 1137; x_wconf 84' lang='grc' dir='ltr'>γὰρ</span> <span class='ocrx_word' id='word_1_64' title='bbox 616 1068 910 1132; x_wconf 82' lang='grc' dir='ltr'>κολάσεως,</span> <span class='ocrx_word' id='word_1_65' title='bbox 939 1067 999 1120; x_wconf 84' lang='grc' dir='ltr'><strong>τὸ</strong></span> <span class='ocrx_word' id='word_1_66' title='bbox 1026 1068 1084 1120; x_wconf 82' lang='grc' dir='ltr'>δὲ</span> <span class='ocrx_word' id='word_1_67' title='bbox 1113 1068 1211 1121; x_wconf 83' lang='grc' dir='ltr'><strong>οὐκ</strong></span> <span class='ocrx_word' id='word_1_68' title='bbox 1241 1069 1476 1121; x_wconf 89' lang='grc' dir='ltr'>ἐπαίνων</span> <span class='ocrx_word' id='word_1_69' title='bbox 1508 1068 1657 1132; x_wconf 76' lang='grc' dir='ltr'>ἄξιον</span> <span class='ocrx_word' id='word_1_70' title='bbox 1678 1085 1691 1098; x_wconf 92' lang='grc'><strong>·</strong></span> <span class='ocrx_word' id='word_1_71' title='bbox 1722 1070 1816 1121; x_wconf 76' lang='grc' dir='ltr'>καὶ</span> 
     </span>
    </p>
   </div>
   <div class='ocr_carea' id='block_1_12' title="bbox 240 1160 1813 1233">
    <p class='ocr_par' dir='ltr' id='par_1_12' title="bbox 240 1160 1813 1233">
     <span class='ocr_line' id='line_1_12' title="bbox 240 1160 1813 1233; baseline 0.003 -24"><span class='ocrx_word' id='word_1_72' title='bbox 240 1161 367 1227; x_wconf 73' lang='grc' dir='ltr'>οὐχὶ</span> <span class='ocrx_word' id='word_1_73' title='bbox 419 1162 478 1212; x_wconf 76' lang='grc' dir='ltr'>τὸ</span> <span class='ocrx_word' id='word_1_74' title='bbox 527 1160 636 1224; x_wconf 88' lang='grc' dir='ltr'><strong>πῦρ</strong></span> <span class='ocrx_word' id='word_1_75' title='bbox 689 1162 1006 1231; x_wconf 83' lang='grc' dir='ltr'>λυμαίνεται</span> <span class='ocrx_word' id='word_1_76' title='bbox 1073 1161 1233 1229; x_wconf 92' lang='grc' dir='ltr'>μόνον</span> <span class='ocrx_word' id='word_1_77' title='bbox 1280 1164 1405 1225; x_wconf 80' lang='grc' dir='ltr'>τοὺς</span> <span class='ocrx_word' id='word_1_78' title='bbox 1458 1164 1813 1233; x_wconf 82' lang='grc' dir='ltr'>ἁπτομένους,</span> 
     </span>
    </p>
   </div>
   <div class='ocr_carea' id='block_1_13' title="bbox 248 1252 1812 1325">
    <p class='ocr_par' dir='ltr' id='par_1_13' title="bbox 248 1252 1812 1325">
     <span class='ocr_line' id='line_1_13' title="bbox 248 1252 1812 1325; baseline 0.012 -22"><span class='ocrx_word' id='word_1_79' title='bbox 248 1252 390 1304; x_wconf 77' lang='grc' dir='ltr'>ἀλλὰ</span> <span class='ocrx_word' id='word_1_80' title='bbox 421 1254 513 1305; x_wconf 77' lang='grc' dir='ltr'>καὶ</span> <span class='ocrx_word' id='word_1_81' title='bbox 535 1256 562 1305; x_wconf 88' lang='grc' dir='ltr'>ὁ</span> <span class='ocrx_word' id='word_1_82' title='bbox 592 1254 828 1319; x_wconf 79' lang='grc' dir='ltr'>καπνὸς,</span> <span class='ocrx_word' id='word_1_83' title='bbox 877 1254 984 1306; x_wconf 85' lang='grc' dir='ltr'><strong>τῶν</strong></span> <span class='ocrx_word' id='word_1_84' title='bbox 1020 1255 1093 1323; x_wconf 83' lang='grc' dir='ltr'>μὴ</span> <span class='ocrx_word' id='word_1_85' title='bbox 1128 1256 1315 1325; x_wconf 78' lang='grc' dir='ltr'><strong>πὸῥρω</strong></span> <span class='ocrx_word' id='word_1_86' title='bbox 1353 1254 1446 1307; x_wconf 72' lang='grc' dir='ltr'>τοῦ</span> <span class='ocrx_word' id='word_1_87' title='bbox 1494 1256 1666 1325; x_wconf 85' lang='grc' dir='ltr'>πυρὸς</span> <span class='ocrx_word' id='word_1_88' title='bbox 1709 1256 1812 1322; x_wconf 76' lang='grc' dir='ltr'><strong>ἀφ’</strong></span> 
     </span>
    </p>
   </div>
   <div class='ocr_carea' id='block_1_14' title="bbox 244 1346 1809 1418">
    <p class='ocr_par' dir='ltr' id='par_1_14' title="bbox 244 1346 1809 1418">
     <span class='ocr_line' id='line_1_14' title="bbox 244 1346 1809 1418; baseline 0.003 -23"><span class='ocrx_word' id='word_1_89' title='bbox 244 1346 554 1413; x_wconf 77' lang='grc' dir='ltr'>εστηκότων</span> <span class='ocrx_word' id='word_1_90' title='bbox 588 1346 902 1416; x_wconf 75' lang='grc' dir='ltr'>δριμύσσων</span> <span class='ocrx_word' id='word_1_91' title='bbox 932 1346 1029 1409; x_wconf 81' lang='grc' dir='ltr'>τὰς</span> <span class='ocrx_word' id='word_1_92' title='bbox 1054 1347 1203 1415; x_wconf 67' lang='grc' dir='ltr'>ὄψεις</span> <span class='ocrx_word' id='word_1_93' title='bbox 1242 1349 1336 1400; x_wconf 77' lang='grc' dir='ltr'>καὶ</span> <span class='ocrx_word' id='word_1_94' title='bbox 1372 1349 1809 1418; x_wconf 86' lang='grc' dir='ltr'>άμαυρούμενος.</span> 
     </span>
    </p>
   </div>
   <div class='ocr_carea' id='block_1_15' title="bbox 830 1545 1181 1597">
    <p class='ocr_par' dir='ltr' id='par_1_15' title="bbox 830 1545 1181 1597">
     <span class='ocr_line' id='line_1_15' title="bbox 830 1545 1181 1597; baseline -0.003 -1"><span class='ocrx_word' id='word_1_95' title='bbox 830 1545 1051 1597; x_wconf 85' lang='grc' dir='ltr'><strong>ΕΠΙΣΤ.</strong></span> <span class='ocrx_word' id='word_1_96' title='bbox 1110 1548 1181 1595; x_wconf 85' lang='grc' dir='ltr'><strong>Δ’.</strong></span> 
     </span>
    </p>
   </div>
   <div class='ocr_carea' id='block_1_16' title="bbox 519 1635 1543 1704">
    <p class='ocr_par' dir='ltr' id='par_1_16' title="bbox 519 1635 1543 1704">
     <span class='ocr_line' id='line_1_16' title="bbox 519 1635 1543 1704; baseline -0.002 -15"><span class='ocrx_word' id='word_1_97' title='bbox 519 1636 739 1703; x_wconf 58' lang='grc' dir='ltr'>Σεργίῳ</span> <span class='ocrx_word' id='word_1_98' title='bbox 771 1638 1077 1704; x_wconf 77' lang='grc' dir='ltr'>μαγίστρῳ</span> <span class='ocrx_word' id='word_1_99' title='bbox 1103 1635 1200 1687; x_wconf 80' lang='grc' dir='ltr'><strong>καί</strong></span> <span class='ocrx_word' id='word_1_100' title='bbox 1235 1636 1543 1703; x_wconf 77' lang='grc' dir='ltr'>λογοθέτῃ.</span> 
     </span>
    </p>
   </div>
   <div class='ocr_carea' id='block_1_17' title="bbox 1908 607 3471 679">
    <p class='ocr_par' dir='ltr' id='par_1_17' title="bbox 1908 607 3471 679">
     <span class='ocr_line' id='line_1_17' title="bbox 1908 607 3471 679; baseline 0.003 -18"><span class='ocrx_word' id='word_1_101' title='bbox 1908 608 1986 661; x_wconf 89' lang='lat' dir='ltr'><strong>sic</strong></span> <span class='ocrx_word' id='word_1_102' title='bbox 2016 608 2325 676; x_wconf 89' lang='lat' dir='ltr'><strong>loquuntur.</strong></span> <span class='ocrx_word' id='word_1_103' title='bbox 2354 607 2486 660; x_wconf 90' lang='lat' dir='ltr'><strong>Sunt</strong></span> <span class='ocrx_word' id='word_1_104' title='bbox 2517 608 2660 661; x_wconf 89' lang='lat' dir='ltr'><strong>enim</strong></span> <span class='ocrx_word' id='word_1_105' title='bbox 2690 610 2933 663; x_wconf 86' lang='lat' dir='ltr'><strong>actiones</strong></span> <span class='ocrx_word' id='word_1_106' title='bbox 2960 611 3197 679; x_wconf 90' lang='lat' dir='ltr'><strong>pr0priis</strong></span> <span class='ocrx_word' id='word_1_107' title='bbox 3227 614 3339 666; x_wconf 83' lang='lat' dir='ltr'><strong>suis</strong></span> <span class='ocrx_word' id='word_1_108' title='bbox 3368 629 3471 666; x_wconf 92' lang='lat' dir='ltr'><strong>no-</strong></span> 
     </span>
    </p>
   </div>
   <div class='ocr_carea' id='block_1_18' title="bbox 1912 697 3467 771">
    <p class='ocr_par' dir='ltr' id='par_1_18' title="bbox 1912 697 3467 771">
     <span class='ocr_line' id='line_1_18' title="bbox 1912 697 3467 771; baseline 0.005 -20"><span class='ocrx_word' id='word_1_109' title='bbox 1912 699 2145 753; x_wconf 91' lang='lat' dir='ltr'><strong>minibus</strong></span> <span class='ocrx_word' id='word_1_110' title='bbox 2198 697 2558 769; x_wconf 67' lang='lat' dir='ltr'><strong>designandm.</strong></span> <span class='ocrx_word' id='word_1_111' title='bbox 2607 700 2707 765; x_wconf 80' lang='lat' dir='ltr'><strong>Qui</strong></span> <span class='ocrx_word' id='word_1_112' title='bbox 2750 716 3123 771; x_wconf 87' lang='lat' dir='ltr'><strong>quemcunque</strong></span> <span class='ocrx_word' id='word_1_113' title='bbox 3169 704 3379 757; x_wconf 92' lang='lat' dir='ltr'><strong>titulum</strong></span> <span class='ocrx_word' id='word_1_114' title='bbox 3416 706 3467 759; x_wconf 92' lang='lat' dir='ltr'><strong>in</strong></span> 
     </span>
    </p>
   </div>
   <div class='ocr_carea' id='block_1_19' title="bbox 1911 790 3473 862">
    <p class='ocr_par' dir='ltr' id='par_1_19' title="bbox 1911 790 3473 862">
     <span class='ocr_line' id='line_1_19' title="bbox 1911 790 3473 862; baseline 0.004 -19"><span class='ocrx_word' id='word_1_115' title='bbox 1911 790 2105 843; x_wconf 91' lang='lat' dir='ltr'><strong>malam</strong></span> <span class='ocrx_word' id='word_1_116' title='bbox 2133 798 2339 858; x_wconf 84' lang='lat' dir='ltr'><strong>partem</strong></span> <span class='ocrx_word' id='word_1_117' title='bbox 2372 794 2533 858; x_wconf 90' lang='lat' dir='ltr'><strong>capit.</strong></span> <span class='ocrx_word' id='word_1_118' title='bbox 2573 790 2615 843; x_wconf 88' lang='lat' dir='ltr'><strong>is</strong></span> <span class='ocrx_word' id='word_1_119' title='bbox 2640 792 2817 859; x_wconf 85' lang='lat' dir='ltr'><strong>potius</strong></span> <span class='ocrx_word' id='word_1_120' title='bbox 2860 792 2908 844; x_wconf 90' lang='lat' dir='ltr'><strong>id</strong></span> <span class='ocrx_word' id='word_1_121' title='bbox 2942 808 3095 862; x_wconf 85' lang='lat' dir='ltr'><strong>agere</strong></span> <span class='ocrx_word' id='word_1_122' title='bbox 3134 795 3382 858; x_wconf 80' lang='lat' dir='ltr'><strong>debebat,</strong></span> <span class='ocrx_word' id='word_1_123' title='bbox 3413 804 3473 849; x_wconf 89' lang='lat' dir='ltr'><strong>ut</strong></span> 
     </span>
    </p>
   </div>
   <div class='ocr_carea' id='block_1_20' title="bbox 1912 881 3471 950">
    <p class='ocr_par' dir='ltr' id='par_1_20' title="bbox 1912 881 3471 950">
     <span class='ocr_line' id='line_1_20' title="bbox 1912 881 3471 950; baseline 0.003 -14"><span class='ocrx_word' id='word_1_124' title='bbox 1912 884 2152 936; x_wconf 82' lang='lat' dir='ltr'><strong>actiones</strong></span> <span class='ocrx_word' id='word_1_125' title='bbox 2212 881 2354 950; x_wconf 90' lang='lat' dir='ltr'><strong>ipsas</strong></span> <span class='ocrx_word' id='word_1_126' title='bbox 2398 882 2656 937; x_wconf 83' lang='lat' dir='ltr'><strong>evitaret:</strong></span> <span class='ocrx_word' id='word_1_127' title='bbox 2709 884 2790 937; x_wconf 91' lang='lat' dir='ltr'><strong>sin</strong></span> <span class='ocrx_word' id='word_1_128' title='bbox 2844 895 3021 937; x_wconf 59' lang='lat' dir='ltr'><strong>autem</strong></span> <span class='ocrx_word' id='word_1_129' title='bbox 3082 895 3129 939; x_wconf 91' lang='lat' dir='ltr'><strong>te</strong></span> <span class='ocrx_word' id='word_1_130' title='bbox 3173 889 3471 941; x_wconf 80' lang='lat' dir='ltr'><strong>mendaciis</strong></span> 
     </span>
    </p>
   </div>
   <div class='ocr_carea' id='block_1_21' title="bbox 1912 976 3470 1046">
    <p class='ocr_par' dir='ltr' id='par_1_21' title="bbox 1912 976 3470 1046">
     <span class='ocr_line' id='line_1_21' title="bbox 1912 976 3470 1046; baseline 0.003 -18"><span class='ocrx_word' id='word_1_131' title='bbox 1912 985 2163 1037; x_wconf 88' lang='lat' dir='ltr'><strong>onerant,</strong></span> <span class='ocrx_word' id='word_1_132' title='bbox 2193 976 2243 1028; x_wconf 90' lang='lat' dir='ltr'><strong>id</strong></span> <span class='ocrx_word' id='word_1_133' title='bbox 2283 991 2408 1045; x_wconf 82' lang='lat' dir='ltr'><strong>agas</strong></span> <span class='ocrx_word' id='word_1_134' title='bbox 2454 988 2681 1044; x_wconf 85' lang='lat' dir='ltr'><strong>oportet,</strong></span> <span class='ocrx_word' id='word_1_135' title='bbox 2716 987 2774 1031; x_wconf 84' lang='lat' dir='ltr'><strong>ut</strong></span> <span class='ocrx_word' id='word_1_136' title='bbox 2810 979 3255 1046; x_wconf 81' lang='lat' dir='ltr'><strong>quemadmodum</strong></span> <span class='ocrx_word' id='word_1_137' title='bbox 3290 996 3470 1033; x_wconf 86' lang='lat' dir='ltr'><strong>reces-</strong></span> 
     </span>
    </p>
   </div>
   <div class='ocr_carea' id='block_1_22' title="bbox 1912 1067 3470 1140">
    <p class='ocr_par' dir='ltr' id='par_1_22' title="bbox 1912 1067 3470 1140">
     <span class='ocr_line' id='line_1_22' title="bbox 1912 1067 3470 1140; baseline 0.003 -20"><span class='ocrx_word' id='word_1_138' title='bbox 1912 1067 2047 1120; x_wconf 86' lang='lat' dir='ltr'><strong>seris</strong></span> <span class='ocrx_word' id='word_1_139' title='bbox 2096 1070 2163 1120; x_wconf 86' lang='lat' dir='ltr'><strong>ah</strong></span> <span class='ocrx_word' id='word_1_140' title='bbox 2209 1068 2418 1137; x_wconf 89' lang='lat' dir='ltr'><strong>agendo</strong></span> <span class='ocrx_word' id='word_1_141' title='bbox 2448 1068 2606 1125; x_wconf 84' lang='lat' dir='ltr'><strong>male,</strong></span> <span class='ocrx_word' id='word_1_142' title='bbox 2642 1069 2711 1121; x_wconf 90' lang='lat' dir='ltr'><strong>ita</strong></span> <span class='ocrx_word' id='word_1_143' title='bbox 2763 1078 2815 1122; x_wconf 92' lang='lat' dir='ltr'><strong>et</strong></span> <span class='ocrx_word' id='word_1_144' title='bbox 2856 1084 3071 1122; x_wconf 91' lang='lat' dir='ltr'><strong>omnem</strong></span> <span class='ocrx_word' id='word_1_145' title='bbox 3104 1070 3304 1124; x_wconf 78' lang='lat' dir='ltr'><strong>devites</strong></span> <span class='ocrx_word' id='word_1_146' title='bbox 3352 1073 3470 1140; x_wconf 84' lang='lat' dir='ltr'><strong>ejus</strong></span> 
     </span>
    </p>
   </div>
   <div class='ocr_carea' id='block_1_23' title="bbox 1912 1158 3469 1229">
    <p class='ocr_par' dir='ltr' id='par_1_23' title="bbox 1912 1158 3469 1229">
     <span class='ocr_line' id='line_1_23' title="bbox 1912 1158 3469 1229; baseline 0.002 -16"><span class='ocrx_word' id='word_1_147' title='bbox 1912 1160 2393 1229; x_wconf 83' lang='lat' dir='ltr'><strong>propinquitatem.</strong></span> <span class='ocrx_word' id='word_1_148' title='bbox 2433 1158 2563 1212; x_wconf 91' lang='lat' dir='ltr'><strong>Illud</strong></span> <span class='ocrx_word' id='word_1_149' title='bbox 2599 1161 2918 1228; x_wconf 77' lang='lat' dir='ltr'><strong>supplicium</strong></span> <span class='ocrx_word' id='word_1_150' title='bbox 2970 1171 3225 1223; x_wconf 88' lang='lat' dir='ltr'><strong>meretur,</strong></span> <span class='ocrx_word' id='word_1_151' title='bbox 3256 1163 3469 1216; x_wconf 87' lang='lat' dir='ltr'><strong>laudem</strong></span> 
     </span>
    </p>
   </div>
   <div class='ocr_carea' id='block_1_24' title="bbox 1914 1249 3474 1320">
    <p class='ocr_par' dir='ltr' id='par_1_24' title="bbox 1914 1249 3474 1320">
     <span class='ocr_line' id='line_1_24' title="bbox 1914 1249 3474 1320; baseline 0.001 -17"><span class='ocrx_word' id='word_1_152' title='bbox 1914 1250 2057 1304; x_wconf 87' lang='lat' dir='ltr'><strong>istud</strong></span> <span class='ocrx_word' id='word_1_153' title='bbox 2123 1266 2230 1303; x_wconf 93' lang='lat' dir='ltr'><strong>non</strong></span> <span class='ocrx_word' id='word_1_154' title='bbox 2287 1259 2542 1303; x_wconf 89' lang='lat' dir='ltr'><strong>meretur.</strong></span> <span class='ocrx_word' id='word_1_155' title='bbox 2573 1250 2687 1302; x_wconf 79' lang='lat' dir='ltr'><strong>Non</strong></span> <span class='ocrx_word' id='word_1_156' title='bbox 2738 1249 2897 1303; x_wconf 86' lang='lat' dir='ltr'><strong>modo</strong></span> <span class='ocrx_word' id='word_1_157' title='bbox 2932 1251 3076 1303; x_wconf 72' lang='lat' dir='ltr'><strong>lzedit</strong></span> <span class='ocrx_word' id='word_1_158' title='bbox 3141 1252 3277 1320; x_wconf 81' lang='lat' dir='ltr'><strong>ignis</strong></span> <span class='ocrx_word' id='word_1_159' title='bbox 3334 1253 3474 1305; x_wconf 80' lang='lat' dir='ltr'><strong>arri-</strong></span> 
     </span>
    </p>
   </div>
   <div class='ocr_carea' id='block_1_25' title="bbox 1907 1341 3473 1414">
    <p class='ocr_par' dir='ltr' id='par_1_25' title="bbox 1907 1341 3473 1414">
     <span class='ocr_line' id='line_1_25' title="bbox 1907 1341 3473 1414; baseline 0.005 -23"><span class='ocrx_word' id='word_1_160' title='bbox 1907 1342 2138 1408; x_wconf 86' lang='lat' dir='ltr'><strong>pientes,</strong></span> <span class='ocrx_word' id='word_1_161' title='bbox 2187 1341 2279 1393; x_wconf 91' lang='lat' dir='ltr'><strong>sed</strong></span> <span class='ocrx_word' id='word_1_162' title='bbox 2333 1349 2387 1393; x_wconf 90' lang='lat' dir='ltr'><strong>et</strong></span> <span class='ocrx_word' id='word_1_163' title='bbox 2428 1342 2605 1393; x_wconf 84' lang='lat' dir='ltr'><strong>fumus</strong></span> <span class='ocrx_word' id='word_1_164' title='bbox 2640 1357 2825 1393; x_wconf 89' lang='lat' dir='ltr'><strong>eorum</strong></span> <span class='ocrx_word' id='word_1_165' title='bbox 2859 1342 3044 1396; x_wconf 90' lang='lat' dir='ltr'><strong>oculos</strong></span> <span class='ocrx_word' id='word_1_166' title='bbox 3076 1346 3390 1414; x_wconf 81' lang='lat' dir='ltr'><strong>perstringit</strong></span> <span class='ocrx_word' id='word_1_167' title='bbox 3420 1355 3473 1399; x_wconf 75' lang='lat' dir='ltr'><strong>et</strong></span> 
     </span>
    </p>
   </div>
   <div class='ocr_carea' id='block_1_26' title="bbox 1906 1432 3192 1502">
    <p class='ocr_par' dir='ltr' id='par_1_26' title="bbox 1906 1432 3192 1502">
     <span class='ocr_line' id='line_1_26' title="bbox 1906 1432 3192 1502; baseline 0.002 -16"><span class='ocrx_word' id='word_1_168' title='bbox 1906 1432 2150 1502; x_wconf 78' lang='lat' dir='ltr'><strong>fuliginat</strong></span> <span class='ocrx_word' id='word_1_169' title='bbox 2175 1434 2264 1501; x_wconf 92' lang='lat' dir='ltr'><strong>qui</strong></span> <span class='ocrx_word' id='word_1_170' title='bbox 2297 1448 2404 1485; x_wconf 89' lang='lat' dir='ltr'><strong>non</strong></span> <span class='ocrx_word' id='word_1_171' title='bbox 2440 1432 2594 1501; x_wconf 82' lang='lat' dir='ltr'><strong>longe</strong></span> <span class='ocrx_word' id='word_1_172' title='bbox 2635 1433 2843 1502; x_wconf 89' lang='lat' dir='ltr'><strong>abigne</strong></span> <span class='ocrx_word' id='word_1_173' title='bbox 2870 1434 3192 1490; x_wconf 87' lang='lat' dir='ltr'><strong>consistunt.</strong></span> 
     </span>
    </p>
   </div>
   <div class='ocr_carea' id='block_1_27' title="bbox 2564 1542 2914 1597">
    <p class='ocr_par' dir='ltr' id='par_1_27' title="bbox 2564 1542 2914 1597">
     <span class='ocr_line' id='line_1_27' title="bbox 2564 1542 2914 1597; baseline 0 -1"><span class='ocrx_word' id='word_1_174' title='bbox 2564 1542 2780 1596; x_wconf 84' lang='lat' dir='ltr'><strong>EPIST.</strong></span> <span class='ocrx_word' id='word_1_175' title='bbox 2825 1544 2914 1597; x_wconf 85' lang='lat' dir='ltr'><strong>IV.</strong></span> 
     </span>
    </p>
   </div>
   <div class='ocr_carea' id='block_1_28' title="bbox 2280 1632 3128 1706">
    <p class='ocr_par' dir='ltr' id='par_1_28' title="bbox 2280 1632 3128 1706">
     <span class='ocr_line' id='line_1_28' title="bbox 2280 1632 3128 1706; baseline 0.004 -19"><span class='ocrx_word' id='word_1_176' title='bbox 2280 1632 2463 1703; x_wconf 82' lang='lat' dir='ltr'><strong>Sergio</strong></span> <span class='ocrx_word' id='word_1_177' title='bbox 2488 1636 2736 1704; x_wconf 81' lang='lat' dir='ltr'><strong>magistro</strong></span> <span class='ocrx_word' id='word_1_178' title='bbox 2764 1649 2810 1687; x_wconf 82' lang='lat' dir='ltr'><strong>et</strong></span> <span class='ocrx_word' id='word_1_179' title='bbox 2842 1636 3128 1706; x_wconf 72' lang='lat' dir='ltr'><strong>legat/tem.</strong></span> 
     </span>
    </p>
   </div>
   <div class='ocr_carea' id='block_1_29' title="bbox 1467 1750 2206 1808">
    <p class='ocr_par' dir='ltr' id='par_1_29' title="bbox 1467 1750 2206 1808">
     <span class='ocr_line' id='line_1_29' title="bbox 1467 1750 2206 1808; baseline 0 -9"><span class='ocrx_word' id='word_1_180' title='bbox 1467 1750 1732 1800; x_wconf 77' lang='lat' dir='ltr'><strong>Moutacut.</strong></span> <span class='ocrx_word' id='word_1_181' title='bbox 1771 1752 1874 1808; x_wconf 87' lang='lat' dir='ltr'><strong>(ep.</strong></span> <span class='ocrx_word' id='word_1_182' title='bbox 1913 1751 1987 1808; x_wconf 98' lang='grc'><strong>14,</strong></span> <span class='ocrx_word' id='word_1_183' title='bbox 2020 1765 2069 1808; x_wconf 89' lang='lat' dir='ltr'><strong>p.</strong></span> <span class='ocrx_word' id='word_1_184' title='bbox 2105 1752 2206 1808; x_wconf 82' lang='lat'><strong>75).</strong></span> 
     </span>
    </p>
   </div>
   <div class='ocr_carea' id='block_1_30' title="bbox 330 1752 2003 1903">
    <p class='ocr_par' dir='ltr' id='par_1_30' title="bbox 330 1752 2003 1903">
     <span class='ocr_line' id='line_1_30' title="bbox 1467 1752 1987 1811; baseline 0.002 -12"><span class='ocrx_word' id='word_1_185' title='bbox 1467 1752 1732 1800; x_wconf 77' lang='lat' dir='ltr'><strong>Moutacut.</strong></span> <span class='ocrx_word' id='word_1_186' title='bbox 1771 1752 1874 1811; x_wconf 87' lang='lat' dir='ltr'><strong>(ep.</strong></span> <span class='ocrx_word' id='word_1_187' title='bbox 1913 1752 1987 1808; x_wconf 98' lang='grc'><strong>14,</strong></span> 
     </span>
     <span class='ocr_line' id='line_1_31' title="bbox 330 1829 2003 1903; baseline 0.001 -21"><span class='ocrx_word' id='word_1_188' title='bbox 330 1829 567 1900; x_wconf 81' lang='grc' dir='ltr'>Ἐχθρῶν</span> <span class='ocrx_word' id='word_1_189' title='bbox 627 1833 765 1883; x_wconf 75' lang='grc' dir='ltr'>εἰσιν</span> <span class='ocrx_word' id='word_1_190' title='bbox 812 1831 869 1883; x_wconf 75' lang='grc' dir='ltr'>αἱ</span> <span class='ocrx_word' id='word_1_191' title='bbox 938 1831 1223 1885; x_wconf 72' lang='grc' dir='ltr'>ἐπιϐουλαὶ</span> <span class='ocrx_word' id='word_1_192' title='bbox 1274 1832 1371 1884; x_wconf 67' lang='grc' dir='ltr'><strong>καλ⁵</strong></span> <span class='ocrx_word' id='word_1_193' title='bbox 1428 1834 1485 1886; x_wconf 73' lang='grc' dir='ltr'>αἱ</span> <span class='ocrx_word' id='word_1_194' title='bbox 1531 1833 1809 1903; x_wconf 78' lang='grc' dir='ltr'>λοιδορίαι,</span> <span class='ocrx_word' id='word_1_195' title='bbox 1841 1834 1888 1892; x_wconf 87' lang='grc' dir='ltr'><strong>Β</strong></span> <span class='ocrx_word' id='word_1_196' title='bbox 1989 1846 2003 1884; x_wconf 60' lang='grc' dir='ltr'><em>Α</em></span> 
     </span>
    </p>
   </div>
   <div class='ocr_carea' id='block_1_31' title="bbox 1792 1752 3465 1903">
    <p class='ocr_par' dir='ltr' id='par_1_31' title="bbox 1794 1752 3465 1903">
     <span class='ocr_line' id='line_1_32' title="bbox 1794 1752 2206 1808; baseline 0.002 -10"><span class='ocrx_word' id='word_1_197' title='bbox 1794 1764 1819 1798; x_wconf 87' lang='lat' dir='ltr'><strong>e</strong></span> <span class='ocrx_word' id='word_1_198' title='bbox 1863 1790 1874 1799; x_wconf 91' lang='lat'><strong>.</strong></span> <span class='ocrx_word' id='word_1_199' title='bbox 1913 1752 1987 1808; x_wconf 96' lang='grc'><strong>14,</strong></span> <span class='ocrx_word' id='word_1_200' title='bbox 2058 1789 2069 1798; x_wconf 93' lang='grc'><strong>.</strong></span> <span class='ocrx_word' id='word_1_201' title='bbox 2105 1752 2163 1799; x_wconf 83' lang='grc'>75</span> <span class='ocrx_word' id='word_1_202' title='bbox 2195 1790 2206 1799; x_wconf 92' lang='grc'><strong>.</strong></span> 
     </span>
     <span class='ocr_line' id='line_1_33' title="bbox 1797 1753 3465 1903; baseline 0.005 -20"><span class='ocrx_word' id='word_1_203' title='bbox 1797 1764 1888 1895; x_wconf 79' lang='lat' dir='ltr'><strong>,pB</strong></span> <span class='ocrx_word' id='word_1_204' title='bbox 1989 1765 2073 1887; x_wconf 75' lang='lat' dir='ltr'><strong>Aph</strong></span> <span class='ocrx_word' id='word_1_205' title='bbox 2099 1753 2345 1887; x_wconf 73' lang='lat' dir='ltr'><strong>ho)stibus</strong></span> <span class='ocrx_word' id='word_1_206' title='bbox 2370 1833 2601 1895; x_wconf 68' lang='lat' dir='ltr'><strong>insidiae,</strong></span> <span class='ocrx_word' id='word_1_207' title='bbox 2621 1833 2883 1898; x_wconf 88' lang='lat' dir='ltr'><strong>convicia,</strong></span> <span class='ocrx_word' id='word_1_208' title='bbox 2916 1834 3165 1889; x_wconf 88' lang='lat' dir='ltr'><strong>barathra</strong></span> <span class='ocrx_word' id='word_1_209' title='bbox 3189 1844 3465 1903; x_wconf 86' lang='lat' dir='ltr'><strong>parantur.</strong></span> 
     </span>
    </p>
   </div>
   <div class='ocr_carea' id='block_1_32' title="bbox 247 1923 1807 1995">
    <p class='ocr_par' dir='ltr' id='par_1_32' title="bbox 247 1923 1807 1995">
     <span class='ocr_line' id='line_1_34' title="bbox 247 1923 1807 1995; baseline -0.001 -18"><span class='ocrx_word' id='word_1_210' title='bbox 247 1926 342 1977; x_wconf 78' lang='grc' dir='ltr'><strong>καὶ</strong></span> <span class='ocrx_word' id='word_1_211' title='bbox 371 1926 436 1975; x_wconf 67' lang='grc' dir='ltr'><strong>τὰ</strong></span> <span class='ocrx_word' id='word_1_212' title='bbox 484 1923 758 1993; x_wconf 75' lang='grc' dir='ltr'>βάραθραο</span> <span class='ocrx_word' id='word_1_213' title='bbox 817 1923 987 1992; x_wconf 81' lang='grc' dir='ltr'>φίλων</span> <span class='ocrx_word' id='word_1_214' title='bbox 1017 1924 1095 1988; x_wconf 74' lang='grc' dir='ltr'>δὲ,</span> <span class='ocrx_word' id='word_1_215' title='bbox 1130 1924 1191 1976; x_wconf 86' lang='grc' dir='ltr'><strong>τδ</strong></span> <span class='ocrx_word' id='word_1_216' title='bbox 1240 1925 1670 1995; x_wconf 80' lang='grc' dir='ltr'>ύπερασπίζειν,</span> <span class='ocrx_word' id='word_1_217' title='bbox 1716 1928 1807 1976; x_wconf 70' lang='grc' dir='ltr'><strong>κα)⁸</strong></span> 
     </span>
    </p>
   </div>
   <div class='ocr_carea' id='block_1_33' title="bbox 247 2016 1807 2086">
    <p class='ocr_par' dir='ltr' id='par_1_33' title="bbox 247 2016 1807 2086">
     <span class='ocr_line' id='line_1_35' title="bbox 247 2016 1807 2086; baseline 0.001 -18"><span class='ocrx_word' id='word_1_218' title='bbox 247 2016 717 2086; x_wconf 82' lang='grc' dir='ltr'>προκινδυνεύειν,</span> <span class='ocrx_word' id='word_1_219' title='bbox 744 2017 835 2067; x_wconf 80' lang='grc' dir='ltr'><strong>καὶ</strong></span> <span class='ocrx_word' id='word_1_220' title='bbox 863 2017 1089 2068; x_wconf 78' lang='grc' dir='ltr'>κωλύειν</span> <span class='ocrx_word' id='word_1_221' title='bbox 1111 2018 1234 2080; x_wconf 83' lang='grc' dir='ltr'>τοὺς</span> <span class='ocrx_word' id='word_1_222' title='bbox 1256 2018 1681 2086; x_wconf 78' lang='grc' dir='ltr'>ὲπηρεάζοντας,</span> <span class='ocrx_word' id='word_1_223' title='bbox 1708 2018 1807 2085; x_wconf 87' lang='grc' dir='ltr'><strong>δση</strong></span> 
     </span>
    </p>
   </div>
   <div class='ocr_carea' id='block_1_34' title="bbox 246 2106 1807 2180">
    <p class='ocr_par' dir='ltr' id='par_1_34' title="bbox 246 2106 1807 2180">
     <span class='ocr_line' id='line_1_36' title="bbox 246 2106 1807 2180; baseline 0.004 -22"><span class='ocrx_word' id='word_1_224' title='bbox 246 2108 493 2175; x_wconf 85' lang='grc' dir='ltr'>δύναμις.</span> <span class='ocrx_word' id='word_1_225' title='bbox 554 2109 790 2180; x_wconf 82' lang='grc' dir='ltr'>Μέτριος</span> <span class='ocrx_word' id='word_1_226' title='bbox 841 2106 932 2161; x_wconf 81' lang='grc' dir='ltr'><strong>οὖν</strong></span> <span class='ocrx_word' id='word_1_227' title='bbox 982 2109 1088 2161; x_wconf 82' lang='grc' dir='ltr'><strong>τῶν</strong></span> <span class='ocrx_word' id='word_1_228' title='bbox 1134 2111 1342 2179; x_wconf 76' lang='grc' dir='ltr'>ἐχθρῶν</span> <span class='ocrx_word' id='word_1_229' title='bbox 1375 2114 1593 2174; x_wconf 83' lang='grc' dir='ltr'>ἐκεῖνος,</span> <span class='ocrx_word' id='word_1_230' title='bbox 1648 2113 1807 2164; x_wconf 83' lang='grc' dir='ltr'>ὁτῶν</span> 
     </span>
    </p>
   </div>
   <div class='ocr_carea' id='block_1_35' title="bbox 248 2200 1809 2273">
    <p class='ocr_par' dir='ltr' id='par_1_35' title="bbox 248 2200 1809 2273">
     <span class='ocr_line' id='line_1_37' title="bbox 248 2200 1809 2273; baseline 0.004 -23"><span class='ocrx_word' id='word_1_231' title='bbox 248 2200 662 2270; x_wconf 82' lang='grc' dir='ltr'>προειρημένων</span> <span class='ocrx_word' id='word_1_232' title='bbox 687 2202 875 2253; x_wconf 77' lang='grc' dir='ltr'>ἑαυτὸν</span> <span class='ocrx_word' id='word_1_233' title='bbox 915 2201 1178 2270; x_wconf 82' lang='grc' dir='ltr'>καθυφείς</span> <span class='ocrx_word' id='word_1_234' title='bbox 1206 2218 1220 2233; x_wconf 74' lang='grc' dir='ltr'><strong>ο</strong></span> <span class='ocrx_word' id='word_1_235' title='bbox 1259 2203 1351 2255; x_wconf 78' lang='grc' dir='ltr'><strong>καὶ</strong></span> <span class='ocrx_word' id='word_1_236' title='bbox 1385 2205 1519 2273; x_wconf 85' lang='grc' dir='ltr'>μήτε</span> <span class='ocrx_word' id='word_1_237' title='bbox 1550 2220 1809 2273; x_wconf 82' lang='grc' dir='ltr'>συκοφαν·</span> 
     </span>
    </p>
   </div>
   <div class='ocr_carea' id='block_1_36' title="bbox 247 2289 1804 2361">
    <p class='ocr_par' dir='ltr' id='par_1_36' title="bbox 247 2289 1804 2361">
     <span class='ocr_line' id='line_1_38' title="bbox 247 2289 1804 2361; baseline 0.003 -19"><span class='ocrx_word' id='word_1_238' title='bbox 247 2290 380 2352; x_wconf 84' lang='grc' dir='ltr'>τῶν,</span> <span class='ocrx_word' id='word_1_239' title='bbox 447 2292 583 2360; x_wconf 88' lang='grc' dir='ltr'>μήτε</span> <span class='ocrx_word' id='word_1_240' title='bbox 618 2289 823 2354; x_wconf 84' lang='grc' dir='ltr'>δόλους,</span> <span class='ocrx_word' id='word_1_241' title='bbox 875 2292 1011 2359; x_wconf 84' lang='grc' dir='ltr'>μήτε</span> <span class='ocrx_word' id='word_1_242' title='bbox 1053 2292 1343 2354; x_wconf 79' lang='grc' dir='ltr'>ὲπιὸουλάς</span> <span class='ocrx_word' id='word_1_243' title='bbox 1392 2294 1804 2361; x_wconf 78' lang='grc' dir='ltr'>σκευαζόμενος.</span> 
     </span>
    </p>
   </div>
   <div class='ocr_carea' id='block_1_37' title="bbox 247 2379 1807 2452">
    <p class='ocr_par' dir='ltr' id='par_1_37' title="bbox 247 2379 1807 2452">
     <span class='ocr_line' id='line_1_39' title="bbox 247 2379 1807 2452; baseline 0.003 -20"><span class='ocrx_word' id='word_1_244' title='bbox 247 2380 361 2433; x_wconf 74' lang='grc' dir='ltr'>Καὶ</span> <span class='ocrx_word' id='word_1_245' title='bbox 394 2379 577 2441; x_wconf 76' lang='grc' dir='ltr'>ἄθλιος</span> <span class='ocrx_word' id='word_1_246' title='bbox 626 2381 735 2431; x_wconf 88' lang='grc' dir='ltr'><strong>τῶν</strong></span> <span class='ocrx_word' id='word_1_247' title='bbox 788 2382 954 2447; x_wconf 85' lang='grc' dir='ltr'>φίλων</span> <span class='ocrx_word' id='word_1_248' title='bbox 1005 2383 1209 2445; x_wconf 84' lang='grc' dir='ltr'>ἐκεῖνος</span> <span class='ocrx_word' id='word_1_249' title='bbox 1244 2383 1377 2452; x_wconf 78' lang='grc' dir='ltr'>(εἴγε</span> <span class='ocrx_word' id='word_1_250' title='bbox 1411 2383 1562 2450; x_wconf 81' lang='grc' dir='ltr'>φίλος</span> <span class='ocrx_word' id='word_1_251' title='bbox 1599 2384 1755 2447; x_wconf 85' lang='grc' dir='ltr'>ὅλως)</span> <span class='ocrx_word' id='word_1_252' title='bbox 1781 2387 1807 2437; x_wconf 87' lang='grc' dir='ltr'><strong>ό</strong></span> 
     </span>
    </p>
   </div>
   <div class='ocr_carea' id='block_1_38' title="bbox 252 2471 1806 2547">
    <p class='ocr_par' dir='ltr' id='par_1_38' title="bbox 252 2471 1806 2547">
     <span class='ocr_line' id='line_1_40' title="bbox 252 2471 1806 2547; baseline 0.006 -26"><span class='ocrx_word' id='word_1_253' title='bbox 252 2474 389 2540; x_wconf 82' lang='grc' dir='ltr'>μήτε</span> <span class='ocrx_word' id='word_1_254' title='bbox 461 2471 887 2541; x_wconf 78' lang='grc' dir='ltr'>ύπερασπίζων,</span> <span class='ocrx_word' id='word_1_255' title='bbox 963 2476 1097 2543; x_wconf 85' lang='grc' dir='ltr'>μήτε</span> <span class='ocrx_word' id='word_1_256' title='bbox 1154 2476 1610 2545; x_wconf 86' lang='grc' dir='ltr'>προκινδυνεύων,</span> <span class='ocrx_word' id='word_1_257' title='bbox 1669 2479 1806 2547; x_wconf 80' lang='grc' dir='ltr'>μήτε</span> 
     </span>
    </p>
   </div>
   <div class='ocr_carea' id='block_1_39' title="bbox 247 2563 1809 2635">
    <p class='ocr_par' dir='ltr' id='par_1_39' title="bbox 247 2563 1809 2635">
     <span class='ocr_line' id='line_1_41' title="bbox 247 2563 1809 2635; baseline 0.004 -21"><span class='ocrx_word' id='word_1_258' title='bbox 247 2565 575 2615; x_wconf 85' lang='grc' dir='ltr'>ἀνακόπτειν</span> <span class='ocrx_word' id='word_1_259' title='bbox 639 2563 882 2616; x_wconf 84' lang='grc' dir='ltr'>σπεύδων</span> <span class='ocrx_word' id='word_1_260' title='bbox 930 2566 1056 2627; x_wconf 74' lang='grc' dir='ltr'>τοὺς</span> <span class='ocrx_word' id='word_1_261' title='bbox 1109 2567 1571 2635; x_wconf 84' lang='grc' dir='ltr'>προαιρουμένους</span> <span class='ocrx_word' id='word_1_262' title='bbox 1636 2569 1809 2621; x_wconf 78' lang='grc' dir='ltr'>ἐπιτί-</span> 
     </span>
    </p>
   </div>
   <div class='ocr_carea' id='block_1_40' title="bbox 252 2656 1807 2729">
    <p class='ocr_par' dir='ltr' id='par_1_40' title="bbox 252 2656 1807 2729">
     <span class='ocr_line' id='line_1_42' title="bbox 252 2656 1807 2729; baseline 0.001 -19"><span class='ocrx_word' id='word_1_263' title='bbox 252 2657 463 2711; x_wconf 83' lang='grc' dir='ltr'>θεσθαι.</span> <span class='ocrx_word' id='word_1_264' title='bbox 502 2657 672 2709; x_wconf 85' lang='grc' dir='ltr'>Τοῦτο</span> <span class='ocrx_word' id='word_1_265' title='bbox 694 2658 803 2727; x_wconf 88' lang='grc' dir='ltr'>γὰρ</span> <span class='ocrx_word' id='word_1_266' title='bbox 833 2656 927 2710; x_wconf 75' lang='grc' dir='ltr'><strong>καὶ</strong></span> <span class='ocrx_word' id='word_1_267' title='bbox 955 2657 1062 2710; x_wconf 89' lang='grc' dir='ltr'><strong>τῶν</strong></span> <span class='ocrx_word' id='word_1_268' title='bbox 1092 2658 1299 2727; x_wconf 79' lang='grc' dir='ltr'>ἐχθρῶν</span> <span class='ocrx_word' id='word_1_269' title='bbox 1330 2659 1394 2711; x_wconf 84' lang='grc' dir='ltr'><strong>ἂν</strong></span> <span class='ocrx_word' id='word_1_270' title='bbox 1420 2659 1627 2729; x_wconf 82' lang='grc' dir='ltr'>(ὥσπερ</span> <span class='ocrx_word' id='word_1_271' title='bbox 1651 2659 1807 2729; x_wconf 76' lang='grc' dir='ltr'>ἔφην)</span> 
     </span>
    </p>
   </div>
   <div class='ocr_carea' id='block_1_41' title="bbox 248 2745 1807 2822">
    <p class='ocr_par' dir='ltr' id='par_1_41' title="bbox 248 2745 1807 2822">
     <span class='ocr_line' id='line_1_43' title="bbox 248 2745 1807 2822; baseline 0.001 -20"><span class='ocrx_word' id='word_1_272' title='bbox 248 2750 459 2822; x_wconf 78' lang='grc' dir='ltr'>ποιήσῃ</span> <span class='ocrx_word' id='word_1_273' title='bbox 485 2752 512 2801; x_wconf 86' lang='grc' dir='ltr'>ὁ</span> <span class='ocrx_word' id='word_1_274' title='bbox 541 2750 776 2820; x_wconf 82' lang='grc' dir='ltr'>μέτριος.</span> <span class='ocrx_word' id='word_1_275' title='bbox 810 2750 1006 2802; x_wconf 88' lang='grc' dir='ltr'>Σκόπει</span> <span class='ocrx_word' id='word_1_276' title='bbox 1055 2746 1167 2815; x_wconf 81' lang='grc' dir='ltr'>οὖν,</span> <span class='ocrx_word' id='word_1_277' title='bbox 1210 2745 1289 2812; x_wconf 76' lang='grc' dir='ltr'>οἷς</span> <span class='ocrx_word' id='word_1_278' title='bbox 1319 2751 1458 2819; x_wconf 81' lang='grc' dir='ltr'>ὑπὲρ</span> <span class='ocrx_word' id='word_1_279' title='bbox 1488 2751 1579 2803; x_wconf 88' lang='grc' dir='ltr'><strong>σοῦ</strong></span> <span class='ocrx_word' id='word_1_280' title='bbox 1613 2752 1807 2818; x_wconf 84' lang='grc' dir='ltr'>λέγεις,</span> 
     </span>
    </p>
   </div>
   <div class='ocr_carea' id='block_1_42' title="bbox 247 2842 1810 2913">
    <p class='ocr_par' dir='ltr' id='par_1_42' title="bbox 247 2842 1810 2913">
     <span class='ocr_line' id='line_1_44' title="bbox 247 2842 1810 2913; baseline 0 -18"><span class='ocrx_word' id='word_1_281' title='bbox 247 2842 360 2895; x_wconf 81' lang='grc' dir='ltr'>τίνι</span> <span class='ocrx_word' id='word_1_282' title='bbox 407 2842 628 2894; x_wconf 84' lang='grc' dir='ltr'>σεαυτὸν</span> <span class='ocrx_word' id='word_1_283' title='bbox 663 2843 991 2903; x_wconf 88' lang='grc' dir='ltr'>συντάττεις.</span> <span class='ocrx_word' id='word_1_284' title='bbox 1030 2844 1139 2910; x_wconf 83' lang='grc' dir='ltr'>Οὐχ</span> <span class='ocrx_word' id='word_1_285' title='bbox 1170 2843 1365 2913; x_wconf 76' lang='grc' dir='ltr'>ὓϐρισα</span> <span class='ocrx_word' id='word_1_286' title='bbox 1393 2844 1523 2913; x_wconf 83' lang='grc' dir='ltr'>γὰρ,</span> <span class='ocrx_word' id='word_1_287' title='bbox 1565 2844 1681 2895; x_wconf 83' lang='grc' dir='ltr'>οὐδὲ</span> <span class='ocrx_word' id='word_1_288' title='bbox 1705 2844 1810 2895; x_wconf 84' lang='grc' dir='ltr'><strong>τῶν</strong></span> 
     </span>
    </p>
   </div>
   <div class='ocr_carea' id='block_1_43' title="bbox 246 2934 1807 3002">
    <p class='ocr_par' dir='ltr' id='par_1_43' title="bbox 246 2934 1807 3002">
     <span class='ocr_line' id='line_1_45' title="bbox 246 2934 1807 3002; baseline 0.002 -17"><span class='ocrx_word' id='word_1_289' title='bbox 246 2934 630 3002; x_wconf 88' lang='grc' dir='ltr'>διασυρόντων,</span> <span class='ocrx_word' id='word_1_290' title='bbox 663 2936 872 3002; x_wconf 81' lang='grc' dir='ltr'>φήσεις,</span> <span class='ocrx_word' id='word_1_291' title='bbox 922 2935 1138 3000; x_wconf 83' lang='grc' dir='ltr'>γέγονα,</span> <span class='ocrx_word' id='word_1_292' title='bbox 1175 2935 1295 2987; x_wconf 84' lang='grc' dir='ltr'>οὐδὲ</span> <span class='ocrx_word' id='word_1_293' title='bbox 1342 2938 1482 2988; x_wconf 83' lang='grc' dir='ltr'>κατὰ</span> <span class='ocrx_word' id='word_1_294' title='bbox 1511 2935 1604 2987; x_wconf 78' lang='grc' dir='ltr'><strong>σοῦ</strong></span> <span class='ocrx_word' id='word_1_295' title='bbox 1630 2936 1807 2997; x_wconf 74' lang='grc' dir='ltr'>δόλους</span> 
     </span>
    </p>
   </div>
   <div class='ocr_carea' id='block_1_44' title="bbox 251 3022 1807 3094">
    <p class='ocr_par' dir='ltr' id='par_1_44' title="bbox 251 3022 1807 3094">
     <span class='ocr_line' id='line_1_46' title="bbox 251 3022 1807 3094; baseline -0.001 -20"><span class='ocrx_word' id='word_1_296' title='bbox 251 3022 605 3094; x_wconf 65' lang='grc' dir='ltr'>ὲρῤαψάμην.</span> <span class='ocrx_word' id='word_1_297' title='bbox 647 3022 786 3089; x_wconf 83' lang='grc' dir='ltr'><strong>Ἐγὼ</strong></span> <span class='ocrx_word' id='word_1_298' title='bbox 813 3022 857 3074; x_wconf 84' lang='grc' dir='ltr'>δ’</span> <span class='ocrx_word' id='word_1_299' title='bbox 898 3025 945 3074; x_wconf 86' lang='grc' dir='ltr'><strong>εί</strong></span> <span class='ocrx_word' id='word_1_300' title='bbox 976 3024 1049 3091; x_wconf 87' lang='grc' dir='ltr'>μὴ</span> <span class='ocrx_word' id='word_1_301' title='bbox 1077 3023 1135 3074; x_wconf 83' lang='grc' dir='ltr'><strong>τὸ</strong></span> <span class='ocrx_word' id='word_1_302' title='bbox 1160 3022 1413 3092; x_wconf 79' lang='grc' dir='ltr'>φορτικὸν</span> <span class='ocrx_word' id='word_1_303' title='bbox 1437 3022 1807 3091; x_wconf 79' lang='grc' dir='ltr'>ηύλαὸούμην,</span> 
     </span>
    </p>
   </div>
   <div class='ocr_carea' id='block_1_45' title="bbox 257 3115 1809 3185">
    <p class='ocr_par' dir='ltr' id='par_1_45' title="bbox 257 3115 1809 3185">
     <span class='ocr_line' id='line_1_47' title="bbox 257 3115 1809 3185; baseline 0.001 -18"><span class='ocrx_word' id='word_1_304' title='bbox 257 3117 627 3185; x_wconf 72' lang='grc' dir='ltr'>ἰσχυρισάμην</span> <span class='ocrx_word' id='word_1_305' title='bbox 659 3116 750 3179; x_wconf 79' lang='grc' dir='ltr'>ἃν,</span> <span class='ocrx_word' id='word_1_306' title='bbox 781 3117 854 3178; x_wconf 84' lang='grc' dir='ltr'>ὡς</span> <span class='ocrx_word' id='word_1_307' title='bbox 901 3116 1020 3167; x_wconf 66' lang='grc' dir='ltr'>οὐδὲ</span> <span class='ocrx_word' id='word_1_308' title='bbox 1053 3115 1208 3167; x_wconf 85' lang='grc' dir='ltr'>τοῦτο</span> <span class='ocrx_word' id='word_1_309' title='bbox 1238 3116 1335 3178; x_wconf 83' lang='grc' dir='ltr'>τῆς</span> <span class='ocrx_word' id='word_1_310' title='bbox 1387 3115 1484 3183; x_wconf 81' lang='grc' dir='ltr'><strong>σῆς</strong></span> <span class='ocrx_word' id='word_1_311' title='bbox 1519 3116 1679 3167; x_wconf 76' lang='grc' dir='ltr'>ἕνεκα</span> <span class='ocrx_word' id='word_1_312' title='bbox 1719 3133 1809 3183; x_wconf 85' lang='grc' dir='ltr'>φι-</span> 
     </span>
    </p>
   </div>
   <div class='ocr_carea' id='block_1_46' title="bbox 250 3201 1812 3276">
    <p class='ocr_par' dir='ltr' id='par_1_46' title="bbox 250 3201 1812 3276">
     <span class='ocr_line' id='line_1_48' title="bbox 250 3201 1812 3276; baseline 0.001 -17"><span class='ocrx_word' id='word_1_313' title='bbox 250 3208 498 3276; x_wconf 82' lang='grc' dir='ltr'>λοτιμίας</span> <span class='ocrx_word' id='word_1_314' title='bbox 548 3209 641 3260; x_wconf 83' lang='grc' dir='ltr'>καὶ</span> <span class='ocrx_word' id='word_1_315' title='bbox 688 3209 945 3276; x_wconf 72' lang='grc' dir='ltr'><strong>γνώμης⁸</strong></span> <span class='ocrx_word' id='word_1_316' title='bbox 992 3207 1104 3258; x_wconf 79' lang='grc' dir='ltr'>ἀλλ’</span> <span class='ocrx_word' id='word_1_317' title='bbox 1157 3207 1238 3258; x_wconf 86' lang='grc' dir='ltr'>ὅτι</span> <span class='ocrx_word' id='word_1_318' title='bbox 1297 3207 1417 3274; x_wconf 87' lang='grc' dir='ltr'>μηδ’</span> <span class='ocrx_word' id='word_1_319' title='bbox 1450 3206 1613 3276; x_wconf 82' lang='grc' dir='ltr'>ἔχεις,</span> <span class='ocrx_word' id='word_1_320' title='bbox 1654 3208 1710 3271; x_wconf 79' lang='grc' dir='ltr'><strong>ἐξ</strong></span> <span class='ocrx_word' id='word_1_321' title='bbox 1738 3201 1812 3260; x_wconf 80' lang='grc' dir='ltr'>ὧν</span> 
     </span>
    </p>
   </div>
   <div class='ocr_carea' id='block_1_47' title="bbox 258 3295 1809 3365">
    <p class='ocr_par' dir='ltr' id='par_1_47' title="bbox 258 3295 1809 3365">
     <span class='ocr_line' id='line_1_49' title="bbox 258 3295 1809 3365; baseline -0.001 -17"><span class='ocrx_word' id='word_1_322' title='bbox 258 3314 344 3348; x_wconf 88' lang='grc' dir='ltr'><strong>σοι</strong></span> <span class='ocrx_word' id='word_1_323' title='bbox 370 3297 560 3359; x_wconf 84' lang='grc' dir='ltr'>ταῦτα,</span> <span class='ocrx_word' id='word_1_324' title='bbox 601 3296 674 3365; x_wconf 85' lang='grc' dir='ltr'>μὴ</span> <span class='ocrx_word' id='word_1_325' title='bbox 722 3296 842 3348; x_wconf 87' lang='grc' dir='ltr'>λίαν</span> <span class='ocrx_word' id='word_1_326' title='bbox 891 3298 1220 3365; x_wconf 79' lang='grc' dir='ltr'>ἀσχημόνως</span> <span class='ocrx_word' id='word_1_327' title='bbox 1278 3297 1372 3348; x_wconf 82' lang='grc' dir='ltr'><strong>καὶ</strong></span> <span class='ocrx_word' id='word_1_328' title='bbox 1421 3295 1809 3363; x_wconf 78' lang='grc' dir='ltr'>ὲπιγελάστως,</span> 
     </span>
    </p>
   </div>
   <div class='ocr_carea' id='block_1_48' title="bbox 262 3388 766 3458">
    <p class='ocr_par' dir='ltr' id='par_1_48' title="bbox 262 3388 766 3458">
     <span class='ocr_line' id='line_1_50' title="bbox 262 3388 766 3458; baseline 0.008 -21"><span class='ocrx_word' id='word_1_329' title='bbox 262 3388 766 3458; x_wconf 82' lang='grc' dir='ltr'>συμπλασθήσεται.</span> 
     </span>
    </p>
   </div>
   <div class='ocr_carea' id='block_1_49' title="bbox 862 3648 1213 3703">
    <p class='ocr_par' dir='ltr' id='par_1_49' title="bbox 862 3648 1213 3703">
     <span class='ocr_line' id='line_1_51' title="bbox 862 3648 1213 3703; baseline 0 -2"><span class='ocrx_word' id='word_1_330' title='bbox 862 3648 1083 3703; x_wconf 84' lang='grc' dir='ltr'><strong>ΕΠΙΣΤ.</strong></span> <span class='ocrx_word' id='word_1_331' title='bbox 1132 3648 1213 3701; x_wconf 85' lang='grc' dir='ltr'><strong>Ε’.</strong></span> 
     </span>
    </p>
   </div>
   <div class='ocr_carea' id='block_1_50' title="bbox 672 3738 1397 3808">
    <p class='ocr_par' dir='ltr' id='par_1_50' title="bbox 672 3738 1397 3808">
     <span class='ocr_line' id='line_1_52' title="bbox 672 3738 1397 3808; baseline -0.001 -14"><span class='ocrx_word' id='word_1_332' title='bbox 672 3742 836 3807; x_wconf 76' lang='grc' dir='ltr'><strong>Ἠλίᾳ</strong></span> <span class='ocrx_word' id='word_1_333' title='bbox 878 3738 1397 3808; x_wconf 82' lang='grc' dir='ltr'>πρωτοσπαθαρίῳ.</span> 
     </span>
    </p>
   </div>
   <div class='ocr_carea' id='block_1_51' title="bbox 1908 1925 3466 1995">
    <p class='ocr_par' dir='ltr' id='par_1_51' title="bbox 1908 1925 3466 1995">
     <span class='ocr_line' id='line_1_53' title="bbox 1908 1925 3466 1995; baseline 0.001 -18"><span class='ocrx_word' id='word_1_334' title='bbox 1908 1925 2203 1978; x_wconf 87' lang='lat' dir='ltr'><strong>amicorum</strong></span> <span class='ocrx_word' id='word_1_335' title='bbox 2227 1934 2330 1985; x_wconf 89' lang='lat' dir='ltr'><strong>est,</strong></span> <span class='ocrx_word' id='word_1_336' title='bbox 2366 1925 2605 1995; x_wconf 83' lang='lat' dir='ltr'><strong>indignis</strong></span> <span class='ocrx_word' id='word_1_337' title='bbox 2657 1926 2830 1980; x_wconf 90' lang='lat' dir='ltr'><strong>modis</strong></span> <span class='ocrx_word' id='word_1_338' title='bbox 2864 1926 3116 1980; x_wconf 89' lang='lat' dir='ltr'><strong>multatos</strong></span> <span class='ocrx_word' id='word_1_339' title='bbox 3146 1928 3281 1981; x_wconf 89' lang='lat' dir='ltr'><strong>tueri</strong></span> <span class='ocrx_word' id='word_1_340' title='bbox 3312 1929 3466 1991; x_wconf 77' lang='lat' dir='ltr'><strong>velle,</strong></span> 
     </span>
    </p>
   </div>
   <div class='ocr_carea' id='block_1_52' title="bbox 1909 2014 3473 2085">
    <p class='ocr_par' dir='ltr' id='par_1_52' title="bbox 1909 2014 3473 2085">
     <span class='ocr_line' id='line_1_54' title="bbox 1909 2014 3473 2085; baseline 0.001 -17"><span class='ocrx_word' id='word_1_341' title='bbox 1909 2014 2159 2083; x_wconf 88' lang='lat' dir='ltr'><strong>periculis</strong></span> <span class='ocrx_word' id='word_1_342' title='bbox 2192 2030 2251 2068; x_wconf 90' lang='lat' dir='ltr'><strong>se</strong></span> <span class='ocrx_word' id='word_1_343' title='bbox 2299 2015 2368 2068; x_wconf 90' lang='lat' dir='ltr'><strong>ob</strong></span> <span class='ocrx_word' id='word_1_344' title='bbox 2423 2030 2516 2069; x_wconf 89' lang='lat' dir='ltr'><strong>eos</strong></span> <span class='ocrx_word' id='word_1_345' title='bbox 2560 2015 2777 2079; x_wconf 78' lang='lat' dir='ltr'><strong>oﬂ‘erre,</strong></span> <span class='ocrx_word' id='word_1_346' title='bbox 2818 2024 2871 2068; x_wconf 89' lang='lat' dir='ltr'><strong>et</strong></span> <span class='ocrx_word' id='word_1_347' title='bbox 2917 2016 3023 2069; x_wconf 79' lang='lat' dir='ltr'><strong>vim</strong></span> <span class='ocrx_word' id='word_1_348' title='bbox 3060 2016 3258 2069; x_wconf 87' lang='lat' dir='ltr'><strong>illatam</strong></span> <span class='ocrx_word' id='word_1_349' title='bbox 3288 2018 3473 2085; x_wconf 84' lang='lat' dir='ltr'><strong>prohi-</strong></span> 
     </span>
    </p>
   </div>
   <div class='ocr_carea' id='block_1_53' title="bbox 1910 2106 3471 2175">
    <p class='ocr_par' dir='ltr' id='par_1_53' title="bbox 1910 2106 3471 2175">
     <span class='ocr_line' id='line_1_55' title="bbox 1910 2106 3471 2175; baseline 0.001 -16"><span class='ocrx_word' id='word_1_350' title='bbox 1910 2107 2056 2168; x_wconf 89' lang='lat' dir='ltr'><strong>bere,</strong></span> <span class='ocrx_word' id='word_1_351' title='bbox 2084 2117 2343 2174; x_wconf 88' lang='lat' dir='ltr'><strong>quantum</strong></span> <span class='ocrx_word' id='word_1_352' title='bbox 2399 2108 2618 2175; x_wconf 78' lang='lat' dir='ltr'><strong>quidem</strong></span> <span class='ocrx_word' id='word_1_353' title='bbox 2677 2106 2731 2159; x_wconf 90' lang='lat' dir='ltr'><strong>in</strong></span> <span class='ocrx_word' id='word_1_354' title='bbox 2790 2106 2917 2175; x_wconf 85' lang='lat' dir='ltr'><strong>ipsis</strong></span> <span class='ocrx_word' id='word_1_355' title='bbox 2955 2106 3135 2160; x_wconf 75' lang='lat' dir='ltr'><strong>fuerit.</strong></span> <span class='ocrx_word' id='word_1_356' title='bbox 3193 2109 3471 2161; x_wconf 89' lang='lat' dir='ltr'><strong>lnterini-</strong></span> 
     </span>
    </p>
   </div>
   <div class='ocr_carea' id='block_1_54' title="bbox 1908 2196 3471 2265">
    <p class='ocr_par' dir='ltr' id='par_1_54' title="bbox 1908 2196 3471 2265">
     <span class='ocr_line' id='line_1_56' title="bbox 1908 2196 3471 2265; baseline 0.003 -16"><span class='ocrx_word' id='word_1_357' title='bbox 1908 2196 2075 2250; x_wconf 91' lang='lat' dir='ltr'><strong>mieos</strong></span> <span class='ocrx_word' id='word_1_358' title='bbox 2126 2198 2405 2251; x_wconf 85' lang='lat' dir='ltr'><strong>modestus</strong></span> <span class='ocrx_word' id='word_1_359' title='bbox 2459 2207 2558 2261; x_wconf 89' lang='lat' dir='ltr'><strong>est,</strong></span> <span class='ocrx_word' id='word_1_360' title='bbox 2614 2197 2705 2265; x_wconf 91' lang='lat' dir='ltr'><strong>qui</strong></span> <span class='ocrx_word' id='word_1_361' title='bbox 2766 2197 2832 2249; x_wconf 90' lang='lat' dir='ltr'><strong>ab</strong></span> <span class='ocrx_word' id='word_1_362' title='bbox 2888 2206 3013 2250; x_wconf 86' lang='lat' dir='ltr'><strong>ante</strong></span> <span class='ocrx_word' id='word_1_363' title='bbox 3067 2201 3374 2251; x_wconf 93' lang='lat' dir='ltr'><strong>memoratis</strong></span> <span class='ocrx_word' id='word_1_364' title='bbox 3411 2212 3471 2254; x_wconf 80' lang='lat' dir='ltr'><strong>se</strong></span> 
     </span>
    </p>
   </div>
   <div class='ocr_carea' id='block_1_55' title="bbox 1907 2287 3467 2355">
    <p class='ocr_par' dir='ltr' id='par_1_55' title="bbox 1907 2287 3467 2355">
     <span class='ocr_line' id='line_1_57' title="bbox 1907 2287 3467 2355; baseline -0.001 -16"><span class='ocrx_word' id='word_1_365' title='bbox 1907 2287 2217 2355; x_wconf 83' lang='lat' dir='ltr'><strong>expeditum</strong></span> <span class='ocrx_word' id='word_1_366' title='bbox 2279 2297 2470 2341; x_wconf 90' lang='lat' dir='ltr'><strong>tenens</strong></span> <span class='ocrx_word' id='word_1_367' title='bbox 2496 2328 2509 2350; x_wconf 91' lang='lat'><strong>,</strong></span> <span class='ocrx_word' id='word_1_368' title='bbox 2542 2302 2641 2340; x_wconf 80' lang='lat' dir='ltr'><strong>nec</strong></span> <span class='ocrx_word' id='word_1_369' title='bbox 2695 2288 3046 2355; x_wconf 84' lang='lat' dir='ltr'><strong>sycophanta,</strong></span> <span class='ocrx_word' id='word_1_370' title='bbox 3097 2302 3201 2341; x_wconf 90' lang='lat' dir='ltr'><strong>nec</strong></span> <span class='ocrx_word' id='word_1_371' title='bbox 3230 2289 3467 2352; x_wconf 73' lang='lat' dir='ltr'><strong>dolosus,</strong></span> 
     </span>
    </p>
   </div>
   <div class='ocr_carea' id='block_1_56' title="bbox 1907 2378 3469 2447">
    <p class='ocr_par' dir='ltr' id='par_1_56' title="bbox 1907 2378 3469 2447">
     <span class='ocr_line' id='line_1_58' title="bbox 1907 2378 3469 2447; baseline -0.001 -16"><span class='ocrx_word' id='word_1_372' title='bbox 1907 2395 2007 2432; x_wconf 92' lang='lat' dir='ltr'><strong>nec</strong></span> <span class='ocrx_word' id='word_1_373' title='bbox 2051 2379 2367 2432; x_wconf 76' lang='lat' dir='ltr'><strong>insidiarum</strong></span> <span class='ocrx_word' id='word_1_374' title='bbox 2400 2389 2632 2431; x_wconf 88' lang='lat' dir='ltr'><strong>structor</strong></span> <span class='ocrx_word' id='word_1_375' title='bbox 2655 2379 2775 2432; x_wconf 89' lang='lat' dir='ltr'><strong>erit.</strong></span> <span class='ocrx_word' id='word_1_376' title='bbox 2816 2378 3094 2447; x_wconf 87' lang='lat' dir='ltr'><strong>hnprobus</strong></span> <span class='ocrx_word' id='word_1_377' title='bbox 3124 2387 3302 2431; x_wconf 89' lang='lat' dir='ltr'><strong>autem</strong></span> <span class='ocrx_word' id='word_1_378' title='bbox 3330 2379 3469 2431; x_wconf 90' lang='lat' dir='ltr'><strong>ami-</strong></span> 
     </span>
    </p>
   </div>
   <div class='ocr_carea' id='block_1_57' title="bbox 1908 2471 3468 2543">
    <p class='ocr_par' dir='ltr' id='par_1_57' title="bbox 1908 2471 3468 2543">
     <span class='ocr_line' id='line_1_59' title="bbox 1908 2471 3468 2543; baseline 0 -18"><span class='ocrx_word' id='word_1_379' title='bbox 1908 2487 2004 2526; x_wconf 90' lang='lat' dir='ltr'><strong>cus</strong></span> <span class='ocrx_word' id='word_1_380' title='bbox 2032 2472 2119 2525; x_wconf 82' lang='lat' dir='ltr'><strong>ille</strong></span> <span class='ocrx_word' id='word_1_381' title='bbox 2149 2472 2228 2543; x_wconf 90' lang='lat' dir='ltr'><strong>(si</strong></span> <span class='ocrx_word' id='word_1_382' title='bbox 2272 2474 2429 2525; x_wconf 89' lang='lat' dir='ltr'><strong>modo</strong></span> <span class='ocrx_word' id='word_1_383' title='bbox 2481 2471 2602 2524; x_wconf 89' lang='lat' dir='ltr'><strong>talis</strong></span> <span class='ocrx_word' id='word_1_384' title='bbox 2662 2471 2866 2525; x_wconf 89' lang='lat' dir='ltr'><strong>amicus</strong></span> <span class='ocrx_word' id='word_1_385' title='bbox 2920 2472 3213 2539; x_wconf 90' lang='lat' dir='ltr'><strong>dicendus)</strong></span> <span class='ocrx_word' id='word_1_386' title='bbox 3248 2471 3336 2539; x_wconf 89' lang='lat' dir='ltr'><strong>qui</strong></span> <span class='ocrx_word' id='word_1_387' title='bbox 3368 2487 3468 2525; x_wconf 90' lang='lat' dir='ltr'><strong>nec</strong></span> 
     </span>
    </p>
   </div>
   <div class='ocr_carea' id='block_1_58' title="bbox 1910 2562 3470 2633">
    <p class='ocr_par' dir='ltr' id='par_1_58' title="bbox 1910 2562 3470 2633">
     <span class='ocr_line' id='line_1_60' title="bbox 1910 2562 3470 2633; baseline 0.001 -18"><span class='ocrx_word' id='word_1_388' title='bbox 1910 2564 2163 2633; x_wconf 78' lang='lat' dir='ltr'><strong>protegit,</strong></span> <span class='ocrx_word' id='word_1_389' title='bbox 2224 2579 2326 2617; x_wconf 91' lang='lat' dir='ltr'><strong>nee</strong></span> <span class='ocrx_word' id='word_1_390' title='bbox 2370 2564 2701 2633; x_wconf 87' lang='lat' dir='ltr'><strong>periclitatur</strong></span> <span class='ocrx_word' id='word_1_391' title='bbox 2748 2579 2842 2632; x_wconf 90' lang='lat' dir='ltr'><strong>pro</strong></span> <span class='ocrx_word' id='word_1_392' title='bbox 2875 2565 3068 2623; x_wconf 88' lang='lat' dir='ltr'><strong>amico.</strong></span> <span class='ocrx_word' id='word_1_393' title='bbox 3115 2577 3216 2616; x_wconf 88' lang='lat' dir='ltr'><strong>nec</strong></span> <span class='ocrx_word' id='word_1_394' title='bbox 3257 2562 3470 2616; x_wconf 83' lang='lat' dir='ltr'><strong>festinat</strong></span> 
     </span>
    </p>
   </div>
   <div class='ocr_carea' id='block_1_59' title="bbox 1910 2654 3466 2723">
    <p class='ocr_par' dir='ltr' id='par_1_59' title="bbox 1910 2654 3466 2723">
     <span class='ocr_line' id='line_1_61' title="bbox 1910 2654 3466 2723; baseline 0 -16"><span class='ocrx_word' id='word_1_395' title='bbox 1910 2669 2003 2708; x_wconf 91' lang='lat' dir='ltr'><strong>eos</strong></span> <span class='ocrx_word' id='word_1_396' title='bbox 2032 2654 2314 2723; x_wconf 87' lang='lat' dir='ltr'><strong>repellere,</strong></span> <span class='ocrx_word' id='word_1_397' title='bbox 2375 2654 2465 2722; x_wconf 91' lang='lat' dir='ltr'><strong>qui</strong></span> <span class='ocrx_word' id='word_1_398' title='bbox 2502 2654 2555 2707; x_wconf 90' lang='lat' dir='ltr'><strong>in</strong></span> <span class='ocrx_word' id='word_1_399' title='bbox 2608 2654 2839 2707; x_wconf 90' lang='lat' dir='ltr'><strong>amicum</strong></span> <span class='ocrx_word' id='word_1_400' title='bbox 2871 2654 2986 2721; x_wconf 83' lang='lat' dir='ltr'><strong>ejus</strong></span> <span class='ocrx_word' id='word_1_401' title='bbox 3032 2654 3240 2706; x_wconf 90' lang='lat' dir='ltr'><strong>irruere</strong></span> <span class='ocrx_word' id='word_1_402' title='bbox 3283 2668 3466 2707; x_wconf 91' lang='lat' dir='ltr'><strong>secum</strong></span> 
     </span>
    </p>
   </div>
   <div class='ocr_carea' id='block_1_60' title="bbox 1911 2744 3471 2814">
    <p class='ocr_par' dir='ltr' id='par_1_60' title="bbox 1911 2744 3471 2814">
     <span class='ocr_line' id='line_1_62' title="bbox 1911 2744 3471 2814; baseline -0.001 -16"><span class='ocrx_word' id='word_1_403' title='bbox 1911 2753 2236 2799; x_wconf 90' lang='lat' dir='ltr'><strong>statuerunt.</strong></span> <span class='ocrx_word' id='word_1_404' title='bbox 2265 2745 2322 2799; x_wconf 83' lang='lat' dir='ltr'><strong>id</strong></span> <span class='ocrx_word' id='word_1_405' title='bbox 2352 2745 2496 2798; x_wconf 92' lang='lat' dir='ltr'><strong>enim</strong></span> <span class='ocrx_word' id='word_1_406' title='bbox 2526 2746 2608 2799; x_wconf 84' lang='lat' dir='ltr'><strong>vel</strong></span> <span class='ocrx_word' id='word_1_407' title='bbox 2636 2746 2725 2814; x_wconf 91' lang='lat' dir='ltr'><strong>qui</strong></span> <span class='ocrx_word' id='word_1_408' title='bbox 2756 2746 2895 2798; x_wconf 91' lang='lat' dir='ltr'><strong>inter</strong></span> <span class='ocrx_word' id='word_1_409' title='bbox 2919 2744 3164 2799; x_wconf 87' lang='lat' dir='ltr'><strong>inimicos</strong></span> <span class='ocrx_word' id='word_1_410' title='bbox 3194 2745 3471 2799; x_wconf 86' lang='lat' dir='ltr'><strong>modestus</strong></span> 
     </span>
    </p>
   </div>
   <div class='ocr_carea' id='block_1_61' title="bbox 1911 2832 3472 2905">
    <p class='ocr_par' dir='ltr' id='par_1_61' title="bbox 1911 2832 3472 2905">
     <span class='ocr_line' id='line_1_63' title="bbox 1911 2832 3472 2905; baseline 0.001 -17"><span class='ocrx_word' id='word_1_411' title='bbox 1911 2844 1991 2889; x_wconf 90' lang='lat' dir='ltr'><strong>est</strong></span> <span class='ocrx_word' id='word_1_412' title='bbox 2028 2838 2129 2905; x_wconf 91' lang='lat' dir='ltr'><strong>(ut</strong></span> <span class='ocrx_word' id='word_1_413' title='bbox 2166 2832 2313 2903; x_wconf 85' lang='lat' dir='ltr'><strong>dixi)</strong></span> <span class='ocrx_word' id='word_1_414' title='bbox 2342 2834 2557 2889; x_wconf 66' lang='lat' dir='ltr'><strong>efﬁciet.</strong></span> <span class='ocrx_word' id='word_1_415' title='bbox 2598 2834 2726 2889; x_wconf 78' lang='lat' dir='ltr'><strong>Vide</strong></span> <span class='ocrx_word' id='word_1_416' title='bbox 2755 2835 2830 2889; x_wconf 91' lang='lat' dir='ltr'><strong>sis</strong></span> <span class='ocrx_word' id='word_1_417' title='bbox 2870 2850 2997 2904; x_wconf 87' lang='lat' dir='ltr'><strong>ergo</strong></span> <span class='ocrx_word' id='word_1_418' title='bbox 3038 2836 3121 2889; x_wconf 88' lang='lat' dir='ltr'><strong>cui</strong></span> <span class='ocrx_word' id='word_1_419' title='bbox 3151 2835 3385 2904; x_wconf 89' lang='lat' dir='ltr'><strong>ipsorum</strong></span> <span class='ocrx_word' id='word_1_420' title='bbox 3418 2844 3472 2889; x_wconf 87' lang='lat' dir='ltr'><strong>te</strong></span> 
     </span>
    </p>
   </div>
   <div class='ocr_carea' id='block_1_62' title="bbox 1911 2926 3470 2997">
    <p class='ocr_par' dir='ltr' id='par_1_62' title="bbox 1911 2926 3470 2997">
     <span class='ocr_line' id='line_1_64' title="bbox 1911 2926 3470 2997; baseline 0.002 -18"><span class='ocrx_word' id='word_1_421' title='bbox 1911 2942 2257 2989; x_wconf 85' lang='lat' dir='ltr'><strong>annumeres,</strong></span> <span class='ocrx_word' id='word_1_422' title='bbox 2289 2942 2382 2995; x_wconf 89' lang='lat' dir='ltr'><strong>per</strong></span> <span class='ocrx_word' id='word_1_423' title='bbox 2401 2942 2461 2979; x_wconf 89' lang='lat' dir='ltr'><strong>ea</strong></span> <span class='ocrx_word' id='word_1_424' title='bbox 2493 2941 2613 2995; x_wconf 63' lang='lat' dir='ltr'><strong>quae</strong></span> <span class='ocrx_word' id='word_1_425' title='bbox 2635 2942 2733 2995; x_wconf 90' lang='lat' dir='ltr'><strong>pro</strong></span> <span class='ocrx_word' id='word_1_426' title='bbox 2760 2936 2812 2980; x_wconf 87' lang='lat' dir='ltr'><strong>te</strong></span> <span class='ocrx_word' id='word_1_427' title='bbox 2838 2927 3054 2997; x_wconf 79' lang='lat' dir='ltr'><strong>allegas.</strong></span> <span class='ocrx_word' id='word_1_428' title='bbox 3087 2926 3161 2981; x_wconf 90' lang='lat' dir='ltr'><strong>Te</strong></span> <span class='ocrx_word' id='word_1_429' title='bbox 3182 2943 3291 2981; x_wconf 89' lang='lat' dir='ltr'><strong>non</strong></span> <span class='ocrx_word' id='word_1_430' title='bbox 3316 2926 3470 2982; x_wconf 81' lang='lat' dir='ltr'><strong>aﬂ&#39;eci</strong></span> 
     </span>
    </p>
   </div>
   <div class='ocr_carea' id='block_1_63' title="bbox 1912 3017 3472 3088">
    <p class='ocr_par' dir='ltr' id='par_1_63' title="bbox 1912 3017 3472 3088">
     <span class='ocr_line' id='line_1_65' title="bbox 1912 3017 3472 3088; baseline 0.003 -18"><span class='ocrx_word' id='word_1_431' title='bbox 1912 3017 2277 3080; x_wconf 87' lang='lat' dir='ltr'><strong>contumeliis,</strong></span> <span class='ocrx_word' id='word_1_432' title='bbox 2324 3017 2556 3084; x_wconf 90' lang='lat' dir='ltr'><strong>inquies,</strong></span> <span class='ocrx_word' id='word_1_433' title='bbox 2606 3033 2709 3070; x_wconf 92' lang='lat' dir='ltr'><strong>nec</strong></span> <span class='ocrx_word' id='word_1_434' title='bbox 2757 3018 2823 3071; x_wconf 91' lang='lat' dir='ltr'><strong>iis</strong></span> <span class='ocrx_word' id='word_1_435' title='bbox 2854 3019 3250 3072; x_wconf 87' lang='lat' dir='ltr'><strong>annumerabar</strong></span> <span class='ocrx_word' id='word_1_436' title='bbox 3295 3019 3472 3088; x_wconf 86' lang='lat' dir='ltr'><strong>quite</strong></span> 
     </span>
    </p>
   </div>
   <div class='ocr_carea' id='block_1_64' title="bbox 1913 3106 3468 3180">
    <p class='ocr_par' dir='ltr' id='par_1_64' title="bbox 1913 3106 3468 3180">
     <span class='ocr_line' id='line_1_66' title="bbox 1913 3106 3468 3180; baseline 0.004 -21"><span class='ocrx_word' id='word_1_437' title='bbox 1913 3106 2236 3172; x_wconf 74' lang='lat' dir='ltr'><strong>inridebant;</strong></span> <span class='ocrx_word' id='word_1_438' title='bbox 2268 3108 2442 3161; x_wconf 92' lang='lat' dir='ltr'><strong>nullos</strong></span> <span class='ocrx_word' id='word_1_439' title='bbox 2473 3108 2527 3160; x_wconf 91' lang='lat' dir='ltr'><strong>in</strong></span> <span class='ocrx_word' id='word_1_440' title='bbox 2576 3118 2626 3162; x_wconf 90' lang='lat' dir='ltr'><strong>te</strong></span> <span class='ocrx_word' id='word_1_441' title='bbox 2674 3110 2928 3163; x_wconf 78' lang='lat' dir='ltr'><strong>contexui</strong></span> <span class='ocrx_word' id='word_1_442' title='bbox 2970 3110 3140 3164; x_wconf 87' lang='lat' dir='ltr'><strong>dolos.</strong></span> <span class='ocrx_word' id='word_1_443' title='bbox 3171 3110 3275 3180; x_wconf 88' lang='lat' dir='ltr'><strong>Ego</strong></span> <span class='ocrx_word' id='word_1_444' title='bbox 3299 3120 3468 3178; x_wconf 89' lang='lat' dir='ltr'><strong>certe,</strong></span> 
     </span>
    </p>
   </div>
   <div class='ocr_carea' id='block_1_65' title="bbox 1913 3198 3470 3267">
    <p class='ocr_par' dir='ltr' id='par_1_65' title="bbox 1913 3198 3470 3267">
     <span class='ocr_line' id='line_1_67' title="bbox 1913 3198 3470 3267; baseline 0.003 -16"><span class='ocrx_word' id='word_1_445' title='bbox 1913 3198 2015 3252; x_wconf 91' lang='lat' dir='ltr'><strong>nisi</strong></span> <span class='ocrx_word' id='word_1_446' title='bbox 2048 3198 2193 3267; x_wconf 89' lang='lat' dir='ltr'><strong>quod</strong></span> <span class='ocrx_word' id='word_1_447' title='bbox 2218 3199 2460 3253; x_wconf 91' lang='lat' dir='ltr'><strong>odiosum</strong></span> <span class='ocrx_word' id='word_1_448' title='bbox 2490 3200 2590 3253; x_wconf 91' lang='lat' dir='ltr'><strong>hoc</strong></span> <span class='ocrx_word' id='word_1_449' title='bbox 2624 3199 2739 3253; x_wconf 81' lang='lat' dir='ltr'><strong>fore</strong></span> <span class='ocrx_word' id='word_1_450' title='bbox 2772 3216 2977 3265; x_wconf 76' lang='lat' dir='ltr'><strong>verear,</strong></span> <span class='ocrx_word' id='word_1_451' title='bbox 3023 3201 3343 3255; x_wconf 76' lang='lat' dir='ltr'><strong>confirmare</strong></span> <span class='ocrx_word' id='word_1_452' title='bbox 3372 3218 3470 3255; x_wconf 86' lang='lat' dir='ltr'><strong>au-</strong></span> 
     </span>
    </p>
   </div>
   <div class='ocr_carea' id='block_1_66' title="bbox 1913 3293 3471 3347">
    <p class='ocr_par' dir='ltr' id='par_1_66' title="bbox 1913 3293 3471 3347">
     <span class='ocr_line' id='line_1_68' title="bbox 1913 3293 3471 3347; baseline -0.002 0"><span class='ocrx_word' id='word_1_453' title='bbox 1913 3294 2095 3347; x_wconf 86' lang='lat' dir='ltr'><strong>derem</strong></span> <span class='ocrx_word' id='word_1_454' title='bbox 2132 3294 2234 3347; x_wconf 89' lang='lat' dir='ltr'><strong>hoc</strong></span> <span class='ocrx_word' id='word_1_455' title='bbox 2259 3295 2410 3347; x_wconf 92' lang='lat' dir='ltr'><strong>nullo</strong></span> <span class='ocrx_word' id='word_1_456' title='bbox 2440 3294 2601 3347; x_wconf 90' lang='lat' dir='ltr'><strong>modo</strong></span> <span class='ocrx_word' id='word_1_457' title='bbox 2628 3302 2687 3346; x_wconf 89' lang='lat' dir='ltr'><strong>ut</strong></span> <span class='ocrx_word' id='word_1_458' title='bbox 2712 3293 3051 3347; x_wconf 79' lang='lat' dir='ltr'><strong>aestimationi</strong></span> <span class='ocrx_word' id='word_1_459' title='bbox 3082 3303 3187 3347; x_wconf 71' lang='lat' dir='ltr'><strong>tua:</strong></span> <span class='ocrx_word' id='word_1_460' title='bbox 3220 3295 3471 3347; x_wconf 75' lang='lat' dir='ltr'><strong>consule-</strong></span> 
     </span>
    </p>
   </div>
   <div class='ocr_carea' id='block_1_67' title="bbox 1909 3381 3470 3445">
    <p class='ocr_par' dir='ltr' id='par_1_67' title="bbox 1909 3381 3470 3445">
     <span class='ocr_line' id='line_1_69' title="bbox 1909 3381 3470 3445; baseline 0.001 -11"><span class='ocrx_word' id='word_1_461' title='bbox 1909 3397 2017 3445; x_wconf 82' lang='lat' dir='ltr'><strong>res,</strong></span> <span class='ocrx_word' id='word_1_462' title='bbox 2053 3391 2146 3435; x_wconf 88' lang='lat' dir='ltr'><strong>aut</strong></span> <span class='ocrx_word' id='word_1_463' title='bbox 2186 3384 2467 3435; x_wconf 65' lang='lat' dir='ltr'><strong>sententiae</strong></span> <span class='ocrx_word' id='word_1_464' title='bbox 2505 3381 2725 3436; x_wconf 85' lang='lat' dir='ltr'><strong>factum.</strong></span> <span class='ocrx_word' id='word_1_465' title='bbox 2763 3383 2876 3436; x_wconf 87' lang='lat' dir='ltr'><strong>lmo</strong></span> <span class='ocrx_word' id='word_1_466' title='bbox 2896 3398 3026 3436; x_wconf 79' lang='lat' dir='ltr'><strong>vero</strong></span> <span class='ocrx_word' id='word_1_467' title='bbox 3069 3382 3268 3435; x_wconf 90' lang='lat' dir='ltr'><strong>nullam</strong></span> <span class='ocrx_word' id='word_1_468' title='bbox 3304 3383 3470 3435; x_wconf 85' lang='lat' dir='ltr'><strong>habes</strong></span> 
     </span>
    </p>
   </div>
   <div class='ocr_carea' id='block_1_68' title="bbox 1909 3474 3468 3543">
    <p class='ocr_par' dir='ltr' id='par_1_68' title="bbox 1909 3474 3468 3543">
     <span class='ocr_line' id='line_1_70' title="bbox 1909 3474 3468 3543; baseline -0.001 -16"><span class='ocrx_word' id='word_1_469' title='bbox 1909 3475 2245 3528; x_wconf 84' lang='lat' dir='ltr'><strong>occasionem</strong></span> <span class='ocrx_word' id='word_1_470' title='bbox 2277 3475 2371 3528; x_wconf 89' lang='lat' dir='ltr'><strong>tibi</strong></span> <span class='ocrx_word' id='word_1_471' title='bbox 2409 3476 2796 3543; x_wconf 86' lang='lat' dir='ltr'><strong>suppeditatam</strong></span> <span class='ocrx_word' id='word_1_472' title='bbox 2829 3475 2968 3527; x_wconf 89' lang='lat' dir='ltr'><strong>unde</strong></span> <span class='ocrx_word' id='word_1_473' title='bbox 3000 3475 3118 3533; x_wconf 84' lang='lat' dir='ltr'><strong>ista.</strong></span> <span class='ocrx_word' id='word_1_474' title='bbox 3153 3474 3257 3529; x_wconf 87' lang='lat' dir='ltr'><strong>nisi</strong></span> <span class='ocrx_word' id='word_1_475' title='bbox 3283 3476 3468 3528; x_wconf 84' lang='lat' dir='ltr'><strong>admo-</strong></span> 
     </span>
    </p>
   </div>
   <div class='ocr_carea' id='block_1_69' title="bbox 1911 3565 3224 3635">
    <p class='ocr_par' dir='ltr' id='par_1_69' title="bbox 1911 3565 3224 3635">
     <span class='ocr_line' id='line_1_71' title="bbox 1911 3565 3224 3635; baseline 0.001 -17"><span class='ocrx_word' id='word_1_476' title='bbox 1911 3565 2038 3618; x_wconf 90' lang='lat' dir='ltr'><strong>dum</strong></span> <span class='ocrx_word' id='word_1_477' title='bbox 2069 3566 2301 3619; x_wconf 87' lang='lat' dir='ltr'><strong>absurde</strong></span> <span class='ocrx_word' id='word_1_478' title='bbox 2332 3577 2385 3619; x_wconf 89' lang='lat' dir='ltr'><strong>et</strong></span> <span class='ocrx_word' id='word_1_479' title='bbox 2409 3566 2651 3628; x_wconf 90' lang='lat' dir='ltr'><strong>ridicule,</strong></span> <span class='ocrx_word' id='word_1_480' title='bbox 2693 3566 3001 3635; x_wconf 81' lang='lat' dir='ltr'><strong>conﬁngere</strong></span> <span class='ocrx_word' id='word_1_481' title='bbox 3028 3566 3224 3635; x_wconf 88' lang='lat' dir='ltr'><strong>possis.</strong></span> 
     </span>
    </p>
   </div>
   <div class='ocr_carea' id='block_1_70' title="bbox 2500 3653 2810 3709">
    <p class='ocr_par' dir='ltr' id='par_1_70' title="bbox 2500 3653 2810 3709">
     <span class='ocr_line' id='line_1_72' title="bbox 2500 3653 2810 3709; baseline 0.003 -3"><span class='ocrx_word' id='word_1_482' title='bbox 2500 3653 2713 3709; x_wconf 86' lang='lat' dir='ltr'><strong>EPIST.</strong></span> <span class='ocrx_word' id='word_1_483' title='bbox 2747 3653 2810 3707; x_wconf 85' lang='lat' dir='ltr'><strong>V.</strong></span> 
     </span>
    </p>
   </div>
   <div class='ocr_carea' id='block_1_71' title="bbox 2411 3746 3025 3815">
    <p class='ocr_par' dir='ltr' id='par_1_71' title="bbox 2411 3746 3025 3815">
     <span class='ocr_line' id='line_1_73' title="bbox 2411 3746 3025 3815; baseline 0 -16"><span class='ocrx_word' id='word_1_484' title='bbox 2411 3746 2544 3799; x_wconf 78' lang='lat' dir='ltr'><strong>Elia:</strong></span> <span class='ocrx_word' id='word_1_485' title='bbox 2588 3747 3025 3815; x_wconf 80' lang='lat' dir='ltr'><strong>protospathario.</strong></span> 
     </span>
    </p>
   </div>
   <div class='ocr_carea' id='block_1_72' title="bbox 1484 3848 2214 3915">
    <p class='ocr_par' dir='ltr' id='par_1_72' title="bbox 1484 3848 2214 3915">
     <span class='ocr_line' id='line_1_74' title="bbox 1484 3848 2214 3915; baseline 0.012 -19"><span class='ocrx_word' id='word_1_486' title='bbox 1484 3848 1746 3898; x_wconf 80' lang='lat' dir='ltr'><strong>Montaeut.</strong></span> <span class='ocrx_word' id='word_1_487' title='bbox 1783 3851 1886 3913; x_wconf 88' lang='lat' dir='ltr'><strong>(ep.</strong></span> <span class='ocrx_word' id='word_1_488' title='bbox 1923 3853 1997 3911; x_wconf 90' lang='grc'><strong>16,</strong></span> <span class='ocrx_word' id='word_1_489' title='bbox 2031 3868 2079 3915; x_wconf 84' lang='grc' dir='ltr'>ρ.</span> <span class='ocrx_word' id='word_1_490' title='bbox 2116 3855 2214 3915; x_wconf 90' lang='lat'><strong>77).</strong></span> 
     </span>
    </p>
   </div>
   <div class='ocr_carea' id='block_1_73' title="bbox 335 3954 1812 4029">
    <p class='ocr_par' dir='ltr' id='par_1_73' title="bbox 335 3954 1812 4029">
     <span class='ocr_line' id='line_1_75' title="bbox 335 3954 1812 4029; baseline 0.001 -20"><span class='ocrx_word' id='word_1_491' title='bbox 335 3958 589 4029; x_wconf 84' lang='grc' dir='ltr'>ᾞτήσω·</span> <span class='ocrx_word' id='word_1_492' title='bbox 649 3955 1011 4025; x_wconf 79' lang='grc' dir='ltr'>συνεθέμεθα’</span> <span class='ocrx_word' id='word_1_493' title='bbox 1059 3956 1306 4023; x_wconf 81' lang='grc' dir='ltr'>γέγονεν·</span> <span class='ocrx_word' id='word_1_494' title='bbox 1366 3955 1669 4027; x_wconf 85' lang='grc' dir='ltr'>εὐχαρίστει</span> <span class='ocrx_word' id='word_1_495' title='bbox 1722 3954 1812 4011; x_wconf 84' lang='grc' dir='ltr'><strong>οῦν</strong></span> 
     </span>
    </p>
   </div>
   <div class='ocr_carea' id='block_1_74' title="bbox 255 4047 1814 4119">
    <p class='ocr_par' dir='ltr' id='par_1_74' title="bbox 255 4047 1814 4119">
     <span class='ocr_line' id='line_1_76' title="bbox 255 4047 1814 4119; baseline 0.001 -20"><span class='ocrx_word' id='word_1_496' title='bbox 255 4049 373 4119; x_wconf 84' lang='grc' dir='ltr'><strong>Θεῷ</strong></span> <span class='ocrx_word' id='word_1_497' title='bbox 401 4051 477 4117; x_wconf 82' lang='grc' dir='ltr'><strong>τῷ</strong></span> <span class='ocrx_word' id='word_1_498' title='bbox 516 4050 734 4118; x_wconf 81' lang='grc' dir='ltr'>χορηγῷ</span> <span class='ocrx_word' id='word_1_499' title='bbox 770 4049 862 4099; x_wconf 74' lang='grc' dir='ltr'><strong>καὶ</strong></span> <span class='ocrx_word' id='word_1_500' title='bbox 888 4047 1045 4114; x_wconf 81' lang='grc' dir='ltr'>αἰτίῳ</span> <span class='ocrx_word' id='word_1_501' title='bbox 1079 4048 1305 4099; x_wconf 88' lang='grc' dir='ltr'>πάντων</span> <span class='ocrx_word' id='word_1_502' title='bbox 1341 4047 1446 4098; x_wconf 84' lang='grc' dir='ltr'><strong>τῶν</strong></span> <span class='ocrx_word' id='word_1_503' title='bbox 1486 4048 1683 4111; x_wconf 87' lang='grc' dir='ltr'>καλῶν,</span> <span class='ocrx_word' id='word_1_504' title='bbox 1716 4049 1814 4117; x_wconf 81' lang='grc' dir='ltr'>τῆς</span> 
     </span>
    </p>
   </div>
   <div class='ocr_carea' id='block_1_75' title="bbox 261 4136 1303 4211">
    <p class='ocr_par' dir='ltr' id='par_1_75' title="bbox 261 4136 1303 4211">
     <span class='ocr_line' id='line_1_77' title="bbox 261 4136 1303 4211; baseline -0.003 -19"><span class='ocrx_word' id='word_1_505' title='bbox 261 4140 564 4211; x_wconf 81' lang='grc' dir='ltr'>βαρυτάτης</span> <span class='ocrx_word' id='word_1_506' title='bbox 598 4139 917 4211; x_wconf 80' lang='grc' dir='ltr'>φορολογίας</span> <span class='ocrx_word' id='word_1_507' title='bbox 952 4136 1303 4204; x_wconf 87' lang='grc' dir='ltr'>ἀπαλλαγείς.</span> 
     </span>
    </p>
   </div>
   <div class='ocr_carea' id='block_1_76' title="bbox 866 4261 1197 4328">
    <p class='ocr_par' dir='ltr' id='par_1_76' title="bbox 866 4261 1197 4328">
     <span class='ocr_line' id='line_1_78' title="bbox 866 4261 1197 4328; baseline 0 -14"><span class='ocrx_word' id='word_1_508' title='bbox 866 4261 1085 4315; x_wconf 78' lang='grc' dir='ltr'>ειιιΣΤ.</span> <span class='ocrx_word' id='word_1_509' title='bbox 1106 4264 1197 4328; x_wconf 73' lang='grc' dir='ltr'><strong>εῖν.</strong></span> 
     </span>
    </p>
   </div>
   <div class='ocr_carea' id='block_1_77' title="bbox 260 4350 1807 4431">
    <p class='ocr_par' dir='ltr' id='par_1_77' title="bbox 260 4350 1807 4431">
     <span class='ocr_line' id='line_1_79' title="bbox 260 4350 1807 4431; baseline -0.004 -21"><span class='ocrx_word' id='word_1_510' title='bbox 260 4355 651 4425; x_wconf 70' lang='grc' dir='ltr'>Θεοφυλάκτφ</span> <span class='ocrx_word' id='word_1_511' title='bbox 706 4356 1024 4420; x_wconf 80' lang='grc' dir='ltr'>πατρικίῳ,</span> <span class='ocrx_word' id='word_1_512' title='bbox 1059 4352 1183 4431; x_wconf 43' lang='grc' dir='ltr'>,καὶ</span> <span class='ocrx_word' id='word_1_513' title='bbox 1238 4350 1549 4421; x_wconf 82' lang='grc' dir='ltr'>στρατηγῷ</span> <span class='ocrx_word' id='word_1_514' title='bbox 1616 4353 1807 4420; x_wconf 78' lang='grc' dir='ltr'>Ἀρμε-</span> 
     </span>
    </p>
   </div>
   <div class='ocr_carea' id='block_1_78' title="bbox 909 4438 1151 4475">
    <p class='ocr_par' dir='ltr' id='par_1_78' title="bbox 909 4438 1151 4475">
     <span class='ocr_line' id='line_1_80' title="bbox 909 4438 1151 4475; baseline 0.004 -1"><span class='ocrx_word' id='word_1_515' title='bbox 909 4438 1151 4475; x_wconf 82' lang='grc' dir='ltr'>νιακων.</span> 
     </span>
    </p>
   </div>
   <div class='ocr_carea' id='block_1_79' title="bbox 1980 3960 3465 4031">
    <p class='ocr_par' dir='ltr' id='par_1_79' title="bbox 1980 3960 3465 4031">
     <span class='ocr_line' id='line_1_81' title="bbox 1980 3960 3465 4031; baseline 0.005 -16"><span class='ocrx_word' id='word_1_516' title='bbox 1980 3960 2340 4031; x_wconf 90' lang='lat' dir='ltr'><strong>Supplicasti:</strong></span> <span class='ocrx_word' id='word_1_517' title='bbox 2392 3962 2786 4017; x_wconf 88' lang='lat' dir='ltr'><strong>eondescendi:</strong></span> <span class='ocrx_word' id='word_1_518' title='bbox 2839 3962 3036 4016; x_wconf 80' lang='lat' dir='ltr'><strong>factum</strong></span> <span class='ocrx_word' id='word_1_519' title='bbox 3103 3974 3206 4018; x_wconf 88' lang='lat' dir='ltr'><strong>est.</strong></span> <span class='ocrx_word' id='word_1_520' title='bbox 3254 3964 3465 4022; x_wconf 85' lang='lat' dir='ltr'><strong>Gratias</strong></span> 
     </span>
    </p>
   </div>
   <div class='ocr_carea' id='block_1_80' title="bbox 1908 4051 3463 4122">
    <p class='ocr_par' dir='ltr' id='par_1_80' title="bbox 1908 4051 3463 4122">
     <span class='ocr_line' id='line_1_82' title="bbox 1908 4051 3463 4122; baseline 0.002 -17"><span class='ocrx_word' id='word_1_521' title='bbox 1908 4067 2003 4122; x_wconf 83' lang='lat' dir='ltr'><strong>age</strong></span> <span class='ocrx_word' id='word_1_522' title='bbox 2038 4051 2144 4105; x_wconf 91' lang='lat' dir='ltr'><strong>Deo</strong></span> <span class='ocrx_word' id='word_1_523' title='bbox 2175 4053 2337 4122; x_wconf 85' lang='lat' dir='ltr'><strong>igitur</strong></span> <span class='ocrx_word' id='word_1_524' title='bbox 2359 4052 2593 4121; x_wconf 85' lang='lat' dir='ltr'><strong>largitori</strong></span> <span class='ocrx_word' id='word_1_525' title='bbox 2623 4060 2676 4105; x_wconf 89' lang='lat' dir='ltr'><strong>et</strong></span> <span class='ocrx_word' id='word_1_526' title='bbox 2705 4067 2876 4105; x_wconf 68' lang='lat' dir='ltr'><strong>cansm</strong></span> <span class='ocrx_word' id='word_1_527' title='bbox 2904 4052 3165 4105; x_wconf 92' lang='lat' dir='ltr'><strong>bonorum</strong></span> <span class='ocrx_word' id='word_1_528' title='bbox 3198 4056 3463 4122; x_wconf 82' lang='lat' dir='ltr'><strong>omnium,</strong></span> 
     </span>
    </p>
   </div>
   <div class='ocr_carea' id='block_1_81' title="bbox 1906 4142 3321 4213">
    <p class='ocr_par' dir='ltr' id='par_1_81' title="bbox 1906 4142 3321 4213">
     <span class='ocr_line' id='line_1_83' title="bbox 1906 4142 3321 4213; baseline 0.002 -17"><span class='ocrx_word' id='word_1_529' title='bbox 1906 4143 2047 4213; x_wconf 91' lang='lat' dir='ltr'><strong>quod</strong></span> <span class='ocrx_word' id='word_1_530' title='bbox 2076 4142 2214 4197; x_wconf 90' lang='lat' dir='ltr'><strong>liber</strong></span> <span class='ocrx_word' id='word_1_531' title='bbox 2242 4143 2317 4197; x_wconf 90' lang='lat' dir='ltr'><strong>sis</strong></span> <span class='ocrx_word' id='word_1_532' title='bbox 2362 4158 2393 4196; x_wconf 89' lang='lat' dir='ltr'><strong>a</strong></span> <span class='ocrx_word' id='word_1_533' title='bbox 2427 4143 2626 4197; x_wconf 91' lang='lat' dir='ltr'><strong>tributo</strong></span> <span class='ocrx_word' id='word_1_534' title='bbox 2654 4142 2969 4213; x_wconf 79' lang='lat' dir='ltr'><strong>gravissimo</strong></span> <span class='ocrx_word' id='word_1_535' title='bbox 3002 4143 3321 4204; x_wconf 73' lang='lat' dir='ltr'><strong>colligendo.</strong></span> 
     </span>
    </p>
   </div>
   <div class='ocr_carea' id='block_1_82' title="bbox 2491 4268 2816 4324">
    <p class='ocr_par' dir='ltr' id='par_1_82' title="bbox 2491 4268 2816 4324">
     <span class='ocr_line' id='line_1_84' title="bbox 2491 4268 2816 4324; baseline -0.006 -1"><span class='ocrx_word' id='word_1_536' title='bbox 2491 4269 2699 4324; x_wconf 86' lang='lat' dir='ltr'><strong>EPIST.</strong></span> <span class='ocrx_word' id='word_1_537' title='bbox 2732 4268 2816 4321; x_wconf 80' lang='lat' dir='ltr'><strong>Vl.</strong></span> 
     </span>
    </p>
   </div>
   <div class='ocr_carea' id='block_1_83' title="bbox 2016 4362 3355 4433">
    <p class='ocr_par' dir='ltr' id='par_1_83' title="bbox 2016 4362 3355 4433">
     <span class='ocr_line' id='line_1_85' title="bbox 2016 4362 3355 4433; baseline 0.001 -18"><span class='ocrx_word' id='word_1_538' title='bbox 2016 4362 2390 4433; x_wconf 73' lang='lat' dir='ltr'><strong>Tlieopliylacto</strong></span> <span class='ocrx_word' id='word_1_539' title='bbox 2415 4365 2658 4429; x_wconf 84' lang='lat' dir='ltr'><strong>patricio,</strong></span> <span class='ocrx_word' id='word_1_540' title='bbox 2687 4374 2735 4417; x_wconf 83' lang='lat' dir='ltr'><strong>et</strong></span> <span class='ocrx_word' id='word_1_541' title='bbox 2770 4364 2888 4417; x_wconf 79' lang='lat' dir='ltr'><strong>duci</strong></span> <span class='ocrx_word' id='word_1_542' title='bbox 2907 4363 3355 4416; x_wconf 78' lang='lat' dir='ltr'><strong>Armeniacorum.</strong></span> 
     </span>
    </p>
   </div>
   <div class='ocr_carea' id='block_1_84' title="bbox 1485 4516 2215 4575">
    <p class='ocr_par' dir='ltr' id='par_1_84' title="bbox 1485 4516 2215 4575">
     <span class='ocr_line' id='line_1_86' title="bbox 1485 4516 2215 4575; baseline 0.005 -12"><span class='ocrx_word' id='word_1_543' title='bbox 1485 4516 1749 4564; x_wconf 74' lang='lat' dir='ltr'><strong>Montacut.</strong></span> <span class='ocrx_word' id='word_1_544' title='bbox 1789 4517 1889 4575; x_wconf 87' lang='lat' dir='ltr'><strong>(ep.</strong></span> <span class='ocrx_word' id='word_1_545' title='bbox 1923 4518 2002 4575; x_wconf 89' lang='grc'><strong>21,</strong></span> <span class='ocrx_word' id='word_1_546' title='bbox 2036 4534 2084 4575; x_wconf 90' lang='lat' dir='ltr'><strong>p.</strong></span> <span class='ocrx_word' id='word_1_547' title='bbox 2116 4520 2215 4575; x_wconf 77' lang='lat'><strong>82).</strong></span> 
     </span>
    </p>
   </div>
   <div class='ocr_carea' id='block_1_85' title="bbox 327 4520 2000 4677">
    <p class='ocr_par' dir='ltr' id='par_1_85' title="bbox 327 4520 2000 4677">
     <span class='ocr_line' id='line_1_87' title="bbox 1485 4520 2000 4579; baseline 0.006 -16"><span class='ocrx_word' id='word_1_548' title='bbox 1485 4520 1749 4564; x_wconf 74' lang='lat' dir='ltr'><strong>Montacut.</strong></span> <span class='ocrx_word' id='word_1_549' title='bbox 1789 4520 1889 4579; x_wconf 85' lang='lat' dir='ltr'><strong>(ep.</strong></span> <span class='ocrx_word' id='word_1_550' title='bbox 1923 4520 2000 4579; x_wconf 86' lang='grc'><strong>21,</strong></span> 
     </span>
     <span class='ocr_line' id='line_1_88' title="bbox 327 4597 2000 4677; baseline -0.006 -17"><span class='ocrx_word' id='word_1_551' title='bbox 327 4605 463 4677; x_wconf 87' lang='grc' dir='ltr'>Τρία</span> <span class='ocrx_word' id='word_1_552' title='bbox 489 4604 663 4673; x_wconf 84' lang='grc' dir='ltr'>μισεῖν</span> <span class='ocrx_word' id='word_1_553' title='bbox 692 4597 938 4665; x_wconf 75' lang='grc' dir='ltr'>οἷδα,καὶ</span> <span class='ocrx_word' id='word_1_554' title='bbox 959 4602 1082 4662; x_wconf 78' lang='grc' dir='ltr'>τοὺς</span> <span class='ocrx_word' id='word_1_555' title='bbox 1116 4599 1303 4662; x_wconf 76' lang='grc' dir='ltr'>ἄλλους</span> <span class='ocrx_word' id='word_1_556' title='bbox 1335 4600 1510 4667; x_wconf 82' lang='grc' dir='ltr'>μισεῖν</span> <span class='ocrx_word' id='word_1_557' title='bbox 1537 4599 1800 4669; x_wconf 79' lang='grc' dir='ltr'>παραινῶ,</span> <span class='ocrx_word' id='word_1_558' title='bbox 1840 4604 1883 4657; x_wconf 89' lang='lat' dir='ltr'><strong>D</strong></span> <span class='ocrx_word' id='word_1_559' title='bbox 1982 4603 2000 4654; x_wconf 85' lang='lat' dir='ltr'><strong>&#39;l</strong></span> 
     </span>
    </p>
   </div>
   <div class='ocr_carea' id='block_1_86' title="bbox 1787 4520 3460 4677">
    <p class='ocr_par' dir='ltr' id='par_1_86' title="bbox 1787 4520 3460 4673">
     <span class='ocr_line' id='line_1_89' title="bbox 1789 4520 2215 4575; baseline 0.007 -11"><span class='ocrx_word' id='word_1_560' title='bbox 1789 4520 1836 4575; x_wconf 88' lang='lat' dir='ltr'><strong>(e.</strong></span> <span class='ocrx_word' id='word_1_561' title='bbox 1878 4555 1889 4566; x_wconf 91' lang='lat'><strong>.</strong></span> <span class='ocrx_word' id='word_1_562' title='bbox 1923 4520 1977 4566; x_wconf 86' lang='grc'><strong>21</strong></span> <span class='ocrx_word' id='word_1_563' title='bbox 2072 4559 2084 4569; x_wconf 91' lang='grc'><strong>.</strong></span> <span class='ocrx_word' id='word_1_564' title='bbox 2116 4520 2175 4568; x_wconf 76' lang='lat'><strong>82</strong></span> <span class='ocrx_word' id='word_1_565' title='bbox 2206 4557 2215 4567; x_wconf 95' lang='lat'><strong>.</strong></span> 
     </span>
     <span class='ocr_line' id='line_1_90' title="bbox 1787 4520 3460 4673; baseline 0.002 -16"><span class='ocrx_word' id='word_1_566' title='bbox 1787 4640 1800 4662; x_wconf 82' lang='lat'><strong>,</strong></span> <span class='ocrx_word' id='word_1_567' title='bbox 1840 4531 1883 4657; x_wconf 59' lang='grc'>1))</span> <span class='ocrx_word' id='word_1_568' title='bbox 2133 4520 2257 4657; x_wconf 64' lang='lat' dir='ltr'><strong>odio</strong></span> <span class='ocrx_word' id='word_1_569' title='bbox 2283 4605 2531 4673; x_wconf 89' lang='lat' dir='ltr'><strong>prosequi</strong></span> <span class='ocrx_word' id='word_1_570' title='bbox 2570 4614 2772 4658; x_wconf 87' lang='lat' dir='ltr'><strong>certum</strong></span> <span class='ocrx_word' id='word_1_571' title='bbox 2800 4613 2902 4666; x_wconf 88' lang='lat' dir='ltr'><strong>est,</strong></span> <span class='ocrx_word' id='word_1_572' title='bbox 2934 4612 2987 4658; x_wconf 91' lang='lat' dir='ltr'><strong>et</strong></span> <span class='ocrx_word' id='word_1_573' title='bbox 3020 4603 3155 4657; x_wconf 91' lang='lat' dir='ltr'><strong>alios</strong></span> <span class='ocrx_word' id='word_1_574' title='bbox 3182 4604 3369 4658; x_wconf 91' lang='lat' dir='ltr'><strong>hortor</strong></span> <span class='ocrx_word' id='word_1_575' title='bbox 3403 4616 3460 4660; x_wconf 91' lang='lat' dir='ltr'><strong>ut</strong></span> 
     </span>
    </p>
   </div>
   <div class='ocr_carea' id='block_1_87' title="bbox 254 4689 1806 4769">
    <p class='ocr_par' dir='ltr' id='par_1_87' title="bbox 254 4689 1806 4769">
     <span class='ocr_line' id='line_1_91' title="bbox 254 4689 1806 4769; baseline -0.005 -19"><span class='ocrx_word' id='word_1_576' title='bbox 254 4699 467 4769; x_wconf 79' lang='grc' dir='ltr'>ψεῦδος,</span> <span class='ocrx_word' id='word_1_577' title='bbox 500 4696 594 4747; x_wconf 63' lang='grc' dir='ltr'><strong>καὶ⁸</strong></span> <span class='ocrx_word' id='word_1_578' title='bbox 624 4694 826 4754; x_wconf 83' lang='grc' dir='ltr'>δόλους,</span> <span class='ocrx_word' id='word_1_579' title='bbox 863 4692 956 4743; x_wconf 75' lang='grc' dir='ltr'><strong>καὶ</strong></span> <span class='ocrx_word' id='word_1_580' title='bbox 982 4692 1198 4758; x_wconf 87' lang='grc' dir='ltr'>ἀγάπης</span> <span class='ocrx_word' id='word_1_581' title='bbox 1234 4689 1545 4756; x_wconf 75' lang='grc' dir='ltr'>διαφθοράν.</span> <span class='ocrx_word' id='word_1_582' title='bbox 1600 4691 1806 4760; x_wconf 82' lang='grc' dir='ltr'>Ἀλοίην</span> 
     </span>
    </p>
   </div>
   <div class='ocr_carea' id='block_1_88' title="bbox 258 4782 1808 4855">
    <p class='ocr_par' dir='ltr' id='par_1_88' title="bbox 258 4782 1808 4855">
     <span class='ocr_line' id='line_1_92' title="bbox 258 4782 1808 4855; baseline -0.005 -15"><span class='ocrx_word' id='word_1_583' title='bbox 258 4792 324 4841; x_wconf 83' lang='grc' dir='ltr'><strong>ἂν</strong></span> <span class='ocrx_word' id='word_1_584' title='bbox 350 4790 458 4848; x_wconf 84' lang='grc' dir='ltr'>τοῖς</span> <span class='ocrx_word' id='word_1_585' title='bbox 506 4786 702 4855; x_wconf 78' lang='grc' dir='ltr'>τρισὶν,</span> <span class='ocrx_word' id='word_1_586' title='bbox 742 4786 795 4835; x_wconf 84' lang='grc' dir='ltr'><strong>εί</strong></span> <span class='ocrx_word' id='word_1_587' title='bbox 820 4784 872 4834; x_wconf 91' lang='grc' dir='ltr'><strong>τί</strong></span> <span class='ocrx_word' id='word_1_588' title='bbox 911 4801 1020 4852; x_wconf 88' lang='grc' dir='ltr'>μοι,</span> <span class='ocrx_word' id='word_1_589' title='bbox 1076 4783 1205 4851; x_wconf 83' lang='grc' dir='ltr'>παρ’</span> <span class='ocrx_word' id='word_1_590' title='bbox 1266 4782 1301 4834; x_wconf 81' lang='grc' dir='ltr'>ἃ</span> <span class='ocrx_word' id='word_1_591' title='bbox 1344 4782 1662 4851; x_wconf 76' lang='grc' dir='ltr'>διεπράχθη,</span> <span class='ocrx_word' id='word_1_592' title='bbox 1718 4782 1808 4833; x_wconf 74' lang='grc' dir='ltr'><strong>καὶ</strong></span> 
     </span>
    </p>
   </div>
   <div class='ocr_carea' id='block_1_89' title="bbox 257 4872 1806 4945">
    <p class='ocr_par' dir='ltr' id='par_1_89' title="bbox 257 4872 1806 4945">
     <span class='ocr_line' id='line_1_93' title="bbox 257 4872 1806 4945; baseline -0.006 -13"><span class='ocrx_word' id='word_1_593' title='bbox 257 4880 398 4933; x_wconf 83' lang='grc' dir='ltr'>κατὰ</span> <span class='ocrx_word' id='word_1_594' title='bbox 449 4879 569 4931; x_wconf 87' lang='grc' dir='ltr'>νοῦν</span> <span class='ocrx_word' id='word_1_595' title='bbox 604 4877 731 4945; x_wconf 75' lang='grc' dir='ltr'>ἔχω,</span> <span class='ocrx_word' id='word_1_596' title='bbox 769 4876 941 4935; x_wconf 82' lang='grc' dir='ltr'>ἄλλως</span> <span class='ocrx_word' id='word_1_597' title='bbox 992 4877 1139 4943; x_wconf 81' lang='grc' dir='ltr'>ἐρεῖν</span> <span class='ocrx_word' id='word_1_598' title='bbox 1200 4873 1496 4943; x_wconf 88' lang='grc' dir='ltr'>μελετήσω.</span> <span class='ocrx_word' id='word_1_599' title='bbox 1556 4872 1696 4941; x_wconf 84' lang='grc' dir='ltr'><strong>Ἐγώ</strong></span> <span class='ocrx_word' id='word_1_600' title='bbox 1749 4889 1806 4924; x_wconf 91' lang='grc' dir='ltr'><strong>σε</strong></span> 
     </span>
    </p>
   </div>
   <div class='ocr_carea' id='block_1_90' title="bbox 257 4965 1809 5038">
    <p class='ocr_par' dir='ltr' id='par_1_90' title="bbox 257 4965 1809 5038">
     <span class='ocr_line' id='line_1_94' title="bbox 257 4965 1809 5038; baseline -0.004 -17"><span class='ocrx_word' id='word_1_601' title='bbox 257 4971 410 5037; x_wconf 77' lang='grc' dir='ltr'>φίλον</span> <span class='ocrx_word' id='word_1_602' title='bbox 436 4970 798 5038; x_wconf 76' lang='grc' dir='ltr'>ἐποιησάμην,</span> <span class='ocrx_word' id='word_1_603' title='bbox 841 4966 990 5034; x_wconf 81' lang='grc' dir='ltr'>φίλον</span> <span class='ocrx_word' id='word_1_604' title='bbox 1042 4966 1139 5033; x_wconf 81' lang='grc' dir='ltr'><strong>μὲν</strong></span> <span class='ocrx_word' id='word_1_605' title='bbox 1165 4966 1293 5018; x_wconf 76' lang='grc' dir='ltr'>ὄντα</span> <span class='ocrx_word' id='word_1_606' title='bbox 1319 4966 1476 5025; x_wconf 82' lang='grc' dir='ltr'>θεοῦ,</span> <span class='ocrx_word' id='word_1_607' title='bbox 1505 4965 1602 5017; x_wconf 74' lang='grc' dir='ltr'>ὅσα</span> <span class='ocrx_word' id='word_1_608' title='bbox 1632 4982 1695 5031; x_wconf 87' lang='grc' dir='ltr'><strong>γε</strong></span> <span class='ocrx_word' id='word_1_609' title='bbox 1732 4966 1809 5027; x_wconf 86' lang='grc' dir='ltr'><strong>είς</strong></span> 
     </span>
    </p>
   </div>
   <div class='ocr_carea' id='block_1_91' title="bbox 259 5055 1807 5130">
    <p class='ocr_par' dir='ltr' id='par_1_91' title="bbox 259 5055 1807 5130">
     <span class='ocr_line' id='line_1_95' title="bbox 259 5055 1807 5130; baseline -0.004 -17"><span class='ocrx_word' id='word_1_610' title='bbox 259 5061 501 5123; x_wconf 79' lang='grc' dir='ltr'>εύσεὸεῖς</span> <span class='ocrx_word' id='word_1_611' title='bbox 541 5056 641 5130; x_wconf 78' lang='grc' dir='ltr'>ἧκε</span> <span class='ocrx_word' id='word_1_612' title='bbox 684 5059 993 5126; x_wconf 84' lang='grc' dir='ltr'>λογισμοὺς,</span> <span class='ocrx_word' id='word_1_613' title='bbox 1023 5056 1173 5124; x_wconf 86' lang='grc' dir='ltr'>φίλον</span> <span class='ocrx_word' id='word_1_614' title='bbox 1205 5057 1261 5107; x_wconf 84' lang='grc' dir='ltr'><strong>δὲ</strong></span> <span class='ocrx_word' id='word_1_615' title='bbox 1300 5057 1484 5108; x_wconf 83' lang='grc' dir='ltr'>πιστὸν</span> <span class='ocrx_word' id='word_1_616' title='bbox 1524 5058 1633 5118; x_wconf 83' lang='grc' dir='ltr'>τοῖς</span> <span class='ocrx_word' id='word_1_617' title='bbox 1661 5055 1807 5122; x_wconf 84' lang='grc' dir='ltr'>φιλο-</span> 
     </span>
    </p>
   </div>
   <div class='ocr_carea' id='block_1_92' title="bbox 260 5148 1809 5222">
    <p class='ocr_par' dir='ltr' id='par_1_92' title="bbox 260 5148 1809 5222">
     <span class='ocr_line' id='line_1_96' title="bbox 260 5148 1809 5222; baseline -0.003 -20"><span class='ocrx_word' id='word_1_618' title='bbox 260 5154 496 5222; x_wconf 82' lang='grc' dir='ltr'>χρίστοις</span> <span class='ocrx_word' id='word_1_619' title='bbox 548 5149 852 5221; x_wconf 84' lang='grc' dir='ltr'>βασιλεῦσιν</span> <span class='ocrx_word' id='word_1_620' title='bbox 894 5148 1082 5217; x_wconf 56' lang='grc' dir='ltr'>ἡμῶν</span> <span class='ocrx_word' id='word_1_621' title='bbox 1133 5148 1250 5200; x_wconf 79' lang='grc' dir='ltr'>οὐδὲ</span> <span class='ocrx_word' id='word_1_622' title='bbox 1277 5150 1346 5199; x_wconf 84' lang='grc' dir='ltr'>τὰ</span> <span class='ocrx_word' id='word_1_623' title='bbox 1400 5148 1532 5215; x_wconf 83' lang='grc' dir='ltr'>πρὸς</span> <span class='ocrx_word' id='word_1_624' title='bbox 1580 5149 1727 5217; x_wconf 79' lang='grc' dir='ltr'>ἡμᾶς</span> <span class='ocrx_word' id='word_1_625' title='bbox 1755 5148 1809 5199; x_wconf 77' lang='grc' dir='ltr'>δὲ</span> 
     </span>
    </p>
   </div>
   <div class='ocr_carea' id='block_1_93' title="bbox 259 5236 1811 5311">
    <p class='ocr_par' dir='ltr' id='par_1_93' title="bbox 259 5236 1811 5311">
     <span class='ocr_line' id='line_1_97' title="bbox 259 5236 1811 5311; baseline -0.004 -17"><span class='ocrx_word' id='word_1_626' title='bbox 259 5244 409 5311; x_wconf 83' lang='grc' dir='ltr'>παρὰ</span> <span class='ocrx_word' id='word_1_627' title='bbox 441 5242 610 5294; x_wconf 84' lang='grc' dir='ltr'>ταῦτα.</span> <span class='ocrx_word' id='word_1_628' title='bbox 639 5240 735 5308; x_wconf 88' lang='grc' dir='ltr'>(ῶς</span> <span class='ocrx_word' id='word_1_629' title='bbox 769 5256 831 5307; x_wconf 90' lang='grc' dir='ltr'><strong>γε</strong></span> <span class='ocrx_word' id='word_1_630' title='bbox 868 5240 1058 5300; x_wconf 77' lang='grc' dir='ltr'>αὐτοὺς</span> <span class='ocrx_word' id='word_1_631' title='bbox 1087 5238 1291 5306; x_wconf 78' lang='grc' dir='ltr'>ἤγομεν</span> <span class='ocrx_word' id='word_1_632' title='bbox 1321 5238 1399 5299; x_wconf 84' lang='grc' dir='ltr'><strong>είς</strong></span> <span class='ocrx_word' id='word_1_633' title='bbox 1432 5236 1645 5303; x_wconf 85' lang='grc' dir='ltr'>πειθὼ),</span> <span class='ocrx_word' id='word_1_634' title='bbox 1679 5236 1811 5289; x_wconf 83' lang='grc' dir='ltr'>ἀλλὰ</span> 
     </span>
    </p>
   </div>
   <div class='ocr_carea' id='block_1_94' title="bbox 258 5328 1811 5403">
    <p class='ocr_par' dir='ltr' id='par_1_94' title="bbox 258 5328 1811 5403">
     <span class='ocr_line' id='line_1_98' title="bbox 258 5328 1811 5403; baseline -0.005 -16"><span class='ocrx_word' id='word_1_635' title='bbox 258 5336 350 5387; x_wconf 77' lang='grc' dir='ltr'>τὸν</span> <span class='ocrx_word' id='word_1_636' title='bbox 378 5336 558 5402; x_wconf 84' lang='grc' dir='ltr'>ὅμοιον</span> <span class='ocrx_word' id='word_1_637' title='bbox 583 5335 789 5403; x_wconf 85' lang='grc' dir='ltr'>τρόπον</span> <span class='ocrx_word' id='word_1_638' title='bbox 816 5330 1153 5399; x_wconf 83' lang='grc' dir='ltr'>διακείμενον</span> <span class='ocrx_word' id='word_1_639' title='bbox 1172 5346 1185 5359; x_wconf 73' lang='grc' dir='ltr'><strong>ο</strong></span> <span class='ocrx_word' id='word_1_640' title='bbox 1220 5330 1351 5381; x_wconf 81' lang='grc' dir='ltr'>ἀλλὰ</span> <span class='ocrx_word' id='word_1_641' title='bbox 1368 5330 1486 5381; x_wconf 87' lang='grc' dir='ltr'>τότε</span> <span class='ocrx_word' id='word_1_642' title='bbox 1516 5328 1611 5396; x_wconf 87' lang='grc' dir='ltr'><strong>μὲν</strong></span> <span class='ocrx_word' id='word_1_643' title='bbox 1642 5328 1811 5389; x_wconf 77' lang='grc' dir='ltr'>οὕτως</span> 
     </span>
    </p>
   </div>
   <div class='ocr_carea' id='block_1_95' title="bbox 261 5420 1811 5496">
    <p class='ocr_par' dir='ltr' id='par_1_95' title="bbox 261 5420 1811 5496">
     <span class='ocr_line' id='line_1_99' title="bbox 261 5420 1811 5496; baseline -0.005 -18"><span class='ocrx_word' id='word_1_644' title='bbox 261 5426 480 5496; x_wconf 79' lang='grc' dir='ltr'>εἴχομέν</span> <span class='ocrx_word' id='word_1_645' title='bbox 532 5443 588 5478; x_wconf 88' lang='grc' dir='ltr'><strong>τε</strong></span> <span class='ocrx_word' id='word_1_646' title='bbox 646 5425 739 5475; x_wconf 80' lang='grc' dir='ltr'>καὶ</span> <span class='ocrx_word' id='word_1_647' title='bbox 795 5423 1174 5491; x_wconf 85' lang='grc' dir='ltr'>πεπείσμεθα,</span> <span class='ocrx_word' id='word_1_648' title='bbox 1221 5423 1414 5491; x_wconf 78' lang='grc' dir='ltr'>ἔχομεν</span> <span class='ocrx_word' id='word_1_649' title='bbox 1459 5421 1513 5472; x_wconf 78' lang='grc' dir='ltr'>δὲ</span> <span class='ocrx_word' id='word_1_650' title='bbox 1556 5420 1811 5480; x_wconf 81' lang='grc' dir='ltr'>ὡσαύτως</span> 
     </span>
    </p>
   </div>
   <div class='ocr_carea' id='block_1_96' title="bbox 259 5514 1810 5585">
    <p class='ocr_par' dir='ltr' id='par_1_96' title="bbox 259 5514 1810 5585">
     <span class='ocr_line' id='line_1_100' title="bbox 259 5514 1810 5585; baseline -0.008 -12"><span class='ocrx_word' id='word_1_651' title='bbox 259 5522 350 5573; x_wconf 67' lang='grc' dir='ltr'>καὶ</span> <span class='ocrx_word' id='word_1_652' title='bbox 388 5520 499 5571; x_wconf 86' lang='grc' dir='ltr'>νῦν.</span> <span class='ocrx_word' id='word_1_653' title='bbox 534 5517 655 5580; x_wconf 85' lang='grc' dir='ltr'>Πῶς</span> <span class='ocrx_word' id='word_1_654' title='bbox 689 5517 779 5569; x_wconf 78' lang='grc' dir='ltr'><strong>οῦν</strong></span> <span class='ocrx_word' id='word_1_655' title='bbox 823 5517 948 5585; x_wconf 79' lang='grc' dir='ltr'>ἡδύς</span> <span class='ocrx_word' id='word_1_656' title='bbox 986 5518 1098 5583; x_wconf 89' lang='grc' dir='ltr'>εἰμι</span> <span class='ocrx_word' id='word_1_657' title='bbox 1128 5517 1238 5576; x_wconf 84' lang='grc' dir='ltr'>τοῖς</span> <span class='ocrx_word' id='word_1_658' title='bbox 1270 5518 1379 5576; x_wconf 76' lang='grc' dir='ltr'>σοῖς</span> <span class='ocrx_word' id='word_1_659' title='bbox 1412 5514 1810 5579; x_wconf 74' lang='grc' dir='ltr'>συκοφάνταιςς</span> 
     </span>
    </p>
   </div>
   <div class='ocr_carea' id='block_1_97' title="bbox 262 5601 1812 5679">
    <p class='ocr_par' dir='ltr' id='par_1_97' title="bbox 262 5601 1812 5679">
     <span class='ocr_line' id='line_1_101' title="bbox 262 5601 1812 5679; baseline -0.006 -17"><span class='ocrx_word' id='word_1_660' title='bbox 262 5610 602 5679; x_wconf 77' lang='grc' dir='ltr'>Αἰσχύνομαι</span> <span class='ocrx_word' id='word_1_661' title='bbox 634 5609 741 5677; x_wconf 86' lang='grc' dir='ltr'>γὰρ</span> <span class='ocrx_word' id='word_1_662' title='bbox 778 5609 973 5669; x_wconf 73' lang='grc' dir='ltr'>εἰπεῖν,</span> <span class='ocrx_word' id='word_1_663' title='bbox 1014 5606 1131 5669; x_wconf 82' lang='grc' dir='ltr'><strong>πῶς</strong></span> <span class='ocrx_word' id='word_1_664' title='bbox 1166 5603 1325 5673; x_wconf 81' lang='grc' dir='ltr'>ἦλθον</span> <span class='ocrx_word' id='word_1_665' title='bbox 1357 5605 1449 5656; x_wconf 70' lang='grc' dir='ltr'><strong>ἐπὶ</strong></span> <span class='ocrx_word' id='word_1_666' title='bbox 1498 5603 1593 5664; x_wconf 83' lang='grc' dir='ltr'><strong>σὰς</strong></span> <span class='ocrx_word' id='word_1_667' title='bbox 1638 5601 1812 5653; x_wconf 74' lang='grc' dir='ltr'>διαϐο-</span> 
     </span>
    </p>
   </div>
   <div class='ocr_carea' id='block_1_98' title="bbox 263 5694 1814 5769">
    <p class='ocr_par' dir='ltr' id='par_1_98' title="bbox 263 5694 1814 5769">
     <span class='ocr_line' id='line_1_102' title="bbox 263 5694 1814 5769; baseline -0.007 -15"><span class='ocrx_word' id='word_1_668' title='bbox 263 5706 393 5765; x_wconf 84' lang='grc' dir='ltr'>λάς·</span> <span class='ocrx_word' id='word_1_669' title='bbox 448 5703 566 5754; x_wconf 76' lang='grc' dir='ltr'>οὐδὲ</span> <span class='ocrx_word' id='word_1_670' title='bbox 616 5702 723 5769; x_wconf 87' lang='grc' dir='ltr'><strong>γάρ</strong></span> <span class='ocrx_word' id='word_1_671' title='bbox 782 5701 841 5752; x_wconf 84' lang='grc' dir='ltr'><strong>τὸ</strong></span> <span class='ocrx_word' id='word_1_672' title='bbox 900 5699 1149 5751; x_wconf 76' lang='grc' dir='ltr'>ἀπολύειν</span> <span class='ocrx_word' id='word_1_673' title='bbox 1211 5697 1445 5767; x_wconf 78' lang='grc' dir='ltr'>ἐμαυτὸν</span> <span class='ocrx_word' id='word_1_674' title='bbox 1498 5694 1814 5764; x_wconf 75' lang='grc' dir='ltr'>ὑπολήψεως</span> 
     </span>
    </p>
   </div>
   <div class='ocr_carea' id='block_1_99' title="bbox 265 5786 1813 5863">
    <p class='ocr_par' dir='ltr' id='par_1_99' title="bbox 265 5786 1813 5863">
     <span class='ocr_line' id='line_1_103' title="bbox 265 5786 1813 5863; baseline -0.007 -17"><span class='ocrx_word' id='word_1_675' title='bbox 265 5794 540 5863; x_wconf 75' lang='grc' dir='ltr'>τοιαύτης,</span> <span class='ocrx_word' id='word_1_676' title='bbox 580 5793 800 5845; x_wconf 80' lang='grc' dir='ltr'>ἄνεκτον</span> <span class='ocrx_word' id='word_1_677' title='bbox 840 5791 957 5859; x_wconf 71' lang='grc' dir='ltr'>ἐμοί</span> <span class='ocrx_word' id='word_1_678' title='bbox 986 5808 997 5820; x_wconf 89' lang='grc'><strong>·</strong></span> <span class='ocrx_word' id='word_1_679' title='bbox 1028 5789 1139 5843; x_wconf 83' lang='grc' dir='ltr'>ἀλλ’</span> <span class='ocrx_word' id='word_1_680' title='bbox 1189 5790 1387 5850; x_wconf 79' lang='grc' dir='ltr'>ἐκεῖνος</span> <span class='ocrx_word' id='word_1_681' title='bbox 1431 5786 1641 5856; x_wconf 76' lang='grc' dir='ltr'>ἐχθρὸς,</span> <span class='ocrx_word' id='word_1_682' title='bbox 1675 5786 1813 5836; x_wconf 84' lang='grc' dir='ltr'>ὲκεί-</span> 
     </span>
    </p>
   </div>
   <div class='ocr_carea' id='block_1_100' title="bbox 1908 4695 3462 4758">
    <p class='ocr_par' dir='ltr' id='par_1_100' title="bbox 1908 4695 3462 4758">
     <span class='ocr_line' id='line_1_104' title="bbox 1908 4695 3462 4758; baseline 0.001 -11"><span class='ocrx_word' id='word_1_683' title='bbox 1908 4696 2153 4748; x_wconf 88' lang='lat' dir='ltr'><strong>similiter</strong></span> <span class='ocrx_word' id='word_1_684' title='bbox 2208 4710 2368 4748; x_wconf 80' lang='lat' dir='ltr'><strong>exosa</strong></span> <span class='ocrx_word' id='word_1_685' title='bbox 2405 4696 2653 4758; x_wconf 87' lang='lat' dir='ltr'><strong>habeant,</strong></span> <span class='ocrx_word' id='word_1_686' title='bbox 2688 4696 3045 4752; x_wconf 91' lang='lat' dir='ltr'><strong>mendacium.</strong></span> <span class='ocrx_word' id='word_1_687' title='bbox 3092 4695 3260 4757; x_wconf 91' lang='lat' dir='ltr'><strong>dolos,</strong></span> <span class='ocrx_word' id='word_1_688' title='bbox 3296 4696 3462 4749; x_wconf 88' lang='lat' dir='ltr'><strong>inter-</strong></span> 
     </span>
    </p>
   </div>
   <div class='ocr_carea' id='block_1_101' title="bbox 1912 4786 3458 4856">
    <p class='ocr_par' dir='ltr' id='par_1_101' title="bbox 1912 4786 3458 4856">
     <span class='ocr_line' id='line_1_105' title="bbox 1912 4786 3458 4856; baseline -0.001 -16"><span class='ocrx_word' id='word_1_689' title='bbox 1912 4788 2044 4840; x_wconf 87' lang='lat' dir='ltr'><strong>itum</strong></span> <span class='ocrx_word' id='word_1_690' title='bbox 2097 4789 2313 4840; x_wconf 91' lang='lat' dir='ltr'><strong>amoris.</strong></span> <span class='ocrx_word' id='word_1_691' title='bbox 2367 4787 2422 4839; x_wconf 84' lang='lat' dir='ltr'><strong>Si</strong></span> <span class='ocrx_word' id='word_1_692' title='bbox 2469 4788 2592 4856; x_wconf 89' lang='lat' dir='ltr'><strong>quid</strong></span> <span class='ocrx_word' id='word_1_693' title='bbox 2652 4787 2805 4841; x_wconf 89' lang='lat' dir='ltr'><strong>aliter</strong></span> <span class='ocrx_word' id='word_1_694' title='bbox 2844 4786 3038 4840; x_wconf 82' lang='lat' dir='ltr'><strong>eﬂ‘erre</strong></span> <span class='ocrx_word' id='word_1_695' title='bbox 3089 4789 3458 4854; x_wconf 88' lang='lat' dir='ltr'><strong>proposuerim</strong></span> 
     </span>
    </p>
   </div>
   <div class='ocr_carea' id='block_1_102' title="bbox 1909 4878 3458 4947">
    <p class='ocr_par' dir='ltr' id='par_1_102' title="bbox 1909 4878 3458 4947">
     <span class='ocr_line' id='line_1_106' title="bbox 1909 4878 3458 4947; baseline -0.001 -17"><span class='ocrx_word' id='word_1_696' title='bbox 1909 4894 2066 4947; x_wconf 89' lang='lat' dir='ltr'><strong>quam</strong></span> <span class='ocrx_word' id='word_1_697' title='bbox 2091 4878 2358 4945; x_wconf 86' lang='lat' dir='ltr'><strong>quomodo</strong></span> <span class='ocrx_word' id='word_1_698' title='bbox 2383 4889 2589 4947; x_wconf 86' lang='lat' dir='ltr'><strong>gestum</strong></span> <span class='ocrx_word' id='word_1_699' title='bbox 2622 4886 2722 4942; x_wconf 86' lang='lat' dir='ltr'><strong>est,</strong></span> <span class='ocrx_word' id='word_1_700' title='bbox 2756 4889 2809 4930; x_wconf 89' lang='lat' dir='ltr'><strong>et</strong></span> <span class='ocrx_word' id='word_1_701' title='bbox 2841 4878 2981 4944; x_wconf 89' lang='lat' dir='ltr'><strong>apud</strong></span> <span class='ocrx_word' id='word_1_702' title='bbox 3011 4878 3244 4929; x_wconf 90' lang='lat' dir='ltr'><strong>animum</strong></span> <span class='ocrx_word' id='word_1_703' title='bbox 3280 4892 3458 4929; x_wconf 83' lang='lat' dir='ltr'><strong>meum</strong></span> 
     </span>
    </p>
   </div>
   <div class='ocr_carea' id='block_1_103' title="bbox 1910 4966 3461 5037">
    <p class='ocr_par' dir='ltr' id='par_1_103' title="bbox 1910 4966 3461 5037">
     <span class='ocr_line' id='line_1_107' title="bbox 1910 4966 3461 5037; baseline -0.001 -15"><span class='ocrx_word' id='word_1_704' title='bbox 1910 4969 2204 5037; x_wconf 79' lang='lat' dir='ltr'><strong>cognitum,</strong></span> <span class='ocrx_word' id='word_1_705' title='bbox 2245 4969 2414 5021; x_wconf 86' lang='lat' dir='ltr'><strong>tribus</strong></span> <span class='ocrx_word' id='word_1_706' title='bbox 2462 4969 2578 5020; x_wconf 87' lang='lat' dir='ltr'><strong>istis</strong></span> <span class='ocrx_word' id='word_1_707' title='bbox 2619 4984 2717 5037; x_wconf 86' lang='lat' dir='ltr'><strong>ego</strong></span> <span class='ocrx_word' id='word_1_708' title='bbox 2766 4968 3043 5033; x_wconf 86' lang='lat' dir='ltr'><strong>culpabilis</strong></span> <span class='ocrx_word' id='word_1_709' title='bbox 3062 4966 3202 5019; x_wconf 87' lang='lat' dir='ltr'><strong>ﬁam.</strong></span> <span class='ocrx_word' id='word_1_710' title='bbox 3253 4968 3361 5037; x_wconf 90' lang='lat' dir='ltr'><strong>Ego</strong></span> <span class='ocrx_word' id='word_1_711' title='bbox 3412 4979 3461 5021; x_wconf 91' lang='lat' dir='ltr'><strong>te</strong></span> 
     </span>
    </p>
   </div>
   <div class='ocr_carea' id='block_1_104' title="bbox 1912 5057 3460 5120">
    <p class='ocr_par' dir='ltr' id='par_1_104' title="bbox 1912 5057 3460 5120">
     <span class='ocr_line' id='line_1_108' title="bbox 1912 5057 3460 5120; baseline -0.002 -9"><span class='ocrx_word' id='word_1_712' title='bbox 1912 5058 2041 5112; x_wconf 89' lang='lat' dir='ltr'><strong>mihi</strong></span> <span class='ocrx_word' id='word_1_713' title='bbox 2073 5058 2302 5111; x_wconf 91' lang='lat' dir='ltr'><strong>amicum</strong></span> <span class='ocrx_word' id='word_1_714' title='bbox 2349 5058 2649 5120; x_wconf 72' lang='lat' dir='ltr'><strong>conciliari,</strong></span> <span class='ocrx_word' id='word_1_715' title='bbox 2687 5057 2777 5110; x_wconf 88' lang='lat' dir='ltr'><strong>Dei</strong></span> <span class='ocrx_word' id='word_1_716' title='bbox 2840 5057 3068 5110; x_wconf 90' lang='lat' dir='ltr'><strong>amicum</strong></span> <span class='ocrx_word' id='word_1_717' title='bbox 3115 5057 3460 5110; x_wconf 84' lang='lat' dir='ltr'><strong>exsistentem</strong></span> 
     </span>
    </p>
   </div>
   <div class='ocr_carea' id='block_1_105' title="bbox 1911 5146 3459 5216">
    <p class='ocr_par' dir='ltr' id='par_1_105' title="bbox 1911 5146 3459 5216">
     <span class='ocr_line' id='line_1_109' title="bbox 1911 5146 3459 5216; baseline -0.004 -14"><span class='ocrx_word' id='word_1_718' title='bbox 1911 5150 2006 5216; x_wconf 90' lang='lat' dir='ltr'><strong>(in</strong></span> <span class='ocrx_word' id='word_1_719' title='bbox 2067 5157 2325 5216; x_wconf 86' lang='lat' dir='ltr'><strong>quantum</strong></span> <span class='ocrx_word' id='word_1_720' title='bbox 2372 5146 2456 5215; x_wconf 87' lang='lat' dir='ltr'><strong>pia</strong></span> <span class='ocrx_word' id='word_1_721' title='bbox 2516 5146 2839 5216; x_wconf 81' lang='lat' dir='ltr'><strong>cogitatione</strong></span> <span class='ocrx_word' id='word_1_722' title='bbox 2880 5146 3087 5212; x_wconf 86' lang='lat' dir='ltr'><strong>assequi</strong></span> <span class='ocrx_word' id='word_1_723' title='bbox 3130 5146 3416 5215; x_wconf 87' lang='lat' dir='ltr'><strong>potuerim)</strong></span> <span class='ocrx_word' id='word_1_724' title='bbox 3445 5183 3459 5204; x_wconf 89' lang='lat'>.</span> 
     </span>
    </p>
   </div>
   <div class='ocr_carea' id='block_1_106' title="bbox 1909 5234 3461 5306">
    <p class='ocr_par' dir='ltr' id='par_1_106' title="bbox 1909 5234 3461 5306">
     <span class='ocr_line' id='line_1_110' title="bbox 1909 5234 3461 5306; baseline -0.001 -15"><span class='ocrx_word' id='word_1_725' title='bbox 1909 5240 2137 5292; x_wconf 89' lang='lat' dir='ltr'><strong>amicum</strong></span> <span class='ocrx_word' id='word_1_726' title='bbox 2185 5248 2361 5291; x_wconf 88' lang='lat' dir='ltr'><strong>autem</strong></span> <span class='ocrx_word' id='word_1_727' title='bbox 2406 5236 2636 5295; x_wconf 77' lang='lat' dir='ltr'><strong>fidelem,</strong></span> <span class='ocrx_word' id='word_1_728' title='bbox 2686 5237 2897 5306; x_wconf 83' lang='lat' dir='ltr'><strong>regibus</strong></span> <span class='ocrx_word' id='word_1_729' title='bbox 2937 5236 3137 5289; x_wconf 93' lang='lat' dir='ltr'><strong>nostris</strong></span> <span class='ocrx_word' id='word_1_730' title='bbox 3167 5251 3194 5288; x_wconf 92' lang='lat' dir='ltr'><strong>a</strong></span> <span class='ocrx_word' id='word_1_731' title='bbox 3245 5234 3461 5289; x_wconf 90' lang='lat' dir='ltr'><strong>Christo</strong></span> 
     </span>
    </p>
   </div>
   <div class='ocr_carea' id='block_1_107' title="bbox 1911 5326 3460 5394">
    <p class='ocr_par' dir='ltr' id='par_1_107' title="bbox 1911 5326 3460 5394">
     <span class='ocr_line' id='line_1_111' title="bbox 1911 5326 3460 5394; baseline -0.003 -11"><span class='ocrx_word' id='word_1_732' title='bbox 1911 5328 2154 5383; x_wconf 91' lang='lat' dir='ltr'><strong>dilectis:</strong></span> <span class='ocrx_word' id='word_1_733' title='bbox 2190 5342 2287 5381; x_wconf 88' lang='lat' dir='ltr'><strong>nec</strong></span> <span class='ocrx_word' id='word_1_734' title='bbox 2322 5336 2372 5379; x_wconf 88' lang='lat' dir='ltr'><strong>te</strong></span> <span class='ocrx_word' id='word_1_735' title='bbox 2402 5327 2733 5394; x_wconf 69' lang='lat' dir='ltr'><strong>reputabant,</strong></span> <span class='ocrx_word' id='word_1_736' title='bbox 2761 5326 2899 5393; x_wconf 85' lang='lat' dir='ltr'><strong>quod</strong></span> <span class='ocrx_word' id='word_1_737' title='bbox 2945 5341 3256 5393; x_wconf 84' lang='lat' dir='ltr'><strong>persuasum</strong></span> <span class='ocrx_word' id='word_1_738' title='bbox 3294 5326 3460 5379; x_wconf 85' lang='lat' dir='ltr'><strong>hahe-</strong></span> 
     </span>
    </p>
   </div>
   <div class='ocr_carea' id='block_1_108' title="bbox 1913 5413 3458 5481">
    <p class='ocr_par' dir='ltr' id='par_1_108' title="bbox 1913 5413 3458 5481">
     <span class='ocr_line' id='line_1_112' title="bbox 1913 5413 3458 5481; baseline -0.005 -11"><span class='ocrx_word' id='word_1_739' title='bbox 1913 5419 2056 5481; x_wconf 91' lang='lat' dir='ltr'><strong>bam,</strong></span> <span class='ocrx_word' id='word_1_740' title='bbox 2092 5418 2246 5469; x_wconf 89' lang='lat' dir='ltr'><strong>aliter</strong></span> <span class='ocrx_word' id='word_1_741' title='bbox 2291 5417 2341 5467; x_wconf 91' lang='lat' dir='ltr'><strong>in</strong></span> <span class='ocrx_word' id='word_1_742' title='bbox 2375 5431 2473 5469; x_wconf 89' lang='lat' dir='ltr'><strong>nos</strong></span> <span class='ocrx_word' id='word_1_743' title='bbox 2519 5415 2677 5468; x_wconf 85' lang='lat' dir='ltr'><strong>etiam</strong></span> <span class='ocrx_word' id='word_1_744' title='bbox 2726 5414 3050 5473; x_wconf 88' lang='lat' dir='ltr'><strong>animatum;</strong></span> <span class='ocrx_word' id='word_1_745' title='bbox 3092 5413 3227 5464; x_wconf 87' lang='lat' dir='ltr'><strong>bene</strong></span> <span class='ocrx_word' id='word_1_746' title='bbox 3276 5427 3458 5465; x_wconf 74' lang='lat' dir='ltr'><strong>verum</strong></span> 
     </span>
    </p>
   </div>
   <div class='ocr_carea' id='block_1_109' title="bbox 1916 5502 3461 5576">
    <p class='ocr_par' dir='ltr' id='par_1_109' title="bbox 1916 5502 3461 5576">
     <span class='ocr_line' id='line_1_113' title="bbox 1916 5502 3461 5576; baseline -0.006 -13"><span class='ocrx_word' id='word_1_747' title='bbox 1916 5521 2041 5563; x_wconf 90' lang='lat' dir='ltr'><strong>tunc</strong></span> <span class='ocrx_word' id='word_1_748' title='bbox 2066 5508 2279 5576; x_wconf 86' lang='lat' dir='ltr'><strong>quidem</strong></span> <span class='ocrx_word' id='word_1_749' title='bbox 2332 5508 2402 5559; x_wconf 88' lang='lat' dir='ltr'><strong>ita</strong></span> <span class='ocrx_word' id='word_1_750' title='bbox 2436 5508 2570 5559; x_wconf 79' lang='lat' dir='ltr'><strong>forte</strong></span> <span class='ocrx_word' id='word_1_751' title='bbox 2614 5518 2925 5573; x_wconf 89' lang='lat' dir='ltr'><strong>persuasum</strong></span> <span class='ocrx_word' id='word_1_752' title='bbox 2958 5502 3239 5561; x_wconf 89' lang='lat' dir='ltr'><strong>haheham,</strong></span> <span class='ocrx_word' id='word_1_753' title='bbox 3276 5502 3381 5554; x_wconf 91' lang='lat' dir='ltr'><strong>imo</strong></span> <span class='ocrx_word' id='word_1_754' title='bbox 3408 5512 3461 5555; x_wconf 93' lang='lat' dir='ltr'><strong>et</strong></span> 
     </span>
    </p>
   </div>
   <div class='ocr_carea' id='block_1_110' title="bbox 1912 5593 3463 5661">
    <p class='ocr_par' dir='ltr' id='par_1_110' title="bbox 1912 5593 3463 5661">
     <span class='ocr_line' id='line_1_114' title="bbox 1912 5593 3463 5661; baseline -0.006 -8"><span class='ocrx_word' id='word_1_755' title='bbox 1912 5602 2202 5654; x_wconf 84' lang='lat' dir='ltr'><strong>etiamnum</strong></span> <span class='ocrx_word' id='word_1_756' title='bbox 2240 5595 2425 5649; x_wconf 89' lang='lat' dir='ltr'><strong>eodem</strong></span> <span class='ocrx_word' id='word_1_757' title='bbox 2474 5597 2632 5648; x_wconf 89' lang='lat' dir='ltr'><strong>modo</strong></span> <span class='ocrx_word' id='word_1_758' title='bbox 2662 5594 2837 5647; x_wconf 70' lang='lat' dir='ltr'><strong>aﬂecti</strong></span> <span class='ocrx_word' id='word_1_759' title='bbox 2869 5609 3071 5647; x_wconf 90' lang='lat' dir='ltr'><strong>sumus.</strong></span> <span class='ocrx_word' id='word_1_760' title='bbox 3104 5593 3278 5657; x_wconf 85' lang='lat' dir='ltr'><strong>Quare</strong></span> <span class='ocrx_word' id='word_1_761' title='bbox 3306 5593 3463 5661; x_wconf 81' lang='lat' dir='ltr'><strong>igitur</strong></span> 
     </span>
    </p>
   </div>
   <div class='ocr_carea' id='block_1_111' title="bbox 1913 5682 3464 5759">
    <p class='ocr_par' dir='ltr' id='par_1_111' title="bbox 1913 5682 3464 5759">
     <span class='ocr_line' id='line_1_115' title="bbox 1913 5682 3464 5759; baseline -0.005 -18"><span class='ocrx_word' id='word_1_762' title='bbox 1913 5699 2095 5759; x_wconf 84' lang='lat' dir='ltr'><strong>gratus</strong></span> <span class='ocrx_word' id='word_1_763' title='bbox 2160 5695 2365 5739; x_wconf 90' lang='lat' dir='ltr'><strong>sumet</strong></span> <span class='ocrx_word' id='word_1_764' title='bbox 2415 5692 2666 5752; x_wconf 80' lang='lat' dir='ltr'><strong>acceptus</strong></span> <span class='ocrx_word' id='word_1_765' title='bbox 2722 5684 2827 5736; x_wconf 89' lang='lat' dir='ltr'><strong>tuis</strong></span> <span class='ocrx_word' id='word_1_766' title='bbox 2878 5682 3261 5750; x_wconf 80' lang='lat' dir='ltr'><strong>syc0phantis?</strong></span> <span class='ocrx_word' id='word_1_767' title='bbox 3302 5682 3464 5744; x_wconf 88' lang='lat' dir='ltr'><strong>pmlet</strong></span> 
     </span>
    </p>
   </div>
   <div class='ocr_carea' id='block_1_112' title="bbox 1915 5770 3460 5837">
    <p class='ocr_par' dir='ltr' id='par_1_112' title="bbox 1915 5770 3460 5837">
     <span class='ocr_line' id='line_1_116' title="bbox 1915 5770 3460 5837; baseline -0.008 -1"><span class='ocrx_word' id='word_1_768' title='bbox 1915 5784 2057 5837; x_wconf 75' lang='lat' dir='ltr'><strong>enim</strong></span> <span class='ocrx_word' id='word_1_769' title='bbox 2118 5781 2295 5834; x_wconf 86' lang='lat' dir='ltr'><strong>dicere</strong></span> <span class='ocrx_word' id='word_1_770' title='bbox 2334 5792 2419 5830; x_wconf 89' lang='lat' dir='ltr'><strong>me</strong></span> <span class='ocrx_word' id='word_1_771' title='bbox 2474 5777 2537 5829; x_wconf 81' lang='lat' dir='ltr'><strong>ad</strong></span> <span class='ocrx_word' id='word_1_772' title='bbox 2578 5784 2629 5829; x_wconf 90' lang='lat' dir='ltr'><strong>te</strong></span> <span class='ocrx_word' id='word_1_773' title='bbox 2684 5774 3039 5829; x_wconf 87' lang='lat' dir='ltr'><strong>accusandum</strong></span> <span class='ocrx_word' id='word_1_774' title='bbox 3097 5770 3460 5837; x_wconf 82' lang='lat' dir='ltr'><strong>descendissc_</strong></span> 
     </span>
    </p>
   </div>
  </div>
