4236 6436
758 396 861 461 931

1877 389 2133 451 PHOTII
2166 387 2388 448 PATRI
2397 381 2662 445 ARCH/E
2704 381 2810 442 (ΣΡ.

3875 366 3991 430 932

755 523 858 563 nec
889 504 1018 560 mihi
1064 512 1213 558 certe
1259 503 1595 557 tolerandum
1636 500 1847 554 videtur
1898 501 1965 552 ab
2014 496 2321 565 huiusmodi
2350 494 2400 553 Α

2317 517 2321 547 l
2350 494 2400 553 Α
2430 510 2514 556 νος
2548 493 2908 558 συκοφάντης,
2937 485 3141 548 ἐκεῖνος
3171 485 3346 540 πάντα
3377 483 3564 548 κακὸς,
3589 484 3618 536 δ
3648 482 3990 550 τηλικαύτην

758 600 1072 668 suspicione
1101 612 1189 650 me
1216 595 1470 663 expedire
1502 614 1514 647 :
1546 608 1730 646 verum
1764 592 1850 645 ille
1902 592 2095 650 hostis,
2129 589 2214 642 illc
2243 605 2321 656 sy-

762 693 1032 759 cophanta
1072 690 1360 757 omnigena
1392 687 1592 740 malitia
1627 685 1863 752 repletus
1890 693 1992 743 est,
2020 684 2110 752 qui
2139 682 2319 743 talem,

763 793 964 836 tantam
1003 781 1457 834 machinationem
1493 779 1766 839 instruxit,
1792 785 1851 828 ut
1883 784 1932 829 te
1959 777 2171 843 penitus
2198 791 2323 843 spo-

764 877 950 929 liatum
973 874 1163 926 amicis
1205 873 1471 932 redderet,
1501 880 1556 923 et
1593 886 1692 922 nos
1721 880 1830 922 tum
1863 869 2022 920 etiam
2077 870 2128 921 in
2159 869 2324 920 male-

767 970 987 1020 licorum
1015 976 1254 1018 extrema
1283 967 1499 1034 regione
1530 963 1708 1015 locare
1734 961 2048 1022 destinarat,
2073 961 2326 1014 nimirum

772 1069 831 1112 ut
865 1061 1189 1126 principium
1251 1074 1357 1110 non
1403 1057 1667 1108 violenter
1725 1070 1981 1109 manuum
2039 1055 2325 1118 illatarum,

773 1149 865 1202 sed
900 1149 1130 1218 improbi
1163 1149 1345 1211 animi,
1369 1165 1399 1200 a
1430 1149 1585 1201 nobis
1618 1147 1966 1215 procederet(
1996 1146 2136 1198 unde
2163 1146 2333 1198 multo

775 1243 1038 1308 majorum
1082 1240 1345 1292 malorum
1395 1241 1548 1310 origo
1582 1254 1742 1307 quam
1795 1254 1823 1291 a
1865 1238 2113 1290 inanibus
2142 1252 2333 1304 proce-

777 1331 912 1383 dunt
965 1329 1342 1397 violentis).ut
1423 1345 1521 1397 pro
1587 1327 1882 1381 dilectione
1930 1328 2111 1379 odium
2157 1328 2335 1395 potius

779 1431 1229 1488 exspectaremus.
1253 1430 1307 1473 et
1329 1419 1482 1473 dolos
1519 1418 1781 1487 refugium
1813 1419 1970 1471 nobis
2000 1418 2054 1471 in
2087 1419 2337 1472 omnibus

781 1522 1163 1566 statueremus.
1195 1512 1385 1565 Omnia
1416 1512 1468 1563 in
1516 1525 1613 1562 nos
1646 1526 1742 1579 per
1773 1510 1874 1562 hoc
1902 1510 2075 1577 ipsum
2108 1510 2338 1579 ingerit;

781 1604 1096 1656 coincidunt
1125 1603 1324 1654 etenim
1354 1603 1406 1653 in
1449 1616 1506 1654 se
1533 1600 1656 1664 ista,
1685 1615 1807 1652 cum
1847 1600 2046 1652 malum
2079 1615 2177 1652 nos
2213 1601 2342 1652 ami-

784 1694 860 1745 cis
897 1693 1189 1744 machinari
1239 1691 1444 1753 statuit,
1488 1698 1544 1743 et
1594 1700 1771 1743 tamen
1821 1691 1934 1743 hare
1976 1691 2091 1758 ipsa
2129 1691 2343 1744 eﬂ’utire

786 1799 893 1835 non
926 1784 1137 1834 horruit
1177 1782 1318 1849 apud
1358 1796 1452 1834 eos
1502 1781 1697 1849 quibus
1724 1780 1927 1848 optime
1963 1781 2132 1835 nostri
2166 1796 2342 1836 mores

2422 583 2635 646 πλάσας
2661 579 2953 649 συσκευὴν,
2990 577 3082 630 καί
3111 593 3170 628 σε
3202 576 3369 646 φίλων
3392 577 3485 628 καὶ
3513 573 3621 626 τῶν
3641 575 3722 626 ὅτι
3753 573 3996 643 μάλιστα

2425 675 2732 735 σπουδάσας
2771 673 2974 741 ἔρημον
3014 673 3206 734 ποιεῖν,
3236 670 3328 720 καὶ
3356 668 3500 737 ἡμᾶς
3535 667 3613 727 εἰς
3644 666 3733 717 τὸν
3757 666 3995 732 ἔσχατον

2423 769 2529 821 τῶν
2600 766 2927 837 κακουργῶν
3006 765 3188 835 χώραν
3236 764 3449 815 τάττειν
3500 759 3723 828 οἰηθεὶς,
3794 759 3998 827 ἄρχειν

2425 862 2645 922 ἀδίκων,
2685 861 2744 912 οὐ
2769 859 2986 929 χειρῶν,
3023 858 3155 910 ἀλλά
3205 855 3428 925 γνώμης
3459 854 3505 922 (ὃ
3539 852 3796 904 πλειόνων
3837 851 3999 902 αἰτία

2427 954 2630 1016 κακῶν,
2660 953 2694 1022 ἢ
2722 953 2906 1022 χερσιν
2941 951 3229 1020 ὑϐρίζειν),
3264 951 3416 1018 μῖσος
3438 947 3492 999 δὲ
3523 946 3626 1017 πρὸ
3648 944 3745 1009 τῆς
3767 942 4001 1010 ἀγάπης

2428 1046 2612 1114 τιμᾷν,
2682 1045 2774 1096 καὶ
2817 1045 2907 1096 τὸν
2959 1042 3108 1094 δόλον
3170 1041 3313 1110 ἔχειν
3365 1041 3445 1100 είς
3492 1038 3810 1106 ἀποφυγήν·
3870 1035 4002 1102 ἅμα

2430 1137 2606 1188 πάντα
2641 1134 2822 1202 φέρων
2856 1133 2977 1185 καθ’
3031 1132 3188 1200 ἡμῶν
3237 1129 3537 1201 (συντρέχει
3566 1127 3673 1196 γὰρ
3707 1125 3875 1178 ταῦτα
3912 1125 4003 1182 εἰς

2433 1226 2569 1278 αὐτὸ
2593 1224 2670 1293 τῷ
2701 1224 2870 1276 κακόν
2901 1241 2952 1274 τι
2986 1225 3102 1284 τοῖς
3129 1222 3304 1289 φίλοις
3331 1219 3530 1271 ἐθέλειν
3559 1220 3749 1278 ποιεῖν,
3783 1217 3818 1270 ἃ.
3843 1216 4004 1282 λέγει

2435 1317 2683 1386 ἐκεῖνος),
2739 1317 2831 1368 καί
2876 1332 2959 1367 τοι
3015 1314 3229 1381 γέλωτα
3287 1311 3643 1379 ὀφλισκάνων,
3697 1310 3807 1370 τοῖς
3846 1309 4025 1376 ἡμᾶς·

2437 1411 2618 1472 εἰδόσι,
2637 1411 2730 1460 καὶ
2755 1409 2846 1460 τὸν
2865 1408 3130 1476 ἡμέτερον
3153 1406 3375 1474 τρόπον,
3421 1406 3570 1472 ὅμως
3599 1401 3696 1454 οὐκ
3726 1401 4004 1470 ὲνάρκτβε

2437 1502 2657 1571 τολμᾷν.
2705 1501 2871 1569 Δήλου
2909 1500 3097 1552 τοῦτον
3147 1500 3294 1560 ὅστις
3337 1498 3402 1550 ἂν
3532 1506 3555 1535 τ
3580 1513 3594 1527 ο
3629 1494 4009 1561 ἀπαλλαγείης

2440 1595 2547 1660 γὰρ
2573 1593 2638 1644 ἂν
2676 1592 2818 1645 οὕτω
2842 1591 3030 1660 θηρίου
3061 1591 3255 1654 κακοῦ,
3302 1590 3395 1642 καὶ
3431 1592 3489 1642 σὲ
3528 1589 3772 1650 καὶτοὺς
3815 1587 4009 1655 φίλους

2440 1684 2613 1752 λάθρα
2650 1683 3046 1752 λυμαινομένου
3078 1685 3171 1735 καὶ
3222 1683 3531 1744 δάκνοντος,
3573 1680 3667 1733 καὶ⁵
3724 1683 3781 1730 ἐν
3834 1696 4012 1746 προσ-

2443 1777 2659 1844 ποιήσει
2698 1776 2910 1837 εὐνοίας
2965 1774 3165 1845 πολλὴν
3221 1774 3569 1834 ἐκκενοῦντος
3600 1783 3620 1810 ⁸
3655 1775 3752 1841 τὴν
3803 1771 4012 1838 δυσμέ-

788 1873 897 1925 noti
925 1881 1100 1934 erant,
1138 1881 1409 1937 utcunque
1463 1869 1531 1923 de
1582 1871 1811 1923 ridiculo
1863 1869 2179 1923 habebatur.
2209 1870 2340 1935 Quis
2375 1850 2415 1904 Β
2446 1885 2461 1918 ι

2375 1850 2415 1904 Β
2446 1884 2618 1918 νειαν.
2660 1865 2721 1917 Εἰ
2760 1865 2816 1916 δὲ
2872 1865 3101 1934 κρύψεις
3148 1863 3365 1928 τοῦτον,
3404 1865 3564 1932 ἡμεῖς
3608 1862 3727 1930 μὲν,
3783 1858 3860 1922 ὡς
3917 1862 4013 1912 ἐπὶ

789 1962 1222 2027 demumcunque
1281 1959 1462 2018 fuerit,
1517 1956 1864 2009 manifestum
1919 1955 2064 2008 illum
2140 1954 2337 2009 facito:

792 2053 869 2104 sic
899 2062 1043 2103 certe
1081 2060 1130 2102 te
1155 2066 1182 2100 a
1234 2049 1369 2101 mala
1406 2048 1582 2102 bestia
1625 2047 1960 2116 expediveris
1989 2063 2107 2114 qua:
2136 2047 2344 2100 clancu-

793 2144 900 2194 lum
935 2157 1054 2193 cnm
1110 2140 1338 2206 teipsum
1375 2148 1487 2192 tum
1541 2139 1706 2191 etiam
1756 2139 1957 2191 amicos
2006 2138 2344 2206 'deprazdatur

793 2242 849 2285 et
878 2232 1176 2292 admordet,
1221 2240 1276 2283 et
1305 2231 1404 2283 sub
1443 2238 1702 2299 praetextu
1733 2228 2120 2283 benevolentia:
2173 2229 2354 2284 multi-

796 2323 960 2391 plices
987 2322 1284 2375 instimulat
1334 2321 1660 2375 inimicitias.
1711 2320 1804 2373 Sin
1846 2320 2143 2375 abscondes
2182 2320 2353 2386 illum,

794 2428 893 2482 ego
921 2422 1172 2481 tanquam
1209 2413 1260 2464 in
1296 2421 1589 2481 conspectu
1630 2412 1748 2476 Dei,
1772 2413 2073 2482 apologiam
2101 2413 2244 2477 dedi,
2269 2429 2356 2468 me

795 2505 1018 2558 credere
1063 2504 1280 2571 quidem
1334 2511 1388 2556 et
1435 2501 1674 2571 proﬁteri
1721 2503 1954 2555 amicum
2000 2511 2052 2556 te
2113 2513 2358 2557 nostrum

798 2597 929 2660 Deo,
956 2607 1010 2648 et
1039 2595 1295 2664 piissimis
1333 2593 1751 2662 imperatoribus
1797 2593 2077 2654 devotum,
2113 2608 2220 2646 non
2251 2593 2356 2646 mi-

798 2703 902 2740 nus
945 2687 1000 2738 in
1040 2685 1293 2756 prazscnti
1326 2699 1485 2754 quam
1537 2684 1604 2738 ab
1642 2685 1790 2738 olim.
1844 2685 2126 2753 hnprobus
2175 2694 2357 2738 autem

800 2779 889 2832 ille
917 2780 1078 2832 homo
1108 2778 1252 2831 haud
1278 2777 1532 2846 quadam,
1580 2776 1712 2829 mihi
1743 2777 1924 2840 crede,
1958 2777 2158 2829 malitia
2190 2777 2360 2830 desti-

2450 1956 2674 2024 Κυρίου,
2733 1955 3197 2024 ἀπολελογήμεθα,
3259 1955 3352 2007 καὶ
3399 1954 3552 2022 φίλον
3604 1969 3663 2004 σε
3727 1952 3822 2004 καὶ
3871 1947 4014 2002 Θεοῦ

2448 2046 2623 2115 ἡμῶν,
2665 2047 2760 2099 καὶ
2813 2047 2919 2098 τῶν
2974 2047 3380 2099 εὐσεϐεστάτων
3427 2044 3690 2116 βασιλέων
3743 2043 3912 2095 πάλαι
3951 2059 4015 2092 τε

2449 2138 2542 2189 καὶ
2573 2135 2688 2200 νῦν,
2741 2139 2835 2190 καὶ
2884 2137 3229 2206 πιστεύομεν,
3310 2138 3402 2191 καὶ
3451 2138 3816 2207 κηρύσσομεν.
3864 2133 3927 2190 Ὀ
3958 2136 4019 2186 δὲ

2455 2230 2622 2292 κακὸς
2655 2232 2860 2293 ἐκεῖνος
2894 2231 3050 2301 ἀνὴρ,
3099 2229 3158 2285 εὖ
3191 2233 3318 2295 ἴσθι,
3347 2232 3420 2294 ὼς
3470 2233 3568 2286 οὑκ
3597 2232 3862 2299 ἀπορήσει
3911 2247 4020 2283 κα-

2454 2322 2597 2386 κίας,
2622 2321 2688 2375 δι’
2719 2317 2793 2374 ὧν
2826 2324 2895 2376 τὰ
2934 2323 3002 2375 σὰ
3032 2323 3198 2394 χείρω
3245 2323 3511 2392 διαθήσει.
3560 2322 3700 2390 Ἐγὼ
3743 2322 3798 2374 δέ
3827 2339 3910 2374 σοι
3936 2323 4022 2375 ἔτι

2457 2413 2929 2483 συμϐουλεύσαιμι
2962 2413 3026 2466 ἂν
3055 2415 3128 2484 μὴ
3154 2415 3418 2485 κρύπτειν
3443 2413 3533 2468 τὸν
3570 2414 3746 2467 κοινὸν
3777 2414 3976 2484 ἐχθρόν
4003 2430 4018 2444 ⁸

2455 2506 2548 2558 καὶ¹
2582 2506 2629 2557 εί
2664 2506 2761 2574 μὲν
2795 2507 3061 2570 ἀπιστεῖς,
3081 2499 3156 2560 ὧν
3176 2506 3410 2577 ἔγραψα,
3444 2502 3502 2560 εὖ
3526 2502 3618 2559 οἶδ’
3644 2509 3725 2559 ὅτι
3754 2508 4022 2577 κρύψεις·

2461 2597 2615 2664 φίλον
2640 2597 2748 2667 γὰρ
2777 2598 3017 2667 νομίσεις
3042 2616 3054 2630 ·
3083 2599 3182 2669 ἐμὲ
3211 2599 3266 2651 δὲ
3293 2599 3480 2669 μακρὰ
3507 2600 3691 2670 ληρεῖν
3715 2603 3812 2653 καὶ
3850 2600 4026 2666 φλυα-

2465 2691 2578 2756 ρεῖν
2624 2689 2821 2759 μάτην.
2871 2690 2933 2742 Εί
2969 2691 3025 2744 δὲ
3067 2690 3475 2762 θριαμϐεύσεις,
3508 2693 3830 2755 ἐπίστευσας
3883 2693 4030 2762 ὅπερ

2467 2779 2695 2849 εὔχομαί
2727 2796 2808 2843 τε,
2839 2782 2934 2835 καὶ
2961 2784 3166 2851 ἀμφοῖν
3198 2783 3560 2854 λυσιτελήσει.

803 2879 1002 2934 utetur,
1037 2886 1139 2938 qua
1202 2885 1290 2922 res
1337 2878 1457 2921 tuas
1500 2867 1738 2936 pessimo
1780 2868 1897 2921 loco
1949 2877 2167 2921 statuat.
2230 2869 2582 2924 Consulerem
2631 2887 2728 2941 ego
2802 2872 2899 2926 tibi
2948 2885 3115 2940 certe,
3177 2891 3246 2930 ne
3295 2879 3428 2932 velis
3486 2892 3830 2932 communem
3873 2875 4032 2929 illum

805 2967 1010 3016 hostem
1045 2963 1335 3017 occultare.
1379 2961 1540 3015 Certe
1583 2971 1762 3014 autem
1815 2961 1859 3013 si
1887 2961 2093 3015 diﬂidas
2162 2962 2227 3016 iis
2280 2980 2398 3030 quae
2444 2964 2586 3018 dicta
2619 2977 2746 3021 sunt
2805 2983 2902 3037 per
2946 2985 3053 3035 me,
3111 2972 3224 3024 seio
3256 2980 3307 3024 te
3334 2971 3483 3025 illum
3513 2971 3938 3038 oecultaturum,
3978 2980 4035 3025 et

809 3054 862 3107 in
894 3056 1051 3108 amici
1081 3071 1245 3108 censu
1276 3055 1624 3117 habiturum;
1666 3068 1856 3121 passus
1896 3054 2111 3106 interim
2142 3071 2227 3108 me
2277 3056 2463 3126 longas
2497 3058 2729 3129 ineptias
2789 3077 2949 3133 agere
2981 3073 3035 3117 et
3059 3065 3305 3132 desipere
3343 3065 3540 3120 frustra

3580 3084 3594 3118 :
3635 3066 3720 3120 sin
3749 3068 4034 3136 propalam

811 3150 1027 3212 ieceris,
1059 3148 1331 3202 credidisti
1371 3146 1538 3209 mihi;
1571 3145 1710 3214 quod
1743 3145 1797 3197 in
1824 3146 1976 3199 vobis
2015 3156 2116 3210 est,
2155 3148 2372 3217 utrique
2409 3159 2556 3205 certe
2597 3162 2844 3207 nostrum
2878 3156 3295 3212 conducturum.

1437 3259 1650 3314 EPIST.
1686 3259 1797 3314 VII.

1204 3350 1534 3405 Pantaleonli
1572 3353 2010 3421 protospathario.

3065 3271 3289 3322 ΕΠΙΣΤ.
3335 3269 3406 3323 Z'.

2770 3361 3167 3414 Πανταλέοντι
3201 3361 3722 3428 πρωτοσπαθαρίῳ.

2044 3464 2306 3514 Montacat.
2346 3466 2446 3526 (ep.
2480 3468 2560 3527 22,
2594 3484 2642 3530 p.
2677 3472 2778 3530 83).

883 3569 984 3635 Qui
1017 3568 1192 3638 vergis
1237 3567 1302 3620 ad
1330 3581 1582 3620 occasum
1624 3567 1747 3620 vita:
1785 3578 1910 3632 tuze,
1944 3567 2196 3635 propellis
2243 3575 2293 3618 te
2324 3565 2375 3617 in
2405 3571 2446 3625 C

815 3662 1028 3715 illorum
1079 3658 1374 3711 insolentes
1418 3657 1670 3711 audacias
1698 3659 1893 3726 quibus
1934 3660 2150 3728 sanguis
2201 3657 2371 3712 bullit.

814 3754 954 3819 Quin
998 3749 1139 3818 quod
1171 3750 1349 3802 verius
1394 3759 1477 3802 est
1510 3759 1569 3802 ut
1611 3750 1900 3817 proferam,
1935 3750 2204 3804 latronum
2242 3750 2377 3804 faci-

818 3858 946 3896 nora
1002 3851 1061 3893 ut
1107 3841 1307 3893 leviora
1364 3841 1662 3893 habeantur
1716 3850 1959 3909 praestas.
2004 3841 2168 3898 Totos
2233 3842 2377 3895 enim

820 3933 952 3995 dies,
983 3940 1167 3983 noctes
1200 3931 1455 3998 integras,
1489 3929 1539 3980 in
1572 3930 1843 3983 medendis
1865 3929 2174 3984 hominibus
2202 3939 2378 3983 trans-

819 4021 1026 4086 mittis;
1057 4037 1155 4073 nec
1179 4020 1258 4072 vel
1288 4021 1554 4073 tantillum
1591 4021 1851 4088 temporis
1884 4021 2086 4073 omittis
2131 4022 2375 4089 improbe

819 4111 1032 4179 gloriari
1081 4111 1146 4162 de
1195 4110 1404 4161 illorum
1453 4111 1627 4177 pomis
1665 4125 1799 4177 quos
1846 4110 2146 4178 puniendos
2202 4120 2373 4164 tenes.

823 4206 1063 4258 Phalaris
1082 4204 1215 4257 forte
1231 4204 1444 4272 aliquis,
1463 4215 1557 4257 aut
1579 4203 1880 4274 Dionysius,
1899 4216 1990 4258 aut
2005 4205 2044 4257 si
2061 4206 2150 4273 qui
2168 4206 2236 4259 ob
2251 4221 2376 4259 cru-

822 4297 1095 4349 delitatem
1141 4295 1427 4347 barbaram
1483 4295 1748 4348 eelebrius
1797 4311 1993 4348 nomen
2042 4296 2260 4360 habent,
2321 4296 2377 4348 in

822 4397 1097 4440 certamen
1137 4385 1353 4453 prodire
1399 4386 1731 4439 ambitiosius
1764 4394 1959 4439 lentas.
2003 4386 2109 4438 Nec
2149 4387 2242 4440 tibi
2273 4386 2380 4440 vita

825 4475 999 4527 vitalis
1059 4475 1302 4538 habetur,
1359 4476 1401 4528 si
1440 4487 1490 4528 te
1538 4476 1797 4543 aequalem
1844 4476 1946 4529 illis
1977 4486 2218 4544 praestes,
2276 4478 2379 4529 nisi

826 4567 1009 4619 multis
1040 4566 1265 4619 excedas
1310 4567 1642 4636 parasangis.
1686 4569 1784 4620 Ast
1818 4576 1967 4621 certe
2006 4583 2127 4622 eum
2157 4569 2289 4622 viris
2325 4570 2380 4622 in

825 4667 1097 4723 certamen
1135 4657 1415 4710 descendit
1446 4674 1596 4726 puer.
1651 4657 1782 4711 Nam
1817 4660 1933 4712 sine
1975 4659 2080 4712 illis
2118 4676 2236 4728 qua:
2269 4675 2383 4711 ma-

826 4748 1017 4816 gniﬁce
1066 4749 1299 4815 alioquin
1351 4749 1675 4817 gerebantur
1717 4749 1783 4801 ab
1832 4749 1935 4802 illis
1977 4751 2239 4819 tyrannis,
2288 4749 2382 4802 tibi

820 4837 1067 4905 tyrannis
1104 4837 1244 4889 haud
1291 4838 1521 4899 videtur,
1573 4839 1696 4891 licet
1737 4838 1878 4890 omni
1916 4854 2080 4906 opere
2113 4839 2166 4891 in
2223 4839 2273 4892 id
2306 4840 2384 4890 in-

2563 3569 2683 3622 Ἐπὶ
2710 3571 2824 3639 βίου
2865 3573 3072 3642 δυσμάς
3117 3575 3285 3644 ἥκων,
3319 3577 3398 3636 είς
3431 3575 3499 3629 τά
3535 3575 3644 3628 τῶν
3675 3579 4041 3647 σφριγῶντων

2478 3658 2718 3722 ἐλαύνεις
2753 3661 3116 3731 νεανιεύματα
3131 3680 3143 3692 ·
3170 3665 3367 3731 μᾶλλον
3388 3665 3443 3717 δὲ
3460 3664 3820 3735 ἀληθέστερον
3837 3669 4037 3734 εἰπεῖν,

2479 3745 2639 3820 ἦττον
2669 3752 2874 3823 φοϐερὰ
2913 3754 2982 3806 τὰ
3013 3755 3120 3808 τῶν
3149 3757 3358 3828 λῃστῶν
3388 3756 3649 3820 δεικνύεις
3679 3758 4036 3828 τολμήματαο

2477 3839 2600 3899 ὅλας
2637 3840 2838 3902 νύκτας
2876 3843 2968 3894 καὶ
2997 3843 3122 3905 ὅλας
3157 3844 3370 3913 ἡμέρας
3399 3845 3653 3897 δαπανῶν
3681 3847 3761 3906 είς
3791 3847 3888 3909 τάς
3931 3849 4039 3899 τῶν

2478 3929 2781 4001 ἀνθρώπιον
2815 3934 3118 4001 μάστιγας·
3169 3935 3262 3988 καὶ
3301 3934 3494 4004 μικροῦ
3544 3935 3677 4005 μηδέ
3707 3935 3903 4001 λιπὼν,
3946 3937 4040 4000 οὓς

2477 4022 2558 4073 ἔτι
2585 4021 2826 4086 κολάζων
2855 4024 3018 4092 ἔχεις,
3046 4023 3212 4087 κακὸς
3238 4021 3373 4078 εἶναι
3401 4026 3777 4095 σεμνύνεσθαι.
3803 4027 4041 4095 Φάλαρις

2481 4111 2609 4175 ἴσως
2647 4130 2750 4175 σοι,
2780 4115 2874 4165 καὶ
2901 4114 3197 4178 Διονύσιος,
3230 4117 3322 4168 καὶ
3351 4111 3431 4178 οἷς
3460 4117 3552 4169 ἐπὶ
3580 4116 3822 4185 ὠμότητι
3855 4118 4040 4186 μεῖζον

2479 4202 2670 4272 ὄνομα,
2704 4206 2782 4266 είς
2815 4205 3002 4271 ἀγῶνα
3055 4207 3376 4276 προκεῖσθαι
3426 4206 3850 4276 πεφιλοτίμησαι
3880 4225 3896 4240 ·
3945 4209 4040 4261 καὶ

2479 4296 2575 4362 οὐχ
2605 4295 2684 4347 ὃτι
2719 4295 2930 4357 τούτοις
2983 4297 3206 4348 σεαυτὸν
3236 4296 3537 4365 ἐνάμιλλον,
3573 4298 3686 4350 ἀλλ’
3719 4299 3767 4349 εί
3805 4299 3880 4366 μὴ
3931 4315 4038 4366 μα-

2482 4383 2597 4452 κρῷ
2656 4385 3034 4453 παραδράμοις
3073 4385 3313 4447 τούτους,
3351 4385 3440 4438 τὸν
3510 4386 3622 4454 βίον
3675 4403 3755 4438 σοι
3809 4386 4042 4438 ἀϐίωτον

2481 4475 2740 4542 νομίζεις.
2809 4476 2969 4529 ’Ἀλλά
3033 4480 3160 4540 παῖς
3218 4478 3353 4547 πρὸς
3407 4479 3619 4548 ἄνδραί
3671 4477 4039 4544 ἀγωνίζεταιο

2483 4567 2653 4632 χωρὶς
2683 4563 2791 4633 γὰρ
2840 4566 2969 4630 τῶν,
3021 4567 3164 4635 ἆπερ
3186 4567 3414 4629 ἐκείνοις
3447 4567 3618 4627 ἄλλως
3652 4584 3711 4619 τε
3739 4567 3832 4619 καὶ
3869 4585 4041 4636 μεγα-

2484 4652 2640 4714 λείως
2672 4653 3095 4724 διαπέπρακται,
3135 4655 3244 4708 οὐδ’
3284 4658 3316 4725 ή
3346 4658 3618 4727 τυραννὶς,
3665 4657 3746 4708 σοι
3768 4662 4041 4727 τυραννὶς,

2485 4746 2587 4796 κᾶν
2616 4745 2735 4798 λίαν
2771 4747 3019 4817 ὲκϐιάζη,
3041 4749 3134 4799 καὶ
3153 4748 3247 4800 τοῦ
3275 4748 3465 4800 παθεῖν
3485 4749 3512 4798 ὁ
3536 4749 3743 4817 χρόνος,
3772 4742 3846 4800 ὧν
3870 4750 4042 4818 πράτο

2486 4853 2622 4898 τεις,
2654 4836 2720 4888 τά
2753 4838 2913 4906 ὅμοια
2944 4840 3003 4889 ού
3038 4840 3253 4907 μακράν
3277 4854 3292 4868 ⁶
3342 4838 3464 4890 οὔτε
3493 4841 3599 4908 γάρ
3630 4842 3676 4890 oi
3705 4840 3882 4906 νόμοι,
3926 4839 4045 4890 καθ’

828 4928 984 4977 nixus
1033 4925 1222 4989 fueris,
1275 4936 1329 4978 et
1373 4937 1583 4995 tempus
1636 4929 1827 4980 similia
1879 4928 2221 4997 perpetrandi
2273 4944 2381 4981 non
2417 4904 2501 4977 υ(

2372 4948 2381 4981 ι
2417 4904 2460 4957 ι)
2487 4925 2582 4988 οὓς
2611 4929 2663 4978 αἱ
2696 4929 2958 4980 πολιτεῖαι
3011 4929 3166 4993 ζῶσι,
3222 4929 3536 4998 τεθνήκασι,
3578 4932 3672 4982 καὶ
3708 4931 3735 4979 ὀ
3767 4930 3866 4996 τῆς
3893 4931 4045 4998 δίκης

827 5014 986 5082 longe
1015 5016 1174 5068 absit.
1234 5015 1400 5086 Leges
1445 5020 1706 5084 profecto,
1748 5035 1974 5086 quarum
2019 5019 2280 5072 beneﬁcio
2305 5021 2382 5071 vi-

829 5114 962 5157 vunt
1012 5105 1346 5172 rcspublicw,
1392 5107 1532 5159 haud
1573 5107 1749 5160 adhuc
1794 5117 2051 5162 emortua:
2093 5120 2242 5170 sunt,
2287 5126 2384 5164 nec

829 5194 1034 5246 diutius
1066 5195 1312 5248 tolerabit
1339 5195 1692 5263 hzccjustitiaa
1720 5197 1928 5250 oculus.
1963 5198 2094 5251 Cum
2122 5198 2266 5250 enim
2292 5200 2384 5266 qui

829 5298 924 5350 per
951 5293 1161 5335 montes
1191 5285 1578 5338 latrocinantur
1605 5285 1773 5347 fures,
1808 5302 1903 5353 pro
1931 5287 2135 5339 meritis
2167 5286 2385 5356 dignum

831 5374 1149 5442 supplicium
1188 5376 1469 5440 suﬂ'erant,
1507 5380 1647 5432 haud
1681 5396 1890 5448 aequum
1927 5391 2026 5442 est,
2068 5392 2125 5433 ut
2156 5383 2244 5450 qui
2288 5398 2383 5450 per

829 5481 966 5532 ram,
995 5481 1117 5520 cum
1146 5466 1439 5538 improbius
1461 5470 1805 5539 deliquerint,
1839 5472 2179 5539 tranquillius
2203 5484 2383 5541 agant.

2489 5020 2588 5070 οὐκ
2617 5019 2840 5082 ἁνέξοιτ’
2865 5020 2932 5072 ἂν
2962 5020 3041 5071 ἔτι
3065 5020 3361 5088 ὀφθαλμὸς,
3389 5022 3528 5074 ὥστε
3547 5022 3654 5072 τῶν
3675 5023 3733 5073 ὲν
3767 5025 3878 5083 τοῖς
3899 5023 4048 5090 δρεσ.

2490 5109 2722 5177 λῃστῶν,
2759 5113 2853 5177 τὴν
2902 5109 3056 5172 ἀξίαν
3106 5109 3354 5163 διδόντων
3396 5111 3764 5179 ποινηλασίαν,
3813 5113 3940 5173 τοὺς
3990 5113 4047 5161 ἐν

2447 5201 2610 5262 (ταῖς
2641 5199 2859 5250 πόλεσιν
2900 5198 3275 5268 ἀναιδέστερον
3306 5199 3741 5268 μιαιφονοῦντας,
3768 5194 3845 5252 ὧν
3883 5200 4047 5269 χείρω

2493 5289 2911 5357 τελολμήκασιν,
2944 5289 3257 5360 ἀδεέστερον
3290 5291 3578 5361 βιώσεσθαι

2455 5383 2702 5437 civitates
2754 5385 2924 5439 multo
2968 5386 3332 5456 impudentius
3377 5387 3680 5442 homicidiis
3720 5387 3852 5441 dant
3921 5401 4049 5454 ope-

2082 5645 2312 5699 V'ARUE
2367 5642 2770 5700 LECTlONES.

909 5815 928 5840 τ
958 5806 1042 5860 ἵσ.
1076 5806 1183 5877 εἴη.
1210 5823 1226 5835 ε
1253 5823 1341 5874 γρ.
1378 5806 1776 5869 ὲκκεντοῦντος.
1859 5809 1873 5843 τ
1913 5807 1947 5874 ἢ
1983 5807 2196 5876 ἄνδρας.
