4236 6436
250 361 351 427 933

858 468 1074 521 ΕΙΙΙΣΤ.
1111 469 1191 520 ll’.

302 569 514 625 Λέοντι
541 561 851 628 σπαθαρίῳ
880 559 958 623 τῷ
990 557 1389 627 ἐπιλεγομένῳ
1418 555 1721 624 Δράκοντι.

1374 356 1905 420 EPISTOLARUM
1951 356 2181 418 LIBER
2214 355 2333 416 IlI.

3355 352 3457 418 934

2530 459 2739 515 EPIST.
2772 458 2905 516 VIII.

2092 556 2272 609 Leonti
2312 556 2603 623 spatltario,
2644 558 3002 623 cognominata
3038 554 3279 609 Draconi.

1468 674 1736 723 Montacut.
1771 673 1874 735 (ep.
1909 672 1988 732 29,
2023 685 2073 733 p.
2106 670 2209 733 87).

299 791 496 847 Πολλοὶ
519 787 657 859 πρὸς
683 787 832 857 ἡμᾶς
859 782 1012 837 λύκοι
1038 782 1137 850 τὴν
1165 780 1389 850 γνώμην
1414 779 1797 849 παρεγένοντο,

232 887 521 941 ποοϐάτων
553 882 830 950 ἐνδύματα
863 873 1181 947 φοροῦντες,
1221 875 1314 926 καὶ
1343 873 1420 943 τῷ
1450 871 1647 937 ἔξωθεν
1671 860 1827 942 σχηέ

234 974 491 1045 ματισμῷ
519 973 618 1042 τὴν
666 970 866 1023 ἔσωθεν
898 966 1342 1039 περιστέλλοντες
1374 964 1605 1017 κακίαν*
1668 963 1801 1018 ἀλλά

232 1069 435 1123 τούτων
489 1068 538 1119 οί
572 1066 789 1127 πλείους
818 1064 917 1116 οὐκ
949 1063 1138 1115 ἐλαθον
1170 1057 1423 1121 ἐπιπολὺ,
1482 1058 1575 1108 τοῦ
1610 1057 1801 1126 χρόνου

232 1158 585 1229 φωράσαντος
632 1154 808 1205 αὐτῶν
851 1152 950 1221 τὴν
996 1151 1187 1220 τέχνην
1221 1189 1234 1214 ,
1277 1148 1370 1202 καὶ
1505 1146 1793 1217 περιϐολὴν

230 1250 329 1317 τῆς
361 1248 541 1317 δορᾶς,
576 1246 675 1297 οὐκ
709 1246 786 1306 είς
819 1243 993 1312 μάτην
1027 1243 1183 1311 μόνον
1228 1240 1627 1309 ἐπινοηθεϊσαν,
1661 1237 1797 1291 ἀλλὰ

236 1342 334 1392 καὶ
354 1337 548 1405 διπλὴν
570 1332 1313 1396 ἐπιδεικνύντος,τούναντίον
1334 1332 1474 1402 ἥπερ
1494 1329 1794 1391 ἐϐούλοντο,

232 1433 332 1500 τὴν
357 1430 661 1500 προσοῦσαν
689 1429 869 1489 αὐτοῖς
897 1425 1160 1495 πονηρίαν
1186 1425 1285 1493 τήν
1320 1440 1378 1475 τε
1413 1423 1796 1494 κρυπτομένην

233 1522 378 1589 φημὶ
412 1519 504 1572 καὶ
532 1514 628 1588 τὴν
682 1518 1048 1588 κρύπτουσαν.
1104 1515 1169 1567 Ἦ
1204 1515 1260 1567 δὲ
1304 1514 1369 1585 σὴ
1414 1514 1791 1583 μεγαλειότης,

233 1612 312 1672 ὡς
335 1610 528 1671 ἔοικεν,
554 1612 614 1661 ἐκ
646 1607 839 1660 πολλοῦ
880 1608 1037 1660 τοῦτο
1087 1609 1180 1659 καὶ
1211 1606 1555 1676 μελετήσασα
1585 1604 1677 1655 καὶ
1708 1623 1794 1655 τε·-

236 1700 495 1770 χνώσασα
519 1741 532 1761 ,
564 1700 700 1770 σοφὴ
749 1698 843 1751 τοῦ
895 1697 1191 1750 καλύπτειν
1240 1696 1455 1764 ἐγένετο
1480 1696 1540 1748 τὸ
1562 1695 1747 1766 θηρίον
1774 1736 1789 1760 ,

1967 776 2117 829 Multi
2172 775 2239 830 ad
2291 790 2391 829 nos
2433 776 2689 829 animitus
2727 776 2838 844 lupi
2879 788 3243 842 accesserunt,
3278 781 3457 836 ovium

1897 867 2210 921 indumenta
2245 878 2531 937 gestantes,
2556 866 2754 936 quique
2780 882 2874 936 per
2903 876 3184 922 externum
3218 871 3459 925 habitum

1898 960 2168 1013 internam
2244 959 2543 1012 vestierunt
2608 960 3025 1027 improbitatem.
3100 961 3204 1016 Sed
3266 965 3459 1019 horum

1899 1050 2142 1120 plerique
2170 1050 2261 1104 diu
2289 1066 2397 1104 non
2440 1050 2755 1105 celabantur
2806 1069 2818 1104 :
2863 1053 3120 1106 revelavit
3152 1055 3291 1107 enim
3324 1066 3459 1110 tem-

1900 1162 2003 1218 pus
2044 1146 2332 1201 artiﬁcium
2365 1149 2628 1217 ipsorum,
2662 1158 2716 1202 et
2768 1153 3021 1204 amictum
3069 1153 3326 1221 pelliculae
3352 1172 3457 1209 nou

1905 1249 2110 1294 tantum
2142 1241 2194 1294 in
2228 1255 2423 1293 vanum
2475 1241 2832 1311 excogitatum
2870 1244 3208 1306 monsuavit,
3243 1247 3334 1299 sed
3380 1248 3462 1300 in—

1904 1346 2087 1400 super,
2142 1329 2289 1398 quod
2344 1329 2566 1384 minime
2614 1330 2870 1384 volebant
2919 1331 3139 1396 factum,
3191 1334 3461 1404 duplicem

1905 1423 2037 1490 ipsis
2076 1421 2267 1475 adesse
2314 1422 2673 1491 iniquitatem,
2706 1423 3073 1477 absconditam
3117 1426 3368 1480 nimirum
3408 1437 3464 1480 et

1899 1514 2339 1568 abscondentem.
2411 1514 2527 1568 Tua
2585 1525 2761 1569 autem
2816 1516 3248 1585 magniﬁcentia,
3318 1518 3461 1585 quod

1899 1623 1994 1674 par
2027 1619 2107 1661 est
2154 1608 2395 1673 credere,
2445 1623 2567 1661 cum
2596 1624 2626 1661 a
2678 1609 2835 1677 longo
2887 1619 3127 1677 tempore
3184 1610 3457 1672 meditata,

1897 1707 1951 1750 et
1991 1698 2279 1752 artificiose
2335 1684 2656 1752 construens
2711 1699 2878 1752 fueris
2920 1700 3061 1753 istud
3091 1741 3105 1762 ,
3166 1702 3463 1769 prudenter

234 1794 332 1845 καὶ
364 1792 554 1861 μέχρις
582 1792 646 1844 ἂν
674 1791 844 1861 ἀρνίῳ
872 1792 1181 1861 περιέτυχε,
1212 1790 1309 1858 τὴν
1338 1788 1498 1858 δορὰν
1545 1790 1644 1841 οὐκ
1691 1789 1795 1840 ἀπ-
1826 1803 1827 1808 ‘

1907 1788 2120 1841 bestiam
2151 1788 2484 1852 occultavit;
2532 1803 2706 1855 neque
2735 1788 2927 1858 pellem
2963 1790 3255 1859 deposuisti
3281 1793 3461 1860 prius-

235 1883 392 1935 έθετο
413 1897 425 1910 ⁸
458 1880 788 1951 ἐπιτυχοῦσα
820 1880 898 1945 δὲ,
949 1882 1040 1932 καὶ
1065 1879 1387 1940 ἀπεδύσατο,
1421 1879 1514 1931 καὶ
1542 1880 1627 1931 τὸν
1654 1877 1794 1948 θῆρα

236 1972 433 2036 ἔδειξε·
467 1974 560 2025 καί
589 1970 858 2034 τοσοῦτον,
887 1970 944 2022 τό
968 1986 1031 2036 γε
1053 1968 1223 2038 αὐτῆς
1252 1968 1433 2039 μέρος,
1465 1969 1533 2022 τὰ
1557 1985 1795 2038 προστυ-

239 2063 405 2132 χόντα
432 2062 750 2131 διέφθειρεν,
785 2062 907 2113 ὅσον
928 2059 1049 2113 οὐδὲ
1109 2059 1176 2112 τά
1232 2060 1646 2130 προφανέστατα
1688 2058 1796 2110 τῶν

238 2154 592 2224 ἀγριωτάτων
621 2152 804 2223 θηρῶν
860 2152 1163 2222 ἐλυμήνατο
1205 2152 1288 2205 ἀν.
1332 2151 1491 2203 Ἀλλά
1538 2151 1797 2220 χαίρομεν

239 2249 343 2301 κάν
373 2246 565 2316 τούτῳ,
600 2247 679 2299 ὅτι
708 2244 942 2299 λαθοῦσα
972 2244 1271 2317 προέλαϐεν
1300 2245 1447 2314 ἡμᾶς
1484 2242 1795 2313 κρυπτομέσ

238 2362 307 2412 νη
357 2342 609 2412 κακία,ἢ
659 2340 1135 2413 προκατελάϐομεν
1189 2340 1348 2409 ἡμεῖς
1398 2336 1622 2390 κολάσαι
1666 2336 1798 2386 ὐπο-

238 2435 540 2503 νοουμένην
564 2432 884 2503 μοχθηρίαν·
918 2433 978 2484 τὸ
1010 2433 1108 2502 μέν
1136 2431 1245 2500 γὰρ
1262 2431 1353 2483 καὶ
1380 2429 1569 2500 σφάλοι
1593 2428 1658 2481 ἂν
1672 2428 1801 2481 πολ-

240 2527 398 2589 λάκις
429 2526 526 2579 οὐκ
551 2526 635 2579 ἐπ’
666 2525 880 2594 ὀλίγον·
909 2524 970 2577 τὸ
996 2523 1052 2578 δέ
1081 2522 1173 2577 καὶ
1206 2521 1383 2587 λαθὸν,
1427 2521 1529 2592 τὴν
1565 2519 1799 2588 ὑστάτην

240 2619 343 2671 οὐκ
368 2619 434 2672 ἂν
463 2619 622 2687 φύγοι
641 2618 797 2688 δίκην
818 2633 831 2645 ·
860 2617 993 2671 ἀλλὰ
1023 2616 1193 2670 ταῦτα
1224 2614 1525 2686 γράφομεν,
1570 2611 1667 2681 οὐχ
1715 2611 1801 2662 ἵνα

243 2714 585 2781 ἐπιστραφῇς
640 2711 1040 2781 (ἐπιστραφήσῃ
1076 2709 1184 2779 γάρ
1218 2708 1311 2761 καὶ
1343 2709 1415 2778 μὴ
1442 2704 1654 2775 θέλων),
1685 2702 1799 2757 ἀλλ’

245 2805 335 2856 ἵνα
360 2803 501 2872 γνῷς
528 2804 605 2866 ὼς
629 2802 749 2856 οὐδὲ
800 2803 899 2870 τὴν
928 2800 1099 2873 ἀρχὴν
1155 2800 1343 2863 ἔλαθες
1362 2800 1427 2853 ἂν
1453 2801 1620 2870 ἡμᾶς,
1648 2799 1697 2851 εί
1726 2799 1803 2869 μὴ

248 2897 510 2966 συνεργὸν
549 2889 706 2963 εὗρες
730 2894 828 2965 τὴν
857 2893 1131 2964 ἡμετέραν
1170 2892 1598 2961 φιλανθρωπίαν.
1654 2892 1734 2943 Τὰ
1758 2891 1801 2942 δ’

1900 1895 2061 1948 quam
2113 1883 2165 1933 in
2204 1896 2400 1950 agnum
2452 1891 2725 1950 arreptum
2771 1882 3041 1937 incidisti:
3100 1884 3189 1937 illo
3232 1886 3458 1953 potitus,

1901 1981 1957 2025 et
1986 1972 2206 2035 exuisti,
2253 1982 2309 2025 et
2355 1982 2406 2026 te
2436 1972 2662 2026 bestiam
2708 1974 2983 2043 professus
3028 1990 3107 2029 es.
3149 1975 3206 2029 ln
3251 1986 3459 2031 tantum

1902 2079 2032 2119 vero
2058 2064 2254 2127 oblata,
2278 2065 2418 2129 quod
2445 2073 2561 2118 tuas
2592 2073 2770 2133 partes
2796 2066 3077 2129 attinebat,
3101 2066 3458 2135 discerpsisti,

1903 2168 1959 2211 ut
2018 2172 2119 2211 nec
2160 2157 2549 2212 crudelissimae
2597 2156 2785 2211 bestiae
2836 2157 3049 2226 publica
3112 2158 3456 2214 devorarent.

1906 2247 2178 2302 Laetamur
2208 2247 2311 2302 hoc
2349 2248 2466 2317 ipso
2514 2256 2716 2314 tamen,
2759 2250 2901 2319 quod
2928 2252 3097 2305 celata
3143 2251 3460 2322 improbitas

1904 2340 2054 2409 prius
2086 2354 2186 2393 nos
2220 2340 2523 2409 occupavit,
2569 2356 2728 2410 quam
2762 2344 2827 2395 ad
2863 2344 3214 2397 coercendam
3249 2359 3463 2413 suspec-

1907 2438 2013 2483 tam
2046 2439 2251 2484 tantum
2296 2430 2741 2500 accingerentur;
2787 2432 2917 2487 illud
2959 2434 3102 2487 enim
3143 2434 3269 2489 licet
3291 2451 3463 2506 δερο-
3521 2445 3531 2453 ‘

1906 2536 2137 2575 numero
2179 2521 2415 2586 aberret,
2474 2537 2583 2576 non
2632 2530 2811 2577 tamen
2845 2524 2898 2577 in
2939 2524 3213 2593 minimis;
3262 2526 3385 2593 hoc,
3416 2528 3463 2583 si

1908 2611 2165 2678 latuerit,.
2208 2622 2486 2683 postremo
2548 2614 2838 2671 vindictam
2899 2631 3009 2671 non
3057 2618 3343 2689 elongabit.
3397 2618 3467 2674 Et

1910 2702 2027 2757 haec
2055 2702 2272 2773 quidem
2301 2705 2503 2769 scribo,
2545 2721 2653 2761 non
2678 2714 2738 2761 ut
2782 2710 3119 2764 convertaris
3141 2711 3303 2778 (nam
3338 2710 3469 2767 licet

1909 2796 2111 2853 invitus
2146 2798 2272 2854 olim
2312 2802 2701 2871 converteris),
2740 2802 2834 2857 sed
2894 2811 2954 2857 ut
2989 2803 3145 2873 plane
3178 2804 3467 2876 intelligas,

1909 2890 2054 2958 quod
2088 2906 2155 2944 ne
2183 2891 2399 2959 quidem
2433 2892 2501 2946 ab
2548 2892 2704 2946 initio
2737 2908 2837 2948 nos
2874 2894 3113 2959 latueris,
3143 2895 3236 2950 sed
3267 2910 3469 2965 coope-

245 2988 385 3043 ἆλλα
409 2986 682 3057 ἐρρῶσθαι
704 3004 765 3039 σε
793 2987 891 3053 τὴν
921 2984 1098 3056 ψυχὴν
1116 2983 1313 3053 μᾶλλον
1336 2984 1445 3053 ἦτὸ
1468 2984 1624 3052 σῶμα
1653 2984 1806 3035 ἐπευ-

1914 2990 2121 3034 rantem
2154 2992 2393 3035 nostram
2424 2993 2678 3052 expertus
2706 2984 2782 3039 sis
2807 2986 3172 3040 clementiam.
3202 2985 3469 3042 Caeterum

247 3080 455 3149 χόμεθα
482 3096 494 3107 ο
545 3078 640 3132 καὶ
702 3078 810 3130 τῶν
860 3078 1273 3149 τετολμημένων
1303 3077 1390 3128 διὰ
1426 3074 1708 3145 μετανοίας
1737 3076 1806 3127 τὰ

1914 3079 1966 3125 te
1994 3072 2177 3125 animo
2209 3074 2375 3143 magis
2396 3089 2556 3143 quam
2587 3090 2815 3143 corpore
2845 3077 3022 3130 valere
3063 3076 3294 3146 cupiam,
3321 3088 3375 3131 et
3412 3087 3474 3132 ut

250 3170 525 3239 στίγματα
551 3168 946 3235 ἀπαλείψαντα,
973 3170 1066 3220 καὶ
1094 3170 1155 3221 ού
1185 3170 1246 3220 τὸ
1274 3168 1561 3236 πρόϐατον,
1590 3164 1722 3216 ἀλλὰ
1750 3165 1811 3215 τὸ

1913 3179 2008 3232 per
2034 3165 2402 3232 pmnitentiam
2433 3166 2681 3235 stigmata
2730 3168 2992 3236 impressa
3015 3168 3184 3231 eluas,
3217 3184 3319 3224 nec
3340 3169 3474 3224 velis

252 3261 442 3331 θηρίον
480 3264 556 3322 είς
585 3263 677 3313 τὸν
722 3261 982 3320 παντελὲς
1036 3260 1507 3328 ἀπεκδυσάμενον,
1547 3259 1685 3329 μήτε
1726 3259 1812 3310 ὲν-

252 3350 448 3417 ταῦθα,
488 3352 626 3420 μήτε
646 3350 853 3403 ἐκεῖθεν
880 3349 1107 3413 εὐθύνας
1141 3348 1376 3419 ὑφέξειν.

857 3550 1081 3602 ΕΠΙΣΤ.
1109 3550 1186 3604 Θ⁹.

492 3643 735 3711 Ἰώαννῃ
762 3642 1073 3711 σπαθαρίῳ
1101 3640 1180 3705 τῷ
1210 3639 1571 3709 χρυσοχέρῃ.

1916 3268 2098 3317 ovem,
2121 3256 2213 3309 sed
2243 3256 2468 3310 bestiam
2505 3259 2724 3325 penitus
2751 3262 3043 3327 deponere,
3075 3260 3144 3313 ita
3172 3271 3252 3323 ut,
3291 3276 3392 3315 nec
3419 3262 3474 3314 in

1912 3344 2036 3409 hoc,
2063 3361 2161 3400 nec
2196 3345 2377 3400 futuro
2420 3347 2619 3403 saeculo
2663 3349 2732 3403 ad
2761 3349 2995 3404 calculos
3030 3352 3239 3405 voceris
3266 3361 3322 3406 et
3350 3352 3475 3405 red-

1915 3437 2145 3492 dendatn
2178 3437 2443 3492 rationem

2546 3550 2756 3604 EPIST.
2797 3550 2887 3605 IX.

2242 3640 2437 3693 Joanm‘
2465 3641 2757 3711 spathario,
2785 3646 3128 3713 chrysochen'.

1488 3752 1753 3801 Montacut.
1792 3753 1893 3815 (ep.
1928 3754 2006 3812 59,
2040 3768 2087 3816 ρ.
2122 3754 2225 3817 98).

330 3869 442 3921 Οὐκ
463 3866 779 3937 ἐγράψαμεν
810 3864 897 3918 ἵνα
926 3862 1228 3934 θαυμάζῃς,
1246 3860 1358 3915 ἀλλ’
1388 3861 1476 3914 ἵνα
1501 3862 1812 3931 στηριχθῇς,

259 3963 319 4012 ἐν
374 3954 453 4020 οἷς
506 3959 593 4010 τὸν
644 3958 802 4010 σάλον
838 3955 1157 4025 ὑπέμεινας.
1190 3954 1252 4005 Εἰ
1300 3952 1344 4004 δ’
1380 3953 1671 4023 ἀρραϐῶνα
1722 3952 1814 4004 τοῦ

261 4051 620 4121 στηριχθῆναι
642 4050 701 4101 τὸ
728 4048 910 4117 θαῦμα
928 4047 1203 4117 παρέχεις,
1229 4046 1398 4114 ἡδέως
1420 4044 1811 4113 ἀποδεχόμεθα.

262 4142 397 4195 Οὐδὲ
426 4143 533 4209 γὰρ
562 4141 619 4205 ἐξ
643 4140 851 4192 ἐαυτῶν
879 4138 1225 4207 προφέρομεν
1253 4135 1393 4203 ἅπερ
1422 4134 1673 4203 λέγομεν,
1698 4134 1811 4185 ἀλλ’

261 4233 321 4298 ἐξ
341 4228 413 4284 ὧν
436 4235 533 4301 τῆς
558 4231 837 4299 ζωηφόρου
863 4232 1044 4297 πηγῆς
1066 4226 1485 4294 ἀπηντλήσαμεν
1501 4241 1513 4254 °
1535 4226 1652 4294 ἥτις
1679 4222 1813 4292 μετὰ

262 4327 358 4393 τῆς
398 4326 455 4375 ἐν
502 4323 681 4375 πίστει
722 4321 878 4389 δίψης
912 4322 1021 4382 τοῖς
1072 4318 1379 4389 προσιοῦσιν
1426 4316 1633 4383 ἄφθονα
1684 4332 1814 4384 προ-

263 4420 409 4487 χέειν
432 4418 499 4469 τά
521 4417 615 4485 τῆς
647 4414 917 4486 σωτηρίας
948 4411 1308 4480 ἐπηγγείλατο
1334 4410 1568 4478 νάματα.

880 4707 1101 4761 ΕΠΙΣΤ.
1150 4710 1205 4761 l'.

436 4801 637 4858 Λέοντι
665 4802 928 4870 γεγονότι
959 4798 1244 4870 λογΟΘέτῃ
1282 4798 1361 4865 τῷ
1390 4797 1639 4867 Μαδιάμ.

1982 3840 2328 3929 Nequaquam
2361 3876 2423 3915 eo
2458 3861 2564 3917 line
2597 3861 2918 3931 scripsimus
2962 3871 3020 3916 ut
3047 3861 3339 3924 mirareris,
3376 3864 3472 3918 sed

1913 3962 1973 4003 ut
2002 3951 2248 4005 stabilem
2284 3961 2335 4005 te
2378 3952 2658 4007 redderem
2694 3953 2748 4006 in
2782 3952 2845 4007 iis
2872 3952 3067 4021 quibus
3098 3952 3473 4021 ﬂuctuabaris;

1913 4044 1957 4097 si
2006 4045 2057 4095 in
2111 4044 2304 4113 pignus
2350 4044 2773 4098 conﬁrmationis
2818 4051 2921 4097 tuae
2962 4044 3120 4098 ail'ers
3164 4046 3478 4099 admiratio-

1914 4151 2055 4197 nem,
2089 4136 2336 4187 lubenter
2380 4135 2630 4189 admitto.
2663 4132 2795 4187 Nam
2844 4150 2952 4187 non
3000 4150 3028 4187 a
3063 4136 3217 4188 nobis
3245 4137 3475 4204 proferi-

1911 4245 2033 4282 mus
2086 4244 2204 4296 qua:
2254 4226 2518 4291 dicimus,
2554 4225 2647 4279 sed
2685 4225 2752 4279 ab
2814 4225 2879 4279 iis
2944 4227 3084 4281 unde
3130 4229 3196 4281 de
3244 4227 3389 4281 fonte
3421 4230 3473 4281 iu

1911 4320 2075 4373 vitam
2109 4319 2316 4372 salienti
2342 4319 2656 4372 hausimus:
2689 4318 2780 4388 qui
2813 4334 2920 4387 prae
2957 4335 3014 4372 se
3043 4319 3143 4373 fert
3168 4328 3221 4372 et
3248 4318 3475 4387 profite-

1916 4421 2022 4475 tur,
2071 4412 2136 4465 iis
2181 4410 2272 4479 qui
2337 4410 2494 4463 fidem
2538 4410 2756 4475 sitiunt,
2808 4421 2965 4480 atque
3008 4412 3128 4465 ideo
3171 4411 3374 4465 adeunt
3416 4421 3474 4463 ut

1916 4516 2032 4553 eam
2118 4500 2404 4567 expleant,
2470 4501 2959 4555 abundantissimos
3028 4502 3213 4555 salutis
3284 4501 3475 4554 latices

1919 4590 2351 4645 subministrare.

2549 4701 2759 4755 EPIST.
2795 4702 2859 4757 X.

2320 4794 2501 4847 Leonti
2536 4794 2802 4863 logothette
2833 4794 3086 4847 Madiam.

1490 4908 1747 4957 Montacut.
1786 4906 1887 4970 (ep.
1922 4908 2000 4965 ll,
2037 4920 2084 4969 p.
2122 4906 2254 4969 100).

338 5014 635 5082 Εὑτύχημα
700 5012 795 5082 μὲν
858 5011 952 5065 καὶ
1004 5012 1064 5063 τὸ
1116 5009 1303 5079 φίλους
1350 5009 1492 5077 ἔχειν
1552 5012 1608 5061 ὲν
1652 5008 1825 5077 καιρῷ

267 5104 609 5173 πειρασμῶν,
653 5104 745 5155 καὶ
788 5103 1019 5172 χρείαςιι
1049 5103 1110 5154 τὸ
1143 5104 1238 5172 τῆς
1274 5101 1453 5171 φιλίας
1489 5101 1823 5169 παρέχοντας

268 5194 571 5265 χρησιμὸν⁶
618 5195 667 5246 οί
709 5193 765 5246 δὲ
805 5192 879 5264 μὴ
922 5193 1151 5247 τοιοῦτοι
1210 5194 1487 5261 φανέντες,
1535 5192 1652 5243 οὐδὲ
1680 5184 1823 5243 οὗτοι

268 5285 347 5353 τῷ
398 5285 738 5353 ἀγαπήσαντι
796 5286 1087 5354 ἄχρηστοι,
1116 5284 1226 5336 ἀλλ’
1260 5286 1384 5336 ὅσον
1415 5282 1567 5336 αὐτοὶ
1601 5284 1699 5353 τῆς
1735 5298 1823 5349 φι-

267 5374 389 5437 λίας
428 5376 850 5443 ἀπελείφθησαν,
904 5376 1155 5429 τοσοῦτον
1194 5375 1289 5445 τὴν
1323 5377 1520 5446 ἀρετὴν
1556 5373 1648 5426 τοῦ
1684 5374 1820 5442 ἠγα-

267 5467 505 5538 πηκότπ
560 5466 891 5537 παριστῶσιν
925 5467 1376 5539 ύπερθαύμαστον
1446 5469 1527 5521 ὃτι
1562 5467 1657 5520 καὶ
1709 5481 1821 5517 τοι-

1994 5006 2241 5061 Felicitas
2268 5016 2350 5062 est
2373 5008 2572 5062 amicos
2602 5007 2875 5076 possidere
2900 5007 3207 5061 tentationis
3232 5017 3473 5076 tempore

1923 5114 2076 5152 usum
2107 5108 2267 5167 atque
2296 5099 2532 5152 debitum
2565 5098 2816 5153 amicitia
2850 5099 2980 5152 utile
3007 5098 3347 5152 exhibentes:
3380 5099 3474 5152 sed

1923 5207 2026 5245 nec
2074 5191 2273 5244 amanti
2319 5190 2476 5259 plane
2520 5200 2646 5243 sunt
2691 5189 2907 5243 inutiles
2954 5189 3045 5257 qui
3095 5188 3226 5241 tales
3262 5203 3319 5241 se
3364 5203 3472 5241 non

1921 5290 2198 5353 praestant.
2249 5282 2380 5336 Nam
2434 5283 2487 5335 in
2531 5292 2789 5351 quantum
2841 5280 3091 5335 amicitia
3135 5280 3382 5343 deerint,
3419 5279 3473 5331 in

1928 5384 2133 5428 tantum
2162 5373 2432 5442 diligentis
2453 5375 2703 5428 virtutem
2728 5371 2879 5425 valde
2906 5380 3164 5440 praastant
3189 5370 3476 5425 admirabi-

1928 5466 2069 5519 lem:
2122 5480 2188 5519 eo
2235 5465 2378 5535 quod
2421 5465 2581 5521 etiam
2632 5464 2764 5519 tales
2805 5462 3157 5517 nihilominus
3206 5459 3474 5525 dilexerit,

1538 5617 1768 5673 VARIA‘I
1794 5616 2197 5675 LECTIONES.

351 5786 377 5814 '
406 5793 495 5845 γρ·
517 5775 693 5845 χρέος·
