4236 6436
805 385 905 445 935

1933 376 2188 437 PHOTII
2228 377 2416 435 PATR
2428 375 2720 435 ΙΑΗΟΗΕ
2755 378 2860 435 CP.

3909 385 4011 445 936

804 490 946 558 quod
995 504 1102 543 non
1136 491 1315 543 omnia
1367 505 1428 542 ex
1481 487 1678 539 intuitu
1745 484 2114 538 retributionis
2148 483 2356 552 pra-sti-
2388 495 2431 545 Α
2459 504 2477 536 ε

2338 511 2356 519 -
2388 495 2431 545 Α
2459 488 2644 549 οὸτους
2695 489 2874 549 ὄντας,
2927 489 3071 557 ὅμως
3113 490 3356 559 ἐφίλησε,
3397 494 3490 543 καὶ
3546 493 3605 544 οὐ
3637 494 3808 546 πάντα
3855 513 4011 565 χάριν

810 584 950 645 terit,
995 583 1088 636 sed
1133 585 1298 652 gratis
1339 594 1519 633 amare
1570 577 1740 640 novit,
1791 585 1845 628 et
1891 574 2123 635 Patrem,
2171 573 2259 642 qui
2303 573 2356 624 in

2459 578 2691 646 ἀμοιϐῆς
2719 581 3008 648 ἔπραττεν,
3043 581 3158 633 ἀλλ’
3189 582 3306 651 ᾔδει
3336 585 3428 636 καὶ
3470 589 3667 654 προῖκα
3695 589 3886 653 φιλεῖν,
3919 598 4013 642 καί

808 675 954 726 εωΙίε
999 684 1101 737 est,
1159 673 1352 727 imitari
1405 672 1459 724 in
1513 687 1600 734 eo,
1656 668 1801 736 quod
1847 683 1948 719 nec
1996 666 2076 718 vel
2109 665 2359 717 inimicos
2459 685 2481 719 ¹ι

2340 679 2359 716 s
2459 671 2551 722 τὸν
2594 671 2652 721 ὲν
2677 670 2926 740 οὐρανοῖς
2972 672 3254 740 μιμεῖσθαι
3287 676 3535 744 Πατέρα,
3565 671 3643 739 οἷς
3683 685 3710 716 ν
3739 681 3857 730 οὐδὲ
3888 681 4013 742 τούς

807 775 1105 820 aversetur.
1129 766 1393 830 Quocirca
1417 779 1517 817 nec
1540 761 1740 815 amoris
1763 758 1932 812 nostri
1955 758 2124 826 legem
2150 757 2358 810 solvere

808 863 1041 928 poteris,
1087 868 1360 925 utcunque
1394 855 1573 923 (quod
1609 867 1792 906 rumor
1824 849 1948 915 est)
1988 849 2228 918 ingratus
2261 861 2359 900 ex-

807 950 1028 1011 stiteris,
1061 958 1115 1002 et
1136 949 1446 1001 ementiaris
1478 943 1793 997 amicitiam.
1830 939 2040 992 Etenim
2067 948 2363 1006 quantum-

809 1038 890 1090 vis
917 1038 1152 1106 ingratus
1181 1036 1468 1094 exstiteris,
1503 1048 1601 1085 nos
1632 1041 1835 1093 tamen,
1866 1036 1924 1082 ut
1956 1028 2137 1081 videre
2173 1038 2361 1096 potes,

809 1129 1121 1181 occasiones
1204 1125 1610 1192 nobismetipsis
1695 1120 2135 1182 ministravimus,
2186 1128 2245 1172 ut
2295 1133 2363 1171 ne

810 1221 893 1273 vel
952 1221 1028 1272 sic
1068 1219 1279 1286 quidem
1331 1217 1454 1270 odio
1502 1225 1554 1269 te
1589 1215 1902 1268 habeamus.
1944 1212 2023 1263 Tu
2055 1211 2182 1278 quid
2217 1210 2281 1262 de
2311 1220 2363 1262 te

2461 759 2684 829 ἐχθροὺς
2719 761 3105 831 ἀπεστρέφετο.
3155 767 3268 817 Οὐκ
3315 768 3381 819 ἂν
3414 765 3504 819 οὐν
3533 768 3696 838 λύσῃς
3737 771 3896 833 αὐτὸς
3921 773 4015 824 τὸν

2462 852 2728 922 ἡμέτερον
2763 852 2864 920 τῆς
2900 855 3117 925 ἀγάπης
3142 855 3325 924 νόμον,
3360 857 3460 910 κᾶν
3485 860 3772 929 ἀγνώμων.
3807 863 3882 924 ὠς
3911 881 4016 930 φη-

2465 943 2702 1011 μίζουσι,
2732 949 2920 1014 φανῇς,
2956 949 3050 999 καὶ
3077 948 3172 1018 τὴν
3197 950 3377 1017 φιλίαν
3395 953 3738 1022 ψευδόμενος.
3769 956 3878 1006 Καὶ
3910 958 4016 1024 γάρ

2465 1035 2558 1086 καὶ
2606 1035 2672 1087 δι’
2705 1031 2781 1092 ὦν
2813 1040 3225 1110 ἁγνωμονὴσεις
3245 1082 3259 1105 ,
3295 1045 3565 1113 ἀφορμὰς,
3596 1047 3670 1108 ὠς
3693 1050 3846 1116 ὁρᾷς,
3886 1050 4017 1116 ἡμῖν

2465 1128 2676 1191 ἑαυτοῖς
2714 1131 3123 1201 πεπορίσμεθα,
3176 1135 3242 1187 δι’
3292 1134 3356 1195 ἃς
3403 1137 3521 1188 οὐδὲ
3565 1136 3706 1190 οὕτω
3744 1156 3802 1190 σε
3841 1142 4018 1208 μισεῖν

2467 1220 2916 1291 ὑπαχθησόμεθα.
2966 1225 3036 1276 Σὺ
3089 1225 3146 1277 δὲ
3189 1229 3288 1294 τὴν
3333 1230 3459 1296 περὶ
3491 1229 3548 1280 σὲ
3580 1230 3685 1281 τῶν
3718 1231 4020 1300 ἀνθρώπων

812 1311 1057 1363 homines
1102 1308 1390 1376 epinentur
1432 1306 1744 1359 considera:
1791 1313 1846 1355 et
1889 1312 2014 1355 ante
2061 1301 2184 1362 alia,
2222 1309 2368 1351 tuam
2461 1308 2485 1358 δ

2347 1313 2368 1348 ω
2461 1308 2615 1371 δόξαν
2643 1311 2959 1363 ὲπισκόπει’
3001 1313 3200 1380 μᾶλλον
3223 1316 3279 1366 δὲ
3316 1317 3420 1386 πρὸ
3451 1317 3652 1387 ταύτης
3679 1319 3740 1370 τὸ
3768 1320 3861 1370 σὸν
3895 1336 4020 1371 cav-

814 1353 1057 1363 ..ν.,....ν-
1105 1353 1380 1376 -,,-------_-
1437 1353 1743 1359 -,_---__-_.
1802 1353 1844 1355 -_
1892 1353 1904 1355 _
2174 1353 2183 1362 ,
2467 1353 2486 1358 ,

814 1403 984 1470 ipsius
1044 1400 1455 1460 conscientiam,
1517 1407 1571 1451 et
1621 1396 1862 1449 futurum
1923 1395 2049 1448 olim
2106 1390 2370 1460 judicium
2465 1413 2487 1447 ε

1998 1353 2005 1354 ,
2174 1353 2183 1362 ,
2260 1390 2270 1400 .
2467 1353 2609 1371 --τ-ν
2643 1353 2930 1363 -.---..-.--.
3001 1353 3198 1380 rw..."
3224 1353 3279 1366 ν..
3323 1353 3420 1386 ..νυ
3461 1353 3648 1380 ην...

1980 1395 2049 1446 im
2106 1391 2370 1460 judicmm
2465 1397 2599 1460 ειδὸς
2635 1401 2723 1451 καὶ
2753 1401 2812 1451 τὸ
2840 1403 3047 1454 ἐκεῖθεν
3076 1405 3375 1474 κριτήριον.
3608 1353 3620 1387 ι

813 1493 1056 1546 reeolito.

1421 1598 1637 1653 EPIST.
1663 1597 1756 1650 XI.

1330 1691 1632 1744 Alexandro
1659 1689 1854 1741 comiti.

3055 1597 3274 1651 ΕΠΙΣΤ.
3327 1602 3428 1653 lA'.

2947 1686 3304 1758 Ἀλεξάνδρῳ
3342 1695 3569 1760 κόμητι.

2053 1793 2317 1842 Montacut.
2350 1791 2452 1852 (ep.
2485 1790 2566 1850 46,
2599 1804 2649 1853 p.
2683 1791 2813 1856 101).

882 1905 1186 1963 Alexander
1213 1903 1449 1967 Macedo,
1478 1901 1569 1970 qui
1609 1901 1664 1952 in
1686 1913 1950 1951 summam
1985 1897 2367 1951 sublimitatem
2398 1898 2446 1955 B

817 2006 993 2061 evexit
1056 2000 1379 2055 Macedonia:
1451 2010 1696 2066 regnum,
1749 2008 1816 2046 eo
1869 1993 1958 2045 die
2014 1992 2372 2060 principatum

818 2099 1095 2151 abdicasse
1121 2093 1419 2155 videbatur,
1443 2105 1549 2157 quo
1570 2087 1840 2141 neminem
1866 2084 2130 2138 beneficio
2151 2097 2374 2136 ornasse

816 2190 1112 2244 dicebatur.
1161 2185 1450 2237 Rarissime
1494 2181 1595 2234 hoc
1635 2179 1708 2232 illi
1747 2178 1823 2231 ita
1863 2176 2243 2246 contingebat;
2283 2181 2373 2228 ut-

819 2293 944 2351 pote
971 2281 1062 2349 qui
1087 2280 1141 2331 in
1173 2277 1297 2329 illud
1330 2274 1474 2329 omni
1507 2272 1685 2326 studio
1719 2269 2081 2332 incumbebat,
2117 2277 2176 2321 ut
2204 2268 2375 2321 bene-

821 2377 1019 2427 faceret
1046 2369 1369 2422 hominibus.
1397 2364 1551 2428 Quod
1574 2362 1618 2416 si
1649 2361 1916 2414 interdum
1940 2359 2012 2413 ita
2033 2357 2378 2426 contingebat

821 2474 881 2516 ut
926 2460 1061 2514 nihil
1104 2465 1414 2528 praestaret,
1452 2454 1640 2507 dolens
1675 2451 1917 2505 dicebat:
1955 2449 2123 2502 Hodie
2156 2465 2255 2500 non
2292 2463 2377 2500 re-

822 2553 996 2622 gnavi.
1029 2549 1132 2603 Sed
1170 2563 1407 2617 paganus
1440 2545 1529 2598 ille
1569 2543 1670 2596 fuit
1705 2550 1759 2595 et
1801 2542 1944 2594 inter
1982 2555 2216 2609 paganos
2253 2553 2373 2603 rex,

823 2654 876 2697 ct
919 2640 1177 2710 voluptati
1222 2649 1381 2707 atque
1417 2636 1565 2689 luxui
1605 2635 1839 2692 deditus,
1882 2642 1937 2686 et
1971 2633 2042 2685 ob
2073 2631 2378 2685 felicitatem

823 2734 1025 2795 ebrius,
1071 2729 1269 2797 quique
1299 2727 1401 2781 sibi
1441 2725 1746 2780 consimiles
1788 2725 1918 2776 deos
1954 2736 2170 2775 suarum
2208 2721 2378 2773 actio-

824 2839 953 2876 num
977 2823 1308 2889 inspectores
1338 2818 1556 2871 fccerat.
1585 2815 1665 2869 Tu
1694 2825 1872 2869 autem
1894 2813 2234 2867 Christianus
2255 2825 2380 2864 eum

825 2914 1146 2969 ChriStiauis
1191 2911 1396 2971 vivens,
1444 2917 1499 2961 et
1541 2911 1653 2978 (ut
1696 2905 1992 2960 secundum
2039 2903 2181 2971 leges
2219 2898 2378 2970 agas)

827 3020 949 3059 cum
971 3003 1196 3071 imperio
1215 3001 1502 3059 exsistens,
1520 2998 1716 3066 saapius
1732 2997 1784 3049 in
1812 2996 1935 3049 vita:
1957 3009 2115 3047 cursu
2133 2991 2382 3045 ﬂuetibus

827 3097 1056 3166 agitatus
1090 3092 1354 3154 obrueris,
1399 3092 1450 3143 in
1487 3089 1615 3158 ipsis
1653 3087 1839 3151 sacris,
1881 3087 2022 3138 inter
2053 3083 2382 3141 sacerdotes,

830 3190 989 3256 idque
1031 3201 1152 3239 cum
1197 3182 1604 3251 temperantiam
1646 3189 1701 3232 et
1738 3179 1988 3232 virtutem
2031 3177 2297 3229 honorare
2331 3182 2382 3226 te

832 3296 939 3332 non
978 3293 1160 3348 neges,
1196 3275 1286 3329 sed
1318 3281 1371 3327 et
1408 3289 1574 3326 unum
1605 3272 1752 3324 illum
1786 3285 1971 3323 verum
2013 3268 2180 3321 Deum
2213 3267 2378 3319 actio-

832 3386 961 3423 num
1003 3368 1240 3422 omnium
1281 3367 1634 3432 inspectorem
1667 3361 1851 3414 fallere
1883 3375 1991 3412 non
2024 3373 2177 3427 posse
2206 3366 2381 3426 putes.

833 3461 972 3526 Quid
1002 3460 1126 3512 hinc
1157 3467 1428 3524 sequatur,
1456 3469 1644 3524 gravor
1682 3467 1780 3520 ego
1806 3450 2005 3504 dicere.
2041 3448 2173 3501 Illud
2205 3457 2384 3500 autem

834 3552 1059 3612 allirmo,
1084 3550 1354 3602 neminem
1386 3562 1415 3600 e
1445 3555 1536 3598 tuo
1562 3544 1790 3596 subditis
1813 3540 2059 3610 regimini
2086 3555 2225 3604 esse,
2258 3539 2384 3608 quin

836 3645 953 3696 loco
981 3641 1204 3708 alicujus
1235 3637 1478 3691 beneﬁcii
1504 3648 1598 3689 aut
1625 3634 1967 3703 benignitatis
2009 3647 2168 3700 quam
2221 3646 2387 3700 agno-

836 3748 985 3788 scere
1012 3732 1186 3792 vellet,
1210 3745 1316 3782 non
1345 3728 1600 3796 supplicia
1620 3726 1860 3793 deplorat
1879 3723 2115 3776 inaudita
2134 3722 2384 3790 irrogata,

835 3833 928 3876 aut
979 3822 1233 3875 damnum
1282 3819 1485 3871 illatqu
1545 3818 1993 3884 inexspectatum.
2038 3813 2190 3864 Alius
2243 3810 2388 3863 aliud

838 3915 1046 3982 insigne
1076 3911 1283 3964 facinus
1303 3910 1502 3963 dextra}
1525 3917 1626 3960 tua:
1650 3906 1847 3975 tragico
1880 3904 2147 3957 cothurno
2169 3901 2388 3971 dignum

837 4004 1121 4072 deplorans
1152 4001 1336 4054 refert.
1355 3999 1488 4053 Cum
1515 3997 1815 4050 Alexander
1834 4010 1955 4048 cum
1980 3995 2162 4047 dolore
2192 3991 2391 4061 profes-

840 4112 930 4149 sus
974 4095 1132 4148 fuerit
1179 4111 1191 4145 :
1237 4092 1405 4144 Hodie
1455 4091 1678 4158 quidem
1720 4104 1810 4140 rex
1837 4103 1939 4138 non
1972 4087 2048 4155 fui
2083 4101 2098 4138 :
2131 4093 2207 4145 tu,
2247 4083 2387 4150 quod

839 4188 1070 4249 videtur,
1110 4200 1214 4238 non
1257 4181 1556 4252 prazterlabi
1597 4180 1690 4232 tibi
1736 4179 1876 4232 diem
1915 4175 2156 4244 patieris,
2194 4175 2249 4228 in
2282 4187 2390 4242 quo

839 4295 946 4333 non
971 4276 1207 4332 verearis
1233 4276 1412 4329 dicere
1443 4290 1456 4324 ε
1487 4271 1651 4325 Hodie
1679 4281 1932 4338 tyrannus
1956 4285 2059 4321 non
2083 4267 2180 4336 fui.

1429 4380 1635 4436 EPIST.
1687 4382 1801 4434 XII.

1366 4475 1560 4528 Basilio
1590 4474 1850 4544 quazstori.

2557 1897 2902 1969 ’Δλέξανδρος
2936 1905 2964 1954 ὁ
2997 1904 3281 1969 Μακεδὼν,
3313 1909 3406 1959 καὶ
3429 1910 3750 1962 Μακεδόνων
3781 1913 3917 1982 ἄρας
3951 1921 4024 1980 εἰς

2475 1985 2606 2055 ὕψος
2630 1989 2728 2059 τὴν
2756 1991 3048 2059 βασιλείαν,
3096 1997 3215 2048 κατ’
3245 1998 3457 2068 ἐκείνην
3485 2001 3581 2071 τὴν
3615 2003 3824 2073 ἡμέραν
3854 2006 4024 2058 Eriza:

2474 2081 2740 2133 παύεσθαι
2788 2087 2889 2150 τῆς,
2917 2085 3121 2154 ἀρχῆς,
3153 2089 3272 2140 καθ’
3314 2089 3378 2158 ἡν
3427 2093 3788 2163 εὐεργετήσας
3837 2099 4026 2150 οὐδένα

2474 2173 2762 2227 ἐδείκνυτο.
2808 2178 3036 2231 Σπάνιον
3067 2179 3122 2231 δὲ
3159 2181 3303 2251 αὐτῷ
3341 2183 3401 2234 τὸ
3430 2186 3634 2238 τοιοῦτο
3663 2189 4022 2249 συνέπιπτεν,

2473 2266 2570 2318 ἅτε
2619 2268 2849 2338 μελέτηυν
2870 2270 3057 2336 ἄγοντι
3096 2272 3398 2342 ἀνθρώποις
3430 2276 3682 2330 εύποιεῖν.
3721 2280 3780 2331 Εἰ
3812 2281 3865 2332 δέ
3900 2298 4028 2333 ποτε

2475 2361 2569 2411 καὶ
2624 2361 2966 2430 συμπέσειεν,
3015 2365 3309 2434 ἀνιώμενος
3355 2369 3540 2435 ἓλεγε’
3597 2371 3867 2438 Σήμερον
3919 2377 4027 2426 οὐκ

2475 2452 2863 2509 ἐϐασίλευσα.
2921 2458 3057 2509 Ἀλλ’
3091 2460 3119 2508 ὁ
3167 2461 3263 2527 μὲν
3317 2461 3535 2530 Ἕλλην,
3587 2462 3682 2514 καὶ
3715 2465 3770 2514 ἐν
3807 2465 4030 2532 Ἕλλησι

2476 2544 2573 2595 καὶ
2608 2543 2891 2612 βασιλεύςο
2929 2548 3020 2599 καὶ
3055 2549 3278 2616 ἡδονῶν,
3311 2552 3401 2602 καὶ
3433 2552 3643 2620 τρυφῆς
3666 2555 3756 2604 καὶ
3779 2554 4034 2623 εὐτυχίαν

2482 2633 2692 2701 μεθύων
2715 2634 3015 2703 ἄνθρωπος,
3061 2639 3153 2687 καὶ
3199 2637 3354 2699 θεοὺς
3385 2638 3653 2700 τοιούτους
3697 2639 3799 2708 τῆς
3827 2641 4035 2702 οἰκείας

2481 2724 2751 2786 πολιτείας
2779 2727 3004 2795 ἐφόρους
3047 2727 3384 2796 ποιούμενος.
3417 2729 3488 2781 Σὺ
3513 2729 3568 2781 δὲ
3615 2731 3822 2794 πιστὸς,
3864 2734 3958 2783 καὶ
3981 2733 4038 2780 ἐν

2481 2819 2690 2880 πιστοῖς
2721 2818 2814 2869 καὶ
2846 2820 2981 2887 μετά
3007 2820 3115 2871 τῶν
3149 2821 3326 2889 νόμων
3354 2821 3535 2890 ἄρχειν
3561 2823 3911 2890 τεταγμένος,
3945 2826 4038 2875 καὶ

2483 2907 2653 2959 πολλά
2674 2910 3022 2977 προσπταίων
3042 2910 3134 2962 τοῦ
3158 2911 3272 2979 βίου
3289 2915 3394 2974 τοῖς
3419 2914 3483 2964 κύ
3493 2929 3643 2980 μασι·
3663 2916 3753 2966 καὶ
3775 2916 3833 2966 ὲν
3853 2916 3918 2983 μέ
3929 2932 4039 2977 σοις

2482 2999 2664 3061 αὐτοῖς
2697 3001 2860 3067 ἱεροῖς
2883 3001 2976 3053 καὶ
3000 3001 3221 3070 ἱερεῦσι,
3247 3003 3339 3055 καὶ
3365 3005 3688 3070 ἐγκράτειαν
3716 3005 3809 3057 καὶ
3838 3006 4040 3072 ἀρετὴν

2481 3092 2644 3160 τιμᾷν
2663 3092 2760 3143 οὐκ
2785 3092 3112 3161 ἀρνούμενος
3130 3110 3142 3122 '
3169 3096 3257 3147 ναὶ
3280 3096 3343 3164 δὴ
3369 3096 3463 3147 καὶ
3491 3096 3580 3147 τὸν
3604 3097 3758 3165 μόνον
3787 3095 4039 3164 ἀληθινὸν

2482 3181 2613 3232 Θεὸν
2637 3182 2882 3250 ἐπόπτην
2908 3183 3016 3235 τῶν
3043 3185 3346 3253 πρακτέων,
3383 3187 3443 3238 οὐ
3478 3187 3574 3255 μὲν
3598 3183 3688 3238 οὖν
3716 3188 3814 3238 οὐκ
3841 3188 3907 3240 ἂν
3947 3189 4040 3239 δυ-

2485 3273 2715 3340 νάμενος
2767 3273 3254 3342 παραγράψασθαι.
3323 3276 3483 3327 Ἀλλά
3538 3277 3591 3328 τί
3645 3278 3706 3330 τὸ
3757 3279 4037 3340 ἐντεῦθενς

2497 3361 2638 3429 Ἐγὼ
2666 3363 2765 3433 μὲν
2804 3366 2976 3416 εἰπεῖν
3011 3365 3250 3420 ἀποκνῶ.
3285 3367 3431 3436 Πλὴν
3466 3369 3564 3419 οὐκ
3599 3368 3741 3420 ἐστιν
3777 3370 3904 3423 ἰδεῖν
3946 3373 4038 3424 οὐ-

2484 3454 2608 3505 δένα
2634 3454 2740 3506 τῶν
2770 3456 2872 3507 ὑπὸ
2903 3457 2980 3517 σὲ,
3015 3456 3072 3516 ὃς
3099 3459 3216 3509 ἀντὶ
3245 3457 3338 3510 τοῦ
3366 3460 3524 3527 χάριν
3550 3461 3860 3527 εὐεργεσίας
3891 3464 3926 3532 ἡ
3956 3481 4037 3514 τι-

2488 3564 2576 3608 νος
2621 3546 2786 3613 ἄλλης
2830 3546 3232 3616 φιλανθρωπίας
3276 3549 3574 3617 ὁμολογεῖν,
3607 3553 3726 3620 οὐχὶ
3771 3555 4039 3622 τιμωρίαν

2486 3639 2584 3690 οὐκ
2626 3638 2873 3706 ὀδύρεται
2912 3638 3137 3708 ἄκριτον
3174 3639 3205 3707 ἢ
3237 3639 3439 3708 ζημίαν
3476 3643 3898 3710 ἀπροφάσιστον.
3934 3645 4041 3696 Καὶ

2486 3730 2641 3791 ἄλλος
2663 3728 2788 3780 ἄλλο
2814 3747 2865 3780 τι
2895 3729 3052 3797 ἔργον
3077 3732 3172 3800 τῆς
3202 3731 3296 3799 σῆς
3329 3731 3505 3796 δεξιᾶς
3534 3734 3802 3802 τραγικῆς
3836 3736 4040 3802 σκηνῆς

2488 3819 2664 3886 θέαμα
2693 3820 3184 3889 κατολοφυρόμενος
3225 3821 3587 3891 διεξέρχεται·
3634 3823 3747 3874 ἀλλ’
3793 3825 4041 3887 Ἀλέξαν-

2487 3908 2608 3979 δρος
2633 3910 2729 3978 μὲν
2748 3911 3041 3979 ἀνιώμενος
3071 3911 3221 3978 ἐλεγέ
3247 3929 3395 3964 ποτεο
3422 3911 3688 3981 Σήμερον
3703 3917 3812 3968 οὐκ
3837 3917 4038 3969 ἐϐασί-

2486 4003 2698 4052 λευσαο
2727 4002 2789 4052 σὺ
2809 4000 2872 4061 δ’,
2893 4000 2966 4062 ὡς
2988 4002 3178 4063 ἔοικεν,
3199 4004 3258 4054 οὐ
3280 4004 3607 4072 περιλείψεις
3628 4007 3837 4076 ἡμέραν
3861 4008 4040 4077 σαυτῷ

2489 4093 2546 4142 έν
2638 4093 2926 4162 θαρῤῄσεις
2960 4095 3130 4146 είπεῖν
3154 4110 3168 4122 ·
3199 4095 3464 4164 Σήμερον
3499 4100 3607 4150 οὐκ
3638 4098 4038 4167 ἐτιιρὰννησα,

3083 4377 3302 4430 ΕΠΙΣΤ.
3347 4377 3449 4430 lB’.

2924 4468 3215 4530 Βασιλείῳ
3247 4467 3586 4534 κοιαίστορι.

2053 4588 2313 4638 Montacut.
2351 4590 2452 4653 (cp.
2493 4589 2572 4646 47,
2607 4601 2655 4648 ρ.
2691 4584 2820 4644 101).

912 4699 968 4753 Si
990 4699 1132 4767 justa
1149 4714 1268 4751 eum
1298 4711 1548 4750 mensura
1582 4693 2210 4747 eontendentesinvieem
2242 4693 2384 4759 judi-
2412 4695 2464 4754 D
2560 4692 2585 4741 Ε

2367 4723 2384 4732 -
2412 4695 2464 4754 Ῑ)
2560 4692 2621 4741 Εἰ
2656 4689 2732 4757 τῷ
2769 4686 2959 4754 δικαίῳ
2993 4687 3174 4756 μέτρῳ
3221 4686 3496 4756 χρώμενος
3538 4689 3663 4752 τούς
3713 4690 4040 4762 διαμφισϐη-

840 4791 1063 4853 caveris,
1106 4789 1245 4842 haud
1276 4796 1326 4841 te
1362 4787 1478 4840 auri
1512 4786 1679 4854 pallor
1712 4784 1914 4851 majore
1947 4785 2151 4852 pudore
2183 4784 2390 4837 suﬂ'un-

845 4885 1011 4947 deret,
1039 4880 1379 4948 temetipsum
1409 4892 1566 4946 quam
1592 4876 1710 4928 illos
1741 4875 1832 4943 qui
1857 4875 1949 4928 tibi
1979 4875 2233 4930 oll'erunt.

1418 5069 1637 5125 EPIST.
1678 5069 1816 5123 Xlll.

1186 5163 1378 5217 Joanm'
1411 5164 1633 5230 patricio
1672 5171 1719 5214 et
1764 5162 2043 5215 sacellano.

2487 4783 2710 4843 τούντας
2752 4779 2997 4848 ἀλλήλοις
3042 4780 3306 4845 ὲδίκαζες,
3349 4781 3446 4833 οὐκ
3473 4781 3537 4834 ἄν
3568 4798 3624 4833 σε
3655 4785 3687 4852 ἡ
3718 4783 3812 4835 τοῦ
3842 4787 4038 4854 χρυσοῦ

2488 4874 2732 4942 ὡχρὸτης
2764 4872 2922 4924 πλέον
2953 4871 3296 4939 αἰσχύνεσθαι
3339 4872 3463 4934 τοὺς
3497 4873 3653 4924 πλέον
3687 4875 3848 4926 αὐτὸν
3883 4893 4040 4946 χορη-

2488 4963 2712 5032 γούντάς
2743 4979 2844 5027 σοι,
2884 4962 3304 5031 παρεσκεύαζεν.

3081 5074 3299 5128 ΕΠΙΣΤ.
3349 5074 3448 5130 II".

2713 5165 2943 5232 Ἰωάννῃ
2976 5167 3256 5233 πατρικίῳ
3287 5167 3382 5220 καί
3423 5168 3818 5235 σακελλαρίφ.

2070 5276 2333 5324 Montaeut.
2372 5235 2472 5338 (οἵ).
2506 5277 2584 5334 ιδ,
2618 5291 2667 5338 p.
2703 5276 2832 5339 102).

915 5361 1110 5414 lllustri
1133 5358 1348 5412 laudum
1372 5358 1640 5428 praeconio
1661 5359 1728 5412 ob
1753 5373 1813 5412 ea
1836 5374 1954 5427 quae
1979 5359 2119 5428 geris
2143 5359 2285 5426 apud
2314 5359 2393 5410 vi-

844 5463 932 5504 ros
953 5452 1147 5521 probos
1165 5461 1218 5504 et
1246 5450 1500 5504 honestos
1515 5450 1708 5519 dignus
1728 5465 1804 5504 es.
1834 5449 2015 5519 Neque
2056 5449 2299 5519 ignorare
2342 5457 2394 5502 te

2570 5361 2848 5429 Λαμπρῶν
2894 5360 3148 5423 ἐπαίνων,
3194 5359 3259 5412 δι’
3303 5353 3377 5413 ὧν
3431 5360 3706 5428 πράττεις,
3763 5357 3913 5426 παρὰ
3938 5358 4042 5418 τοῖς

2501 5450 2802 5514 σπουδαίοις
2819 5453 3097 5522 τυγχάνων
3121 5461 3142 5489 ²
3173 5451 3374 5513 δίκαιος
3400 5451 3463 5504 ἂν
3505 5450 3620 5521 εἴης
3640 5467 3654 5480 ·
3695 5450 3830 5520 μηδὲ
3861 5449 4041 5503 τούτου

2109 5603 2340 5658 νεικιῶ
2391 5602 2789 5665 LECTIONES.

914 5767 935 5792 '
965 5777 1052 5825 7P-
1086 5760 1160 5818 ὃς·
1241 5769 1261 5794 ι
1297 5759 1380 5811 ἷσ.
1409 5759 1708 5825 τυγχάνειν.
