4236 6436
290 393 392 460 937

1431 396 1959 459 EPISTOLARUM
1999 400 2224 459 LIBER
2250 400 2342 458 IIl

3398 392 3499 458 938

291 504 348 555 tv
381 502 575 572 ἀγνοίᾳ
608 498 768 567 εἶναι,
813 503 894 557 ὅτι
943 502 1065 556 ὅσον
1089 503 1289 573 ὑψηλὸν
1337 506 1431 558 καὶ
1460 507 1756 576 θαυμάσιον
1786 508 1847 560 τὸ
1872 512 1923 570 Λ
1947 525 1964 577 ι

1828 509 1923 570 5A
1947 525 2041 577 par
2070 520 2123 564 et
2161 524 2373 579 aequum
2403 518 2506 566 est.
2540 522 2681 575 quon
2714 515 2914 573 quanto
2946 504 3223 558 sublimior
3245 514 3300 559 et
3331 504 3501 559 adrui.—

291 595 349 644 ὲν
388 592 598 657 τούτοις
642 594 817 659 κλέος,
862 594 1128 664 τοσαύτης
1172 597 1265 648 καὶ
1292 598 1387 667 τῆς
1425 598 1725 667 ἀσφαλείας
1756 600 1849 651 καὶ

292 681 607 750 ἐπιμελείας
630 681 818 739 δεῖται.
852 682 1028 735 Πολλὰ
1060 684 1157 753 μὲν
1185 683 1292 756 γὰρ
1322 686 1464 737 κατά
1498 687 1608 738 τῶν
1635 688 1847 739 εὐδοκι-

293 771 555 841 μούντων,
581 772 689 826 ἀπὸ
705 771 807 843 τῆς
833 773 943 826 τῶν
974 773 1239 845 δαιμόνων
1271 776 1558 846 ἐπιϐουλῆς
1584 778 1800 845 ἀφίεται
1817 786 1848 825 .Y

294 863 453 934 βέλη·
478 865 627 917 οὐδὲν
654 865 710 918 δὲ
738 865 976 931 ἐλαττον,
1008 868 1103 921 καὶ
1137 868 1167 920 ό
1201 865 1260 932 ὲξ
1302 867 1603 937 ἀνθρώπων
1657 871 1849 941 ἀνερε-

293 958 573 1028 θιζόμενος
600 959 813 1028 φθόνος,
830 962 922 1014 τὸν
949 961 1025 1013 ἰὸν
1046 962 1245 1031 ὲκχέει.
1276 960 1436 1014 ’Δλλά
1459 961 1522 1013 σύ
1549 979 1612 1029 γε
1637 963 1725 1015 τὸν
1750 963 1850 1031 τῆς

292 1052 491 1119 ἀρετῆς
528 1052 627 1103 οὐκ
665 1052 898 1113 ἐνδιδοὺς
919 1053 1089 1116 τόνον,
1122 1054 1216 1106 καὶ
1248 1054 1328 1117 είς
1353 1055 1445 1106 τὸν
1471 1054 1633 1108 αὑτὸν
1654 1056 1711 1108 δὲ
1742 1058 1851 1118 τοῖς

296 1142 581 1212 προτέροις
602 1141 788 1210 ἀγῶνα
825 1143 922 1196 σὺν
949 1144 1152 1214 μετρίῳ
1179 1145 1272 1197 καὶ
1298 1146 1536 1214 ταπεινῷ
1560 1147 1849 1199 ὲναποδυό-

297 1250 454 1301 μενος
478 1234 556 1303 τῷ
582 1237 906 1304 φρονήματι,
931 1235 1039 1286 τῶν
1062 1236 1159 1304 μὲν
1181 1237 1340 1303 κωφά
1360 1237 1551 1290 θᾶττον
1576 1238 1851 1305 διελέγξας

293 1326 361 1377 τά
394 1325 528 1395 μέλη
549 1334 571 1361 ι
598 1326 677 1388 εις
707 1326 939 1395 ἐσχάτην
971 1327 1232 1396 αἰσχύνην
1256 1330 1351 1380 καὶ
1384 1330 1616 1399 ἀπορίαν
1655 1330 1852 1397 μᾶλλον

295 1417 491 1477 αὐτοὺς
516 1417 864 1487 περιστήσεις
883 1433 897 1447 ·
927 1417 1018 1469 τόν
1039 1419 1096 1470 δὲ
1114 1460 1128 1483 ,
1154 1422 1234 1481 εἰς
1256 1421 1382 1481 τοὺς
1401 1421 1657 1482 τεκόντας
1676 1459 1692 1483 ,
1717 1422 1854 1489 μετὰ

296 1506 537 1568 πλείονος
579 1507 800 1574 πικρίας
826 1509 1228 1578 ὲπαναστρέψαι
1265 1511 1701 1580 παρασκευάσεις
1721 1528 1733 1543 ⁸
1762 1515 1855 1565 καὶ

294 1597 387 1650 τὸν
418 1597 518 1666 τῆς
562 1597 773 1666 ἐχίδνης
812 1600 979 1668 μῦθον
1018 1602 1076 1654 ἐν
1103 1601 1289 1665 αὐτοῖς
1320 1603 1706 1672 ὲνεργούμενον
1736 1606 1853 1656 ἑπι-

295 1689 525 1755 δείξεις·
572 1689 768 1757 δείξας,
822 1692 919 1761 οὐχ
964 1694 1204 1760 ἐτέρους,
1257 1693 1375 1747 ἀλλ’
1418 1694 1612 1753 αὐτούς
1641 1712 1701 1761 γε
1733 1698 1856 1758 τοὺς

296 1782 729 1849 γεννησαμένους
771 1784 1219 1853 κατεσθιομένους
1256 1786 1454 1854 μᾶλλον
1489 1788 1581 1839 καὶ
1612 1788 1853 1855 διαφθει-

300 1874 581 1943 ρομένους,
623 1875 726 1926 ὑπὸ
776 1874 869 1927 τοῦ
927 1878 1094 1929 καλοῦ
1151 1880 1484 1946 γεννήματος
1533 1880 1713 1943 αὐτοῖς
1762 1882 1856 1933 τοῦ

299 1965 515 2034 φθόνου,
565 1965 630 2017 δι’
663 1958 738 2018 ὧν
776 1967 998 2020 σεαυτὸν
1038 1968 1421 2039 λαμπροτέρας
1460 1970 1730 2038 εὐφημίας
1764 1973 1869 2023 καὶ·

300 2056 653 2125 ἀναρρήσεως
682 2053 915 2124 μάλιστα
935 2054 1207 2121 ἀξιώσεις.

1829 1846 1931 1903 ,Β

1951 603 2159 655 ratione
2208 601 2419 670 dignior
2454 600 2521 653 ab
2560 599 2675 652 istis
2722 599 2885 667 gloria
2944 608 3306 665 comparatur,
3352 606 3502 650 tanto

1950 694 2137 761 majori
2180 693 2264 745 illa
2298 706 2427 744 cura
2455 699 2508 744 et
2539 690 2822 745 sedulitate
2858 688 3227 753 custodienda,
3266 696 3322 743 et
3357 699 3503 742 sarta

1953 794 2198 854 tectaque
2238 785 2537 854 prmstanda
2574 793 2675 838 cst.
2720 781 2949 836 Plurima
2992 781 3255 851 siquidem
3305 782 3358 835 in
3406 797 3503 836 eos

1951 876 2042 943 qui
2066 876 2406 945 prosperiore
2436 875 2572 928 fama
2595 875 2788 928 ﬂorent
2808 888 2905 942 per
2935 874 3247 929 insidiantes
3266 873 3504 928 diabolos

1952 968 2315 1021 immittuntur
2358 967 2490 1030 tela;
2530 983 2703 1036 neque
2738 966 2964 1019 multum
3001 966 3255 1021 deﬁciunt
3287 966 3373 1020 his
3405 965 3503 1020 ho«

1952 1060 2146 1124 mines,
2196 1058 2288 1128 qui
2333 1057 2544 1112 invidia:
2589 1074 2698 1111 suae
2750 1060 2899 1110 virus
2948 1057 3221 1125 prurigine
3276 1058 3506 1125 quadam

1952 1153 2239 1206 excitatum
2292 1150 2595 1205 effundunt.
2648 1149 2725 1202 Tu
2784 1159 2966 1204 autem
3008 1149 3142 1202 nihil
3189 1149 3257 1203 de
3292 1151 3507 1206 virtutis

1952 1260 2111 1298 cursu
2148 1244 2396 1304 remittis.
2432 1253 2485 1297 et
2509 1245 2575 1296 ad
2607 1242 2911 1296 eademmet
2932 1243 3069 1310 ipsa,
3103 1257 3221 1310 qua:
3240 1242 3347 1309 jam
3378 1243 3505 1295 olim

1953 1337 2109 1391 adisti
2146 1336 2456 1399 certamina,
2500 1345 2549 1386 te
2584 1349 2812 1403 apparas
2851 1348 2972 1387 cum
3009 1332 3280 1386 moderata
3317 1339 3369 1383 et
3410 1331 3509 1384 hu-

1956 1428 2068 1481 mili
2096 1427 2380 1483 aﬂ‘ectione
2407 1428 2567 1481 animi
2594 1445 2607 1493 ;
2641 1428 2741 1480 tela
2774 1426 2921 1478 irrita
2954 1424 3252 1488 reddidisti,
3276 1432 3330 1478 et
3356 1422 3510 1475 insu-

1956 1535 2051 1587 per
2091 1519 2237 1587 ipsos
2282 1519 2336 1572 in
2375 1528 2669 1572 extremam
2701 1518 3131 1586 desperationem
3166 1526 3323 1583 atque
3354 1529 3511 1567 vere-

1958 1609 2209 1663 cundiam
2262 1610 2571 1670 adduxisti;
2627 1608 2883 1661 invidiam
2930 1618 3107 1660 autem
3154 1606 3206 1657 in
3262 1615 3513 1657 auctores

1959 1700 2105 1768 ipsos
2125 1716 2246 1753 cum
2271 1701 2457 1769 majori
2476 1699 2833 1753 amaritudine
2856 1698 3268 1765 retorquendam
3290 1695 3510 1750 curasti.

1958 1789 2117 1843 Certe
2167 1788 2401 1841 fabulam
2446 1803 2565 1856 qua:
2613 1790 2679 1841 de
2725 1788 2903 1854 vipera
2939 1786 3129 1845 fertur,
3180 1785 3319 1850 apud
3371 1784 3514 1850 ipsos

1961 1883 2069 1935 vim
2126 1882 2368 1935 obtinere
2438 1896 2589 1934 suam
2638 1879 2967 1942 deelarabis;
3024 1880 3150 1931 dum
3213 1876 3515 1929 ostenderis

1965 1972 2374 2042 haudquaquam
2405 1972 2547 2025 illam
2568 1972 2700 2025 alios
2742 1970 2833 2025 sed
2859 1971 3001 2039 ipsos
3018 1978 3267 2039 parentes
3288 1967 3517 2021 exedere

1962 2074 2016 2117 et
2044 2064 2375 2133 disperdere,
2419 2064 2491 2117 ita
2530 2063 2750 2132 pulchra
2795 2076 3033 2131 propago
3069 2071 3151 2114 est
3184 2059 3404 2112 invidia.
3438 2056 3514 2111 Tu

302 2157 483 2205 tamen
509 2151 645 2204 hanc
673 2151 742 2205 ob
770 2166 985 2205 causam
1034 2152 1309 2206 illustriori
1368 2153 1595 2220 quadam
1626 2154 2072 2223 depraedicatione
2123 2161 2587 2228 publicationeque
2632 2170 2682 2211 te
2752 2157 2971 2226 dignum
3046 2153 3306 2223 imprimis
3372 2152 3517 2204 arbi-

303 2245 482 2300 traris.

907 2329 1128 2385 ΕΠΙΣΤ.
1171 2332 1266 2383 1Δ’.

318 2419 559 2488 Ἰωάννῃ
619 2419 902 2485 πατρικίῳ
955 2417 1055 2470 καὶ
1105 2420 1480 2487 armamapr
1532 2421 1682 2474 κατὰ
1729 2422 1864 2485 τοὺς

909 2488 1296 2555 Ἀγτουρίους.

2566 2330 2778 2385 EPIST.
2808 2330 2939 2382 XIV.

2112 2426 2301 2479 Joanni
2343 2427 2564 2493 patricio
2600 2437 2645 2477 et
2693 2425 2955 2477 sacellum
3001 2440 3089 2489 per
3122 2422 3396 2489 Angurios.

1534 2583 1797 2632 Montacut.
1839 2584 1941 2649 (ep.
1977 2582 2054 2641 49,
2090 2596 2139 2645 p.
2176 2583 2307 2643 102).

378 2687 467 2756 Τῷ
503 2688 709 2739 Ἀττιδι
744 2686 841 2756 μέν
866 2704 925 2738 σε
950 2688 1297 2759 ἀναφέρουσι,
1326 2688 1523 2742 Γάλλον
1552 2690 1859 2751 καλοῦντες,

309 2782 359 2833 οξ
394 2782 520 2849 παρ’
552 2778 773 2847 Ἕλλησι
823 2780 1099 2847 σοφισταί·
1154 2785 1217 2852 τῇ
1250 2782 1646 2849 γυναικωνίτιδί
1681 2799 1737 2833 σε
1770 2800 1865 2832 κα-

310 2869 668 2933 τακλείουσιν,
693 2869 1013 2937 ἀνδρόγυνον
1038 2872 1129 2921 καὶ
1151 2870 1348 2933 εἰδότες
1375 2872 1470 2924 καὶ
1490 2870 1864 2940 ὀνομάζοντες,

312 2963 362 3011 οἱ
398 2962 650 3029 ἡμέτεροι
700 2958 872 3026 σοφοί.
909 2960 1078 3013 Πόθεν
1122 2957 1214 3014 οὖν
1265 2962 1328 3013 σὺ
1360 2963 1485 3025 τοὺς
1532 2964 1867 3033 ἑκατέρωθεν

311 3054 469 3122 ὅρους
492 3052 732 3121 ὑπερϐὰς
754 3053 834 3113 εἱς
861 3052 930 3104 τὰ
954 3052 1054 3120 τῆς
1092 3052 1415 3123 Ἐκκλησίας
1440 3053 1573 3105 Θεοῦ
1596 3056 1869 3123 μυστήρια

2042 2690 2181 2743 Sunt
2202 2690 2289 2758 qui
2322 2702 2373 2743 te
2406 2696 2719 2757 comparant
2753 2687 2881 2750 Atti,
2907 2685 3113 2738 Gallum
3150 2685 3519 2738 nominantes:

1972 2786 2227 2839 nimirum
2281 2783 2574 2838 Graecanici
2623 2782 2899 2851 sophisue.
2963 2781 3135 2834 Nostri
3192 2780 3517 2840 nasuliores,

1971 2878 2061 2946 qui
2083 2886 2136 2930 et
2164 2876 2339 2930 sciunt
2369 2876 2749 2945 Androgynon,
2771 2883 2821 2927 et
2842 2874 2913 2926 ita
2931 2873 3243 2933 nominant,
3276 2872 3523 2941 Gymeeio

1973 2966 2354 3021 includendum
2379 2966 2615 3020 tradunt.
2641 2965 2794 3019 Unde
2814 2978 2941 3034 ergo
2957 2964 3157 3017 factum
3196 2972 3252 3016 ut
3277 2964 3526 3031 utrinque

1975 3059 2234 3113 terminos
2306 3057 2740 3125 eireumscriptos
2792 3056 3121 3118 transiliens,
3176 3056 3227 3107 in
3277 3054 3527 3109 Ecclesiae

315 3146 778 3216 παρεισέφρησας,
823 3147 935 3200 ἀνω
979 3146 1073 3197 καὶ
1103 3145 1252 3197 κάτω
1304 3145 1481 3197 πάντα
1522 3146 1724 3197 ποιῶν·
1777 3147 1871 3197 καὶ
1899 3138 1939 3192 C
1974 3161 1988 3205 ι

1850 3147 1871 3196 ἰ
1899 3138 1939 3192 C
1974 3161 2028 3205 te
2078 3152 2309 3204 sacraria
2344 3149 2625 3218 iniecisti?
2682 3149 2862 3203 omnia
2891 3164 3091 3216 susque
3126 3148 3298 3215 deque
3337 3146 3523 3199 habes.

315 3237 377 3288 τὸ
406 3239 462 3289 ὲν
494 3239 560 3304 τῇ
587 3239 652 3306 σῇ
680 3237 1012 3307 παραφθὸρῳ
1041 3236 1198 3302 φύσει
1224 3236 1471 3303 ἄκαρπόν
1498 3253 1557 3287 τε
1582 3236 1677 3288 καὶ
1704 3236 1873 3305 ἀχρη-

318 3346 441 3383 στον
475 3334 533 3385 ἐν
560 3335 625 3402 τῇ
664 3329 759 3382 τοῦ
799 3327 1035 3397 Χριστοῦ
1067 3328 1413 3400 γονιμωτάτῃ
1444 3329 1535 3380 καί
1566 3328 1873 3396 πολυτέχνῳ

330 3424 656 3493 Ἐκκλησία,
711 3422 1028 3490 φιλονεικεῖς
1081 3418 1532 3488 καταπράξασθαι
1560 3436 1575 3483 ;
1603 3419 1716 3472 ἀλλ’
1765 3419 1872 3472 ἴσθι

322 3512 510 3576 σαφῶς
531 3552 545 3576 ,
583 3513 664 3564 ὅτι
692 3511 817 3581 ᾅδου
853 3508 952 3578 μὲν
974 3509 1065 3560 καὶ
1112 3508 1219 3560 τῶν
1255 3508 1422 3560 αὑτοῦ
1455 3507 1663 3572 πυλῶν,
1695 3508 1762 3561 δι’
1800 3503 1875 3562 ὧν

321 3604 576 3671 πράττεις
601 3603 994 3677 ἀναιδέστερον,
1034 3601 1253 3651 σεαυτὸν
1280 3611 1306 3637 α
1335 3599 1745 3667 ὲστηλίτευσας·
1794 3602 1874 3652 ὅτι

318 3696 375 3749 δὲ
407 3696 499 3749 καὶ
529 3696 912 3761 ἀσθενέστερος
944 3689 1111 3763 ἦσθα,
1142 3696 1298 3761 ἡμεῖς
1331 3695 1425 3745 καὶ
1458 3696 1485 3745 ό
1512 3692 1603 3744 τοῦ
1638 3693 1873 3761 Χριστοῦ

324 3785 419 3837 σὺν
444 3785 575 3853 ἡμῖν
610 3783 1029 3851 πολυάνθρωπος
1062 3784 1154 3833 καὶ
1189 3784 1341 3848 ἅγιος
1370 3783 1546 3851 χορὸς,
1576 3783 1677 3834 κᾶν
1702 3784 1873 3852 λυπή-

323 3892 526 3944 σωμεν.
574 3874 932 3941 διελέγξομεν.
979 3874 1039 3925 Εἰ
1071 3874 1113 3925 δ’
1144 3876 1347 3925 ἐκεῖνον
1400 3875 1488 3925 τὸν
1522 3875 1875 3943 ἀρχιτέκτονα

319 3968 427 4017 τῶν
456 3966 900 4033 πονηρευμάτων,
932 3965 1067 4032 μετά
1108 3965 1213 4015 τῶν
1242 3965 1403 4016 αὐτοῦ
1446 3968 1627 4018 πυλῶν
1648 3960 1749 4033 (ὧν
1780 3968 1876 4035 μία

322 4055 460 4123 τάχα
495 4053 780 4119 τυγχάνεις
820 4053 1008 4117 αὐτὸς,
1066 4053 1183 4104 ὅλον
1232 4053 1422 4121 ἐκείνῳ
1460 4056 1519 4105 τὸ
1573 4055 1745 4122 στόμα
1784 4056 1876 4106 καὶ

323 4147 421 4213 τὴν
466 4141 715 4208 γλῶσσαν
753 4143 847 4195 καὶ
896 4145 993 4211 τὴν
1042 4142 1224 4212 φωνήν
1279 4145 1686 4213 χαρισάμενος),
1728 4147 1875 4211 ὅμως

327 4238 617 4307 σύμπασαν
666 4235 829 4289 αὐτοῦ
876 4237 974 4302 τὴν
1043 4237 1345 4305 παράταξιν
1403 4237 1723 4303 ἁνισχύρονς
1782 4238 1876 4288 καὶ

326 4330 637 4399 ἀπράκτους
670 4328 855 4380 κατὰδ
876 4328 977 4395 τῆς
1029 4328 1350 4396 Ἐκκλησίας
1380 4330 1541 4379 αὑτοῦ
1585 4329 1813 4398 Χριστὸς
1844 4330 1874 4396 ἡ

1974 3241 2190 3294 Natura:
2246 3250 2425 3293 autem
2476 3250 2579 3293 tua:
2632 3238 3052 3307 corruptissima:
3103 3235 3358 3305 quidquid
3411 3236 3527 3289 sine

1975 3339 2145 3387 l'ructu
2181 3342 2236 3385 et
2260 3332 2445 3385 inutile
2476 3331 2806 3393 adhaerebat,
2832 3331 2886 3383 in
2920 3329 3300 3383 fecundissima
3326 3328 3526 3382 Christi

1978 3422 2209 3477 Ecclesia
2234 3432 2289 3476 et
2315 3423 2496 3477 liberis
2516 3421 2925 3491 quamplurimis
2968 3420 3076 3474 feta
3097 3460 3111 3481 .
3139 3435 3403 3474 summam
3432 3434 3529 3488 per

1977 3512 2362 3579 impudentiam
2385 3512 2623 3565 inserere
2646 3510 2880 3563 voluisti.
2904 3509 3009 3563 Sed
3039 3508 3335 3562 clarissime
3365 3508 3527 3561 intel-

1976 3602 2106 3670 ligas
2146 3612 2387 3670 oportet,
2429 3602 2568 3668 quod
2602 3616 2698 3669 per
2730 3615 2793 3653 ea
2826 3616 2945 3667 qua:
2974 3599 3215 3667 operaris
3246 3599 3529 3667 impuden-

1977 3694 2200 3755 tissime,
2251 3702 2304 3746 te
2344 3693 2517 3761 palam
2555 3691 2838 3745 declarasti
2878 3692 3018 3759 quod
3059 3692 3122 3743 ad
3166 3690 3433 3744 infernum
3476 3700 3528 3742 ct

1977 3784 2171 3837 inferni
2224 3794 2403 3851 portas
2447 3792 2677 3851 spectes.
2723 3783 2875 3846 Quod
2916 3796 3075 3850 porro
3117 3783 3190 3833 sis
3225 3796 3381 3849 quam
3429 3782 3528 3833 ilhe

1977 3874 2120 3927 fures
2154 3874 2435 3934 inﬁrmior,
2469 3890 2567 3927 nos
2606 3886 2659 3926 et
2697 3875 2975 3927 nobiscum
3013 3888 3114 3924 una
3150 3872 3525 3925 numerosissi-

1980 3980 2100 4017 mus
2153 3963 2353 4018 Christi
2379 3978 2527 4032 grex,
2550 3965 2671 4017 licet
2700 3974 2886 4017 nostro
2916 3979 3034 4015 cum
3057 3963 3241 4015 dolore
3261 4000 3274 4023 ,
3305 3963 3529 4015 manife-

1978 4066 2119 4109 stum
2138 4056 2380 4109 facimus.
2420 4054 2550 4108 Cum
2581 4070 2710 4107 vero
2736 4055 2992 4119 malorum
3025 4053 3264 4107 omnium
3295 4053 3529 4106 archite-

1984 4157 2125 4201 ctum
2151 4147 2319 4208 illum,
2349 4162 2450 4199 una
2476 4162 2597 4199 cum
2626 4148 2791 4212 ipsius
2823 4144 2989 4213 portis
3015 4144 3263 4212 (quarum
3289 4143 3531 4197 fortassis

1981 4250 2036 4291 tu
2070 4255 2170 4290 una
2205 4254 2282 4297 es,
2317 4253 2438 4289 cum
2470 4238 2520 4288 in
2553 4238 2778 4290 solidum
2812 4237 2908 4303 ipsi
2941 4251 3023 4298 os,
3058 4236 3311 4305 linguam,
3344 4251 3530 4289 vocem

1980 4330 2373 4395 concesseris),
2405 4341 2456 4383 et
2497 4345 2687 4381 omnes
2736 4330 2903 4396 ipsius
2944 4328 3211 4381 exercitus
3248 4327 3531 4389 invalidos,

326 4420 550 4488 ἀλήθεια
597 4420 944 4488 ἀπεφήνατο’
984 4417 1145 4487 μέχρι
1178 4420 1318 4480 τίνος
1350 4420 1448 4470 οὐκ
1479 4420 1687 4479 ὲνδίὸως
1722 4422 1872 4471 ἀναι-
1907 4438 1999 4516 Dr

1859 4450 1872 4457 -
1907 4432 2038 4516 Det
2090 4420 2220 4473 nihil
2273 4430 2491 4489 agentes
2534 4430 2717 4473 contra
2768 4420 3077 4483 Ecclesiam,
3122 4419 3371 4473 Christus
3419 4419 3532 4486 ipsa

326 4510 642 4578 δευόμενος,
697 4511 787 4560 καὶ
834 4511 911 4570 εἰς
940 4508 1197 4576 οὐρανοὺς
1225 4508 1292 4559 τὰ
1324 4508 1424 4575 τῆς
1469 4510 1722 4570 ἀπονοίας
1756 4508 1881 4577 βέλη

332 4602 466 4669 μετά
488 4600 688 4667 πολλῆς
713 4600 809 4667 τῆς
835 4599 1187 4662 ἀναισθησίας
1218 4600 1393 4664 ἀφιείς
1417 4616 1429 4661 ;
1454 4601 1519 4652 δι’
1547 4594 1639 4660 ὧν,
1674 4602 1881 4667 γέλωτα

333 4694 430 4762 μὲν
457 4694 564 4752 τοῖς
596 4690 1005 4760 συμπράττουσι
1043 4688 1258 4759 δαίμοσι
1289 4694 1473 4753 κινεῖς,
1504 4692 1675 4760 λύπην
1704 4694 1760 4744 δὲ
1791 4694 1881 4743 ἐπὶ

328 4786 394 4852 τῇ
427 4786 492 4851 σῇ
531 4781 775 4851 ἀπωλείᾳ
800 4784 910 4841 τοῖς
945 4781 1118 4847 ἁγίοις
1151 4782 1448 4849 προξενεῖς,
1487 4784 1712 4851 μισητὸν
1741 4784 1795 4835 δὲ
1826 4786 1882 4834 τὸ

333 4875 422 4925 σὺν
451 4874 603 4940 γένος
634 4872 727 4924 νῦν
757 4872 952 4939 μᾶλλον
988 4872 1019 4939 ἢ
1054 4872 1314 4940 πρότερον
1357 4875 1447 4923 καὶ
1478 4873 1755 4942 διαϐόητον
1787 4876 1879 4923 ἐπὶ

332 4963 497 5031 κακία
529 4962 815 5030 παριστᾷς.

925 5236 1140 5288 ΕΠΙΣΤ.
1188 5237 1281 5287 lli'.

752 5324 1106 5387 Ἁναστασίῳ
1148 5329 1470 5390 φοραὶ-γρ).

1984 4514 2182 4565 veritas
2208 4512 2366 4565 nobis
2396 4512 2824 4564 conﬁrmaverit:
2858 4525 3134 4579 quousque
3173 4520 3227 4562 tu
3259 4511 3325 4563 de
3357 4509 3533 4576 impuo

1982 4606 2161 4659 dentia
2195 4615 2281 4657 tua
2314 4604 2389 4655 nil
2422 4604 2694 4657 remittis?
2732 4618 3008 4671 quousque
3048 4617 3151 4654 non
3186 4602 3402 4655 emittes
3431 4602 3532 4653 im-

1980 4695 2249 4763 pudentiae
2276 4703 2381 4747 tua:
2404 4694 2505 4746 tela
2535 4694 2736 4745 furioso
2766 4708 2915 4744 more
2946 4692 2999 4743 in
3022 4692 3216 4744 malum
3241 4689 3537 4758 ejaizulari?

1984 4786 2123 4838 unde
2182 4786 2347 4838 risum
2411 4795 2463 4837 et
2524 4786 2811 4838 ludilirinm
2868 4784 3249 4837 auxiliantibus
3307 4782 3534 4835 diabolis

1986 4875 2275 4937 ministras,
2320 4875 2555 4927 dolorem
2594 4889 2719 4927 vero
2755 4875 2820 4926 de
2864 4885 2947 4926 tua
2996 4873 3291 4941 perditione
3336 4873 3535 4925 sanctis

1989 4966 2273 5018 suti'undis.
2328 4965 2508 5019 Genus
2551 4981 2713 5033 porro
2764 4974 2954 5022 tuum,
3003 4964 3138 5015 ultra
3198 4978 3353 5029 quam
3407 4963 3534 5013 olim

1993 5057 2185 5115 fuerat,
2238 5056 2363 5110 Oili'l
2414 5056 2595 5108 haberi
2649 5066 2703 5109 et
2774 5055 3114 5108 detestatioui
3170 5054 3317 5115 facis,
3369 5064 3423 5104 et
3468 5055 3536 5103 ob

1995 5150 2385 5213 improliilatzm
2413 5146 2764 5200 ililTaniatnm.

2590 5237 2801 5291 El‘lST.
2827 5235 2943 5291 XV.

2348 5331 2627 5382 Anastasio
2666 5330 2843 5380 tributi
2894 5328 3172 5380 collectoi-i.

1595 5417 1856 5468 Montaeut.
1896 5422 1997 5485 (ep.
2034 5423 2109 5477 5|,
2145 5437 2193 5485 p.
2228 5424 2354 5483 106).

404 5504 514 5556 Οὐκ
544 5501 659 5554 ἔστι
687 5517 768 5553 σοι
793 5500 1018 5567 πάροδος
1045 5500 1121 5559 εἰς
1140 5499 1237 5561 τὴν
1265 5498 1362 5565 τῆς
1391 5498 1659 5566 βασιλείας
1690 5502 1880 5569 πύλην,

331 5594 463 5647 διότι
493 5610 572 5644 σοι
590 5589 789 5657 ταύτην
810 5589 1149 5655 ἀπετείχισεν
1170 5589 1197 5638 ὁ
1220 5588 1315 5654 τῆς
1344 5589 1703 5657 φιλαργυρίας
1726 5592 1880 5660 ἔρως,

2063 5506 2211 5558 llaud
2238 5507 2327 5558 tibi
2354 5516 2499 5572 patet
2540 5506 2810 5571 ingressus
2839 5519 2934 5572 per
2960 5504 3156 5555 ostium
3192 5502 3244 5553 in
3281 5516 3500 5577 regnum
3526 5520 3536 5553 :

1992 5599 2335 5665 pecuniariun
2374 5598 2572 5664 quippe
2622 5611 2769 5647 arnor
2807 5610 2928 5647 eum
2976 5595 3067 5647 tihi
3103 5594 3347 5647 occlusit.
3394 5592 3541 5657 Quod

1609 5700 1834 5753 VARI/li
1888 5704 2281 5759 LECTIONES.

783 5804 801 5829 ²
835 5813 923 5861 ῃ).
966 5794 1111 5861 βέὶσπ.
1189 5810 1210 5834 υ
1241 5797 1445 5848 ἑαυτόν.

612 5895 873 5950 ΡΑτιιοι..
911 5891 1025 5951 (in.
1066 5895 1192 5947 LII.

414 5807 438 5846 3'
472 5798 703 5865 ε’ριέται.

1527 5799 1549 5835 ιι
1594 5799 1726 5864 μετά
1757 5799 1974 5854 ΗωτυΙι.
