4236 6436
802 391 907 453 939

1920 385 2176 446 ΡΗΟΤΙΙ
2215 379 2711 444 ΡΑΤΒΙΑΗΟΗΕ
2748 381 2855 440 CP.

3922 385 4017 447 940

802 503 847 557 si
890 514 1098 556 murum
1141 498 1476 568 interiectum
1520 513 1626 568 quo
1662 499 1983 562 excluderis,
2022 513 2118 567 per
2155 511 2355 566 paupe-
2385 495 2475 558 ΑΙ

2344 527 2355 536 -
2385 503 2430 558 Α
2459 495 2520 547 Ei
2556 493 2613 546 δὲ
2636 493 2698 546 τὸ
2727 493 3038 562 μεσότοιχον
3062 493 3148 546 διὰ
3177 494 3574 564 φιλοπτωχειας
3593 496 3799 562 λύσεις,
3833 497 4017 551 θᾶττον

800 609 921 648 rum
969 605 1205 645 amorem
1247 589 1583 644 submoveris
1615 630 1628 654 ,
1673 591 1992 659 quantocius
2039 597 2092 642 te
2135 588 2356 657 recipiet
2459 587 2473 636 1‘

2082 604 2092 641 ι
2135 588 2356 657 recipiet
2459 587 2492 654 ή
2519 584 2616 653 τῆς
2648 583 3022 655 έλεημοσύνης
3047 584 3363 648 ὑποδέξεταί
3394 602 3453 638 σε
3486 587 3755 641 κατοικία.

801 687 1152 756 eleemosynze
1177 682 1445 739 destinata
1471 683 1752 738 habitatio.

1377 795 1593 852 EPIST.
1624 794 1740 848 XVI
1753 835 1767 849 .

1471 888 1671 942 Eidem.

3039 783 3260 838 sum.
3316 785 3431 850 ις.

3088 874 3172 941 Τῷ
3213 877 3291 931 αὐ
3297 875 3395 941 τῷ.

2012 999 2277 1050 Montacut.
2317 1003 2417 1066 (cp.
2455 1007 2531 1062 52,
2567 1022 2614 1070 p.
2651 1007 2784 1070 106).

863 1109 1078 1164 Nullum
1121 1107 1406 1164 admittunt
1446 1109 1585 1163 inter
1623 1124 1682 1163 se
1715 1111 2101 1164 commercium
2125 1112 2355 1167 avaritia

2529 1119 2643 1171 Οὐκ
2691 1114 2799 1172 οἶδε
2844 1118 3058 1171 συνοδον
3097 1118 3364 1184 ἀλλήλων,
3406 1115 3686 1182 πλεονεξία
3715 1116 3816 1172 καὶ
3841 1116 4020 1184 φιλαν-

795 1213 849 1256 et
891 1203 1217 1256 humanitas.
1253 1200 1435 1272 Longe
1472 1204 1626 1258 abest
1667 1203 1810 1257 enim
1842 1202 1921 1256 vir
1954 1203 2260 1258 misericors
2288 1204 2356 1259 ab
2458 1209 2468 1260 Ι

2348 1223 2356 1255 ι
2458 1208 2696 1281 θρωπία.
2743 1209 2978 1280 Μακράν
3016 1208 3212 1278 ἀπέχει
3259 1208 3400 1280 ἀνὴρ
3471 1208 3718 1277 ἐλεήμων
3768 1207 3873 1275 τῆς
3918 1223 4021 1257 των

793 1294 918 1349 odio
944 1294 1204 1357 fraterno,
1231 1307 1338 1361 quo
1361 1293 1609 1348 laborant
1632 1293 1846 1348 divites.
1873 1292 2138 1358 Quocirca
2173 1294 2352 1348 hiatus
2450 1317 2466 1351 ι

2346 1311 2352 1346 ι
2450 1300 2818 1353 πλουτούντων
2845 1298 3219 1368 μισαδελφίας.
3250 1300 3352 1353 Διά
3367 1297 3526 1351 τοῦτο
3550 1299 3646 1350 καὶ
3672 1297 3821 1366 μέγα
3837 1297 4019 1366 χάσμα

796 1385 984 1456 ingens
1027 1385 1370 1439 constituitur
1409 1385 1548 1440 inter
1583 1384 1856 1438 infernum
1891 1391 1948 1438 et
1975 1385 2234 1440 caelorum
2267 1400 2352 1440 re-
2448 1390 2469 1442 ὲ

2011 1385 2234 1440 telorum
2267 1400 2352 1440 re-
2448 1390 2760 1461 ἐστήρικται
2783 1387 2986 1458 μεταξὺ
3015 1391 3242 1459 γεέννης
3276 1391 3369 1443 καὶ
3393 1388 3684 1460 βασιλείας.

1375 1585 1594 1642 EPIST.
1621 1585 1784 1640 XVII.

1472 1676 1676 1730 Eidem.

3057 1584 3280 1639 ΕΠΙΣΤ.
3331 1585 3428 1638 IZ'.

3088 1674 3172 1740 Τῷ
3201 1674 3384 1740 αὐτῷ.

2024 1787 2286 1837 Montacut.
2325 1788 2428 1848 (ep.
2463 1786 2541 1846 53,
2575 1801 2623 1848 p.
2664 1786 2790 1847 107).

862 1901 1090 1957 Divitias
1138 1913 1385 1961 evacuas,
1437 1906 1492 1950 et
1544 1895 1890 1950 vehementer
1937 1893 2164 1964 gaudeo,
2205 1893 2347 1962 quod

791 1994 889 2050 tibi
933 1993 1190 2048 caelorum
1242 2003 1465 2057 regnum
1503 1986 1824 2041 aediﬁcatum
1867 1985 2115 2038 videam:
2163 1985 2256 2038 sed
2296 1992 2350 2036 et

793 2099 900 2140 una
934 2091 1262 2139 evacuentur
1289 2080 1513 2134 allectus
1544 2079 1639 2140 illi,
1671 2079 1761 2150 qui
1797 2078 2012 2132 divitias
2042 2079 2190 2147 prius
2228 2094 2349 2148 pos-

794 2177 1053 2232 sederunt
1091 2192 1103 2228 :
1145 2184 1205 2229 ut
1238 2189 1346 2228 non
1380 2173 1538 2227 modo
1564 2173 1829 2226 thalamus
1865 2172 1962 2226 tibi
1997 2173 2188 2243 regalis
2219 2187 2350 2226 con-

793 2269 994 2340 tingat,.
1011 2266 1106 2322 sed
1129 2275 1184 2320 et
1215 2280 1443 2334 sponsus
1481 2265 1639 2318 etiam
1671 2264 1895 2334 prodeat
1934 2263 2160 2334 pulchre
2194 2279 2351 2319 exor-

794 2368 975 2413 natus.

1370 2444 1579 2500 EPIST.
1610 2445 1792 2500 XVIII.

1282 2536 1550 2602 Galatoni,
1573 2553 1604 2588 a
1631 2539 1853 2588 secretis.

2520 1893 2707 1953 Κενοῖς
2736 1891 2828 1944 τὸν
2869 1889 3096 1944 πλοῦτον
3119 1908 3132 1922 ·
3168 1890 3261 1942 καὶ
3294 1891 3434 1960 μέγα
3477 1891 3650 1960 χαίρω
3677 1890 3760 1943 ὃτι
3801 1905 3883 1942 σοι
3924 1888 4016 1957 βα-

2451 1981 2651 2034 σιλείαν
2670 1981 2912 2050 οὐρανῶν
2929 1983 3039 2053 ὁρῶ
3058 1981 3538 2052 οἰκοδομουμένην.
3568 1980 3724 2033 Ἀλλά
3750 1980 4017 2032 κενούσθω

2451 2091 2531 2126 σοι
2581 2075 2674 2125 καὶ
2724 2074 2760 2127 ἀ
2807 2077 3128 2146 προκατεῖχε
3177 2075 3268 2129 τὸν
3302 2073 3531 2127 πλοῦτον
3591 2073 3771 2142 πάθηο
3826 2074 3913 2125 ἵνα
3943 2072 4014 2142 μή

2454 2167 2610 2236 μόνον
2639 2169 2671 2236 ἡ
2704 2167 2916 2230 παστὰς
2965 2166 3183 2239 ὑπάρχῃ
3231 2166 3505 2236 βασιλικὴ,
3534 2167 3669 2220 ἀλλά
3703 2166 3795 2218 καὶ
3827 2166 3856 2217 ὁ
3887 2183 4015 2234 νυμο

2452 2255 2571 2324 φίος
2607 2256 3030 2327 ὲξωραῖσμένος.

3041 2452 3265 2508 ΕΠΙΣΤ.
3314 2456 3418 2509 1Η’.

2894 2544 3202 2599 Γαλάτωνι
3228 2545 3574 2614 ἀσηκρῆτις.

2031 2655 2292 2705 Montacut.
2328 2656 2429 2719 (ep.
2463 2659 2541 2721 55,
2580 2672 2630 2723 p.
2666 2659 2799 2724 110).

871 2766 1207 2836 Archetypon
1230 2765 1248 2834 (
1271 2763 1495 2832 Opinor)
1522 2772 1621 2828 est,
1649 2777 1745 2816 nec
1763 2762 1826 2816 ad
1849 2762 2198 2818 imitationem
2231 2764 2352 2819 alio-

795 2874 913 2913 rum
963 2857 1290 2920 institutum,
1348 2855 1587 2924 praeclari
1645 2854 1804 2908 amici
1858 2856 1933 2909 tui
1985 2856 2347 2914 mendacium.

795 2951 982 3020 Neque
1029 2949 1174 3004 enim
1212 2947 1524 3017 persuaderi
1561 2946 1663 3014 ipsi
1697 2946 1904 3015 possit,
1937 2957 1996 3001 ut
2027 2961 2148 3000 cum
2180 2949 2353 3017 poetis

801 3043 888 3098 vel
936 3040 1320 3097 amantissimis
1359 3039 1651 3103 ﬁctionum,
1687 3053 1755 3092 ne
1796 3039 1969 3092 dicam
2003 3040 2222 3093 comicis
2264 3050 2354 3094 aut

799 3135 1039 3204 tragicis,
1072 3139 1443 3201 comparetur;
1475 3130 1644 3184 multo
1681 3130 1847 3198 magis
1881 3130 1970 3198 qui
2003 3145 2091 3185 res
2130 3130 2352 3184 heroum

799 3235 976 3296 gestas
1012 3234 1182 3277 metro
1226 3236 1517 3292 paronymo
1547 3219 1563 3289 (
1595 3221 1696 3274 hoc
1735 3231 1836 3282 est,
1875 3221 2093 3275 heroico
2122 3221 2141 3291 )
2173 3237 2353 3290 perse-

800 3317 908 3371 cuti
943 3324 1087 3369 sunt.
1133 3313 1267 3367 Cum
1297 3327 1422 3366 vero
1465 3322 1653 3380 poetas
1699 3327 1884 3366 omnes
1925 3313 1978 3366 in
2018 3321 2354 3381 extempora-

803 3407 942 3459 libus
965 3403 1230 3476 ﬁgmentis
1249 3402 1657 3472 transgreditur,
1697 3403 1855 3470 idque
1898 3418 2019 3456 cum
2046 3403 2353 3472 supercilio,

803 3499 1090 3551 historicus
1130 3496 1390 3564 quispiam
1434 3505 1529 3547 aut
1577 3509 1732 3563 prosa
1795 3494 2042 3562 scriptor,
2080 3495 2167 3547 hic
2213 3508 2354 3561 opus

803 3599 901 3650 est,
953 3597 1010 3641 ut
1054 3587 1107 3639 in
1151 3585 1462 3640 memoriam
1505 3593 1783 3638 revocetur
1817 3585 1897 3649 ei,
1943 3593 1996 3637 et
2035 3600 2098 3637 ex
2131 3585 2352 3637 adverso

801 3688 1155 3747 componatur
1193 3687 1445 3731 strenuus
1483 3676 1746 3744 quispiam
1790 3676 2189 3728 mendaciorum
2237 3690 2353 3728 sar-

802 3781 906 3833 tor,
961 3776 1019 3821 ut
1046 3769 1118 3821 ita
1165 3782 1415 3836 magnum
1451 3776 1505 3820 et
1539 3766 1758 3820 dubium
1795 3766 2022 3819 subeant
2059 3774 2347 3820 certamen.

801 3860 932 3926 Quis
960 3867 1136 3913 autem
1169 3859 1255 3912 ille
1286 3858 1497 3911 tandem
1527 3857 1632 3910 erit
1657 3858 1679 3908 ?
1713 3856 1871 3911 Certe
1899 3871 2000 3910 nec
2038 3856 2176 3909 inter
2202 3856 2352 3910 Grae-

803 3967 914 4011 cos,
959 3950 1052 4005 sed
1140 3965 1316 4018 neque
1359 3949 1612 4002 barbaros
1655 3947 1854 4002 versari
1892 3947 2199 4017 dignabitur
2239 3947 2347 4002 ille.

803 4041 908 4094 Sed
933 4055 1084 4110 ~0pus
1123 4051 1300 4094 autem
1336 4051 1418 4093 est
1458 4049 1515 4092 ut
1545 4039 1833 4109 investiges
1879 4048 2073 4092 terram
2117 4038 2349 4090 homini-

801 4133 903 4185 bus
958 4131 1287 4200 incognitam
1316 4173 1330 4196 ,
1375 4130 1555 4200 potius
1602 4145 1720 4198 quae
1774 4145 2036 4198 nusquam
2099 4129 2345 4194 habetur,

2544 2770 2887 2838 Ἀρχὲτυπον,
2925 2765 3099 2840 οἶμαι,
3144 2770 3238 2823 καὶ
3278 2771 3339 2821 ού
3375 2769 3511 2839 πρὸς
3554 2769 3786 2837 μίμησιν
3819 2767 4017 2838 ἐτέρων

2458 2861 2928 2930 μεμηχανημένον,
2955 2861 3048 2912 τοῦ
3081 2860 3245 2912 καλοῦ
3292 2877 3384 2912 σου
3441 2859 3593 2928 φίλου
3646 2859 3902 2926 τυγχάνει
3957 2858 4018 2909 τὸ

2459 2948 2672 3016 ψεῦδος.
2713 2951 2968 3018 Ποιηταῖς
3009 2949 3106 3018 μὲν
3136 2950 3266 3017 γάρ,
3300 2950 3472 3002 καίτοι
3505 2947 3890 3017 φιλομυθοῦσιν
3921 2949 4013 3018 (ού

2461 3041 2604 3107 λέγω
2622 3043 2900 3109 κωμικοῖς,
2916 3040 3030 3092 ἀλλ’
3050 3040 3167 3092 οὐδὲ
3190 3039 3525 3107 τραγικοῖς),
3547 3039 3646 3091 οὐκ
3677 3038 3742 3091 ἂν
3765 3037 4014 3106 πεισθείη

2464 3131 2864 3202 συγκρίνεσθαι.
2912 3129 3094 3200 nam;
3137 3131 3193 3185 δὲ
3225 3130 3443 3199 μᾶλλον,
3479 3129 3589 3181 οὐδ’
3616 3123 3698 3191 οἷς
3726 3128 3796 3181 τά
3823 3129 4017 3200 ἡρώων

2463 3220 2776 3290 παρωνύμῳ
2824 3220 3007 3290 μέτρῳ
3069 3220 3349 3290 ἐξῄρηται.
3403 3221 3576 3273 Ὅπου
3622 3219 3710 3284 δὲ,
3775 3222 4018 3290 ποιητῶν

2460 3313 2736 3374 ἀπάντων,
2793 3315 2850 3365 έν
2904 3313 2982 3381 τῷ
3033 3313 3354 3382 σχεδιάζειν,
3417 3313 3881 3383 ύπερωφρύωται,
3936 3317 4018 3375 τίς

2463 3404 2744 3475 ἱστορικῶν
2802 3404 2834 3474 ἢ
2893 3405 3250 3475 συγγραφέων
3301 3407 3382 3467 εἰς
3428 3404 3645 3473 μνήμην
3702 3405 3862 3472 χρεία
3925 3407 4019 3456 καὶ

2460 3495 2778 3564 παράθεσις;
2804 3496 2936 3565 πρὸς
2969 3497 3061 3548 ἕνα
3100 3499 3246 3560 τινὰ,
3282 3495 3486 3552 λοιπὸν.
3521 3495 3803 3562 γενναίων,
3840 3491 4014 3562 οἶμαι.

2457 3588 2525 3639 τά
2551 3588 2739 3657 ψευδῆ,
2775 3589 2946 3657 μέγας
2978 3589 3124 3658 αὐτῷ
3151 3591 3245 3639 καὶ
3277 3589 3622 3656 ἀμφήριστος
3667 3586 4016 3637 ὑπολείπεται

2459 3679 2486 3730 ὁ
2513 3677 2679 3744 ἀγών.
2727 3677 2822 3740 Τίς
2852 3675 2943 3730 οὖν
2977 3681 3120 3730 ἐστιν
3164 3673 3346 3740 οὖτος;
3379 3677 3492 3727 Οὐκ
3517 3677 3574 3726 έν
3597 3674 3870 3741 Ἕλλησιν,
3907 3674 4015 3726 οὐδ’

2459 3769 2516 3817 ὲν
2561 3767 2860 3838 Βαρδάροις
2909 3767 3048 3830 ἀξιοῖ
3090 3765 3460 3818 πολιτεύεσθαι
3482 3779 3496 3793 °
3529 3766 3632 3832 γῆν
3651 3763 3709 3814 δὲ
3737 3763 4017 3828 ἄγνωστον

2458 3856 2783 3926 ἀνθρώποις,
2835 3856 3034 3926 μᾶλλον
3080 3857 3124 3909 δ’
3154 3856 3499 3923 ἀνύπαρκτον
3543 3855 3698 3917 ὅλως,
3741 3855 3836 3907 καὶ
3861 3855 4015 3920 γένος

2457 3949 2890 4016 ἀκατονόμαστον
2915 3949 3269 4017 ἐπιζητήσας,
3294 3947 3545 3999 κακεῖθεν
3577 3945 3880 4012 ἐπιδημῶν,
3904 3947 4016 4006 τοῖς

2461 4039 2668 4107 μύθοις,
2702 4039 2808 4091 τῶν
2851 4041 3172 4110 ἀπορρήτων
3223 4035 3529 4107 ὑφηγητὴς,
3587 4037 3725 4104 μετά
3779 4035 4014 4102 φοϐερᾶς

2456 4131 2552 4198 τῆς
2575 4130 2772 4199 ὀφρύος
2805 4130 3163 4199 προκάθηται.
3203 4128 3480 4197 Τιμοκλέα
3521 4129 3670 4191 ποτὲ,
3723 4128 3922 4195 μᾶλλον
3956 4128 4011 4178 δὲ

801 4232 854 4276 ct
887 4233 1098 4292 gentem
1133 4222 1362 4291 aliquam
1406 4222 1790 4276 innominatam
1820 4240 1834 4286 ;
1881 4221 2004 4275 inde
2043 4222 2150 4276 huc
2195 4236 2349 4291 pere-
2384 4235 2427 4290 ῃ
2456 4222 2474 4272 1

2338 4250 2349 4259 -
2384 4235 2427 4290 ῃ
2456 4221 2882 4274 Χλονθάκονθλον
2907 4221 2995 4272 τὸν
3014 4219 3327 4288 Ὀφιοκανὸν
3357 4222 3454 4286 (δεῖ
3479 4220 3604 4290 γάρ,
3628 4219 3702 4282 ὡς
3728 4222 3892 4286 ἱοικε,
3921 4225 4011 4275 καὶ

802 4315 988 4384 grinus
1030 4313 1279 4368 adveniat
1326 4323 1425 4379 ;et
1471 4329 1590 4366 cum
1635 4313 1859 4367 terribili
1897 4314 2126 4382 quodam
2165 4326 2353 4382 super-

803 4406 970 4468 cilio,
1032 4414 1363 4458 secretorum
1427 4415 1753 4467 enarrator,
1819 4404 2011 4459 fabulis
2073 4405 2355 4473 praesideat

803 4495 1139 4549 enarrandis.
1177 4493 1468 4549 Timoclem
1503 4494 1642 4549 forte
1671 4496 1925 4562 aliquem,
1958 4511 2079 4548 cum
2105 4496 2187 4549 vel
2219 4511 2355 4564 puer

803 4587 888 4641 vel
931 4585 1243 4640 adolescens
1281 4585 1683 4654 disciplinarum
1715 4586 1924 4638 scholas
1953 4587 2160 4649 adires,
2200 4587 2354 4639 audi—

802 4681 948 4738 visti.
983 4687 1077 4732 aut
1095 4677 1582 4732 Clonthaconthlon
1623 4676 1966 4744 opbicianum
1996 4683 2013 4745 (
2041 4693 2162 4729 nam
2196 4692 2351 4730 mon-

804 4784 912 4827 stra
945 4771 1101 4825 nobis
1121 4770 1400 4824 nominum
1427 4769 1702 4822 formanda
1725 4778 1849 4822 sunt
1872 4769 1886 4832 )
1912 4768 2352 4836 Ophicianorum,

805 4879 941 4934 quos
974 4863 1075 4917 sibi
1096 4861 1350 4924 conﬁxit,
1380 4861 1614 4914 nationis
1644 4871 1909 4922 naturam,
1941 4859 2176 4928 politiam
2203 4897 2216 4920 ,
2252 4875 2353 4928 pu-

807 4970 958 5023 gnas,
1008 4953 1278 5015 victorias,
1331 4952 1454 5006 vitae
1506 4953 1718 5015 sazcula,
1782 4959 1985 5014 aetates,
2037 4949 2352 5014 felicitates,

808 5061 983 5115 neque
1017 5045 1298 5098 hominum
1334 5043 1722 5105 tantummodo,
1755 5042 1848 5096 sed
1884 5051 1939 5095 et
1969 5041 2268 5110 plantarum
2303 5051 2358 5095 et

810 5137 1139 5197 animalium,
1174 5137 1355 5200 maris,
1392 5143 1448 5189 et
1485 5144 1639 5188 terra:
1664 5175 1676 5197 ,
1712 5134 1974 5203 aerisque,
2015 5133 2356 5202 hyperbolice

811 5226 1178 5286 mentientem,
1223 5235 1275 5278 et
1321 5224 1622 5293 prodigiose
1656 5231 2091 5291 prosequentem.
2126 5221 2281 5276 Certe
2313 5222 2354 5275 si

812 5317 1098 5384 prarclarus
1143 5315 1230 5367 illc
1280 5324 1405 5367 tuus
1444 5313 1668 5378 amicus,
1713 5313 1764 5366 in
1804 5324 2076 5368 certamen
2107 5315 2173 5368 de
2203 5329 2356 5367 men—

811 5407 1012 5468 tiendo,
1061 5424 1182 5461 cum
1225 5407 1326 5461 isto
1372 5407 1585 5460 homine
1625 5407 1995 5473 descenderet,
2043 5409 2253 5478 judices
2304 5417 2358 5460 et

811 5499 1152 5568 praemiorum
1184 5498 1559 5554 distributores
1586 5541 1599 5565 ,
1635 5498 1700 5553 ad
1735 5499 2033 5555 istiusmodi
2064 5499 2356 5554 certamina

2452 4312 2520 4364 τα
2564 4313 2801 4380 ὀνόματα
2829 4311 3248 4381 τερατεύεσθαι)
3299 4312 3564 4380 κουρίζων
3597 4312 3726 4374 ἴσως
3750 4313 3784 4381 ἢ
3824 4329 4009 4381 μειρα-

2453 4402 2622 4464 κίξων
2646 4405 2756 4466 τοῖς
2777 4401 3114 4471 μαθήμασιν,
3137 4402 3393 4471 ήκουσας,
3411 4402 3742 4471 Ὀφιοκανῶν
3762 4402 4006 4461 ικείνων,

2452 4492 2545 4556 οὓς
2585 4496 2742 4557 αὐτὸς
2786 4494 3144 4562 ὑπεστήσατο,
3190 4495 3366 4561 γένος,
3407 4497 3498 4548 καὶ
3526 4494 3708 4563 φύσιν,
3743 4497 3839 4547 καὶ
3866 4498 4009 4547 πολι-

2452 4583 2622 4646 τείαν,
2653 4585 2746 4635 καὶ
2772 4585 2968 4652 μάχας.
3000 4583 3093 4635 καὶ
3126 4584 3300 4647 νίκας,
3329 4584 3422 4635 καὶ
3457 4583 3584 4652 βίων
3617 4584 3820 4647 αἰῶνας
3842 4596 3890 4647 ε,
3919 4591 4010 4638 καὶ

2452 4675 2686 4744 ἡλικίας,
2713 4677 2805 4726 καὶ
2827 4674 3165 4742 εὐδαιμονίας
3183 4691 3197 4704 ·
3227 4675 3326 4726 οὐκ
3349 4674 3651 4745 ἀνθρώπων
3676 4675 3854 4744 μόνον,
3879 4677 4010 4729 ἀλλά

2455 4769 2548 4819 καὶ
2577 4767 2779 4834 φυτῶν,
2821 4767 2911 4818 καὶ
2944 4765 3117 4829 ζώων,
3153 4768 3244 4819 καὶ
3287 4767 3409 4835 γῆς,
3442 4769 3535 4819 καὶ
3571 4766 3863 4837 θαλάσσης,
3919 4772 4010 4820 καὶ

2454 4860 2632 4928 ἀέρος,
2678 4860 2770 4910 καὶ
2811 4859 3115 4928 ὑπερϐολὴν
3153 4860 3479 4929 ψευσμάτων
3526 4862 4005 4929 τερατευσάμενον.

2469 4949 2627 5001 Ἀλλά
2655 4951 2747 5001 καὶ
2795 4949 2928 5018 πρὸς
2973 4948 3178 5010 τοῦτον,
3219 4951 3296 5011 εἰς
3337 4951 3462 5011 τοὺς
3497 4950 3624 5019 περὶ
3658 4949 3751 5001 τοῦ
3783 4950 4009 5017 ψεύδους

2457 5040 2690 5107 ἀγῶνας,
2722 5042 2748 5091 ὁ
2778 5040 2936 5102 καλός
2981 5057 3071 5091 σου
3105 5040 3255 5107 φίλος
3299 5053 3344 5091 ει
3370 5040 3715 5102 ἀποδύσαιτο,
3741 5043 3821 5103 είς
3856 5041 4009 5109 μεγί-

2458 5147 2587 5198 στην
2630 5129 2694 5182 ἂν
2747 5129 2979 5197 ἀπορίαν
3023 5129 3148 5190 τοὺς
3201 5128 3490 5191 ἀθλοθέτας
3532 5131 3626 5181 καὶ
3665 5130 3856 5199 κριτάς
3909 5129 4012 5181 τῶν

2455 5221 2706 5275 τοιούτων
2758 5221 3148 5290 ἀγωνισμάτων
3196 5224 3596 5291 περιστήσειεν,
3630 5223 3880 5290 ὁποτέρῳ
3909 5223 4012 5274 τῶν

2456 5315 2547 5368 δύο
2598 5313 2694 5382 τὴν
2754 5312 2990 5364 νικῶσαν
3034 5313 3472 5381 ὲπιψηφίσονται.
3539 5315 3641 5366 Ἔα
3696 5313 3878 5366 τοίνυν
3927 5313 4012 5364 τὸν

2458 5406 2798 5475 ἀνεῳγμένον
2829 5405 2995 5472 τάφον
3048 5404 3156 5457 τῶν
3185 5406 3512 5474 ψευσμάτων
3552 5406 3806 5475 (ἄμεινον
3827 5405 3932 5474 γάρ
3953 5408 4011 5455 ἐκ

2461 5498 2557 5568 τῆς
2579 5495 2810 5557 ἀληθοῦς
2839 5494 3028 5563 σοφίας
3057 5497 3376 5562 ἐξεικονίσαι
3406 5498 3520 5567 ἃμα
3558 5499 3649 5550 καὶ
3678 5495 4012 5568 στηλιτεῦσαι

2099 5654 2322 5711 VARI/13
2363 5652 2760 5722 LECTIONES,

887 5821 908 5848 ι
945 5810 1028 5862 ισ.
1051 5811 1285 5878 ἀγωγάς.
