4236 6436
303 407 401 472 941

1430 407 1948 471 EPISTOLARUM
1981 411 2205 472 LIBER
2244 407 2329 467 Ill
2340 455 2354 470 .

3368 424 3471 486 9‘2

286 519 380 571 τὸν
401 515 580 570 ἄθλιον
604 517 621 583 )
647 512 739 566 καὶ
759 513 858 582 τῆς
875 512 1078 566 ἑκεῖοεν
1100 513 1356 575 δυσωδίας
1377 516 1567 567 σαυτὸν
1590 516 1819 585 ἀπόστη-
1855 523 1897 575 Α
1926 531 1955 569 c

1790 536 1819 585 ι·
1855 523 1897 575 Α
1926 518 2265 577 constitutos.
2306 518 2360 570 in
2391 520 2654 590 ambiguis
2684 522 2967 577 sententiis
3006 524 3288 581 distractos
3320 532 3463 586 vide-

292 625 403 662 σον.
438 607 499 658 Et
521 608 625 675 γὰρ
650 605 767 656 οὑδὲ
788 603 960 669 δεξιοῦ
984 602 1283 672 ὀφθαλμοῦ,
1307 604 1426 656 οὑδὲ
1454 604 1633 673 χειρὸς
1658 607 1831 675 (ἅπερ

288 698 508 750 δύναται
537 698 703 764 φίλων
729 695 989 764 δεξιότης,
1020 696 1124 746 τῶν
1158 695 1253 763 μὲν
1282 696 1411 764 ὁρᾷν
1443 696 1503 747 τὸ
1534 697 1828 765 συμφέρον,

288 788 396 840 τῶν
420 789 476 840 δὲ
513 787 978 856 μεταχειρίζεσθαι
1021 785 1416 853 συνεργούντων
1460 786 1552 839 καὶ
1585 802 1830 855 συμπρο-

290 875 661 943 θυμουμένων,
710 875 801 926 καὶ
844 873 1024 935 ἁπλῶς
1066 875 1198 942 πρὸς
1246 874 1459 927 ἅπαντα
1504 874 1602 942 μὶν
1645 874 1711 928 τὰ
1734 873 1827 927 τοῦ

289 962 406 1031 βίου
438 964 891 1032 χρησιμξυόντων,
932 961 1105 1024 ἄλλως
1132 962 1187 1015 δὲ
1230 963 1362 1031 πρὸς
1404 962 1598 1016 κακίαν
1628 964 1828 1015 ὑποσυ-

289 1052 544 1119 ρόντων),
593 1051 711 1101 οὑδὲ
756 1051 955 1102 τούτων
998 1051 1271 1118 φείδεσθαι
1313 1052 1826 1121 παρακελευόμεθα,

287 1141 422 1191 ἀλλὰ
465 1140 831 1208 διασχίζεσθαι
860 1140 1050 1191 θᾶττον
1095 1140 1273 1192 αὑτῶν
1324 1142 1416 1192 καὶ
1454 1141 1828 1208 διατεμνεσθαι

288 1229 764 1298 προσταττόμεθα·
798 1230 849 1280 τί
890 1230 993 1299 χρὴ
1019 1232 1188 1281 ποιεῖν
1228 1230 1353 1299 περὶ
1386 1229 1477 1281 τοῦ
1508 1229 1826 1300 σεσηπότος,

286 1318 381 1370 καὶ
403 1320 463 1371 οὑ
490 1319 605 1383 νῦν,
627 1320 761 1372 ἀλλά
790 1320 1073 1381 διαπαντὸς
1105 1319 1197 1371 καὶ
1233 1322 1499 1389 ἀχρήστου
1527 1322 1619 1373 καὶ
1665 1318 1829 1371 πάλαι

284 1408 662 1479 διαιρεθέντος,
706 1410 800 1462 καὶ
847 1411 907 1463 οὑ
959 1411 1150 1480 μέλους
1192 1411 1320 1463 ποτὲ
1362 1409 1660 1478 γεγονότος,
1695 1408 1827 1461 ἀλλά

286 1499 457 1551 ⁴πολλὰ
482 1497 591 1551 τῶν
618 1499 792 1568 μελῶν
815 1500 1065 1569 ἀπαρχῆς
1086 1500 1568 1570 τραυματίσαντος.

1930 622 2130 669 rcnms,
2182 608 2264 661 cui
2311 625 2341 661 e
2378 610 2593 665 duobus
2622 614 2857 670 victoria
2902 615 3161 670 calculum
3200 620 3468 676 ascribere

1929 700 2206 753 deberent.
2263 698 2459 755 Omitte
2516 712 2692 756 autem
2753 714 2809 757 tu
2865 717 3055 773 patens
3109 706 3239 761 illud
3290 712 3469 779 sepul-

1927 803 2075 841 crum
2116 788 2513 843 mendaciorum
2549 793 2756 861 (satius
2793 793 2951 847 fuerit
2981 810 3010 849 a
3047 797 3218 850 veraci
3254 800 3472 867 sapien-

1929 878 2002 930 tia
2059 887 2366 931 mutuantes
2424 892 2843 949 repraesentare.
2887 885 3043 938 simul
3088 896 3142 940 et
3191 890 3469 958 propalare

1938 966 2194 1020 miserum
2229 969 2426 1035 illum),
2458 982 2511 1025 et
2537 974 2603 1026 ab
2623 974 2907 1028 exhalante
2930 975 3054 1029 inde
3083 978 3251 1033 fetore
3310 992 3472 1034 temet

1929 1072 2089 1125 quam
2149 1059 2455 1129 longissime
2517 1062 2788 1117 submove.
2838 1064 2893 1118 Si
2931 1066 3074 1120 enim
3118 1084 3217 1125 nec
3253 1072 3471 1126 dextero

1928 1147 2113 1211 oculo,
2169 1158 2263 1201 aut
2314 1150 2470 1202 etiam
2524 1153 2702 1206 manui
2733 1170 2952 1223 parcere
2994 1159 3245 1228 jubemur
3284 1165 3349 1221 ".
3380 1168 3469 1217 sed

1928 1250 2119 1289 eruere
2162 1247 2217 1290 et
2242 1238 2555 1293 abscindere
2592 1247 2908 1310 quantocius
2928 1256 3212 1317 utrumque
3238 1249 3257 1320 (
3280 1252 3469 1319 quibus

1933 1326 2157 1397 intelligi
2219 1327 2427 1382 videtur
2462 1331 2753 1386 amicorum
2795 1336 3101 1402 dexteritas,
3138 1339 3227 1406 qui
3279 1342 3467 1408 partim

1930 1418 2073 1483 quod
2107 1418 2530 1474 conducitnobis
2558 1437 2777 1476 cernere
2799 1426 3040 1493 possint;
3074 1429 3264 1496 partim
3296 1430 3469 1483 liben-

1933 1515 2015 1557 ter
2066 1516 2121 1560 et
2160 1520 2405 1578 prompto
2437 1513 2617 1565 animo
2648 1518 2920 1582 cooperari
2960 1526 3016 1570 et
3050 1519 3318 1585 adjutores
3354 1535 3471 1574 esse

286 1604 509 1661 possunt
530 1634 545 1655 .
579 1596 633 1649 in
666 1596 730 1649 iis
758 1612 876 1665 qua:
902 1611 1204 1665 accepimus
1225 1635 1241 1660 ,
1273 1596 1468 1663 quique
1513 1592 1824 1662 simpliciter
1859 1596 1924 1649 ad
1948 1613 2134 1654 omnes
2191 1604 2311 1657 vita:
2369 1616 2544 1673 partes
2564 1607 2717 1660 nobis
2742 1609 2943 1663 utiliter
2965 1611 3287 1676 inserviunt,
3310 1615 3467 1667 etiam

286 1685 379 1738 ubi
421 1685 714 1753 periculum
759 1696 859 1750 est,
929 1701 998 1739 ne
1039 1686 1105 1739 ad
1150 1686 1275 1739 vitia
1321 1684 1647 1753 abripiamur
1675 1685 1723 1752 ).
1757 1686 1883 1752 quid
1925 1696 2078 1754 putas
2106 1691 2405 1745 faciendum
2447 1694 2499 1777 in
2564 1698 2878 1762 putrefacto,
2919 1710 2973 1753 et
3017 1716 3122 1753 non
3174 1717 3319 1755 nunc
3364 1706 3468 1770 pri-

288 1788 456 1837 mum,
478 1774 571 1827 sed
595 1788 805 1842 semper
824 1774 1019 1837 inutili,
1048 1775 1173 1828 olim
1202 1775 1429 1837 divulso,
1460 1788 1631 1842 neque
1660 1774 1824 1828 unius
1869 1779 2093 1833 membri
2115 1782 2257 1849 quod
2284 1774 2494 1846 fuerat,
2527 1785 2618 1838 sed
2648 1786 2934 1842 multorum
2993 1792 3353 1846 membrorum
3373 1834 3386 1858 ,
3418 1804 3471 1845 et

281 1860 505 1929 quidem
534 1861 601 1915 ab
624 1860 797 1926 initio,
831 1862 1142 1917 vulneribus
1176 1862 1377 1915 infami.

867 1976 1091 2030 ΕΠΙΣΤ.
1132 1975 1229 2030 18'.

759 2066 992 2134 Ἰωάννῃ
1038 2070 1359 2136 σπαθαρίῳ.

1856 1981 1903 2039 Β

2509 1978 2724 2033 EPIST.
2751 1981 2887 2039 ΧΙΧ.

2438 2066 2629 2122 Joannt'
2655 2074 2940 2137 spat/tario.

1500 2170 1760 2221 Montacut.
1798 2169 1895 2232 (ep.
1931 2168 2007 2227 56,
2041 2182 2089 2231 p.
2128 2170 2256 2231 111).

316 2278 563 2344 Ἀριστον
582 2276 699 2346 μὲν,
715 2276 988 2347 κρείττονα
1001 2276 1205 2344 φαύλης
1222 2275 1471 2337 ὑπονοίας
1486 2273 1817 2343 νομίζεσθαι·

283 2369 333 2418 εἰ
360 2369 416 2420 δὲ
448 2370 545 2437 μὴ,
574 2368 931 2438 ὑπονοηθέντα
957 2370 1049 2423 καὶ
1077 2369 1329 2439 κριθέντα
1361 2368 1435 2437 μὴ
1483 2366 1819 2421 ἁλίσκεσθαι.

298 2458 355 2509 '0
383 2458 437 2509 δὲ
461 2459 553 2510 καὶ
577 2459 785 2526 κριθεὶς
808 2460 901 2511 καὶ
925 2459 1102 2522 ἁλοὺς,
1135 2460 1237 2511 κᾶν
1264 2459 1419 2527 δίκην
1438 2459 1589 2511 οὑπω
1613 2459 1821 2511 δίδωσιν

288 2545 499 2613 ἑτέραν,
529 2545 642 2597 ἀλλ’
667 2545 758 2597 οὑν
784 2548 882 2615 τὴν
915 2547 1319 2616 χαλεπωτάτην,
1364 2548 1443 2612 τὸ,
1474 2547 1637 2609 κακὸς
1659 2547 1822 2615 ὀφθῆ-

283 2651 371 2686 ναι
402 2636 492 2687 καὶ
532 2635 685 2704 δίκην
717 2637 968 2703 ὀφείλειν,
1009 2637 1225 2690 δέδωκε.
1260 2637 1467 2705 Πράττε
1503 2636 1675 2689 τοίνυν
1723 2637 1821 2688 αὑ-

282 2724 393 2784 τὸς,
441 2726 560 2775 ἐπεὶ
612 2728 804 2795 μηκέτι
854 2742 932 2778 σοι
986 2728 1178 2796 ῥᾷστον
1215 2726 1682 2780 ἀποσκευάσασθαι
1727 2724 1824 2796 τὴν

285 2812 565 2878 ὑπόνοιαν,
599 2816 695 2884 οὑχ
726 2817 870 2877 ὃπως
904 2817 976 2885 μὴ
1003 2817 1155 2886 δίκην
1176 2816 1299 2887 δῷς,
1330 2816 1440 2870 ἀλλ’
1461 2816 1603 2878 ὅπως
1626 2815 1701 2885 μὴ
1720 2815 1826 2869 τῶν

281 2902 438 2971 δίκην
464 2904 777 2973 ὀφειλόντων
797 2906 1074 2976 ἐλεγχθῇς.

868 3190 1089 3245 ΕΠΙΣΤ.
1151 3193 1233 3245 K'.

496 3280 729 3348 Μιχαὴλ
760 3285 1039 3349 πατρικίῳ
1078 3283 1173 3336 καὶ
1210 3284 1601 3350 σακελλαριῳ.

2000 2274 2273 2344 Optimum
2298 2274 2511 2344 quidem
2542 2287 2623 2331 est
2652 2278 2785 2332 ultra
2816 2294 3009 2335 omnen
3052 2284 3174 2338 mali
3206 2287 3466 2358 suspicio-

1915 2380 2038 2418 nem
2081 2366 2262 2420 locari.
2310 2366 2459 2431 Quod
2495 2368 2537 2421 si
2582 2384 2689 2423 non
2719 2371 2845 2425 illud
2875 2373 3174 2444 contigerit,
3209 2387 3263 2431 at
3280 2393 3468 2449 suspe-

1916 2466 2059 2508 ctum
2090 2465 2142 2508 et
2179 2455 2408 2509 examini
2449 2458 2741 2523 subditum,
2780 2477 2888 2515 non
2961 2478 3082 2517 eum
3121 2466 3465 2535 deprehendi.

1917 2544 2016 2608 Qui
2042 2554 2217 2598 autem
2247 2545 2327 2599 sic
2353 2546 2612 2615 judicium
2640 2551 2881 2617 subierit,
2917 2564 2974 2607 ut
3001 2554 3055 2607 in
3094 2558 3247 2626 culpa
3281 2560 3467 2613 inven-
3575 2552 3577 2555 ’

1920 2645 2006 2688 tus
2034 2635 2229 2698 fuerit.
2256 2637 2379 2691 licet
2404 2639 2560 2695 aliam
2590 2655 2806 2708 poenam
2841 2659 2946 2697 non
2980 2645 3177 2712 tulerit,
3205 2658 3261 2701 at
3288 2660 3464 2712 certe.

1919 2740 2039 2792 quae
2082 2724 2387 2794 gravissima
2425 2735 2526 2791 est,
2559 2729 2740 2793 dedit;
2773 2746 2964 2800 nempe
3003 2735 3143 2802 quod
3194 2736 3468 2806 improbus

1920 2808 2187 2871 inventus,
2240 2812 2497 2881 etdignus
2549 2816 2640 2883 qui
2692 2818 2952 2887 supplicio
3005 2822 3337 2890 subjiciatur,
3372 2824 3466 2879 ha-

1920 2898 2128 2953 beatur.
2179 2904 2287 2971 Age
2336 2904 2532 2973 igitur.
2585 2908 3020 2977 quandoquidem
3078 2913 3215 2968 haud
3271 2916 3363 2970 tibi
3412 2917 3466 2971 in

1918 2999 2163 3059 promptu
2198 3000 2279 3044 est
2304 2995 2661 3063 suspicionem
2695 3000 2929 3065 amoliri,
2959 3017 3066 3055 non
3101 3014 3249 3058 utne
3281 3019 3466 3074 ptenas

1925 3079 2039 3145 des,
2071 3080 2167 3133 sed
2198 3089 2257 3134 ut
2295 3097 2363 3135 ne
2407 3100 2593 3153 pcenas
2628 3086 2770 3154 juste
2802 3091 3059 3147 meruisse
3109 3095 3463 3151 convincaris.

2517 3196 2733 3254 EPIST.
2760 3201 2873 3256 XX.

2247 3286 2487 3339 Michaeli
2534 3290 2756 3354 patricio
2784 3302 2830 3345 et
2861 3295 3151 3351 sacellario.

1506 3400 1761 3449 Montacut.
1798 3400 1897 3463 (ep.
1931 3400 2009 3460 57,
2043 3415 2088 3462 p.
2124 3402 2252 3462 112).

355 3501 414 3552 Ei
446 3500 541 3567 μὲν
565 3501 752 3566 φιλεῖς,
782 3501 980 3563 ἀδικεῖς
1000 3518 1012 3530 ·
1054 3517 1103 3554 ει
1124 3502 1181 3554 δὲ
1206 3502 1277 3570 μὴ
1306 3501 1494 3569 φιλεῖς,
1526 3499 1683 3552 πλέον
1705 3500 1818 3551 ἁδι-

286 3593 427 3650 κεῖςο
454 3590 511 3639 τὸ
540 3589 656 3657 μὶν,
682 3590 890 3642 ὅτιτῶν
931 3592 1262 3659 φιλουμένων
1292 3593 1347 3642 ὲν
1377 3594 1495 3652 ταῖς
1518 3591 1819 3659 συμφοραῖς

282 3678 590 3748 ὀλιγωρεῖς·
638 3678 697 3729 τὺ
739 3678 813 3740 δὲ,
856 3679 937 3730 ὅτι
978 3680 1095 3730 οὑδὲ
1140 3678 1264 3741 τοὺς
1291 3678 1572 3745 φιλοῦντας
1616 3678 1807 3745 φιλεῖς.

284 3769 466 3820 Ταῦτά
495 3786 574 3822 σοι
603 3772 628 3821 ὁ
652 3769 813 3822 πάλαι
845 3769 941 3839 μὲν
972 3770 1080 3832 σὸς,
1110 3769 1203 3821 νῦν
1231 3770 1287 3821 δὲ
1323 3770 1416 3821 καὶ
1445 3770 1617 3830 κοινὸς
1649 3769 1817 3837 φίλος,

285 3857 440 3910 τοῦτο
483 3860 581 3926 μὲν
622 3859 848 3926 φιλικῶς
887 3860 1141 3928 ἐλέγχων,
1181 3860 1337 3912 τοῦτο
1364 3860 1420 3912 δὲ
1454 3860 1730 3925 δυσωπῶν,
1754 3860 1819 3913 δι’

286 3950 318 4016 ἡ
329 3948 444 4017 μῶν
472 3947 793 4018 χρηματίζει
823 3950 917 4001 καὶ
941 3949 1377 4019 διαμαρτύρεται.

860 4143 1076 4195 ΕΠΙΣΤ.
1117 4144 1240 4196 KA'.

779 4235 1047 4303 ’Apcmrltp
1075 4234 1333 4303 μοναχῷ.

1991 3501 2044 3555 Si
2066 3503 2260 3570 diligis,
2290 3504 2578 3573 iniuriosus
2606 3522 2685 3572 es;
2715 3509 2760 3562 si
2788 3526 2892 3564 non
2920 3512 3118 3582 diligis,
3140 3517 3303 3586 magis
3329 3516 3440 3586 inju

1921 3592 2112 3645 riosus.
2149 3593 2310 3659 lllud;
2347 3596 2488 3663 quod
2518 3609 2723 3652 amatos
2769 3600 3160 3657 calamitatibus
3214 3605 3459 3661 obsessos

1920 3683 2169 3752 negligas.
2203 3685 2352 3748 Hoc;
2388 3688 2529 3755 quod
2576 3700 2814 3744 amantes
2848 3692 3251 3763 haudquaquam
3290 3712 3455 3751 amas.

1919 3772 1990 3823 Ita
2045 3773 2259 3839 quidem
2312 3774 2400 3828 ille
2457 3776 2583 3830 olim
2638 3788 2780 3843 tuus,
2838 3780 2891 3833 in
2947 3784 3215 3850 praesenti,
3279 3798 3458 3841 noster

1917 3862 2217 3915 communis
2249 3865 2469 3929 amicus,
2502 3868 2693 3935 partim
2722 3879 2963 3924 amanter
2993 3873 3452 3942 reprehendendo,

1915 3950 2106 4016 partim
2138 3968 2221 4005 me
2248 3954 2524 4019 advocato,
2554 3958 2956 4028 intercedendo,
2987 3972 3042 4017 et
3073 3964 3373 4032 proﬁtetur,
3396 3978 3450 4021 et

1916 4039 2222 4096 testimonio
2247 4054 2573 4112 protestatur
2596 4053 2738 4103 dato.

2495 4154 2712 4211 EPIST.
2747 4144 2882 4216 xxi.

2427 4246 2637 4300 Arum'o
2657 4251 2922 4303 monacho.

1482 4342 1740 4392 lontacut.
1776 4346 1875 4407 (ep.
1912 4348 1990 4409 59,
2024 4362 2072 4410 p.
2107 4350 2233 4413 115).

349 4448 536 4499 Πολλοὶ
567 4447 659 4499 καὶ
712 4447 816 4499 τῶν
865 4449 994 4518 παρ’
1020 4450 1274 4520 Ἕλλησιν
1323 4451 1812 4521 εὐδοκιμησάντων,
1849 4436 1895 4492 ο
1991 4455 2022 4507 N.

1776 4471 1812 4515 ν,
1849 4436 1895 4492 ο
1991 4455 2139 4511 Multi
2155 4460 2244 4527 qui
2266 4462 2403 4529 apud
2421 4462 2633 4518 Graecos
2651 4479 2773 4519 cum
2794 4466 2928 4520 fama
2945 4466 3209 4535 vixerunt,
3229 4470 3449 4525 etetiam

278 4539 374 4591 καὶ
401 4539 506 4590 τῶν
538 4537 665 4606 παρ’
692 4540 820 4608 ἡμῖν
860 4540 1307 4610 ἀριπευσάντων,
1340 4543 1719 4614 ἐμαρτύρησαν
1748 4544 1812 4595 δι’
1918 4560 1951 4613 q

1780 4545 1812 4595 ι’
1918 4547 2007 4613 qui
2038 4547 2175 4601 inter
2202 4564 2301 4603 nos
2331 4552 2542 4607 virtutis
2572 4555 2726 4609 laude
2759 4555 3070 4620 ﬂoruerunt,
3110 4572 3205 4627 per
3224 4576 3310 4615 res
3343 4577 3372 4614 a
3394 4577 3451 4615 se

276 4624 350 4681 ὧν
397 4630 647 4697 ἔδρασαν,
692 4629 899 4698 ἄμαχον
941 4628 1079 4683 εἶναι
1126 4634 1219 4684 καὶ
1264 4634 1671 4702 χρησιμώτατον
1714 4636 1810 4703 τὴν
1918 4650 1949 4703 g

1775 4652 1810 4703 ιν
1918 4647 2112 4703 gestas,
2168 4642 2529 4697 testimonium
2568 4645 2975 4712 perhibuerunt,
3031 4649 3283 4704 virtutem
3335 4668 3448 4707 esse

277 4721 494 4787 ἀρετήν.
522 4718 583 4769 Εἰ
608 4720 651 4770 δ’
684 4721 711 4770 ὁ
737 4720 923 4788 παρὼν
952 4722 1137 4789 καιρὸς
1164 4723 1442 4793 μονονουχὶ
1476 4724 1589 4793 βοᾷ,
1621 4726 1692 4787 ὡς
1723 4728 1810 4777 οὑ·
1914 4734 1950 4772 τι

1776 4748 1810 4773 μ.
1914 4734 2028 4774 rem
2091 4724 2551 4797 inexpugnabilem
2611 4742 2662 4785 et
2709 4733 3041 4787 utilissimam
3101 4753 3113 4788 :
3182 4746 3449 4806 utcunque

276 4810 365 4861 δὲν
394 4808 775 4877 ἀσθενέστερον
798 4811 890 4861 καὶ
936 4811 1390 4881 ἐπικινδυνότερον
1421 4815 1586 4882 αὐτῆς
1625 4815 1811 4882 (stac-
1912 4826 1945 4877 p

1779 4818 1811 4862 ι-
1912 4814 2255 4877 pmscntium
2300 4835 2476 4872 rerum
2522 4830 2710 4885 status,
2757 4832 2962 4878 tantum
2997 4841 3103 4879 non
3138 4827 3278 4881 clara
3322 4844 3452 4883 voce

278 4916 426 4951 νεται
471 4900 567 4967 μὲν
620 4899 720 4967 γὰρ
779 4902 871 4952 καὶ
915 4903 1374 4971 προπηλακίζεται
1425 4907 1571 4957 πᾶσα
1615 4908 1807 4975 ἀρετή’
1911 4911 1951 4963 Ρῖ

1776 4922 1807 4971 γ·
1911 4902 2237 4967 pronuntiat,
2292 4908 2421 4960 nihil
2470 4910 2552 4962 vel
2601 4911 2885 4978 infirmius,
2942 4914 3025 4967 vel
3092 4916 3449 4983 periculosius

279 4990 612 5055 θαυμάζεται
661 4989 717 5040 δὲ
760 4991 853 5042 καὶ
898 4995 1315 5060 περιπτύσσεται
1366 4996 1510 5047 πᾶσα
1572 4998 1807 5066 κακία),
1910 4999 1952 5036 εξ

1792 5037 1807 5061 ⁹
1910 4999 2045 5049 esse,
2078 5004 2237 5056 quam
2277 4994 2387 5062 ipsa
2418 5005 2518 5051 est.
2561 4999 2854 5068 lmpellitur
2882 5002 3043 5066 enim,
3082 5015 3137 5057 et
3171 5005 3446 5070 conviciis,

282 5078 445 5147 μηδὲν
492 5078 796 5151 θαυμάσῃς.
843 5082 1031 5150 Ἀρετὴ
1076 5085 1181 5150 γάρ
1202 5084 1275 5145 ῶς
1300 5085 1529 5153 ἀληθῶς,
1564 5089 1654 5139 καὶ
1681 5088 1808 5155 ἀρε·
1908 5088 1955 5142 (Ιι

1775 5118 1808 5134 η-
1908 5076 2059 5142 quasi
2101 5080 2214 5135 luto
2264 5085 2477 5153 injecto,
2528 5090 2887 5156 proscinditur
2936 5092 3109 5147 omnis
3150 5094 3339 5149 virtus.
3392 5095 3448 5149 ln

278 5169 376 5235 τῆς
418 5169 515 5235 τῆς
565 5170 780 5239 πρώτης
827 5173 1056 5239 μάλιστα
1087 5175 1262 5238 ἄνθος,
1291 5178 1348 5228 τὸ
1389 5178 1523 5243 μετά
1560 5180 1811 5232 κινδύνων
1907 5178 1951 5217 at

1773 5200 1811 5231 ,ν
1907 5168 2261 5228 admiratione
2315 5186 2368 5229 et
2397 5180 2594 5233 osculis
2656 5188 2738 5233 est
2800 5182 3047 5248 quatlibet
3109 5183 3446 5252 improbitas.

278 5260 371 5310 καί
401 5259 626 5327 θλίψεων
652 5262 743 5313 καὶ
770 5265 1332 5336 παρευδοκιμουμένην
1365 5269 1465 5321 ὑπὸ
1496 5270 1593 5337 τῆς
1622 5272 1813 5334 κακίας
1919 5264 1951 5318 δ

1776 5290 1813 5334 ις
1919 5264 2033 5319 Noli
2059 5275 2235 5320 autem
2264 5267 2464 5320 mirari.
2489 5268 2582 5321 Est
2605 5271 2745 5323 enim
2774 5271 2943 5324 virtus
2968 5282 3113 5326 certo
3142 5272 3337 5325 certius
3357 5313 3370 5336 ,
3395 5281 3449 5326 et

278 5349 612 5412 ἀσπάζεσθαι
656 5354 753 5420 τὴν
792 5354 1010 5425 ἀρετήν.
1055 5357 1111 5408 '0
1140 5357 1194 5410 δὲ
1227 5361 1409 5427 καιρὸς
1453 5361 1587 5429 βοῶν
1625 5364 1811 5415 τάναν-
1917 5375 1949 5428 q

1140 5357 1194 5410 δὲ
1227 5361 1409 5427 καιρὸς
1453 5361 1587 5429 βοῶν
1625 5364 1811 5415 τάναν-
1917 5360 2127 5428 quidem
2155 5361 2361 5413 virtutis
2391 5360 2574 5428 prima
2600 5360 2715 5414 llos.

278 5438 390 5501 τίαν
448 5441 544 5507 τῆς
602 5443 697 5511 μὲν
751 5445 884 5509 ἰδίας
934 5448 1226 5517 μοχθηρίας
1256 5452 1351 5516 τὴν
1398 5451 1697 5522 ὑπερϐολὴν
1727 5455 1821 5505 καὶ
1858 5456 2112 5507 ἀπόνοιαν
2174 5451 2435 5519 λαμπρῶς
2476 5450 2702 5519 ἐλέγχει·
2770 5453 2875 5505 τῶν
2901 5454 2957 5506 δὲ
2988 5453 3283 5507 σπουδαίων
3311 5454 3444 5523 μᾶλ-

278 5532 370 5585 λον
396 5535 455 5586 τὸ
503 5536 925 5606 ἀξιοθαύμαστον
958 5544 1047 5595 καὶ
1089 5543 1384 5613 ἀήττητον,
1433 5547 1627 5610 παντὸς
1660 5548 1813 5617 λόγου
1850 5548 2235 5617 ἐναργέστερον
2266 5546 2639 5615 ἀνακηρύττει.

352 5709 399 5740 ¹⁶
433 5709 615 5764 Matth.
647 5731 697 5770 ν.
726 5718 813 5767 ‘29.
