4236 6436
830 351 937 416 943

1404 470 1614 527 EPIST.
1647 473 1808 528 XXII.

1142 556 1331 613 Joannt'
1349 563 1589 629 patricio,
1610 576 1657 618 et
1683 568 1891 621 Cratia'
1916 571 2051 624 duci.

1935 367 2186 428 PlIOTII
2224 371 2721 434 PATRIARCH/E
2761 376 2866 436 ΟΡ.
3419 420 3422 422 η

2399 489 2444 547 Α
3043 491 3260 548 ΕΠΙΣΤ.
3300 495 3424 548 KB’.

3909 382 4006 444 ςιιι

2554 576 2798 644 Ἰωάννῃ
2831 581 3115 648 πατρικίῳ
3145 585 3241 637 καὶ
3287 583 3596 652 στρατηγῷ
3641 585 3941 651 Ἑλλάδος.

2040 685 2297 736 Montaeut.
2336 692 2437 750 (ep.
2475 691 2553 750 60,
2587 705 2635 753 p.
2678 694 2807 756 113).

900 777 956 832 Si
989 794 1154 843 amas,
1189 780 1432 836 inﬁmus
1464 799 1522 838 es
1556 803 1568 838 :
1608 785 1649 838 si
1671 801 1775 839 non
1814 802 1979 851 amas,
2021 790 2248 858 injustus
2284 807 2358 847 es.

831 868 927 924 Sin
968 884 1173 934 amans,
1221 887 1328 924 non
1383 873 1689 939 inﬁrmaris,
1735 887 1880 931 certe
1925 879 2124 932 amicos
2170 880 2364 946 injuria

828 958 1046 1011 allectos
1069 959 1310 1028 negligis.
1348 960 1454 1032 Ego
1481 963 1693 1030 quidem
1724 964 1889 1018 Deum
1916 981 2031 1028 oro,
2061 982 2130 1019 ne
2159 976 2212 1018 tu
2246 968 2362 1020 tali-

829 1047 928 1099 bus
966 1047 1352 1103 calamitatibus
1383 1060 1436 1103 et
1472 1053 1878 1109 necessitatibus
1913 1056 2216 1110 distinearis
2265 1075 2276 1110 :
2311 1067 2363 1110 et

827 1138 872 1191 si
905 1138 958 1190 in
993 1153 1083 1192 eas
1120 1140 1387 1202 incideris.
1428 1151 1485 1196 ut
1512 1159 1579 1198 ne
1613 1145 1769 1198 talem
1807 1146 2230 1200 benevolentiam
2277 1157 2366 1201 aut

823 1229 1083 1281 auxilium
1131 1233 1501 1300 consequaris.
1535 1235 1744 1302 qualem
1785 1247 1839 1288 tu
1869 1236 1974 1290 tuis
2010 1237 2196 1290 amicis
2228 1254 2366 1304 pra:-

824 1327 952 1371 stas.
1004 1318 1083 1371 Tu
1131 1330 1308 1373 autem
1363 1309 1647 1392 utrumque
1701 1325 1750 1377 in
1809 1327 2118 1381 memoriam
2176 1341 2366 1380 revoca

825 1406 1030 1461 Domini
1081 1411 1374 1473 oraculum.
1438 1428 1542 1479 quo
1593 1415 1935 1468 declaratur:
1968 1416 2082 1480 Qua
2128 1433 2364 1470 mensura

819 1497 940 1548 aliis
975 1499 1199 1551 metiatis
1251 1502 1426 1552 eadem
1458 1513 1504 1553 et
1533 1504 1668 1556 vobis
1699 1507 1932 1557 melietur
1952 1507 2014 1557 ".

1377 1610 1594 1664 EPIST.
1624 1612 1809 1667 XXIII.

1064 1697 1250 1750 Barda:
1289 1701 1529 1765 patricio,
1558 1711 1607 1754 et
1633 1703 1941 1758 Macedonia:
1970 1707 2107 1758 duci.

2542 776 2603 828 Εί
2638 778 2735 845 μὲν
2765 777 2958 845 φιλεῖς,
2997 780 3267 842 ἀσθενεῖς·
3299 781 3348 832 εἰ
3380 781 3436 833 δὲ
3468 781 3543 850 μὴ
3569 781 3758 847 φιλεῖς.
3790 782 4004 842 ἀδικεῖς.

2470 867 2532 920 El
2572 867 2626 920 δὲ
2664 869 2852 937 φιλῶν,
2885 869 2978 923 καὶ
3014 873 3087 940 μὴ
3115 871 3374 935 ἀσθενῶν,
3406 872 3577 933 οὕτως
3600 871 3759 924 ἄδικα
3790 873 3894 924 τῶν
3929 873 4008 940 φί-

2468 959 2573 1012 λων
2625 955 2954 1029 πασχόντων,
3015 961 3328 1031 ὸλιγωρεϊς·
3381 960 3490 1028 ἐγὼ
3541 962 3638 1029 μὲν
3669 960 3897 1028 εὔχομαί
3953 980 4006 1014 σε

2471 1053 2605 1122 μήτε
2631 1053 2902 1115 τοιαύταις
2940 1052 3202 1120 ἀνάγκαις
3248 1055 3580 1121 περιπεσεῖν,
3616 1054 3749 1120 μήτε
3787 1069 4007 1120 περιπε-

2468 1143 2624 1194 σόντα
2673 1141 2765 1193 καὶ
2802 1141 3080 1211 δεηθέντα,
3129 1141 3380 1211 τοιαύτης
3413 1143 3622 1203 εὐνοίας
3657 1144 3746 1193 καὶ
3794 1145 4006 1195 ἐπικου-

2469 1231 2609 1300 ρίας,
2635 1232 2750 1283 οἷαν
2775 1234 2839 1284 σὺ
2861 1235 2970 1293 τοῖς
3001 1231 3171 1301 φίλοις
3200 1235 3477 1302 παρέχεις,
3508 1234 3800 1300 ἐπιτυχεῖν.
3851 1233 4006 1284 Ἀλλὰ

2470 1323 2534 1372 σύ
2586 1338 2646 1387 γε
2694 1321 2782 1372 τὸν
2816 1321 3136 1374 Δεσποτικὺν
3186 1322 3331 1391 ὅμως
3375 1322 3690 1390 ἀναλογίζου
3725 1324 4003 1390 χρησμὸν,

2482 1411 2582 1463 Ἔν
2600 1407 2647 1478 ᾦ
2669 1411 2858 1479 μέτρῳ
2881 1412 3160 1480 μετρεῖτε,
3177 1412 3607 1482 μετρηθήσεται
3633 1413 3790 1482 ὑμῖν,
3825 1414 4003 1480 σαφῶς

2467 1502 2861 1584 διαγγέλλοντατ

3036 1613 3255 1666 ΕΠΙΣΤ.
3295 1611 3420 1666 XI".

2532 1702 2727 1770 Βάρδᾳ
2755 1703 3032 1769 πατρικίῳ
3069 1703 3161 1754 καὶ
3205 1701 3510 1771 στρατηγῷ
3549 1705 3934 1768 Μακεδονίας.

2037 1821 2192 1869 Monte
2207 1826 2303 1870 cut.
2341 1822 2442 1882 (ep.
2475 1821 2553 1876 67,
2588 1833 2637 1880 p.
2675 1819 2799 1878 119).

891 1910 1092 1977 Impera
1125 1913 1300 1979 potius
1321 1929 1440 1966 cum
1472 1915 1696 1970 aliorum
1719 1918 1984 1973 desiderio
2023 1929 2078 1973 et
2135 1921 2354 1984 all'eetu,
2384 1923 2430 1981 B

818 2018 974 2070 quam
1004 2017 1097 2069 per
1130 2003 1398 2058 timorem.
1423 2006 1516 2059 Est
1543 2008 1683 2059 enim
1712 2008 2040 2075 impossibile
2091 2021 2149 2064 ut
2175 2026 2280 2064 non
2306 2011 2358 2063 iu

819 2093 1000 2145 odium
1035 2095 1298 2147 lImOl'IlIC
1343 2106 1601 2150 mutetur.
1639 2099 1767 2151 Illud
1808 2109 1988 2154 autem
2022 2103 2354 2157 subditorum

815 2185 1240 2238 benevolentiam
1274 2189 1522 2240 omnibus
1551 2189 1788 2257 vestigiis
1850 2191 2170 2259 insequitur.
2203 2191 2354 2245 Patet

814 2286 990 2330 autem
1022 2276 1463 2346 interutrumque
1508 2280 1828 2346 diﬂ‘ereutia,
1876 2287 1929 2337 in
1962 2285 2106 2337 omni
2149 2285 2358 2337 actione

815 2377 871 2422 et
899 2383 997 2421 usu
1028 2370 1354 2423 necessario.
1407 2371 1556 2435 Quod
1588 2373 1631 2426 si
1655 2375 1892 2429 animum
1929 2385 2082 2430 tuum
2137 2377 2362 2446 subjecit

814 2460 1016 2527 opinio,
1049 2459 1285 2513 futurum
1313 2469 1372 2514 ut
1400 2463 1524 2516 inde
1553 2465 1753 2518 humile
1781 2467 1927 2534 quid,
1979 2468 2268 2536 abiectum,
2307 2476 2360 2520 et

812 2553 1212 2620 contemptibile
1237 2564 1535 2614 enascatur.
1571 2557 1711 2611 unde
1736 2561 1938 2613 tardius
1978 2568 2030 2612 et
2059 2559 2262 2614 invitus
2294 2559 2358 2612 ad

811 2642 913 2696 hoc
930 2642 1212 2697 consilium
1231 2643 1450 2699 accedas
1473 2654 1558 2700 :tu
1581 2659 1763 2702 contra
1782 2665 2017 2717 oppones
2037 2664 2210 2702 mores
2233 2663 2363 2703 ceu-

810 2731 1024 2784 stitutos
1039 2738 1093 2784 et
1119 2731 1353 2795 stabiles,
1380 2735 1697 2788 sententiam
1730 2736 2062 2789 obﬁrmatam
2083 2778 2096 2801 ,
2126 2745 2181 2789 et
2220 2737 2360 2804 quod

811 2821 1266 2873 assentationibus
1291 2831 1346 2874 et
1378 2823 1706 2876 seurrisnon
1757 2827 2071 2887 attenditur,
2125 2826 2358 2893 gravita-

812 2918 920 2965 tem
966 2911 1020 2963 in
1056 2911 1258 2964 deliciis
1310 2912 1544 2965 habitam
1591 2915 1932 2982 opponendo.
1983 2915 2174 2968 Notum
2203 2930 2359 2984 porro

815 3000 910 3053 tibi
937 3001 1024 3061 sit,
1053 3002 1195 3069 quod
1226 3012 1316 3054 tuo
1359 3003 1557 3057 subditi
1587 3005 1829 3071 Imperio,
1855 3004 2110 3073 pudorem
2140 3020 2356 3057 suavem

813 3090 1023 3142 militari
1048 3091 1228 3159 sagulo
1258 3092 1528 3160 praelaturi
1550 3094 1678 3156 sint,
1706 3102 1763 3148 et
1795 3104 1845 3147 te
1873 3109 1937 3147 eo
1959 3094 2201 3147 indutum
2247 3110 2357 3145 ma-

815 3177 895 3244 gis
939 3177 1198 3231 illustrem
1232 3180 1295 3232 iis
1349 3181 1737 3248 appariturum.
1798 3183 1908 3236 Iloc
1970 3193 2023 3236 tu
2071 3183 2354 3243 lenocinio,

2533 1923 2698 1990 Ἀρχε
2746 1919 3072 1988 ποθούμενος
3123 1920 3318 1988 μᾶλλον
3352 1920 3385 1987 ἢ
3436 1921 3533 1972 σὺν
3577 1920 3723 1988 φόϐῳ
3749 1936 3760 1946 ·
3812 1921 3873 1971 τὸ
3909 1922 4003 1986 μὲν

2461 2013 2568 2082 γὰρ
2604 2015 2700 2064 οὐκ
2737 2013 2846 2064 ἐστι
2886 2013 2959 2081 μὴ
2987 2012 3106 2081 οὐχὶ
3135 2013 3212 2074 είς
3250 2014 3401 2081 μῖσος
3425 2012 3822 2081 ἀποκριθῆναι·
3855 2014 3915 2064 τὸ
3949 2015 4001 2064 6‘;

2459 2103 2555 2171 τὴν
2594 2102 2702 2155 τῶν
2747 2103 3060 2170 ἀρχομένων
3087 2101 3296 2154 εὔνοιαν
3339 2102 3493 2154 είωθε
3530 2103 3776 2171 Θηρεύειν
3800 2121 3812 2133 ·
3847 2104 4000 2172 δῆλον

2458 2189 2513 2242 δὲ
2546 2189 2606 2242 τὸ
2642 2193 2698 2242 ὲν
2740 2190 2886 2261 πάσῃ
2915 2191 3006 2243 καὶ
3047 2190 3241 2261 πράξει
3274 2191 3365 2243 καὶ
3395 2191 3551 2261 χρείᾳ
3589 2191 3841 2261 διάφορον
3871 2196 3998 2246 ἑκα-

2459 2283 2635 2352 τέρου.
2678 2284 2739 2333 Εἰ
2769 2283 2898 2334 δέτι
2925 2282 3172 2334 ταπεινὸν
3201 2283 3291 2334 καὶ
3323 2283 3807 2352 εὐκαταφρόνητον,
3839 2285 3911 2344 ὡς
3938 2288 3999 2336 ἂν

2461 2373 2698 2433 ἐκεῖθεν,
2741 2371 3060 2440 ἐπιφύεσθαί
3094 2388 3173 2424 σοι
3216 2371 3403 2441 μέλλον
3430 2372 3712 2441 ὑποτρέχει
3753 2375 3877 2435 τοὺς
3917 2375 3998 2424 λο-

2460 2461 2707 2530 γισμοὺς,
2747 2461 2838 2513 καὶ
2869 2461 3002 2530 πρὸς
3037 2463 3134 2530 τὴν
3174 2461 3474 2531 συμϐουλὴν
3503 2463 3857 2532 ὀκνηρότερον
3894 2483 3995 2516 πσ-

2464 2549 2780 2618 ρασκευάζει
2803 2567 2814 2578 ·
2842 2551 2974 2602 ἀλλά
3001 2550 3063 2602 σύ
3088 2567 3149 2617 γε
3178 2551 3238 2602 τὸ
3270 2550 3492 2620 βεϐηκὸς
3517 2551 3622 2603 τῶν
3644 2553 3876 2622 τρόπων,
3909 2555 3998 2604 καὶ

2460 2644 2519 2697 τὸ
2556 2643 2945 2711 ὲστηριγμένον
2974 2642 3073 2710 τῆς
3106 2640 3346 2710 γνώμης,
3376 2643 3469 2695 καὶ
3503 2643 3563 2695 τὸ
3597 2645 3669 2715 μὴ
3716 2649 3993 2714 προσανεῖ·

2463 2732 2585 2784 σοαι
2643 2731 2825 2794 κόλαξι
2895 2731 2985 2782 καὶ
3041 2729 3364 2799 βωμολόχοις
3413 2731 3651 2797 τούτοις,
3711 2735 3996 2797 ἀντιτάξας

2462 2821 2756 2890 σεμνότητα
2785 2821 2942 2888 φίλην
2961 2837 2974 2850 ⁸
3003 2820 3064 2873 εὖ
3093 2820 3199 2872 ίσοι
3228 2821 3373 2891 παρά
3399 2825 3506 2884 τοῖς
3539 2824 3876 2892 ἀρχομένοις,
3907 2827 3997 2875 καὶ

2462 2914 2713 2979 γλυκεῖαν
2748 2912 2897 2972 αἰδὼ,
2930 2913 3023 2980 τῆς
3062 2916 3425 2984 στρατηγικῆς
3455 2914 3717 2982 χλανίδος,
3744 2915 3992 2984 λαμπρό-

2459 3019 2616 3070 τερον
2645 3001 2851 3070 ὀφθήσῃ
2882 3000 3336 3070 περιϐεϐλημένος
3355 3018 3370 3032 θ
3403 3003 3494 3054 καὶ
3519 3003 3624 3054 τῶν
3653 3005 3742 3054 ἐπὶ
3771 3005 3992 3071 σοϐαρό-

2459 3107 2578 3157 τητι
2613 3089 2704 3140 καὶ
2744 3089 2887 3156 ἠθῶν
2919 3088 3208 3157 τραχύτητι
3243 3089 3382 3154 μέγα
3420 3091 3752 3157 φρονούντων
3803 3092 3994 3142 εὐστα-

2463 3180 2714 3247 θέστερον
2743 3177 2884 3229 κατά
2910 3175 3040 3228 πολὺ
3072 3179 3164 3227 καὶ
3195 3175 3528 3247 βεϐαιότερον
3560 3179 3908 3249 ἐπιδειχθήσῃ
3938 3181 3995 3231 τὸ

814 3267 1054 3321 subditos
1083 3269 1197 3332 tibi,
1237 3285 1555 3340 quocunque
1589 3273 1838 3337 volueris,
1879 3274 2161 3341 perduees.
2193 3274 2362 3326 multo
2390 3270 2430 3324 C
2463 3273 2487 3324 ύ

1343 3287 1555 3340 cunque
1589 3273 1838 3337 volueris,
1879 3274 2161 3341 perduees.
2193 3274 2362 3326 multo
2390 3270 2430 3324 C
2463 3272 2696 3339 ὑπήκοον
2724 3266 3016 3335 περιάγων.

814 3359 1078 3414 efﬁcacius
1098 3370 1151 3413 et
1176 3364 1519 3418 constantiori
1547 3374 1749 3429 tenore,
1782 3382 1940 3435 quam
1972 3367 2063 3435 qui
2089 3369 2156 3421 de
2209 3367 2347 3421 fastu
2385 3363 2752 3435 supereilioso,
2789 3370 2841 3414 et
2868 3375 3074 3413 morum
3131 3359 3435 3427 asperitate,
3503 3377 3722 3429 magum.~
3760 3363 3857 3415 sz7ln
3899 3381 3993 3415 ςυσ-

818 3459 969 3503 ιιιιιηι
996 3451 1230 3521 spiritus.

1369 3544 1578 3599 EPIST.
1614 3547 1800 3600 V(XIV.

938 3633 1124 3688 Joanm'
1153 3635 1370 3690 patricio
1415 3646 1463 3687 et
1496 3638 1756 3691 sacellauo
1785 3642 1924 3693 avud
1956 3642 2235 3711 Augurius.

3026 3543 3242 3596 ΕΠΙΣΤ.
3285 3545 3406 3596 KA'.

2464 3633 2706 3700 Ἰωάννῃ
2755 3634 3031 3700 πατρικίῳ
3070 3633 3170 3707 ,καὶ
3229 3637 3604 3707 σακελλαρίῳ
3659 3640 3806 3691 κατὰ
3853 3643 3990 3707 τοὺς

3049 3705 3422 3770 Αγγοιρίους.

2034 3799 2292 3846 Hontaeut.
2331 3797 2433 3858 (ep.
2467 3796 2542 3853 75,
2575 3809 2625 3857 p.
2661 3795 2789 3855 122).

885 3900 1113 3954 Omnino
1139 3901 1269 3956 mihi
1287 3912 1432 3957 recte
1460 3913 1513 3959 et
1541 3905 1808 3974 sapienter
1827 3907 1953 3960 olim
1983 3907 2179 3961 uictum
2203 3907 2352 3960 vitle-

816 4001 921 4053 tur,
956 3993 1258 4047 ascendisse
1305 3995 1518 4063 quidem
1570 3998 1763 4051 multos
1793 3999 1847 4052 in
1903 3999 2146 4052 arborem
2183 3998 2346 4060 illam,

813 4095 932 4146 qua:
981 4081 1216 4148 tyrannis
1243 4083 1586 4135 nominatur:
1631 4085 1910 4138 descendit
1941 4097 2120 4139 autem
2167 4086 2345 4138 nullus

813 4169 1009 4233 denuo,
1035 4169 1126 4222 sed
1154 4171 1342 4239 singuli
1373 4174 1523 4225 ruina
1552 4174 1968 4242 prazeipitantur.
1996 4176 2177 4244 Itaque
2209 4175 2337 4244 quid

814 4258 945 4309 adeo
979 4260 1288 4312 intumescis
1317 4271 1371 4313 et
1407 4263 1636 4314 exsultas
1654 4264 1746 4316 tu?
1786 4265 1863 4316 Tu
1909 4266 2142 4317 nondum
2183 4281 2342 4333 super

813 4364 990 4404 ramos
1025 4349 1184 4416 hujus
1210 4350 1436 4415 arboris,
1486 4353 1662 4420 gravis
1691 4362 1957 4420 utcunque
1996 4363 2050 4406 ct
2109 4355 2342 4407 tumidus

813 4435 1191 4498 conscendisti,
1214 4435 1304 4489 sed
1334 4436 1648 4506 insipienter
1683 4438 1735 4490 in
1768 4439 1895 4506 ipsis
1923 4439 2150 4492 caulium
2205 4440 2344 4493 loliis

812 4520 1070 4574 evehcris.

1355 4628 1570 4682 EPIST.
1608 4629 1767 4683 XXV.

1364 4718 1576 4772 Tarasio
1603 4722 1775 4782 fratri.

2521 3901 2654 3952 Δίαν
2695 3901 2877 3970 ἔμοιγε
2906 3901 3050 3955 δοκεῖ
3094 3903 3270 3966 καλῶς
3316 3906 3406 3956 καὶ
3441 3908 3672 3968 συνετῶς
3739 3910 3766 3959 ὀ
3825 3910 3985 3962 πάλαι

2447 3988 2730 4058 λεγόμενος
2760 3991 2899 4059 ἔχειν
2938 3992 3112 4058 λόγος,
3142 3993 3215 4054 ὡς
3242 3995 3505 4063 ἀνέϐησαν
3543 3996 3640 4064 μὲν
3675 3998 3774 4066 ἤδη
3806 4001 3985 4050 πολλοὶ

2443 4082 2534 4132 ἐπὶ
2570 4081 2629 4131 τὺ
2656 4081 2865 4149 δένδρον
2909 4082 3063 4135 τοῦτο
3102 4083 3130 4135 ὃ
3175 4083 3502 4154 καλούμενόν
3534 4088 3646 4136 ἐστι
3688 4090 3966 4154 τυραννίς·

2440 4170 2639 4237 κατέϐη
2669 4171 2724 4222 δὲ
2757 4172 2931 4234 οὐδεὶς
2976 4174 3166 4235 πάλιν,
3196 4173 3328 4226 ἀλλά
3359 4176 3785 4228 καταπίπτουσιν
3812 4177 3982 4230 ἀτταν-

2439 4277 2546 4321 τςς.
2583 4261 2642 4311 Εἰ
2664 4261 2719 4311 δὲ
2741 4261 2896 4313 τοῦτο
2914 4303 2928 4324 ,
2956 4263 3007 4314 τί
3034 4266 3260 4334 γαυριᾷς
3288 4267 3378 4316 καὶ
3404 4268 3626 4335 σκιρτᾷς
3651 4267 3809 4328 αὐτὸς
3829 4309 3841 4329 ,
3872 4264 3980 4318 οὐῖ

2442 4347 2535 4399 ἐπὶ
2583 4350 2691 4409 τοῖς
2738 4349 2925 4400 τούτου
2972 4351 3200 4412 κλάδοις,
3245 4351 3539 4405 καὶταῦτα
3577 4352 3742 4421 βαρὺς
3786 4354 3857 4404 ὢν
3889 4356 3978 4405 καὶ

2444 4436 2671 4505 σοϐαρὸς
2698 4440 2790 4489 καὶ
2819 4439 3158 4508 φλεγμαίνων
3176 4481 3190 4504 ,
3222 4441 3335 4493 ἀλλ’
3361 4442 3452 4493 ἐπὶ
3478 4444 3587 4504 τοῖς
3613 4443 3721 4494 τῶν
3770 4443 3977 4509 φύλλων

2372 4561 2421 4618 D
2448 4525 2610 4577 αὑτοῦ
2639 4527 2884 4590 πετάλοις
2915 4530 3150 4600 ἀνοήτως
3174 4530 3495 4600 ὀχούμενοςς

3011 4641 3228 4696 ΕΠΙΣΤ.
3265 4642 3390 4695 κε’.

2938 4731 3196 4797 Ταρασίῳ
3227 4731 3481 4799 ἀδελφῷ.

2016 4813 2273 4863 Monlaeut.
2312 4818 2412 4879 (ep.
2448 4821 2522 4876 78.
2559 4837 2605 4884 p.
2647 4825 2770 4883 126).

878 4901 952 4952 Ad
989 4914 1194 4954 summa
1226 4897 1530 4966 perducitur
1558 4901 1753 4967 passio,
1798 4911 1852 4953 et
1877 4901 2172 4953 intenditur
2224 4918 2335 4955 ma-

807 4994 936 5045 lum.
969 4991 1041 5043 Ac
1075 4997 1266 5058 prmter
1295 4991 1457 5042 Deum
1507 4999 1558 5043 et
1579 5006 1607 5043 a
1641 4991 1748 5043 Deo
1776 5007 1944 5059 spem,
1981 4993 2121 5045 nulla
2150 5010 2336 5061 super-

806 5092 886 5134 est
931 5079 1250 5142 eonsolatio;
1312 5078 1535 5139 insidiae,
1586 5079 1761 5140 mina},
1811 5090 2058 5143 terrores,
2114 5083 2200 5150 qui
2242 5099 2335 5136 cx-

811 5168 1122 5235 perientiam
1155 5166 1726 5229 Ieceruntl'aciliorem,
1765 5169 1997 5236 undique
2047 5183 2326 5240 apparent.

806 5257 934 5321 Quis
958 5258 1070 5310 hac
1097 5258 1284 5311 sistet?
1313 5257 1576 5311 Fortassis
1597 5259 1680 5311 illa
1708 5260 1818 5328 ipsa
1849 5276 2001 5328 quam
2025 5274 2207 5316 contra
2233 5281 2329 5318 uos

805 5349 1106 5416 parturiunt
1146 5363 1308 5414 mors,
1348 5349 1427 5401 vel
1450 5349 1564 5402 illos
1587 5350 1810 5417 privabit
1843 5359 2101 5418 potestate
2124 5362 2176 5405 et
2207 5369 2332 5422 sup-

804 5438 955 5505 plicia
997 5438 1290 5507 ingerendi,
1329 5440 1407 5491 vel
1440 5455 1535 5492 nos
1589 5440 1871 5494 liberatura
1901 5450 1983 5496 est
2039 5457 2068 5497 ει
2109 5445 2327 5496 tribula-

805 5527 1054 5580 tionibus.

874 5679 916 5708 "
949 5677 1130 5731 Mattu.
1163 5695 1257 5742 vn,
1286 5679 1337 5730 εὶ.

2519 4911 2775 4978 ’Λκμάζει
2801 4911 2860 4962 τὸ
2881 4911 3068 4973 πάθος,
3101 4912 3193 4963 καὶ
3217 4911 3276 4961 τὸ
3306 4912 3470 4962 κακὸν
3495 4911 3815 4963 ἐπιτείνεται
3835 4930 3848 4941 ’
3881 4913 3970 4963 καὶ

2436 4999 2573 5068 πλὴν
2622 4999 2757 5051 Θεοῦ
2800 5001 2894 5051 καὶ
2940 5001 3044 5052 τῶν
3089 5001 3292 5052 ἐκεῖθεν
3325 5002 3581 5065 ἐλπίδων,
3633 5004 3968 5071 παραμύθιον

2435 5091 2618 5142 οὐδέν’
2661 5091 2938 5142 ἐπιϐουλαὶ
2991 5092 3065 5153 δὲ,
3106 5094 3195 5141 καὶ
3233 5093 3470 5151 ἀπειλαὶ,
3521 5091 3615 5142 καὶ
3653 5093 3826 5158 φκῖϐοι,
3866 5094 3968 5143 τῶν

2436 5181 2805 5250 προλαϐόντων
2842 5183 2940 5251 τὴν
2974 5185 3163 5250 πεῖραν
3195 5183 3520 5251 κουφοτέραν
3582 5184 3964 5248 ἀποφαίνουσι·

2436 5273 2516 5334 τίς
2568 5274 2751 5342 στήσει
2785 5271 2990 5336 rauca;
3043 5273 3152 5325 ἀλλ’
3202 5274 3346 5335 ἴσως,
3377 5272 3434 5323 ὃν
3475 5272 3624 5322 αὐτοὶ
3669 5271 3787 5323 καθ’
3818 5272 3965 5340 ἡμῶν

2435 5361 2675 5413 ὠδίνουσι
2708 5361 2953 5424 θάνατον,
2986 5361 3016 5430 ἦ
3043 5360 3132 5411 τοῦ
3160 5362 3414 5429 τιμωρεῖν
3445 5359 3535 5411 καὶ
3560 5357 3804 5420 κολάζειν
3833 5359 3964 5409 ἐκεί·

2439 5468 2577 5513 νους,
2615 5452 2646 5520 ἢ
2680 5453 2822 5519 ἡμᾶς
2853 5452 3076 5518 ἀπάγων
3109 5451 3214 5502 τῶν
3240 5450 3485 5516 θλίψεων.
