4236 6436
1400 334 1919 396 EPISTOLARUM
1962 334 2184 394 LIBER
2206 334 2319 393 III.

851 442 1071 495 ΕΠΙΣΤ.
1111 442 1253 508 κεῖν.
1845 449 1890 503 Λ

748 532 986 601 Ἰωάννῃ
1020 534 1345 600 σπαθαρίῳ.

3350 330 3450 393 946

2469 438 2677 493 EPIST.
2720 440 2902 494 XXVI.

2447 531 2637 583 Joanni
2665 533 2943 596 φοίνιαι-ἕο.

1495 645 1755 691 Montaent.
1793 644 1890 703 (ep.
1933 644 2008 701 '79,
2044 657 2089 703 p.
2129 642 2254 700 127).

338 748 452 798 Οὔκ
480 745 753 812 ὲλυπησας
782 745 862 797 ὅτι
890 744 1204 814 ἡπάτησας·
1241 745 1331 796 καὶ
1361 749 1548 812 συχνὸς
1575 746 1601 795 ὁ
1636 746 1817 814 χρόνος

273 836 333 901 ἐξ
365 832 425 889 οὗ
448 837 537 888 τὸν
575 836 695 901 ὅφιν
726 837 812 888 ὑπ’
864 835 1146 905 ἀνθρώπου
1187 840 1364 905 μορφῇ
1414 839 1657 905 κατεῖχες
1687 854 1818 904 κρυ-

275 928 541 993 πτόμενον
568 943 580 957 ·
606 926 718 978 ἀλλ’
747 927 828 979 ὃτι
858 929 1023 989 κακὸς
1054 929 1271 994 ἐφάνης,
1303 927 1394 979 καὶ
1422 928 1587 994 φίλων
1610 927 1818 996 ἐχθρὸς,

274 1020 484 1085 καιροῖς
535 1017 831 1078 δουλεύων,
867 1020 959 1070 καὶ
987 1019 1169 1087 ἀπάτῃ
1198 1018 1617 1086 ἐπερειδόμενος.
1662 1019 1720 1069 Et
1766 1019 1819 1071 δέ

275 1124 337 1158 σε
365 1108 437 1175 μὴ
468 1108 633 1160 κακὸν
661 1111 692 1175 ὴ
735 1109 929 1176 πρᾶξις
966 1109 1194 1173 ἐδείκνυ,
1228 1111 1321 1161 καὶ
1358 1111 1435 1170 εἰς
1469 1112 1626 1177 ζῆλον
1669 1106 1813 1164 εἷλκε

272 1194 366 1244 τοῦ
410 1194 668 1261 προδότου
709 1195 768 1246 τὸ
798 1199 982 1259 κακοῖς
1012 1198 1101 1247 τὸν
1141 1198 1432 1266 εὐεργέτην
1461 1200 1813 1265 ἀμείὸεσθαι,

274 1282 336 1334 εὖ
367 1283 493 1347 ῐσθι,
519 1283 593 1346 ὡς
636 1285 727 1337 καὶ
762 1284 1032 1353 εὔφρανας
1066 1287 1131 1339 ἂν
1157 1288 1220 1339 ἐκ
1252 1288 1345 1339 τοῦ
1385 1290 1612 1357 πάσχειν
1646 1291 1811 1357 ἡμᾶς,

275 1367 356 1433 οἷς
389 1374 757 1444 καθαιρόμεθα
781 1414 796 1438 ,
832 1376 989 1438 αὐτός
1031 1394 1083 1428 τι
1113 1376 1221 1429 τῶν
1256 1378 1469 1443 ἀγαθῶν
1506 1380 1812 1447 ἐκκαρπούο

1964 748 2104 801 ΔΝοιι
2136 748 2317 800 dolore
2366 746 2609 811 aﬂecisti,
2656 744 2795 813 quod
2858 742 3135 805 framlasti,
3165 750 3217 795 et
3249 752 3458 812 tempus

1922 839 2051 891 satis
2102 840 2314 907 longum
2369 846 2469 898 est,
2526 852 2589 890 ex
2628 851 2732 903 quo
2778 844 3078 900 serpentem
3108 835 3206 887 sub
3231 834 3459 888 humana

1922 929 2091 981 forma
2166 930 2418 981 latentem
2498 927 2767 987 occultas;
2814 926 3091 992 improbus
3148 925 3458 993 apparuisti,

1923 1019 2107 1071 amicis
2136 1020 2403 1079 inimicus,
2427 1017 2756 1085 temporibus
2789 1019 3052 1079 serviens,
3078 1014 3354 1068 fraudibus
3382 1016 3462 1068 in-

1926 1111 2125 1163 nixus:
2165 1112 2206 1162 si
2254 1121 2303 1163 te
2362 1111 2605 1178 iniquum
2628 1113 2725 1162 ista
2765 1111 2903 1163 actio
2935 1125 3043 1162 non
3082 1108 3459 1170 manifestavit,

1920 1209 1973 1252 et
2005 1199 2070 1253 ad
2102 1199 2452 1252 imitationem
2479 1200 2691 1252 attraxit
2720 1199 3005 1267 proditoris
3027 1198 3192 1259 Iudae,
3223 1207 3280 1250 ut
3302 1197 3466 1249 bene-

1921 1290 2164 1342 meritum
2204 1289 2354 1342 malis
2370 1299 2643 1357 pensatum
2664 1290 3009 1353 habeas,illud
3028 1289 3160 1341 habe
3177 1286 3463 1357 cognitum,

1920 1381 2058 1448 quod
2092 1381 2135 1433 si
2181 1379 2360 1433 laetitia
2377 1379 2618 1435 affeceris
2650 1382 2719 1433 ob
2758 1396 2816 1432 ea
2847 1396 2961 1448 qum
3004 1378 3249 1447 patimur,
3270 1377 3467 1446 aliquid

280 1480 456 1532 μενος.

853 1578 1072 1632 ΕΠΙΣΤ.
1116 1582 1236 1634 ΚΖ’.

278 1666 704 1731 Κωνσταντίνῳ
732 1671 1039 1738 σπαραριῳ
1069 1670 1283 1738 γένους
1312 1668 1482 1733 ὄντος
1518 1672 1826 1738 πρῤηνῶν

714 1740 810 1789 καὶ
848 1736 1387 1806 δυστροπευομένψ.

1935 1472 2054 1525 inde
2088 1472 2211 1524 boni
2246 1482 2302 1524 tu
2349 1471 2711 1537 consequeris.

2464 1581 2676 1636 EPIST.
2716 1582 2921 1634 XXVII.

1935 1672 2274 1727 Constantino
2358 1668 2624 1739 spat/tario
2682 1670 2925 1738 Tyrrheni
2972 1670 3169 1740 generis
3224 1672 3465 1735 perversis

2450 1742 2673 1792 moribus
2701 1740 2935 1806 pra’dito.

1508 1852 1767 1903 Mcntacut.
1805 1857 1906 1918 (ep.
1942 1858 2018 1916 80,
2054 1870 2100 1918 p.
2139 1856 2263 1915 I27).

351 1948 433 2000 Τὰ
480 1949 771 2019 Τυρρηνῶν
799 1952 1029 2020 δημόσια
1060 1954 1214 2023 ἔργα,
1252 1957 1341 2007 καὶ
1380 1958 1463 2021 ἐφ’
1504 1955 1580 2022 οἷς
1623 1962 1819 2028 σεμνύ-

1988 1960 2199 2013 Publica
2219 1959 2614 2029 Tyrrhenorum
2635 1975 2817 2026 opera,
2866 1960 2931 2012 de
2988 1960 3179 2027 quibus
3223 1961 3464 2028 glorian-

282 2055 481 2104 νονται,
504 2040 719 2109 ἀρχαῖος
743 2045 769 2093 ὁ
801 2042 972 2109 λόγος,
1004 2045 1120 2096 οὐδὲ
1146 2048 1254 2105 τοῖς
1277 2047 1680 2114 ἀσελγεστάτοις
1714 2053 1818 2104 τῶν
1920 2058 1955 2100 ιι

1794 2072 1818 2104 ν
1920 2058 2022 2113 tur,
2048 2058 2196 2102 vetus
2231 2051 2389 2102 habet
2419 2051 2667 2109 verbum,
2698 2050 2843 2115 orgia
2868 2050 3017 2108 fiunt,
3054 2066 3118 2101 ne
3149 2050 3356 2116 quidem
3403 2052 3467 2102 ab

284 2124 460 2176 ἄλλων
504 2127 833 2194 ἀνθρώπων,
885 2130 1002 2181 οὐδὲ
1047 2133 1212 2200 χωρὶς
1251 2134 1504 2202 αἰσχύνης
1542 2137 1699 2204 ὄργια
1732 2142 1817 2204 γί-
1918 2146 1957 2196 ir

1794 2169 1817 2179 -
1918 2140 2353 2208 impudicissimis
2385 2140 2657 2199 hominum
2683 2139 2796 2191 sine
2828 2140 3047 2207 pudore.
3071 2139 3249 2206 Cogita
3276 2139 3467 2192 idcirco

284 2231 454 2266 νεται.
491 2216 629 2283 Ὅρα
658 2217 747 2269 οὖν
776 2219 920 2282 ὅπως
947 2221 1105 2283 αὐτὸς
1132 2222 1224 2275 νῦν
1247 2223 1396 2277 πόλιν
1417 2227 1818 2279 Κωνσταντίνου
1920 2244 1950 2280 ιι

1796 2246 1818 2279 υ
1920 2238 1975 2280 ιιι
2004 2243 2122 2279 cum
2170 2227 2350 2279 urbem
2405 2227 2668 2280 inhabilas
2708 2225 3040 2279 Constantini
3070 2225 3230 2278 vitam
3274 2226 3469 2294 optime

290 2304 552 2371 μετοικῶν
579 2308 770 2375 ἄριστα
812 2309 1044 2376 βιώσεις,
1076 2313 1169 2364 “Av
1198 2314 1302 2382 γάρ
1330 2314 1381 2363 τί
1415 2331 1473 2366 σε
1502 2316 1596 2367 καὶ⁵
1631 2317 1821 2384 μικρὸν

290 2396 383 2461 τῆς
421 2394 582 2465 ὀρθῆς
635 2403 1054 2467 παρατραπὲντα
1103 2404 1485 2456 συναίσθωνται
1532 2407 1823 2473 πολιτείας,

291 2486 491 2537 καπνὸν
524 2487 855 2557 Τυρρηνικὸν
902 2492 1129 2555 ἰδόντες,
1188 2494 1280 2546 καὶ¹
1306 2495 1366 2546 τὸ
1417 2496 1561 2566 πῦρ,
1604 2497 1703 2551 κᾶν
1728 2499 1825 2550 οὐκ

290 2576 553 2647 ἀνάπτῃς,
576 2581 653 2640 εἰς
697 2580 836 2647 μέγα
879 2582 1071 2649 φλογὸς
1105 2586 1528 2656 ὑποτοπήσουσιν
1558 2590 1823 2657 αἴρεσθαι.

300 2668 363 2717 ’Λ
408 2668 511 2737 χρὴ
561 2669 1022 2742 διευλαϐούμενον,
1054 2676 1395 2744 ἀπρόσκοπον
1438 2681 1623 2742 πᾶσιν,
1674 2680 1747 2741 ὡς
1780 2683 1828 2732 οἱ

298 2754 427 2808 θεῖοι
463 2757 652 2827 θεσμοὶ
676 2761 1089 2831 διακελεύονται,
1117 2766 1208 2819 καὶ
1237 2763 1375 2821 εἶναι
1405 2769 1497 2821 καὶ
1527 2770 1827 2836 φαίνεσθαι.

873 2961 1091 3014 ΕΠΙΣΤ.
1132 2964 1263 3016 κη’.

302 3044 505 3103 Λέοντι
546 3051 839 3121 Δλογοῌθέτῃ
878 3054 1161 3117 γεγονότι,
1193 3054 1288 3104 καὶ
1325 3054 1672 3121 μονάσαντι,
1722 3058 1839 3111 ὑπὸ

535 3116 857 3183 δοκοῦντος
888 3123 1067 3186 φίλου
1102 3116 1601 3189 παραληύπηιήντι.

1930 2318 2193 2378 instituas,
2225 2317 2266 2369 si
2290 2318 2429 2370 enim
2450 2327 2499 2369 te
2524 2316 2883 2369 intellexerint
2905 2316 3069 2377 cives,
3100 2316 3182 2368 vel
3206 2316 3466 2368 tantillum

1931 2426 1959 2463 a
1988 2420 2132 2463 recte
2167 2409 2375 2463 vivendi
2409 2408 2611 2461 ratione
2645 2407 2959 2469 declinasse,
2984 2407 3072 2459 ubi
3104 2406 3306 2460 fumum
3335 2406 3466 2476 Tyr-

1933 2500 2222 2552 rhenorum
2243 2498 2731 2559 animadverterint,
2754 2498 3164 2565 Suspicabuntur
3196 2506 3249 2551 et
3275 2498 3467 2567 ignem,

1933 2589 2056 2642 licet
2076 2590 2211 2641 haud
2227 2588 2582 2650 succenderis,
2598 2590 2650 2641 in
2669 2603 2908 2657 magnam
2934 2588 3195 2640 flammam
3227 2587 3471 2639 attollen-

1935 2680 2079 2732 dmn.
2107 2681 2258 2743 Quod
2284 2681 2410 2733 dum
2434 2664 2617 2734 sedulo
2640 2695 2925 2749 praecaves,
2958 2680 3071 2732 sine
3093 2679 3259 2745 lapsu,
3285 2694 3470 2745 quem-

1936 2770 2217 2822 admodum
2274 2769 2451 2823 divina
2492 2770 2681 2837 jubent
2737 2770 2970 2831 oracula,
3027 2783 3205 2822 coram
3228 2766 3475 2820 omnibus

1942 2866 2000 2910 ut
2032 2857 2249 2911 incedas
2283 2857 2559 2911 nitendum
2585 2867 2685 2910 est.

2468 2966 2680 3018 EPIST.
2716 2963 2948 3017 XXVIII.

1947 3056 2144 3120 Leonti,
2184 3057 2409 3123 quicum
2433 3063 2559 3108 esset
2595 3055 2844 3123 logothcla
2872 3054 3149 3105 monachus
3203 3052 3371 3113 fiebat,
3430 3058 3476 3103 et

2356 3126 2416 3176 ab
2438 3126 2602 3176 amico
2635 3140 2847 3175 υκαι-ονε
2876 3124 3073 3190 απεειο.

1514 3238 1772 3287 Montacut.
1809 3239 1907 3300 (ep.
1944 3240 2018 3296 8i,
2056 3252 2103 3299 p.
2141 3240 2265 3298 128).

386 3336 619 3404 Ἀμὸλὺς
647 3336 705 3387 τὸ
741 3332 890 3405 ἦθος,
930 3340 1022 3390 καὶ
1054 3340 1289 3407 μαλακὸς
1312 3342 1437 3403 τοὺς
1466 3342 1676 3406 πόνους,
1705 3343 1841 3410 γνώ-

311 3442 413 3494 μην
457 3442 515 3475 τε
551 3426 610 3476 οὺ
646 3426 877 3495 βέϐαιος,
910 3430 1004 3480 καὶ
1046 3429 1343 3498 λημμάτων
1374 3434 1566 3500 ἥττων,
1615 3435 1705 3485 καὶ
1750 3435 1842 3501 τῆς

308 3515 496 3585 ἡδονῆς
524 3517 848 3587 ἀνδράποδον
873 3518 1174 3588 ἄνθρωπος,
1201 3520 1311 3572 οὔτ’
1342 3523 1402 3574 ἄν
1430 3541 1481 3574 τι
1500 3524 1605 3575 τῶν
1625 3524 1842 3590 ἀγαθῶν

308 3606 549 3670 γενναῖον
582 3606 890 3673 ἐργάσαιτο,
938 3607 1031 3659 καὶ
1072 3610 1150 3669 είς
1182 3610 1345 3661 κακὸν
1377 3611 1474 3662 οὐκ
1513 3612 1577 3662 ἂν
1610 3612 1843 3681 ἀποϐαίη

312 3694 484 3762 μέγαο
536 3696 648 3746 ὅσοι
697 3696 753 3747 δὲ
788 3696 946 3763 φύσιν
981 3698 1076 3765 μὲν
1099 3698 1267 3764 ὀξεῖς,
1299 3704 1577 3770 καρτερεῖν
1616 3702 1669 3753 δὲ
1714 3704 1844 3772 πρὸς

311 3787 484 3839 πάντα
507 3786 688 3848 δεινοὶ,
728 3788 1029 3856 ὑπερόπται
1056 3791 1112 3842 δὲ
1152 3792 1244 3843 καὶ
1284 3793 1574 3860 χρημάτων
1605 3797 1696 3845 καὶ
1726 3797 1841 3863 ἡδο-

312 3875 438 3934 νῶν,
468 3877 564 3928 καὶ
590 3878 812 3945 γνώμην
840 3877 1121 3945 ἐξαγαγεῖν
1150 3881 1596 3948 ἀμετάστρεπτοι.
1630 3884 1849 3945 Τούτοις

312 3965 368 4016 δὲ
395 3965 500 4035 ἀρα
528 3966 619 4017 ml.
648 3965 827 4034 ἰσχύος
860 3967 1020 4017 ποθὲν
1043 3969 1434 4039 περιτεθείσης,
1484 3973 1576 4023 καὶ
1603 3974 1681 4034 εἰς
1707 3975 1841 4038 ἁγα-

314 4054 405 4106 θὸν
448 4056 480 4123 ή
720 4058 788 4108 τὰ
838 4056 1066 4124 μέγιστα
1119 4060 1411 4125 ὲξανύσειε,
1464 4062 1557 4114 καὶ
1613 4065 1740 4128 πρὸς
1787 4065 1846 4115 τὸ

317 4142 515 4209 φαῦλον
539 4146 754 4197 ἐπειδὰν
786 4147 1141 4201 ἀποκλίνωσιν
1170 4151 1429 4220 ἀφόρητοι
1461 4169 1519 4203 τε
1555 4156 1647 4205 καὶ
1671 4156 1841 4223 ἀπαρ-

316 4234 523 4303 αίτητοι
557 4236 649 4287 καὶ
680 4236 853 4304 φίλοις
904 4238 995 4290 καὶ
1022 4239 1237 4303 οξκείοις
1267 4241 1361 4294 καὶ⁵
1387 4244 1520 4295 πᾶσι
1561 4242 1847 4295 καθίστανο

319 4342 425 4378 ται.
463 4328 535 4378 Οὐ
573 4327 677 4397 χρὴ
726 4328 904 4379 τοίνυν
926 4329 1225 4399 δυσφορεῖν,
1272 4332 1353 4382 ὅτι
1386 4331 1459 4401 μὴ
1493 4332 1561 4384 τὰ
1606 4333 1853 4401 βέλτιστα.

318 4418 465 4484 παρά
502 4415 594 4467 τοῦ
623 4434 750 4469 ποτε
784 4419 1028 4484 γενναίου
1061 4420 1212 4488 φίλου
1249 4423 1665 4492 ὲκκαρπούμεθα
1686 4440 1702 4456 ο
1738 4424 1850 4476 ἀλλ’

319 4507 693 4575 εὐχαριστεῖν,
742 4510 823 4560 ὅτι
867 4510 985 4579 οὐχὶ
1026 4510 1182 4579 μόνον
1222 4513 1384 4581 μηδὲν
1416 4514 1685 4583 λυπηρὸν,
1734 4515 1848 4566 ἀλλ’

319 4601 401 4667 ἐφ’
436 4595 516 4662 οἷς
547 4601 680 4669 μηδὲ
721 4602 827 4653 τῶν
856 4605 934 4664 είς
960 4602 1258 4673 ὑπερϐολὴν
1298 4606 1531 4674 ἡκόντων
1554 4606 1846 4675 δυσχερῶν,

320 4689 525 4741 ἐκεῖθεν
556 4691 885 4759 πειρώμεθα.
921 4693 981 4745 ΕΙ
1010 4693 1054 4744 δ’
1085 4694 1396 4763 ἐπιστρέψει
1425 4696 1573 4757 ποτὲ,
1600 4696 1693 4746 καὶ
1724 4694 1856 4763 πρὸς

319 4779 417 4841 τὰς
450 4784 726 4847 συγγενεῖς
763 4782 896 4851 μετά
938 4784 1035 4851 τῆς
1080 4784 1257 4851 φιλίας
1289 4785 1584 4853 ἀναδραμοι
1623 4787 1852 4854 ἀρετὰς,

326 4869 457 4930 ἴσως
484 4871 786 4939 ἀποκρύψει
829 4875 941 4935 τοῖς
973 4874 1345 4943 εὐφραίνουσιν
1382 4876 1600 4942 ἀγαθοῖς
1638 4876 1731 4927 καὶ
1756 4876 1853 4927 ὅσα

329 4955 429 5009 τῶν
458 4956 764 5011 λυπούντων
792 4963 937 5029 ἡμᾶς
971 4963 1387 5031 προκατέλαδεν.

898 5086 1119 5140 ΕΠΙΣΤ.
1160 5087 1283 5140 ΚΘ’.

790 5178 1077 5240 Βασιλείᾳ)
1102 5175 1399 5245 πράκτορι.

2006 3342 2237 3395 Moribus
2269 3342 2431 3410 piger,
2488 3340 2550 3392 ad
2580 3338 2789 3391 labores
2819 3339 3011 3399 mollis,
3086 3354 3236 3391 mens
3292 3339 3477 3391 incon-

1941 3443 2106 3496 stans,
2150 3432 2501 3484 succumbens
2530 3431 2704 3489 donis.
2760 3430 3090 3496 voluptatum
3130 3430 3477 3496 mancipium,

1941 3538 2038 3575 nec
2071 3522 2268 3590 aliquid
2298 3521 2421 3574 boni
2445 3521 2756 3589 generosivc
2797 3519 2987 3584 faciet;
3018 3520 3108 3572 sed
3141 3535 3237 3571 nec
3276 3520 3329 3571 in
3364 3536 3479 3571 nta-

1941 3628 2095 3683 gnam
2120 3612 2407 3680 nequitiam
2445 3611 2715 3665 cmanabit
2740 3650 2754 3663 .
2786 3608 2983 3663 Natura
3016 3610 3237 3671 celeres,
3269 3610 3334 3662 ad
3365 3625 3483 3662 orn-

1942 3703 2027 3755 nia
2079 3701 2381 3755 sullerenda
2436 3700 2668 3770 impigri,
2698 3700 3005 3753 divitiarum
3039 3699 3483 3767 voluptatumque

1949 3801 2361 3860 contemptores,
2425 3799 2480 3843 ct
2537 3790 2625 3858 qui
2675 3789 2827 3843 facile
2857 3807 2885 3842 e
2918 3790 3183 3842 sententia
3223 3789 3484 3841 dimoveri

1944 3882 2164 3945 nolunt;
2201 3880 2305 3943 isti,
2339 3879 2626 3932 accedente
2658 3880 2928 3947 aliquanto
2972 3887 3252 3946 potestate,
3288 3881 3372 3932 vel
3418 3880 3487 3932 ad

1948 3972 2196 4024 virtutem
2227 3983 2417 4035 magno
2443 3966 2603 4020 futuri
2624 3978 2750 4020 sunt
2772 3977 3061 4032 momento,
3093 3968 3173 4021 vel
3198 3968 3262 4020 ad
3290 3967 3484 4020 malum

1952 4075 2072 4112 cum
2126 4058 2401 4119 inclinent,
2472 4056 2807 4120 intolerandi,
2870 4057 3230 4125 implacabiles
3274 4057 3480 4120 amicis,

1954 4149 2321 4212 familiaribus,
2352 4147 2572 4217 singulis
2616 4147 2921 4200 exsistunt:
2962 4146 3219 4212 Quocirca
3264 4163 3372 4201 non
3402 4156 3487 4202 est

1956 4256 2092 4309 aegre
2126 4238 2424 4302 ferendum,
2456 4237 2597 4306 quod
2626 4238 2827 4306 optima
2846 4252 3071 4307 quaeque
3100 4239 3167 4292 ab
3197 4239 3368 4293 amico
3394 4253 3489 4309 ge-

1960 4345 2153 4383 neroso
2201 4342 2308 4381 non
2349 4342 2560 4395 semper
2610 4326 2977 4395 impetramus,
3011 4328 3104 4381 sed
3158 4328 3338 4397 gratia:
3362 4337 3489 4381 sunt

1957 4417 2195 4487 agendae,
2228 4432 2293 4469 eo
2320 4416 2462 4484 quod
2504 4431 2608 4469 non
2660 4422 2867 4468 tantum
2902 4415 3035 4468 nihil
3061 4415 3210 4469 triste
3243 4424 3485 4484 reporta-

1955 4524 2093 4572 mus,
2127 4508 2218 4561 sed
2248 4507 2424 4576 potius
2450 4508 2588 4575 quod
2628 4507 2761 4560 nihil
2789 4507 2856 4559 ab
2879 4522 2943 4559 eo
2964 4504 3329 4574 proﬁciscatur
3347 4505 3489 4573 quod

1959 4598 2098 4650 inter
2122 4613 2328 4651 summe
2346 4598 2515 4650 tristia
2540 4605 2592 4650 et
2617 4596 2838 4650 molesta
2877 4604 3211 4647 numeretur.
3240 4595 3307 4646 At
3335 4594 3379 4646 si
3404 4609 3489 4646 re—

1954 4694 2191 4739 vertatur
2223 4686 2526 4755 aliquando,
2570 4697 2626 4741 et
2650 4688 2714 4740 ad
2740 4696 2995 4756 cognatas
3022 4701 3141 4739 cum
3172 4684 3356 4738 amicis
3385 4684 3487 4735 vir-

1956 4787 2095 4829 tutes
2139 4785 2395 4839 recurret,
2431 4777 2542 4829 ﬁeri
2592 4787 2766 4846 potest
2822 4788 2879 4830 ut
2910 4779 3047 4830 bona
3082 4791 3201 4844 quae
3239 4776 3491 4841 deinceps

1953 4867 2243 4925 oblectant.
2273 4869 2450 4920 omnia
2491 4868 2575 4919 illa
2612 4868 2745 4920 mala
2773 4880 2827 4920 et
2861 4868 3035 4921 tristia
3064 4880 3383 4920 evanescere
3413 4864 3490 4917 fa-

1955 4958 2078 5021 ciat,
2102 4958 2296 5025 quibus
2324 4958 2527 5025 pridem
2553 4959 2966 5026 occupabamur.

2506 5080 2715 5134 EPIST.
2756 5082 2943 5135 XXIX.

2499 5170 2689 5224 Basilio
2716 5174 2960 5240 praetori.

1548 5291 1805 5339 Montacut.
1843 5298 1942 5349 (ep.
1976 5286 2053 5341 82,
2088 5298 2134 5344 p.
2173 5283 2297 5343 I28).

399 5393 681 5462 Κείρουσιν
727 5394 776 5446 οἱ
822 5395 1037 5447 παλαιοὶ
1077 5395 1221 5462 λόγοι
1272 5395 1548 5465 Προμηθεῖ
1582 5394 1644 5446 τὸ
1686 5391 1855 5465 ἧπαρ,

329 5484 481 5535 ἀετὸν
521 5483 843 5550 ὲφιστῶντες
893 5487 983 5539 τὸν
1034 5488 1312 5555 κείροντα·
1364 5488 1455 5538 καὶ
1498 5489 1530 5554 ἡ
1574 5485 1737 5548 αἰτία,
1781 5487 1860 5536 ὃτι

333 5575 514 5626 θεόθεν
542 5575 599 5627 τὸ
644 5576 754 5645 πῦρ
782 5577 1065 5644 ἐκκλέψας,
1095 5580 1245 5646 φησὶ,
1284 5578 1457 5628 πόνων
1486 5576 1577 5627 καὶ
1605 5575 1862 5641 καμάτων

333 5664 634 5733 ἀνθρώποις
658 5667 881 5735 ἤνεγκεν
904 5669 1092 5723 αἴτιον.
1120 5670 1180 5722 ΕΞ
1206 5668 1260 5721 δέ
1293 5685 1349 5720 σε
1384 5662 1522 5721 εἷλον
1546 5669 1591 5719 οἱ
1628 5667 1860 5734 ποιηταὶ,

2032 5385 2281 5439 Veterum
2316 5384 2507 5437 fabula:
2561 5386 2839 5452 depastum
2872 5384 3189 5438 Prometheo
3228 5385 3391 5452 liepar
3417 5383 3492 5436 fe-

1966 5486 2089 5531 runt
2117 5476 2185 5529 ab
2214 5474 2386 5542 aquila
2414 5475 2737 5528 detondente
2764 5494 2776 5537 ;
2804 5491 3014 5529 causam
3062 5477 3206 5536 dant,
3238 5474 3377 5542 quod
3427 5475 3492 5526 de

1966 5569 2100 5623 cmlo
2156 5567 2360 5618 furatus
2411 5566 2603 5633 ignem,
2667 5566 2901 5618 laborum
2953 5578 3006 5618 et
3054 5564 3487 5633 defatigationnm

1968 5676 2151 5715 causas
2182 5656 2485 5712 hominibus
2513 5657 2675 5712 dedit.
2709 5659 2860 5723 Quod
2890 5660 2931 5712 si
2965 5671 3010 5711 te
3055 5658 3288 5725 ceperint
3327 5664 3491 5723 poetc
