4236 6436
834 379 936 444 947

1933 383 2155 444 ΡΗΟΤΙ
2162 383 2189 441 Ι
2224 383 2719 446 ΡΑΤΒῘΑΒΟΗΑΞ
2751 389 2856 449 CP.

3896 394 3995 459 958

837 502 1042 546 tantum
1064 491 1325 544 malorum
1358 508 1537 560 pyram
1568 494 1615 545 in
1662 493 1887 561 patriam
1939 503 2357 557 construentem,
2387 496 2510 552 Α-τε

2321 510 2357 557 t,
2387 496 2443 552 Α-
2459 497 2721 565 τοσαύτην
2773 500 2954 551 κακῶν
2988 502 3160 570 πυρὰν
3193 505 3258 571 τῇ
3296 504 3509 572 πατρίδι
3548 505 3823 572 ἀνάψαντα
3844 522 3858 536 ·
3903 510 3994 560 οὐκ

829 598 935 637 non
972 582 1051 635 illi
1092 582 1408 649 aquilarum,
1449 582 1751 645 milvorum,
1800 582 2116 649 accipitrum
2158 583 2360 649 species

829 675 957 725 inte
986 673 1336 735 concitarent,
1366 686 1485 739 qua:
1521 673 1721 724 viscera
1743 672 2095 738 depascerent
2121 681 2243 734 tua;
2268 670 2362 723 sed

826 772 883 818 et
916 764 1126 833 pardos,
1176 764 1379 825 leones,
1408 772 1463 817 et
1488 770 1711 816 cazteras
1736 761 1933 814 bestias
1960 760 2011 812 in
2036 769 2125 813 tua
2156 760 2361 812 intesti-

827 872 895 909 na
940 858 1224 911 immittere
1278 872 1387 911 non
1435 856 1778 911 desisterent.
1836 852 1916 906 Tu
1954 864 2133 907 autem
2163 853 2358 923 cogita,

827 948 967 1017 quod
996 949 1122 1001 licet
1151 958 1322 1016 poetae
1345 962 1455 1000 non
1482 947 1762 1009 exsistant,
1792 945 1885 1013 qui
1914 945 2028 999 haec
2058 943 2181 995 talia
2230 958 2357 996 con-

829 1038 1047 1106 tingant,
1098 1038 1340 1090 veritatis
1394 1046 1568 1090 tamen
1621 1035 1940 1090 Christiana:
1990 1040 2171 1085 exacta
2227 1032 2361 1085 ratio

828 1146 939 1185 non
969 1139 1144 1184 cesset
1200 1128 1518 1197 supplicium
1561 1128 1728 1196 magis
1752 1124 2151 1180 formidolosum
2188 1123 2361 1175 inten-

829 1234 960 1284 tare,
1010 1223 1183 1290 ignem
1238 1217 1677 1281 indefectibilem,
1736 1218 1984 1271 tenebras
2046 1214 2358 1277 exteriores,

827 1313 1109 1367 stridorem
1164 1309 1425 1372 dentium,
1457 1308 1850 1362 multitudinem
1884 1306 2141 1359 vermium
2174 1319 2362 1373 pecca-

830 1403 1031 1455 toribus
1057 1400 1183 1454 dum
1213 1399 1525 1453 substernit.
1561 1397 1713 1462 Quod
1732 1397 1776 1451 si
1806 1408 1857 1450 te
1887 1396 2043 1450 timor
2063 1395 2361 1449 futurorum

827 1491 881 1543 in
915 1490 1164 1560 praesenti
1212 1506 1316 1543 non
1349 1497 1613 1553 coerceat,
1664 1501 1765 1541 nec
1792 1502 1821 1540 a
1870 1502 2031 1540 cursu
2062 1484 2364 1539 inordinato

826 1589 882 1633 et
928 1579 1281 1632 irrationabili
1334 1578 1558 1643 avertit;
1623 1586 1857 1630 attamen
1901 1576 2146 1628 Sodoma:
2172 1584 2227 1625 et
2253 1574 2360 1626 Go-

828 1669 1055 1722 “101‘th
1082 1683 1200 1736 qua:
1228 1668 1417 1721 litteris
1440 1667 1665 1720 traditur
1696 1665 1967 1734 perpessio
2004 1662 2361 1716 inconsolabi—

828 1759 913 1824 lis.
956 1768 1010 1812 et
1062 1773 1344 1811 commune
1380 1756 1509 1811 illud
1554 1756 1792 1811 omnium
1822 1755 2099 1808 hominum
2143 1752 2360 1805 naufra-

826 1851 991 1917 gium,
1021 1848 1313 1911 diluvium;
1357 1855 1412 1899 et
1431 1845 1738 1914 quotidiana
1787 1842 2131 1913 providentiae
2161 1856 2321 1910 opera
2345 1880 2359 1904 ,

826 1937 1085 2002 animum,
1114 1947 1169 1991 et
1188 1936 1558 2007 cogitationes,
1596 1937 1663 1989 ad
1709 1934 1941 1989 sobriam
1974 1942 2029 1987 et
2063 1932 2360 2001 sapientem

828 2028 1199 2099 cogitationem
1227 2026 1521 2081 refonuent

1378 2136 1591 2191 EPIST.
1629 2136 1795 2190 XXX.

1241 2227 1482 2282 Hic/tae“
1512 2229 1942 2297 protospathario.

2459 587 2631 638 ἀετῶν
2661 588 2812 657 γένη,
2848 592 2937 642 καὶ
2970 593 3203 656 ίκτίνων,
3248 595 3339 645 καὶ
3376 596 3608 663 ίεράκων
3652 599 3762 655 τοῖς
3795 599 3996 663 σπλάγ-

2460 693 2605 743 χνοις
2655 678 2721 728 ἂν
2770 680 3159 750 διεὸόσκησαν·
3194 684 3327 737 ἀλλὰ
3387 687 3481 738 καὶ
3530 688 3851 754 παρδάλεις,
3910 689 3998 739 καὶ

2460 765 2695 827 λέοντας,
2728 770 2821 819 καὶ
2848 768 3010 837 θηρία
3040 773 3212 824 πάντα
3239 775 3337 826 οὐκ
3364 773 3428 827 ἀν
3457 779 3568 837 τοίς
3610 777 3861 841 έγκάτοις
3907 779 3997 828 ιπ-

2458 858 2703 921 αφιέντες
2734 859 3032 929 ἀπέκαμον.
3058 864 3128 915 Σὺ
3149 863 3204 915 δὲ
3228 866 3437 929 σκόπει,
3468 867 3542 929 ῶς
3566 869 3612 918 εί
3637 870 3809 920 καὶτὸ
3842 884 3995 935 ποιη-

2459 950 2565 1001 τῶν
2600 948 2755 1015 γένος
2800 951 2968 1004 ταῦτα
3007 955 3357 1023 σχηματίζειν
3404 956 3772 1021 ἐπιλέλοιπεν,
3805 957 3919 1009 ἀλλ’
3961 958 3995 1025 ἦ

2458 1055 2521 1103 γε
2567 1040 2685 1091 καθ’
2712 1042 2858 1108 ἡμᾶς
2884 1043 2981 1110 τῆς
3024 1044 3278 1111 ἀληθείας
3312 1046 3582 1115 ἀκρίϐεια,
3627 1049 3725 1099 οὐκ
3765 1048 3993 1115 ἀπέστη,

2461 1128 2833 1199 φοϐερωτέραν
2886 1133 2985 1202 τὴν
3016 1135 3307 1204 ’τιμωρίαν
3363 1136 3819 1188 ὲπανατείνουσα·
3888 1137 3995 1205 πῦρ

2458 1218 2849 1287 ἀτελεύτητον·
2902 1224 2993 1274 καὶ
3049 1223 3235 1285 σκότος
3288 1224 3583 1293 ἐξώτερον·
3620 1226 3713 1275 καὶ
3759 1223 3997 1292 βρυγμδν

2458 1310 2681 1364 ὀδόντων
2702 1329 2716 1344 ·
2752 1314 2846 1365 καὶ
2878 1313 3172 1381 σκωλήκων
3209 1314 3410 1382 πλῆθος
3446 1314 3862 1382 ὑποστρωννῦσα
3890 1318 3998 1376 τοῖς

2459 1398 2880 1467 ἁμαρτάνουσιν.
2926 1401 2991 1452 El
3019 1401 3074 1453 δέ
3127 1418 3185 1453 σε
3227 1404 3320 1454 καὶ
3366 1403 3474 1454 τῶν
3524 1404 3819 1471 μελλόντων
3850 1402 3999 1454 οὔπω

2461 1490 2729 1542 συστέλλει
2754 1493 2782 1542 ό
2809 1490 2990 1557 φόὸος,
3023 1491 3143 1544 οὐδὲ
3172 1492 3268 1560 τῆς
3292 1492 3523 1544 ἀτάκτου
3554 1492 3649 1543 καὶ
3678 1493 3873 1559 ἀλόγου
3904 1509 3999 1558 φο.

2461 1580 2559 1647 ρᾶς
2584 1581 2911 1633 ἀνακόπτει·
2940 1581 3073 1634 ἀλλὰ
3113 1581 3218 1634 κᾶν
3248 1582 3376 1649 γοῦν
3406 1583 3468 1634 τὸ
3505 1584 3750 1652 Σοδόμων
3776 1584 3871 1636 καὶ
3907 1584 3999 1635 Fo-

2462 1668 2665 1737 μόρῤας
2691 1669 3034 1738 ἀνάγραπτον
3062 1673 3155 1724 καὶ
3177 1672 3556 1743 ἀπαράκλητον
3592 1672 3793 1733 πάθος·
3822 1672 3915 1725 καὶ
3941 1673 4001 1723 τὸ

2389 1807 2432 1847 p
2461 1760 2633 1810 κοινὸν
2663 1759 2770 1811 τῶν
2799 1761 3098 1829 ἀνθρώπων
3123 1763 3380 1829 ναυάγιον
3401 1764 3431 1813 ό
3459 1763 3838 1829 κατακλυσμός
3860 1777 3875 1790 ·
3908 1763 3999 1813 καὶ

2459 1850 2530 1900 τὰ
2551 1849 2889 1919 καθημερινά
2909 1852 3007 1919 τῆς
3040 1854 3290 1922 προνοίας
3322 1853 3474 1924 ἔργα,
3498 1854 3574 1915 είς
3599 1851 3847 1922 σώφρονα
3876 1852 3997 1912 τοὺς

2462 1940 2746 2011 λογισμοὺς
2780 1942 3254 2013 μεταρρυθμιζέτω
3285 1942 3529 2012 μελέτην.

3068 2134 3285 2191 ΕΠΙΣΤ.
3322 2134 3401 2189 Δ’.

2839 2225 3072 2294 Μιχαὴλ
3105 2223 3620 2291 πρωτοσπαθαρίῳ.

2038 2338 2297 2387 Montacut.
2333 2336 2434 2395 (ep.
2467 2334 2545 2393 85,
2581 2349 2627 2397 p.
2669 2338 2797 2399 151).

899 2451 1105 2519 Corpus
1150 2449 1368 2511 morbis,
1410 2448 1660 2516 patiendo
1716 2447 1914 2508 anima,
1979 2452 2085 2498 vtta
2136 2444 2368 2511 denique

833 2552 945 2597 tota
1003 2542 1071 2595 ab
1110 2540 1418 2593 hominibus
1467 2540 1801 2594 contumeliis
1840 2538 2031 2591 amicta
2074 2536 2368 2605 despondet

832 2647 890 2689 se
939 2650 953 2683 :
1008 2632 1301 2685 amicorum
1331 2630 1573 2699 paucitas
1592 2640 1645 2683 et
1677 2629 1935 2691 absentia,
1962 2642 2237 2681 servorum
2269 2634 2371 2678 tor-

2535 2444 2607 2496 Τὸ
2630 2445 2783 2511 σῶμα
2812 2446 2927 2506 ταῖς
2961 2444 3131 2506 νόσοις
3150 2460 3163 2473 ·
3195 2446 3226 2513 ή
3256 2444 3311 2496 δὲ
3344 2442 3485 2511 ψυχὴ
3516 2442 3627 2501 τοῖς
3655 2439 3998 2507 παθήμασιν·

2465 2537 2493 2587 ό
2531 2536 2585 2586 δὲ
2619 2534 2727 2602 βίος
2777 2535 2893 2596 ὅλος
2920 2537 3039 2595 ταῖς
3067 2533 3125 2597 te
3161 2534 3458 2602 ἀνθρώπων
3485 2530 3766 2599 ὲπηρείαις
3807 2529 4000 2578 ἀπεῖπε

2466 2625 2989 2693 ταλαιπωρούμενος.
3022 2624 3192 2675 ⁴1>ίλων
3228 2622 3448 2691 ἠρεμία,
3482 2619 3824 2687 θεραπόντων
3861 2618 4000 2667 αίκι-

839 2724 1010 2776 tiones
1085 2732 1140 2775 et
1201 2722 1435 2783 vincula,
1495 2720 1703 2789 cognati
1750 2720 2015 2771 minarum
2085 2717 2373 2770 acerbitate
2472 2734 2512 2782 σι

2327 2727 2373 2769 le
2472 2718 2595 2783 σμοὶ
2642 2717 2733 2767 καὶ
2766 2713 3147 2782 αἰχμαλωσίαι,
3198 2713 3473 2778 συγγενεῖς
3511 2712 3575 2778 τῇ
3624 2708 3733 2759 τῶν
3766 2707 4000 2759 ἀπειλῶν

829 2814 1045 2877 divulsi,
1116 2828 1294 2866 rerum
1362 2813 1783 2866 necessariarum
1832 2811 2048 2876 ablatio,
2106 2811 2360 2864 librorum

834 2903 1084 2973 direptio,
1110 2916 1379 2955 sacrorum
1410 2902 1602 2954 aedium
1656 2901 1921 2969 expilatio,
1991 2915 2123 2968 quas
2185 2900 2362 2967 expia-

835 2994 967 3047 toria
1009 2992 1162 3045 nobis
1223 2991 1399 3045 futura
1450 2992 1921 3053 constitueramus,
1963 2990 2091 3043 dum
2146 3004 2364 3044 canere-

2470 2807 2723 2876 βαρύτητι
2747 2805 2797 2843 ἀ·
2832 2806 3111 2873 στερήσεις
3158 2804 3250 2854 καὶ
3299 2801 3473 2854 αὐτῶν
3518 2800 3624 2851 τῶν
3658 2797 3999 2863 ἀναγκαίων·

2469 2898 2710 2964 ἁρπαγαὶ
2763 2896 3011 2963 βιὸλίων,
3058 2894 3213 2962 ἱερῶν
3264 2891 3614 2961 ὲκπορθήσεις
3660 2890 3858 2951 οἴκων,
3912 2886 4002 2947 οὓς

2472 2988 2775 3057 ίλαστήριον
2820 2988 2974 3055 ἡμεῖς
3012 2983 3390 3054 ὲστησὰμεθα,
3432 2980 3768 3049 ψαλλόντων,
3816 2980 4001 3043 ἀναγι-

833 3095 940 3148 tur,
971 3083 1255 3153 legeretur,
1280 3084 1473 3136 divinis
1500 3084 1553 3135 in
1582 3084 1782 3136 eisdem
1814 3084 2195 3147 inserviretur;
2236 3098 2366 3136 con-
2394 3118 2436 3177 ϐ
2472 3098 2506 3130 vi

2329 3103 2436 3177 με
2472 3080 2812 3139 νωσκόντων,
2866 3079 2923 3126 ὲν
2975 3076 3107 3126 πᾶσι
3162 3074 3324 3134 θείοις
3374 3068 3815 3139 ὑπηρετούντων·
3863 3066 4002 3117 κατά

2524 3170 2533 3177 .
2714 3168 2725 3177 ι
2782 3166 2798 3177 ι
2824 3166 2847 3177 ς
2944 3166 2955 3177 ι
3094 3164 3103 3177 Ι
3428 3161 3441 3177 \
3592 3160 3605 3177 ι
3646 3159 3711 3177 1,,
3730 3157 3965 3177 εει-ξ----

835 3184 915 3227 tra
965 3188 1151 3228 omnes
1180 3174 1457 3227 sententiae
1484 3174 1688 3227 acerbae
1729 3182 1856 3226 sunt
1886 3183 1939 3228 et
1992 3174 2205 3227 decreta
2235 3173 2365 3225 dura
2395 3157 2436 3177 υ
2467 3186 2506 3221 π

2327 3190 2365 3225 'a
2395 3157 2436 3177 υ
2467 3170 2678 3221 πάντων
2703 3166 2886 3226 ἁπλῶς
2934 3164 3227 3230 ἀποφάσεις
3259 3161 3450 3228 πικραὶ
3469 3199 3485 3222 ,
3521 3160 3613 3212 καὶ
3644 3157 4000 3225 ψηφίσματα,

834 3264 996 3327 edita,
1025 3264 1096 3315 ita
1138 3273 1197 3316 ut
1219 3278 1377 3317 nemo
1405 3263 1471 3317 ad
1503 3279 1600 3317 nos
1630 3263 1849 3333 propius
1875 3264 2128 3317 accedere
2154 3264 2364 3317 audeat.

836 3352 975 3418 Quid
1037 3367 1174 3421 opus
1240 3368 1660 3408 commemorare
1730 3354 2070 3421 quotidianas
2155 3368 2347 3407 enus-

834 3443 1029 3505 aiones,
1108 3441 1431 3507 decisiones,
1537 3442 2059 3505 condemnationes;
2138 3442 2189 3493 in
2251 3441 2368 3510 qui-

845 3533 945 3586 bus
988 3547 1150 3586 nemo
1199 3531 1351 3585 testis
1425 3541 1721 3600 comparet,
1757 3546 1915 3585 nemo
1980 3546 2075 3598 pro
2117 3530 2369 3587 tribunali

833 3619 1017 3689 jttdex,
1041 3634 1198 3673 nemo
1222 3628 1532 3683 accusator;
1573 3634 1678 3671 non
1709 3619 1893 3672 dixero
1936 3629 2120 3672 contra
2149 3630 2367 3685 memet,

836 3711 931 3765 sed
963 3719 1149 3765 contra
1202 3710 1424 3774 amicos,
1464 3710 1907 3779 consanguineos,
1944 3724 2125 3763 servos
2154 3712 2371 3764 omnino

835 3818 1044 3868 omnes,
1095 3818 1228 3871 quos
1263 3802 1436 3871 aliqua
1486 3802 1701 3855 suberat
1743 3803 2009 3870 cogitatio,
2046 3816 2131 3854 me
2154 3803 2371 3856 omnino

837 3907 943 3944 non
974 3890 1265 3959 negligere.
1306 3889 1457 3954 Quod
1484 3890 1529 3942 si
1564 3888 1775 3942 tandem
1802 3901 2101 3954 cessarunt,
2149 3889 2369 3941 investi-

837 3993 1021 4051 gantes
1071 3981 1410 4049 qumstiones,
1461 3996 1567 4032 non
1622 3980 1680 4033 ﬁt
1726 3982 1777 4035 id
1823 3996 1887 4034 ex
1948 3982 2111 4034 animi
2137 3984 2372 4051 ipsorum

836 4072 1121 4134 sententia,
1144 4080 1235 4124 aut
1269 4078 1487 4139 prOpter
1508 4072 1739 4138 aliquam
1766 4072 2014 4123 virtutem
2046 4087 2248 4137 meam;
2276 4074 2370 4127 sed

836 4163 905 4216 ab
921 4161 1127 4215 excelsa
1152 4160 1211 4213 tit
1226 4170 1279 4214 et
1298 4160 1556 4228 profunda
1577 4160 1667 4213 Dei
1688 4162 2068 4225 misericordia,
2088 4177 2117 4214 a
2134 4177 2234 4230 qua
2260 4164 2370 4216 sola

838 4253 1150 4320 pendemus,
1173 4254 1338 4307 etsub
1354 4269 1455 4322 qua
1484 4253 1536 4305 in
1560 4253 1669 4306 vita
1697 4252 1991 4321 agitamur;
2016 4254 2098 4307 bis
2116 4263 2192 4307 tot
2210 4256 2371 4308 tantis

838 4344 1136 4411 talibusque
1177 4343 1423 4396 exhausti
1457 4342 1723 4405 ﬂuctibus,
1752 4358 1847 4409 pro
1886 4344 2123 4410 cognatis
2161 4356 2367 4408 autem,

2464 3262 2549 3313 ἵνα
2579 3260 2765 3329 μηδεὶς
2813 3256 2942 3327 μηδὲ
2971 3254 3063 3307 τοῦ
3094 3252 3490 3323 παραγενέσθαι
3525 3250 3657 3320 πρὸς
3696 3249 3839 3315 ἡμᾶς
3868 3248 4004 3315 αιιιλη⁹

2467 3350 2578 3404 σίον
2623 3349 2861 3417 γένηται.
2914 3348 2979 3398 Τί
3026 3346 3107 3399 δεῖ
3160 3347 3259 3405 τὰς
3317 3342 3645 3410 ἑφημερίους
3692 3339 4004 3407 ἀνακρίσεις

2464 3443 2673 3508 λέγειν,
2723 3438 2820 3491 καὶ
2866 3438 3102 3505 κρίσεις,
3155 3434 3247 3487 καὶ
3295 3432 3674 3501 κατακρίσεις·
3719 3423 3793 3481 ῶν
3829 3426 4004 3483 οὐδεὶς

2465 3528 2586 3580 οὔτε
2624 3526 2847 3595 μάρτυς,
2884 3523 3006 3577 οὕτε
3037 3523 3251 3593 κριτὴς,
3283 3520 3397 3573 ἀλλ’
3442 3520 3559 3570 οὐδὲ
3602 3518 3904 3585 κατήγορος
3943 3514 4001 3565 ού

2466 3618 2588 3671 καθ’
2611 3616 2767 3686 ἡμῶν
2815 3616 2991 3684 μόνον,
3035 3612 3166 3665 ἀλλὰ
3193 3611 3285 3664 καὶ
3319 3610 3458 3664 κατὰ
3492 3608 3658 3675 φίλων
3678 3646 3693 3669 ,
3740 3605 3835 3657 καὶ
3866 3604 4004 3656 κατά

2469 3708 2761 3775 συγγενῶν,
2792 3706 2885 3756 καὶ
2906 3703 3266 3771 θεραπόντων,
3295 3699 3389 3751 καὶ⁵
3413 3698 3554 3753 κατά
3580 3697 3791 3749 πάντων
3819 3693 4004 3755 ἁπλῶς

2467 3801 2545 3860 είς
2590 3796 2681 3859 οὒς
2722 3796 2913 3857 αὐτοὺς
2956 3795 2988 3862 ἡ
3027 3792 3119 3844 τοῦ
3162 3791 3385 3861 μελετᾷν
3431 3788 3550 3840 καθ’
3602 3786 3753 3855 ἡμῶν
3790 3785 4004 3836 ἐλαύνει

2471 3890 2697 3941 ἐπίνοια.
2743 3888 2803 3937 Εί
2839 3886 2894 3938 δὲ
2936 3886 3026 3936 καὶ
3056 3882 3295 3945 ἐξέλιπον
3335 3891 3357 3919 ε
3396 3880 3763 3948 ὲξερευνήσεις
3792 3876 4005 3943 ἐξερευο

2468 3978 2657 4038 νῶντες
2680 4017 2693 4040 ,
2730 3975 2851 4027 οὔτε
2896 3975 2996 4043 τῆς
3044 3973 3261 4026 ἐκείνων
3298 3970 3518 4037 γνώμης
3552 3966 3675 4020 οὔτε
3715 3967 3813 4033 τῆς
3850 3964 4006 4033 ἡμῶν

2468 4070 2686 4137 ἀρετῆς,
2723 4066 2855 4119 ἀλλά
2873 4065 2981 4134 ,τῆς
3010 4063 3223 4133 βαθείας
3251 4062 3344 4114 καὶ
3373 4058 3575 4128 ὑψηλῆς
3600 4054 4006 4125 φιλανθρωπίας

2468 4161 2560 4212 τού
2604 4158 2736 4210 Θεοῦ
2789 4154 2855 4228 ἦς
2913 4156 3076 4225 μόνης
3107 4151 3391 4222 ὴρτήμεθα
3412 4189 3427 4213 ,
3456 4150 3548 4202 καὶ
3583 4149 3665 4217 ἐφ’
3755 4146 3844 4199 τὸν
3895 4145 4006 4214 βίον

2472 4250 2763 4317 σαλεύομεν
2787 4264 2800 4278 ·
2851 4246 3119 4307 τοσούτοις
3151 4243 3246 4296 καὶ
3281 4240 3610 4310 τηλικούτοις
3655 4236 4004 4307 περιαντλού-

2474 4358 2619 4409 μενοι
2645 4339 2899 4407 κύμασιν,
2928 4337 3048 4389 ἀντὶ⁸
3078 4336 3135 4388 δὲ
3179 4333 3471 4400 συγγενῶν,
3508 4332 3627 4384 ἀντὶ
3668 4332 3853 4397 φίλων,
3883 4329 4006 4379 ἀντὶ

838 4448 932 4501 pro
959 4433 1161 4495 amicis,
1200 4448 1296 4501 pro
1342 4432 1572 4495 famulis,
1607 4447 1701 4499 pro
1747 4434 2066 4487 canentibus
2107 4434 2364 4499 Psalmos,
2399 4428 2442 4482 D
2467 4432 2511 4483 δὲ

2331 4452 2364 4499 ἰ,
2399 4428 2442 4482 D
2467 4432 2523 4483 δὲ
2561 4430 2929 4499 θεραπόντων,
2990 4426 3107 4478 ἀντὶ
3158 4422 3496 4491 ψαλλόντων,
3545 4420 3663 4472 ἀντὶ
3714 4418 3769 4469 δὲ
3826 4416 4004 4483 πάσης

839 4535 935 4589 pro
967 4535 1283 4589 quocunque
1332 4520 1563 4573 humano
1592 4520 1811 4584 solatio;
1864 4522 2078 4585 milites,
2129 4525 2366 4578 custodia
2471 4524 2512 4575 it

2329 4542 2366 4578 ia
2471 4522 2810 4591 ἀνθρωπίνης
2859 4514 3233 4583 παραμυθίας,
3262 4513 3352 4574 τί;
3389 4509 3709 4578 στρατιῶται
3739 4507 3831 4560 καὶ
3880 4523 4002 4558 ιου-

838 4611 1055 4672 u-ibuni,
1081 4611 1283 4673 vicarii,
1314 4610 1570 4663 militares
1598 4611 1761 4679 copiae
1791 4627 1887 4663 nos
1943 4613 2361 4666 circumsistunt.
2474 4630 2511 4665 σ

2333 4623 2361 4666 ι.
2474 4612 2684 4671 στωδία,
2728 4611 2821 4662 καὶ
2861 4606 3147 4675 τριὸοὖνοι,
3188 4603 3281 4655 καὶ
3323 4602 3572 4669 βικάριοι,
3610 4600 3701 4650 καὶ
3742 4614 4006 4665 sapa-tuo-

838 4698 989 4752 Unde
1018 4700 1214 4767 poterit
1252 4700 1427 4751 amitta
1455 4708 1531 4753 tot
1573 4702 1830 4752 malorum
1858 4700 2079 4755 falcibus
2104 4703 2289 4767 divisa,
2334 4720 2364 4757 a
2468 4721 2511 4755 τι

2334 4720 2364 4757 a
2468 4702 2608 4755 τικοὶ
2641 4700 2783 4767 λόχοι
2830 4695 3233 4765 περικάθηνται.
3280 4692 3404 4751 Πῶς
3449 4686 3539 4741 οὖν
3583 4687 3784 4757 ἡψυχὴ
3820 4684 4002 4737 τοσού-

838 4802 1061 4856 corpore
1086 4802 1193 4840 non
1221 4788 1413 4855 abripi,
1453 4798 1507 4841 et
1532 4788 1805 4857 aufugere,
1834 4800 1979 4845 certe
2001 4799 2054 4845 et
2084 4792 2185 4847 boc
2235 4795 2361 4848 mibi
2466 4811 2511 4846 τι

2331 4795 2361 4848 ti
2466 4810 2577 4855 τοις
2607 4791 2790 4844 κακῶν
2822 4789 3100 4858 δρεπάνοις
3132 4779 3478 4850 διαιρουμένη
3506 4777 3599 4830 τοῦ
3628 4776 3874 4844 σώματος
3905 4774 4004 4825 οὐκ

840 4891 1099 4929 summam
1116 4874 1503 4929 dubitationem
1524 4883 1722 4929 movet.
2467 4890 2513 4959 ὲέ

2467 4887 2673 4959 ὲρῤἀγη
2724 4882 2816 4933 καὶ
2864 4880 3110 4946 ἐξέφυγε,
3145 4876 3298 4928 τοῦτο
3326 4872 3421 4925 καὶ
3466 4872 3609 4941 ἡμᾶς
3653 4870 3729 4929 είς
3771 4865 4002 4929 ἀπορίαν

2464 4975 2821 5045 περιίστησιν.

1378 5065 1590 5119 EPIST.
1632 5064 1818 5120 XXXI.
3047 5057 3051 5109 ἶ

1759 5064 1818 5120 il.
3047 5056 3269 5109 ΕΠΙΣΤ.
3311 5056 3432 5107 AA'.

939 5157 1130 5209 Joanm‘
1160 5158 1377 5209 nutricio
1407 5166 1455 5208 et
1490 5156 1749 5208 sacellano
1806 5159 1943 5223 apud
1970 5161 2245 5226 Angurios.
2473 5158 2612 5213 ἰωάι

2473 5158 2711 5223 Ἰωάννῃ
2762 5152 3038 5219 πατρικὶφ
3088 5147 3183 5199 καὶ
3234 5143 3623 5210 σακελζαρίῳ,
3690 5136 3837 5190 κατὰ
3865 5134 4000 5199 τοὺς

3031 5215 3422 5283 Ἀτγουρίους.

2044 5316 2298 5369 Montacut.
2339 5324 2440 5373 (eo.
2474 5323 2553 5373 86.
2590 5336 2636 5373 ι).
2672 5317 2801 5373 151).

2044 5317 2298 5369 Montacut.
2339 5324 2440 5385 (ep.
2474 5323 2553 5380 86,

912 5400 1091 5453 Talcm
1120 5416 1214 5467 ego
1240 5398 1480 5452 mihimet
1508 5399 1732 5450 amicum
1761 5399 2081 5469 conjungere
2104 5418 2366 5473 optarem,
2555 5409 2585 5459 'l

2628 5358 2636 5367 .
2672 5319 2753 5365 151
2791 5355 2801 5364 .

2326 5324 2440 5473 t(,ep.
2474 5317 2802 5473 86";Xotpn)v
2832 5402 2897 5454 ἂν
2924 5402 3095 5467 ἔγωγε
3129 5397 3278 5464 φίλον
3300 5392 3516 5462 ἐμαυτῷ
3546 5389 3815 5455 συζεῦξαι,
3840 5388 3900 5451 ἐξ
3922 5376 3999 5447 οὗ,

843 5510 934 5562 per
971 5509 1128 5561 quem
1156 5506 1326 5559 neque
1352 5491 1663 5559 superbiens
1684 5490 1855 5558 aliqua
1882 5494 2047 5560 gratia
2079 5504 2132 5549 et
2160 5500 2366 5552 excelsa
2476 5517 2513 5566 μ

2326 5515 2366 5552 ta
2476 5500 2609 5567 μήτε
2656 5496 2761 5548 τῶν
2814 5489 3169 5561 ὑπερηφάνων
3224 5503 3313 5555 μοι
3355 5483 3587 5553 χαρίτων
3644 5481 3735 5534 καί
3789 5477 3999 5547 ὑψηλῶν

2050 5614 2276 5669 νΑιιιίΕ
2318 5614 2713 5673 LECTIONES.

912 5712 1339 5773 ἰδιαστώμενοι.
1424 5726 1441 5750 ι
1474 5715 1534 5765 ἲσ
1587 5715 1710 5767 add.
1756 5731 1897 5765 ποτε.
