4236 6436
280 326 383 389 949
1414 326 1942 390 EPISTOLARUM
1980 329 2209 390 LIBER
2244 327 2357 390 III.
3389 329 3491 394 950

283 439 451 509 μηδὲν
488 436 685 502 ἔσοιτο,
727 438 864 509 μήτε
910 437 1095 502 δεδιὼς
1150 439 1290 508 εῐην,
1350 438 1562 507 μήποτε
1609 438 1844 500 πνεύσας
1873 438 1956 503 Αἱ

1818 456 1844 500 ς
1873 449 1917 503 Α
1946 438 2308 508 impertiatur,
2377 453 2553 509 neque
2582 453 2611 492 a
2641 453 2748 508 quo
2795 439 3034 500 timeam,
3068 451 3136 491 ne
3160 451 3225 491 ex
3265 437 3490 492 adverso

280 532 343 583 ἐκ
390 529 481 583 τοῦ
530 529 771 583 ἐναντίου
821 530 1285 602 συγκατασπάσῃ,
1327 531 1420 582 καὶ
1452 528 1488 582 ἃ
1522 529 1657 599 μηδὲ
1698 532 1830 601 δναρ
1936 548 1953 585 ι

1818 550 1830 583 ›
1936 532 2065 585 mihi
2108 531 2308 601 aliquid
2346 530 2554 585 aﬂletur
2580 531 2724 584 unde
2749 530 3093 598 disjiciantur
3114 542 3203 582 res
3244 544 3399 590 mem,
3437 537 3491 581 et

281 622 488 675 ἐκεῖθεν
516 623 739 691 ἤλπισα.
777 622 947 675 Πόθεν
978 619 1069 676 οὖν
1100 625 1179 685 είς
1211 622 1411 692 ταύτην
1458 621 1692 685 ἐξὲπεσα
1734 624 1833 692 τὴν
1936 638 1954 678 ε

1816 643 1833 674 θ
1936 638 1998 678 ea
2030 623 2084 677 in
2102 638 2188 677 me
2211 625 2619 687 contrahantur,
2640 638 2759 692 quae
2781 637 2848 675 ne
2875 638 2969 690 per
3000 636 3246 675 somnum
3276 622 3489 690 quidem

284 714 567 784 βούλησιν;
596 716 653 769 αί
682 716 774 767 σαὶ
800 714 1049 784 πράξεις,
1078 715 1170 768 τοῦ
1199 732 1327 768 ποτε
1356 715 1635 785 φιλοῦντος
1665 719 1830 788 ἡμᾶς,

281 806 375 857 ἐπὶ
404 805 606 874 ταύτην
634 805 859 874 ἧγαγον.

867 1005 1092 1058 ΕΠΙΣΤ.
1133 1004 1258 1058 AB’.

503 1095 720 1165 ’Βαὰνῃ
762 1096 1134 1165 πραιποσίτῳ
1171 1096 1269 1151 και
1302 1098 1601 1166 πατρικίῳ.

1943 713 2254 783 cogitaram.
2316 714 2414 767 Ast
2475 714 2619 768 unde
2658 712 2788 766 mihi
2829 712 2933 766 hoc
2968 712 3183 767 consilii
3214 713 3491 767 aboritur‘.’

1942 813 2049 858 tuae
2093 820 2181 859 me
2211 804 2453 859 actiones
2491 806 2821 873 impulerunt
2874 804 2927 857 in
2968 804 3107 859 hanc
3144 805 3488 872 sententiam,

1940 896 2031 966 qui
2060 898 2185 951 olim
2216 914 2304 953 me
2340 899 2619 953 dilipcbas.

2473 1010 2687 1064 EPIST.
2732 1010 2943 1065 XXXII.

2290 1102 2490 1157 Baana:
2518 1105 2795 1171 praeposito
2824 1114 2871 1158 et
2905 1103 3148 1170 patricio.

1521 1214 1783 1265 Montacut.
1821 1217 1923 1280 (ep.
1956 1218 2037 1279 9i,
2070 1233 2120 1281 p.
2154 1219 2283 1282 155).

358 1307 466 1367 Ἦν
492 1330 618 1366 ποτε
650 1311 878 1383 κρύφιος
906 1313 1056 1383 φίλος
1079 1315 1107 1368 ό
1155 1314 1351 1386 Ἰωσὴφ
1371 1357 1387 1381 ,
1416 1316 1509 1369 καλ⁵
1533 1317 1839 1387 νυκτερινὸς

287 1403 537 1473 μαθητὴς
560 1404 655 1457 τοῦ
682 1405 815 1475 ἐμοῦ
845 1407 1117 1459 Δεσπότου
1151 1407 1245 1459 καὶ
1268 1406 1401 1459 Θεοῦ
1422 1423 1435 1436 ⁸
1472 1407 1590 1460 ἀλλ’
1618 1408 1841 1480 ὕστερον

284 1497 414 1558 τοὺς
452 1494 678 1565 δεσμοὺς
729 1497 1044 1568 ἀπορρήξας
1096 1496 1196 1565 τῆς
1245 1497 1463 1563 δειλίας,
1499 1498 1606 1552 τῶν
1653 1501 1731 1562 είς
1780 1500 1840 1551 τὸ

2014 1321 2142 1377 Erat
2172 1323 2457 1393 aliquando
2492 1324 2712 1394 Ioseph,
2752 1324 2981 1379 latenter
3037 1324 3243 1380 amicus
3295 1331 3349 1379 et
3392 1340 3495 1379 no-

1944 1424 2173 1469 cturnus
2203 1416 2499 1485 discipulus
2550 1417 2643 1471 Dei
2681 1424 2735 1470 et
2783 1417 2991 1471 Domini
3020 1417 3153 1482 mei;
3189 1418 3281 1470 sed
3325 1417 3496 1486 ruptis

1944 1514 2129 1575 postea
2191 1507 2420 1561 vinculis
2492 1508 2942 1573 meticulositatis,
3000 1506 3380 1561 inﬂammatius
3442 1516 3497 1560 et

287 1586 521 1657 φανερὸν
567 1586 864 1654 φιλούντων
907 1587 1236 1659 θερμότερος
1265 1589 1359 1642 καὶ
1399 1588 1840 1661 θαρῤαλεώτερος
1871 1620 1914 1674 Β
1944 1609 1960 1647 (

1823 1607 1840 1652 ς
1871 1620 1914 1674 Β
1944 1594 2306 1650 conﬁdentius
2334 1611 2393 1650 se
2446 1598 2631 1667 gessit,
2662 1612 2822 1666 quam
2851 1597 2947 1664 illi,
2978 1598 3070 1665 qui
3125 1597 3372 1651 amabant
3401 1610 3496 1665 pa-

286 1677 512 1744 γέγονεο
560 1678 655 1730 καὶ
696 1678 755 1729 τὸ
806 1678 1133 1731 Δεσποτικὸν
1180 1679 1263 1747 ἐφ’
1312 1678 1464 1748 ὓδρει
1502 1680 1840 1750 κρεμάμενον

290 1767 447 1836 σῶμα
504 1767 597 1820 τοῦ
647 1767 802 1831 ξύλου
836 1768 1112 1833 καθελὼν,
1157 1769 1253 1837 τῆς
1296 1768 1522 1839 δυνατῆς
1549 1769 1843 1839 θεραπείας

285 1858 389 1912 οὐκ
445 1859 708 1930 ἠμέλησε,
764 1860 943 1930 Μέχρι
993 1861 1139 1924 τίνος
1181 1861 1358 1913 τοίνυν
1414 1861 1507 1913 καὶ
1550 1861 1710 1924 αὐτὸς
1756 1861 1843 1916 διὰ

286 1950 479 2014 νυκτὸς
507 1953 651 2022 ἡμᾶς
682 1954 993 2023 ἀγαπήσας,
1026 1952 1162 2006 ἀλλά
1197 1952 1271 2022 μὴ
1302 1953 1477 2021 φωτὸς
1506 1953 1600 2005 καὶ
1634 1952 1844 2023 ἡμέρας

290 2042 404 2105 υίὸς
425 2043 683 2111 γεγονὼς,
723 2045 904 2113 ῥήξεις
933 2043 1088 2110 ἀξίαν
1116 2043 1298 2113 φωνὴν
1327 2043 1428 2112 τῆς
1468 2043 1663 2113 Ἰωσὴφ
1697 2046 1839 2115 παῤ-

292 2133 505 2204 ρησίας,
536 2135 631 2187 καὶ
657 2134 904 2196 καθελεϊς
929 2134 1029 2187 οὐκ
1054 2133 1161 2187 ἀπὸ
1202 2133 1355 2199 ξύλου
1394 2134 1455 2187 τὸ
1495 2135 1673 2204 σῶμα,
1708 2136 1842 2190 ἀλλά

292 2223 502 2293 μυρίων
523 2225 840 2295 πειρασμῶν
867 2226 959 2278 καὶ
989 2224 1217 2295 θλίψεων
1240 2227 1331 2279 καὶ
1357 2226 1726 2295 ταλαιπωρίας
1748 2226 1844 2278 καὶ

291 2302 492 2387 πικροῦ
529 2318 792 2386 ῥυόμενος
820 2318 913 2371 καὶ
945 2316 1305 2388 καθημερινοῦ
1348 2317 1576 2371 θανάτου
1619 2316 1670 2383 ¹;
1700 2318 1760 2370 EI
1788 2318 1844 2370 δέ

290 2425 352 2461 σε
376 2410 409 2480 ή
437 2409 531 2462 τοῦ
558 2408 756 2480 κόσμου
790 2410 959 2479 φιλία,
994 2412 1143 2481 καὶὴ
1178 2410 1313 2480 πρὸς
1339 2410 1501 2463 αὑτὸν
1539 2410 1850 2480 συμπάθεια

290 2500 391 2553 οὐκ
444 2502 528 2572 ἐᾷ,
576 2502 752 2571 μάτην
796 2503 874 2565 εἰς
919 2502 1241 2572 καταφυγὴν
1288 2503 1381 2555 καὶ
1437 2502 1782 2572 παράδειγμα
1822 2504 1851 2555 ὁ

306 2592 503 2663 Ἰωσήφ
533 2593 800 2665 ἐπενοήθη
833 2594 928 2646 καὶ
962 2592 1373 2665 προκομίςεται.

879 2707 1107 2761 ΕΠΙΣΤ.
1149 2706 1266 2762 AI".

376 2796 627 2866 Ἰωάννῃ
662 2799 947 2866 πατρικιῳ
975 2798 1073 2851 καὶ
1116 2798 1423 2869 στρατηγῷ
1472 2798 1760 2863 Ἑλλάδος

1939 1684 2045 1738 lam
2081 1700 2094 1737 :
2132 1685 2473 1741 Dominicum
2501 1702 2705 1757 corpus
2729 1688 3118 1742 contumeliose
3154 1704 3495 1758 suspensum,

1940 1774 2007 1827 de
2062 1774 2203 1844 ligno
2258 1776 2494 1840 sustulit,
2552 1785 2627 1857 et,
2665 1792 2772 1845 quo
2830 1776 3003 1846 potuit
3062 1777 3221 1831 modo
3266 1778 3497 1833 curavit.

1940 1862 2230 1932 Quousque
2250 1872 2307 1917 tu
2339 1874 2394 1919 et
2416 1880 2501 1919 me
2525 1881 2620 1934 per
2641 1876 2855 1920 noctem
2883 1867 3179 1921 dilecturus
3194 1883 3273 1932 es,
3304 1879 3360 1922 et
3387 1885 3498 1923 non

1941 1954 2076 2009 lucis
2095 1965 2256 2024 atque
2278 1955 2385 2010 diei
2408 1955 2582 2011 factus
2616 1957 2777 2023 ﬁlius,
2799 1972 2986 2011 vocem
3016 1959 3233 2029 dignam
3278 1976 3499 2029 rumpes

1943 2046 2164 2117 Iosephi
2217 2045 2555 2113 fortitudine,
2615 2058 2671 2103 et
2718 2065 2828 2103 non
2859 2049 3076 2118 quidem
3115 2065 3310 2118 corpus
3337 2050 3403 2105 de
3438 2051 3500 2103 Ii-

1944 2155 2048 2210 gno
2071 2138 2304 2204 auferes,
2341 2140 2434 2193 sed
2466 2140 2534 2194 de
2573 2140 2719 2195 mille
2744 2141 2917 2195 modis
2953 2142 3328 2208 tentationum,
3365 2141 3500 2196 allii-

1945 2231 2213 2295 ctionum,
2253 2229 2617 2295 miseriarum,
2674 2231 2866 2285 acerba
2906 2240 2960 2285 et
2988 2232 3295 2300 quotidiana
3329 2238 3501 2285 morte

1949 2324 2223 2393 expedies.
2277 2323 2429 2389 Quod
2486 2323 2531 2376 si
2572 2331 2624 2377 te
2669 2322 2928 2392 impediat
2963 2323 3200 2377 amicitia
3226 2323 3414 2377 mundi
3447 2332 3501 2377 et

1943 2417 2170 2473 aﬂ‘cctus
2188 2432 2313 2485 erga
2350 2415 2636 2481 mundum,
2679 2414 2876 2469 frustra
2909 2415 3003 2470 tibi
3048 2414 3360 2484 excogitasti
3410 2414 3504 2468 Jo-

1945 2515 2198 2583 sephum,
2226 2521 2281 2566 et
2324 2512 2380 2565 in
2431 2510 2670 2565 medium
2724 2510 2949 2565 adducis
2981 2518 3232 2579 tanquam
3258 2515 3501 2567 recenta-

1946 2602 2125 2657 culum
2157 2611 2211 2655 et
2240 2601 2534 2670 exemplar.

2518 2708 2734 2762 EPIST.
2776 2707 3013 2763 XXXIII.

2256 2799 2447 2854 Joanni
2472 2799 2716 2867 patricio,
2740 2808 2785 2851 et
2813 2796 3028 2853 (ἱππείας
3086 2798 3227 2852 duci.

1526 2909 1790 2961 Montacut.
1829 2909 1931 2975 (ep.
1965 2907 2045 2970 93,
2077 2924 2125 2972 p.
2162 2909 2290 2972 I54).

367 3006 604 3076 Εῦνομος
646 3008 788 3079 ᾄδων
827 3010 1185 3080 ἐσεμνύτετο,
1229 3012 1383 3080 φασὶ,
1422 3013 1451 3066 ὁ
1488 3012 1714 3086 Λοκρός.
1748 3014 1855 3066 Καὶ
1882 2995 1927 3054 C
2028 3015 2040 3065 ί

1827 2995 1927 3066 AC
2028 3011 2269 3067 Celebris
2322 3012 2547 3065 habetur
2604 3010 2880 3065 Eunomus
2950 3008 3233 3065 Locrensis
3296 3015 3500 3062 cantor.

296 3094 391 3168 ᾖδε
433 3098 540 3167 γὰρ
586 3098 824 3167 θέλγων,
877 3103 968 3155 καὶ
1017 3103 1349 3172 κηλούμενος
1396 3107 1521 3169 τοὺς
1559 3106 1848 3175 ἀκροατάς.

261 3193 265 3196 ’
296 3188 439 3250 Mra;
464 3187 520 3241 δέ
552 3205 678 3241 ποτε
708 3191 969 3260 ῥαγείσης
992 3192 1139 3261 αὐτῷ
1179 3193 1403 3264 χορδῶν,
1431 3195 1607 3260 τέττιξ
1638 3196 1731 3248 ἐπὶ
1766 3198 1855 3250 τὸν

299 3278 477 3346 πῆχυν
499 3280 746 3345 καθίσας,
772 3282 864 3333 τὸν
890 3281 1122 3351 φθόγγον
1144 3284 1449 3354 ἀνεπλήρου
1472 3287 1570 3355 τῆς
1597 3288 1853 3355 ῥαγείσης

297 3370 510 3440 χορδῆς,
543 3372 635 3424 καὶ
661 3367 728 3438 ἦν
749 3372 977 3444 Εὐνόμῳ
1012 3375 1173 3429 πάλιν
1197 3376 1363 3447 ᾅδειν,
1391 3376 1465 3440 ὡς
1490 3379 1550 3431 τὸ
1576 3379 1853 3449 πρότερον,

299 3461 569 3529 ἐμμελῶς.
607 3463 668 3515 Et
722 3464 777 3517 δέ
822 3481 885 3532 γε
918 3467 1083 3535 ἡμῖν,
1133 3469 1252 3520 ἀντὶ¹
1291 3467 1536 3536 τέττιγος
1574 3472 1666 3522 καὶ
1702 3470 1855 3541 ξένης

298 3550 461 3619 ᾠδῆς,
495 3552 595 3621 τῆς
632 3554 727 3624 σῆς
757 3556 959 3623 φιλίας,
986 3558 1085 3609 οὐκ
1119 3553 1214 3610 οἷδ’
1244 3558 1365 3611 ὅθεν
1404 3561 1852 3630 περιρραγείσης,

299 3640 780 3713 ἀποκαταστήσας,
818 3645 979 3698 πάλιν
1029 3647 1280 3709 ἐντείνεις
1313 3648 1409 3719 τὴν
1441 3651 1637 3720 νευρὰν
1660 3690 1673 3712 ,
1727 3653 1851 3713 ἴσως

299 3730 365 3783 ἂν
392 3732 468 3795 είς
499 3734 597 3802 τὴν
626 3736 893 3803 προτέραν
914 3736 1070 3806 ήμῶν
1096 3738 1414 3810 ὁλοκληρίαν
1433 3741 1460 3792 ό
1492 3740 1604 3809 βίος
1633 3743 1856 3795 ἐπανελ-

300 3820 444 3885 θὼν,
486 3825 578 3875 καὶ
618 3827 936 3893 συμφωνίαν
978 3828 1207 3899 ἀρίστην
1243 3830 1544 3896 ἀναλαϐὼν,
1579 3833 1766 3903 ᾄσεται
1802 3852 1855 3888 τι

303 3911 460 3978 μέλος
488 3913 849 3983 εὐδαιμονίας,
880 3917 999 3970 ἀντὶ
1029 3918 1129 3986 τῆς
1157 3917 1251 3973 νῦν
1279 3922 1603 3991 τραγῳδίας,
1638 3924 1733 3992 ήδὺ
1764 3925 1854 3977 καὶ

297 4004 528 4073 τερπνόν
546 4021 560 4035 ⁸
595 4006 685 4058 καὶ
707 4008 817 4071 τοῖς
846 4006 1035 4062 ἔπειτα
1058 4009 1165 4064 τῶν
1194 4010 1516 4079 ἀνθρώπων,
1550 4015 1668 4084 οὐχὶ
1696 4015 1855 4069 Εὔνοο

302 4111 399 4163 μος
454 4095 547 4147 καὶ
575 4096 901 4167 κιθαρῳδὸς,
934 4099 1030 4152 καὶ⁵
1070 4100 1247 4166 τέττιξ
1296 4105 1651 4172 μουσουργὸς,
1684 4106 1852 4173 μύθου

300 4186 523 4255 πλάσμα
547 4188 797 4255 παλαιοῦ,
824 4189 937 4243 ἀλλ’
958 4191 1243 4263 ἀρχιερεὺς
1267 4193 1400 4246 Θεοῦ
1429 4197 1455 4235 ε
1482 4196 1632 4263 φίλος
1654 4197 1851 4263 ἔνθεος,

1952 3106 2089 3161 Cum
2123 3113 2361 3166 caneret,
2407 3103 2711 3157 oblectabat
2757 3097 3054 3165 audientes,
3096 3109 3150 3153 et
3183 3099 3502 3163 deliniebat;

1953 3204 2007 3250 at
2031 3209 2154 3249 cum
2185 3193 2470 3262 aliquando
2508 3208 2613 3245 una
2647 3207 2677 3247 e
2705 3192 2898 3245 ﬁdibus
2929 3198 3288 3259 rumperetur,
3318 3187 3505 3242 cicada

1949 3287 2079 3357 jugo
2106 3286 2327 3339 citharae
2357 3284 2620 3348 insidens,
2654 3283 2870 3336 chordae
2894 3281 3123 3349 diruptas
3158 3280 3303 3333 vices
3330 3279 3505 3341 adim-

1954 3376 2160 3447 plebat,
2187 3377 2259 3429 ita
2314 3384 2374 3429 ut
2423 3389 2547 3427 cum
2572 3380 2840 3429 concentu
2880 3371 3136 3425 Eumelus
3166 3370 3242 3423 uti
3271 3379 3327 3423 et
3354 3368 3506 3437 prius

1953 3476 2194 3521 caneret.
2232 3465 2385 3531 Quod
2444 3464 2489 3517 si
2525 3473 2582 3517 tu
2630 3464 2748 3517 loco
2791 3463 2987 3517 cicadae
3025 3471 3080 3515 et
3119 3470 3313 3514 cantus
3343 3460 3506 3513 alieni

1958 3567 2060 3611 tua:
2082 3556 2335 3610 amicitia:
2367 3555 2624 3609 cbordam
2659 3554 2843 3607 nescio
2872 3568 2978 3621 quo
3026 3561 3184 3621 pacto
3227 3550 3507 3618 diruptam

1955 3646 2236 3710 resarcias,
2297 3656 2351 3701 et
2383 3646 2655 3707 intendas,
2710 3644 2821 3697 fieri
2851 3653 3048 3712 potest,
3081 3643 3266 3695 utvita
3298 3650 3504 3705 nostra,

1955 3738 2019 3791 ad
2044 3737 2276 3806 priorem
2311 3736 2673 3807 integritatem
2706 3735 2927 3788 reducta
2957 3734 3217 3803 optimam
3258 3730 3507 3784 conﬁciet

1956 3828 2315 3895 harmoniam,
2375 3836 2430 3881 et
2471 3843 2568 3896 pro
2622 3827 2875 3896 praesenti
2924 3824 3200 3894 tragmdia,
3259 3824 3509 3878 concinet

1953 3919 2275 3973 cantilenam
2323 3917 2593 3973 felicitatis
2630 3918 2877 3986 alicujus,
2921 3931 3041 3985 quas
3067 3914 3267 3980 suavis,
3300 3923 3355 3967 et
3384 3928 3509 3967 cum

1954 4011 2314 4066 delectatione
2359 4009 2429 4065 sit
2461 4028 2475 4063 :
2508 4020 2562 4065 et
2590 4009 2774 4064 futuro
2805 4009 3003 4063 saeculo
3045 4022 3157 4061 non
3176 4006 3370 4075 aliquis
3400 4004 3507 4059 Eu-

1954 4117 2149 4157 nomus
2200 4100 2509 4154 citharedus
2550 4108 2644 4153 aut
2699 4089 2883 4153 cicada
2933 4100 3168 4154 musices
3213 4096 3506 4167 operatrix,

1955 4204 2180 4249 vetustte
2208 4193 2485 4263 cujusdam
2520 4192 2713 4246 fabulae
2741 4192 3072 4262 ﬁgmentum,
3105 4190 3198 4245 sed
3240 4188 3333 4244 Dei
3371 4204 3510 4258 pon-

300 4278 396 4329 καὶ
424 4278 606 4344 καλὸς,
638 4282 717 4344 εις
749 4282 1098 4354 παράδειγμα
1126 4286 1218 4338 καὶ
1245 4289 1543 4357 παροιμίαν
1569 4287 1847 4358 ἐξαρκέσει
1886 4352 1917 4358 _
1959 4296 1973 4340 ι

1835 4308 1847 4341 ι
1886 4352 1917 4358 _
1959 4286 2085 4340 tifex
2118 4285 2324 4339 amicus
2363 4284 2581 4338 divinus
2608 4292 2661 4337 et
2687 4284 2863 4337 bonus
2900 4282 3148 4347 sufﬁciet,
3174 4280 3267 4351 qui
3295 4280 3351 4334 in
3382 4294 3508 4349 pro-

298 4366 574 4439 ἀληθινήν.

888 4486 1109 4542 ΕΠΙΣΤ.
1140 4490 1258 4548 ΛΔ¹.

338 4572 541 4629 Λέοντι
562 4575 659 4630 καὶ
688 4578 1005 4633 Γαλάτωνι.
1027 4580 1310 4650 ἀδελφοῖς
1340 4585 1435 4638 καὶ
1463 4586 1812 4654 ἁσηκρῆτις.

1880 4352 1930 4408 D
1955 4379 2197 4432 verbium
2223 4376 2381 4431 abeat
2408 4390 2593 4429 verum
2619 4383 2674 4428 et
2696 4374 2967 4442 exemplar

2482 4488 2699 4543 EPIST.
2742 4486 2980 4542 XXXIV.

2122 4583 2299 4635 Leonti
2325 4591 2371 4634 et
2404 4579 2649 4636 Galatom'
2677 4578 2931 4649 fratribus
2962 4586 3009 4630 et
3052 4594 3084 4629 a
3117 4579 3341 4631 secretis.

1520 4678 1780 4727 Montacut.
1818 4678 1917 4741 (ep.
1954 4677 2061 4735 IOIi,
2100 4690 2146 4736 p.
2188 4674 2314 4733 150).

371 4773 435 4826 Εί
457 4774 552 4835 τάς
581 4774 716 4844 πρὸς
741 4774 856 4844 ἔριν
872 4779 1225 4847 παρασκευὰς
1244 4780 1552 4846 ἐξελύσατε,
1586 4784 1680 4847 τὰς
1715 4786 1849 4855 ήμε-

298 4864 463 4933 τέρας
488 4864 724 4931 ἐντολὰς,
757 4866 858 4919 κᾶν
884 4866 976 4922 νῦν
1008 4869 1157 4934 γοῦν,
1185 4871 1305 4923 ἐπεὶ
1334 4874 1407 4942 μὴ
1435 4874 1718 4945 πρότερον,
1754 4877 1848 4927 ὲκ-

300 4952 643 5024 πληρὼσατε,
669 4956 756 5007 καὶ
782 4956 841 5008 τὸ
874 4956 1072 5025 pnsum
1096 4960 1457 5030 διορθώσασθε
1481 4981 1492 4993 ο
1520 4966 1849 5033 σφαλμάτων

300 5048 410 5115 γὰρ
441 5046 570 5098 αὐτὸ
614 5048 809 5116 μᾶλλον
838 5049 870 5118 ἢ
902 5053 1239 5119 γραμμάτων
1264 5093 1278 5116 ,
1307 5056 1436 5124 όρᾷν
1468 5054 1580 5107 ἐστι
1624 5060 1733 5118 τοῖς
1763 5057 1847 5109 ἐν·

300 5136 621 5205 τυγχάνουσι
665 5136 945 5211 [βιϐλίον’]
986 5140 1128 5194 οὕτω
1167 5144 1222 5196 δὲ
1254 5141 1405 5214 οἶμαι
1446 5146 1584 5199 κατὰ
1624 5146 1852 5215 σπουδὴν

303 5228 559 5296 πράξασι,
595 5230 735 5299 καὶὴ
763 5231 855 5282 ἐπὶ
882 5234 944 5299 τῇ
981 5234 1219 5305 προτέρᾳ.
1249 5239 1496 5307 παρακοῇ
1530 5238 1849 5306 συγγνώμη,

305 5320 380 5387 μὴ
407 5318 566 5371 πλέον
606 5316 739 5373 οὖσα
768 5320 1127 5393 συγγνώμης,
1161 5326 1293 5381 ἀλλά
1328 5327 1417 5382 τὸν
1457 5328 1614 5398 όρθδν
1648 5330 1848 5398 φυλάτ-

302 5427 463 5463 τουσσ
491 5411 666 5479 λόγον,
697 5412 1138 5483 ἐπακολουθήσει,

2025 4783 2081 4836 Si
2102 4789 2393 4852 apparatus
2419 4787 2629 4833 vestros
2652 4776 2719 4831 ad
2742 4776 3148 4831 contentionem
3162 4773 3355 4828 missos
3377 4771 3505 4828 fect-

1956 4875 2073 4939 stis,
2113 4883 2169 4928 at
2216 4887 2380 4935 nunc,
2412 4870 2672 4938 siquidem
2701 4883 2808 4922 non
2868 4868 3036 4935 prius,
3072 4873 3339 4934 pracepta
3385 4879 3503 4918 mea

1956 4969 2320 5028 observate,et
2342 4962 2534 5015 librum
2560 4960 2833 5027 corrigite.
2870 4956 3000 5010 Nam
3030 4956 3121 5024 qui
3151 4970 3274 5008 cum
3304 4956 3358 5007 in
3389 4970 3505 5007 ma-

1957 5074 2059 5111 nus
2088 5055 2433 5124 sumpserint,
2461 5052 2630 5122 magis
2663 5051 2939 5104 erroribus
2972 5057 3179 5102 scatere
3210 5061 3368 5115 quam
3414 5044 3477 5097 lit
3503 5065 3509 5087 τ

1950 5152 2079 5206 teris
2113 5149 2389 5203 videbunt.
2413 5144 2565 5211 Quod
2598 5143 2640 5196 si
2669 5143 2910 5212 gnaviter
2939 5141 2993 5193 in
3023 5140 3124 5192 hoc
3154 5134 3505 5191 incubueritis

1951 5240 2161 5295 veniam
2176 5233 2567 5305 consequimini
2595 5233 2661 5286 de
2688 5230 2953 5300 praeterita
2984 5228 3203 5296 insuper
3227 5224 3505 5279 babitione

1950 5340 2005 5387 et
2052 5331 2317 5401 neglectu,
2354 5342 2455 5382 nec
2491 5326 2628 5380 ultra
2663 5323 2874 5378 veniam
2930 5321 3058 5390 quid
3089 5313 3501 5385 consequimini,

1952 5438 2074 5477 nam
2097 5421 2387 5476 secundum
2422 5428 2619 5473 rectam
2652 5416 2910 5469 rationem
2943 5410 3304 5480 indulgebitur
3333 5406 3500 5460 vobis.

1542 5574 1769 5633 VARIA‘I
1807 5576 2205 5633 LECTIUM‘LS.

388 5722 403 5757 ί
443 5725 526 5775 I't‘.
561 5724 684 5778 :ltItI.
718 5725 811 5793 τὴν
847 5726 1039 5794 ψυχὴν.
1126 5729 1146 5763 ⁸
1220 5729 1328 5781 καί.
