4236 6436
791 371 889 437 951

1325 476 1543 533 EPIST.
1580 475 1790 531 XXXV.

1295 573 1560 626 Damiano
1603 569 1808 638 hospiti.

1867 367 2125 428 PHOTII
2164 365 2664 426 PA'I‘RIARCILE
2703 367 2810 428 ΟΡ.

3894 356 3995 420 952

3037 471 3257 524 ΕΠΙΣΤ.
3284 467 3406 521 AE‘.

2910 558 3178 628 Δαμιανῷ
3207 557 3519 624 ξεινοδόκῳ.

2006 658 2269 709 IIontacut.
2305 657 2406 720 (ep.
2442 657 2549 716 108,
2587 671 2633 718 ρ.
2669 657 2799 718 155).

864 770 1024 826 Venit
1054 771 1122 828 ad
1161 784 1248 825 me
1293 769 1549 824 hesterno
1578 764 1687 829 die,
1726 777 1847 817 cum
1899 761 2010 831 jam
2055 759 2337 818 luminaria

789 864 1212 920 accenderentur
1244 859 1539 931 (urgentior
1569 857 1687 926 ejus
1722 853 1934 908 miseria
1978 851 2046 906 ab
2072 852 2340 921 intempe-

791 957 930 1010 stivo
942 969 1160 1009 accessu
1176 950 1672 1020 videbatur),homo
1684 946 1950 1016 indigens,
1973 958 2094 998 cum
2111 943 2336 1013 ejulatu,

790 1057 846 1101 et
894 1060 1024 1101 voce
1052 1045 1413 1101 calamitatem
1439 1047 1690 1101 testante,
1719 1039 1795 1092 ita
1825 1045 1884 1090 ut
1912 1033 2262 1089 mollel‘acere
2283 1045 2340 1088 et

790 1150 1017 1191 exorare
1047 1144 1225 1204 posset
1254 1132 1488 1185 ferarum
1517 1130 1727 1183 animos
1751 1145 1764 1192 ;
1788 1126 1974 1180 tunica
1991 1125 2142 1178 illum
2166 1124 2339 1177 lacera

789 1230 916 1283 vita:
943 1236 1196 1297 opertura
1229 1225 1477 1295 tegebat;
1509 1222 1690 1276 vultus
1722 1221 1902 1289 plagas
1939 1219 2205 1286 impactas
2241 1216 2340 1269 ho—

791 1321 995 1375 minum
1021 1333 1199 1388 pugno
1231 1332 1341 1385 pra:
1398 1331 1456 1369 se
1509 1313 1733 1372 ferebat,
1764 1324 1884 1378 qua:
1914 1307 2174 1375 imprimis
2203 1319 2336 1359 con-

791 1419 1005 1463 tuentes
1036 1409 1091 1462 in
1129 1408 1557 1476 compassionem
1588 1413 1643 1455 et
1667 1403 1870 1454 luctum
1903 1398 2181 1465 adigerent
2208 1413 2222 1460 ;
2253 1409 2338 1448 me

795 1500 1060 1569 imprimis
1094 1500 1166 1552 ita
1216 1498 1353 1550 male
1404 1496 1728 1554 habuerunt,
1760 1490 1904 1560 quod
1950 1488 2326 1555 intelligerem,

788 1585 938 1638 illum
966 1599 1258 1654 pauperem
1285 1583 1386 1636 ista
1421 1595 1660 1650 passum,
1689 1596 1718 1631 a
1750 1578 1887 1632 mihi
1912 1577 2093 1640 netis;
2126 1583 2182 1627 at
2207 1590 2336 1628 eau-

787 1689 900 1727 sam
935 1689 1057 1728 cum
1087 1673 1299 1736 rescivi,
1341 1681 1739 1742 propterquam
1777 1683 2065 1736 perpessus
2095 1667 2209 1720 haec
2235 1665 2323 1718 in-

2514 754 2655 812 Ἦκε
2685 760 2830 828 χθὲς,
2859 757 2934 820 ὡς
2966 757 3145 825 ἡμᾶς,
3177 751 3305 822 περὶ
3349 749 3559 819 λύχνων
3588 744 3733 812 ἁφὰς
3766 743 3786 811 (
3812 742 3992 812 μεῖζον

2444 852 2552 922 γὰρ
2579 849 2728 918 αὐτῷ
2755 848 2849 902 καὶ
2878 846 2974 914 τῆς
3007 844 3213 914 ἀωρίας
3239 841 3300 893 τὸ
3327 839 3496 900 πάθος
3531 833 3823 901 ἐτύγχανεν

2445 920 2659 1014 Ορωπυς
2697 941 2864 1009 πένης
2892 938 3122 998 κλαίων,
3153 934 3246 988 καὶ
3270 930 3451 999 φωνάς
3474 927 3624 997 ἠφίει
3650 925 3826 984 πάσας
3847 921 3875 959 il
3904 920 3988 1014 ἐπ’

2443 1009 2595 1103 ἐλέῳ,
2625 1032 2680 1084 αἳ
2727 1031 3013 1099 μαλάττειν
3050 1027 3146 1079 καὶ
3208 1021 3478 1075 δυσωπεῖν
3523 1017 3703 1086 ἴσχυον
3732 1014 3827 1066 καὶ
3852 1009 3988 1079 γνώ-

2444 1142 2548 1194 μην
2577 1125 2812 1193 θηρίωνο
2849 1117 3166 1190 χιτωνίσκος
3200 1110 3269 1184 ἦν
3304 1112 3453 1180 αὑτῷ
3487 1103 3989 1194 πραρῤηγμένος.

2440 1191 2701 1284 κάλυμμα
2730 1210 2824 1264 τοῦ
2877 1209 3014 1279 βίου·
3059 1205 3154 1260 καὶ
3190 1203 3404 1273 πληγὰς
3447 1199 3547 1262 τὰς
3590 1195 3651 1260 ἐξ
3689 1191 3989 1262 ἀνθρώπων

2440 1306 2629 1375 ἔφερεν
2661 1305 2751 1357 ἐπὶ
2779 1302 2873 1356 τοῦ
2906 1298 3220 1371 προσώπουο
3275 1296 3312 1348 ἃ.
3340 1293 3538 1365 μᾶλλον
3575 1288 3682 1342 τῶν
3709 1285 3885 1340 ἄλλων
3913 1284 3990 1344 είς

2439 1394 2617 1448 οἶκτον
2651 1396 2744 1448 καὶ
2771 1394 2968 1462 θρῆνον
2996 1392 3122 1453 τοὺς
3154 1388 3394 1457 ὁρῶντας
3437 1379 3734 1452 παρεκάλει
3758 1394 3773 1408 '
3812 1377 3910 1445 ἐμὲ
3934 1375 3989 1427 δὲ

2440 1488 2620 1550 πλέον,
2640 1486 2723 1538 ὅτι
2751 1485 2846 1537 καὶ
2864 1482 3154 1551 γνωρίμων
3174 1480 3309 1550 ἔργα
3325 1476 3394 1528 τὰ
3422 1477 3438 1514 ί
3469 1473 3614 1540 πάθη
3642 1469 3736 1524 τοῦ
3764 1468 3989 1535 πένητος

2437 1577 2814 1645 ἐπυνθανόμην
2845 1593 2859 1607 ο
2889 1575 2964 1635 ὡς
2991 1574 3048 1625 δέ
3082 1588 3171 1641 μοι
3201 1571 3291 1622 καὶ
3317 1569 3351 1636 ἡ
3382 1564 3549 1623 αίτία,
3577 1561 3644 1614 δι’
3681 1562 3748 1631 ἢν
3795 1558 3865 1611 τά
3898 1559 3990 1608 άν-

2438 1671 2640 1737 ήκεστα
2670 1666 2850 1724 πάθοι,
2872 1665 3007 1734 δήλη
3031 1662 3292 1728 ἐγεγόνει,
3309 1661 3388 1712 ὅτι
3419 1653 3608 1715 ποινὰς
3637 1653 3776 1703 ἔτισε
3798 1646 3989 1737 ταῦτα,

784 1764 1088 1819 suﬂ‘erenda
1152 1763 1289 1827 luit;
1348 1777 1470 1816 cum
1520 1761 1791 1813 mimirum
1846 1759 1968 1812 ideo
2021 1759 2132 1813 haec
2165 1758 2331 1810 luisse
2365 1761 2457 1814 Ba‘

2315 1771 2331 1809 3
2365 1761 2404 1814 Β
2432 1732 2545 1811 ἀνθ’
2577 1753 2649 1811 ὧν
2693 1757 2768 1826 μὴ
2798 1732 2970 1825 σιγῷη
2997 1732 3142 1823 μηδὲ
3174 1748 3437 1817 ἀγαπῷτο
3467 1744 3653 1814 γήδιον
3678 1740 3809 1793 αὐτὸ
3838 1738 3923 1805 ιφ·
3947 1732 3988 1802 ᾦ

784 1856 840 1910 in
881 1870 1127 1924 corpore,
1160 1869 1226 1908 eo
1253 1853 1395 1922 quod
1425 1867 1546 1904 cum
1582 1851 1798 1904 silentio
1823 1859 1878 1903 et
1910 1848 2210 1903 voluntarie
2235 1863 2331 1901 no-
2430 1850 2457 1901 δ

2314 1877 2331 1888 -
2430 1850 2458 1901 δ
2485 1850 2580 1911 τὰς
2609 1847 2705 1900 τοῦ
2732 1849 2830 1917 ζῇν
2863 1845 3118 1898 ἐσάλευεν
3163 1839 3381 1901 ἐλπίδας
3420 1831 3882 1906 προηδικημένος’
3915 1827 3987 1892 ὡς

783 1945 947 2010 lebat,
975 1920 1182 1998 terram
1214 1920 1344 2012 ipsis
1374 1940 1606 2005 tradere,
1655 1954 1776 2008 quae
1819 1938 1943 1992 licet
1981 1938 2330 1991 ﬂuctuantem
2431 1959 2456 1993 ο

2312 1951 2330 1988 ι
2431 1938 2521 1994 οὖν
2575 1940 2669 1994 καὶ
2705 1938 2876 1992 ταῦτα
2914 1938 3024 1999 τοῖς
3057 1935 3236 1996 ἄλλοις
3270 1927 3610 2000 προσετέθη,
3634 1926 3754 1986 ὅλος
3783 1920 3985 1989 σφόδρα

783 2036 908 2089 vita:
933 2045 1110 2089 tamen
1139 2049 1288 2102 spem
1315 2033 1487 2100 ipsius
1519 2031 1771 2094 fovebat;
1800 2028 1915 2082 baze
1944 2028 2034 2081 ubi
2064 2029 2210 2081 velut
2240 2043 2334 2081 cu-

783 2126 990 2179 mulum
1016 2126 1222 2180 caeteris
1249 2125 1460 2193 adjecit,
1492 2121 1750 2176 confusus
1787 2134 1888 2188 ego
1917 2119 2138 2173 omnino
2196 2133 2332 2172 con-

783 2217 917 2283 stiti,
955 2232 1026 2270 ne
1057 2216 1272 2283 quidem
1321 2215 1522 2278 minus,
1553 2229 1712 2282 quam
1737 2213 1852 2281 ipse
1898 2212 1987 2265 ille
2006 2225 2240 2280 pauper,
2275 2218 2336 2263 ut

781 2325 853 2364 ne
888 2309 1061 2364 dicam
1118 2308 1306 2377 magis,
1361 2306 1704 2376 ct,profecto
1752 2304 1842 2372 qui
1874 2319 2053 2357 meum
2091 2301 2332 2356 dolorem

783 2403 849 2457 de
870 2400 1086 2454 homine
1110 2400 1302 2468 injuria
1333 2398 1543 2462 affecto,
1566 2409 1620 2452 et
1637 2408 1688 2452 te
1708 2395 2087 2457 considerabit,
2115 2394 2335 2448 omnino

784 2496 1028 2550 dicturus
1049 2504 1150 2557 est,
1175 2493 1504 2562 duplicatum
1535 2507 1672 2547 esse.
1699 2489 1897 2556 Quare,
1922 2489 1995 2541 mi
2017 2486 2201 2549 homo,
2235 2485 2336 2538 mi-

785 2585 981 2640 seriam
1025 2584 1253 2654 pauperi
1281 2584 1543 2642 condona,
1582 2584 1747 2637 redde
1773 2579 1917 2650 quod
1935 2579 2133 2648 injuste
2161 2584 2333 2640 tenes,

787 2693 807 2727 ι
823 2675 1008 2728 ulnera
1028 2683 1214 2727 curato
1234 2671 1604 2726 beneﬁcentia:
1635 2673 1774 2725 oleo.
1801 2668 1952 2735 Quod
1973 2668 2016 2722 si
2044 2681 2336 2737 pauperem

786 2766 1084 2835 despicatui
1117 2764 1305 2826 habes,
1336 2772 1390 2816 at
1425 2778 1600 2815 meum
1629 2762 1865 2815 dolorem
1898 2768 1953 2816 et
1978 2759 2337 2815 calamitatem

785 2857 926 2922 dele,
961 2856 1006 2909 si
1035 2871 1141 2908 non
1174 2855 1350 2924 potius
1391 2861 1569 2916 tuam;
1597 2863 1763 2915 certe,
1812 2862 1920 2912 tua,
1975 2858 2030 2903 et
2061 2848 2333 2919 pauperis,

784 2957 842 3003 et
869 2962 1040 3003 meam
1067 2947 1293 3011 excedit,
1312 2947 1436 2999 licet
1463 2944 1723 3007 nondum,
1755 2954 1813 2996 nt
1832 2958 1970 3008 reor,
1999 2954 2336 2995 communem

789 3037 931 3092 illius
958 3051 1176 3091 sensum
1211 3037 1431 3090 habeas.

1310 3143 1527 3199 EPIST.
1575 3142 1809 3196 XXXVI.

1203 3238 1438 3297 Michacli
1480 3234 1916 3306 protospatlian'o.

2434 2031 2730 2102 συνεχύθην
2756 2069 2771 2094 ,
2802 2030 2897 2082 καὶ
2925 2027 3076 2080 οὐδὲν
3111 2025 3330 2077 ἔλαττον
3357 2020 3452 2074 τοῦ
3495 2018 3725 2086 πένητος
3753 2014 3851 2084 (οὐ
3882 2012 3987 2102 γάρ

2432 2101 2577 2176 ἐστιν
2605 2125 2815 2183 εἰπεῖν,
2857 2118 3076 2191 μεῖζον)
3105 2117 3204 2188 τὴν
3235 2111 3411 2184 ψυχὴν
3443 2108 3715 2175 διετέθην·
3754 2102 3894 2173 πλὴν
3944 2101 3990 2150 εἰ

2437 2217 2508 2284 μή
2536 2230 2621 2275 τις
2647 2213 2745 2281 τὴν
2775 2210 2910 2280 ἐμὴν
2939 2206 3209 2276 ἀλγηδόνα
3242 2203 3336 2256 ἐπὶ
3367 2199 3448 2254 σοί
3483 2216 3542 2252 τε
3573 2197 3668 2252 καὶ
3691 2194 3767 2266 τῷ
3803 2193 3990 2284 ἠδικη-

2437 2283 2581 2377 μένῳ
2631 2303 2917 2372 γινομένην
2976 2299 3186 2369 βλέπων
3238 2294 3432 2364 διπλῆν
3476 2287 3770 2358 ἀποφαίνῃ.
3817 2283 3992 2338 Λῦσον

2435 2374 2682 2466 άνθρωπε
2735 2393 2814 2462 τῷ
2861 2392 3052 2460 πένητι
3096 2387 3194 2458 τὴν
3243 2382 3548 2456 συμφοράν,
3605 2377 3886 2438 ἀποδιδοὺς
3917 2374 3993 2466 ,τῦ

2434 2464 2677 2556 ἀδίκημα
2700 2525 2716 2549 ,
2750 2484 2844 2536 κα)⁸
2881 2484 2948 2535 τὰ
2995 2479 3280 2552 τραύματα
3316 2473 3635 2547 θεραπεύων
3678 2464 3992 2556 εὐεργεσίας

2436 2553 2632 2648 ἐλέῳ-ί
2654 2616 2667 2630 .
2694 2577 2757 2628 Ei
2796 2575 2853 2627 δὲ
2879 2572 2971 2625 τοῦ
3008 2570 3236 2639 πένητος
3263 2566 3569 2636 ὑπερορᾷςο
3610 2560 3733 2648 aut
3764 2553 3858 2648 οἶδ-ν
3896 2556 3992 2648 τῂν

2437 2644 2574 2739 ἐμὴν
2605 2665 2761 2719 λῦσον
2794 2660 3098 2733 συμφορὰνο
3136 2655 3332 2728 μᾶλλον
3364 2652 3422 2706 δὲ
3446 2651 3544 2720 τὴν
3573 2648 3688 2718 σήν·
3784 2645 3852 2714 σὴ
3873 2644 3992 2739 Αγὰρ

2441 2732 2661 2828 μείζων,
2699 2758 2793 2811 καὶ
2834 2732 2933 2822 τῆς
2964 2750 3058 2806 τοῦ
3101 2749 3332 2818 πένητος
3360 2743 3457 2798 καὶ
3483 2740 3659 2812 ἡμῶν,
3691 2738 3797 2791 κᾶν
3841 2732 3991 2789 οὖπω

2437 2853 2659 2922 ταύτης,
2691 2846 2864 2920 οἶμαι,
2900 2842 3252 2913 συναίσθησιν
3282 2839 3433 2911 ἔχῃς.

3018 3120 3240 3176 eum.
3266 3107 3409 3186 Αςι.

2810 3217 3051 3287 Μιχαὴλ
3085 3205 3613 3282 πρωτοσπαθαρίφ.

1996 3333 2259 3383 Montacut.
2294 3333 2398 3395 (ep.
2433 3329 2540 3389 109,
2573 3342 2623 3391 p.
2658 3327 2786 3387 155).

859 3442 1212 3500 lnstitutionis
1257 3441 1545 3511 possessio,
1613 3449 1770 3492 aetate
1833 3436 2155 3506 provectiori
2211 3434 2333 3489 vitae

787 3536 1010 3594 baculus
1075 3535 1408 3590 ﬁrmissimus
1447 3542 1548 3594 est,
1579 3540 1634 3585 et
1653 3539 1810 3584 relate
1859 3528 2136 3582 ﬂorentem
2174 3526 2332 3595 juve-

789 3627 904 3688 nili,
949 3626 1065 3679 sine
1113 3623 1333 3679 tristitia
1370 3622 1437 3676 ad
1459 3621 1674 3675 virtutis
1727 3619 2045 3674 transmittit
2123 3626 2332 3686 tempe-

787 3726 1001 3771 statem.
1032 3715 1288 3781 Quocirca
1314 3723 1431 3767 tuos
1464 3712 1661 3768 liberos
1700 3708 1984 3780 prudentia
2009 3706 2237 3761 imbuite
2267 3715 2322 3759 et

786 3809 1015 3870 virtute;
1048 3815 1106 3859 ut
1157 3806 1330 3859 adhuc
1360 3803 1731 3858 adolescentes
1754 3809 2021 3854 maturam
2045 3797 2338 3851 exhibeant

786 3897 1269 3958 conuersationem,
1325 3905 1382 3949 et
1406 3894 1485 3949 sic
1518 3907 1643 3948 cum
1667 3889 2076 3954 consenuerint,
2107 3887 2334 3942 aliorum

789 3987 998 4043 auxilio
1028 4003 1137 4042 non
1161 3986 1495 4055 indigebunt.

1295 4075 1511 4131 EPIST.
1553 4073 1814 4130 XXXVII.

1221 4166 1414 4228 Nicena
1448 4166 1892 4236 protospathario.

2508 3430 2616 3498 Τῆς
2648 3423 2892 3485 παιδείας
2927 3421 2963 3487 ἡ
3001 3419 3195 3488 κτῆσίς
3234 3412 3314 3484 τῷ
3355 3405 3686 3480 γεγηρακότι
3729 3403 3991 3498 κρατίστη

2439 3493 2646 3582 γίνεται
2679 3515 2793 3585 βίου
2832 3508 3132 3583 βακτηρία’
3167 3507 3262 3560 καὶ
3302 3504 3393 3556 τὸν
3435 3498 3699 3554 ἀνθοῦντα
3727 3495 3828 3562 τὴν
3865 3493 3992 3585 νέαν

2439 3584 2688 3678 ἠλικίαν,
2710 3607 2790 3667 είς
2817 3601 3018 3672 ἀρετῆς
3055 3598 3202 3670 ὥραν
3235 3593 3456 3655 ἀλύπως
3494 3586 3817 3648 διαϐιϐάζει.
3859 3584 3992 3636 Παί-

2438 3676 2557 3754 δευε
2587 3701 2768 3752 τοίνυν
2798 3696 2989 3764 σοφίαν
3016 3694 3108 3746 καὶ
3131 3691 3330 3762 ἀρετὴν
3355 3689 3480 3749 τοὺς
3509 3684 3632 3746 σοὺς
3665 3679 3875 3739 παῖδας
3906 3676 3990 3727 ἵνα

2440 3791 2532 3845 καὶ
2564 3787 2868 3850 νεάζοντες,
2892 3785 3097 3856 ὡραίαν
3127 3781 3290 3850 ἔχωσι
3314 3777 3414 3846 τὴν
3449 3771 3742 3831 πολιτείαν,
3774 3768 3868 3820 καὶ
3900 3781 3987 3830 γε·

2437 3879 2741 3951 γηρακότες
2773 3879 2849 3948 μὴ
2880 3876 3163 3945 δεήσονται
3196 3871 3223 3912 ιι
3257 3871 3354 3940 τῆς
3383 3867 3584 3937 ἑτέρων
3613 3860 3883 3933 βοηθείας.

3022 4073 3240 4129 ΕΠΙΣΤ.
3278 4073 3400 4126 ΛΖ’.

2815 4167 3042 4235 Νικήτᾳ
3077 4161 3594 4236 πρωτοσκαθαρίῳ.

1977 4268 2234 4319 Montacut.
2271 4270 2360 4333 (ep
2413 4273 2520 4336 116,
2552 4288 2600 4338 p.
2636 4273 2770 4337 ιδι).

856 4381 934 4434 De
957 4377 1229 4432 nobilibus
1256 4384 1310 4429 te
1352 4383 1540 4429 natum
1592 4373 1906 4442 parentibus
1951 4371 2223 4441 gloriaris,
2275 4383 2408 4444 atD
2503 4380 2529 4430 Α

2311 4383 2331 4428 ι
2356 4385 2408 4444 1)
2503 4379 2713 4447 Λὺχεῖς,
2742 4376 2822 4428 ὅτι
2851 4373 3050 4442 γονέων
3077 4370 3207 4439 ἔφυς
3239 4364 3296 4422 εὖ
3330 4365 3652 4434 γεγονότων·
3690 4361 3800 4432 ἐγὼ
3841 4361 3898 4421 δέ
3925 4376 3983 4414 σς

785 4489 884 4542 ego
907 4483 958 4525 te
987 4470 1165 4540 potius
1201 4469 1450 4538 juberem
1481 4481 1700 4534 magnos
1731 4464 1827 4518 tibi
1857 4464 2078 4532 spiritus
2115 4480 2330 4519 sumere

783 4568 828 4619 si
861 4566 1057 4616 virtute
1086 4570 1175 4614 tua
1213 4573 1470 4623 mereres,
1498 4566 1556 4611 ut
1587 4556 1797 4628 generis
1820 4556 2072 4625 princeps
2104 4556 2332 4610 exsistas

783 4655 934 4723 ipse;
977 4652 1106 4705 illud
1136 4650 1279 4703 enim
1309 4648 1674 4717 nequissimus
1706 4646 1972 4718 allegabit,
2003 4656 2058 4700 at
2098 4646 2201 4700 hoc
2223 4646 2328 4701 nisi

782 4746 1019 4814 Optimus
1041 4757 1201 4797 nemo
1232 4740 1394 4795 dicet.

1287 4841 1499 4898 EPIST.
1542 4841 1823 4896 XXXVIII.

1156 4936 1311 4991 Band:
1332 4938 1606 5006 ρι’ωροδίιο
1643 4946 1689 4988 ει
1717 4937 1957 5006 patricto.

2435 4473 2619 4541 ἠξίουν
2655 4469 2852 4541 μᾶλλον
2887 4467 3028 4537 μέγα
3063 4463 3297 4534 φρονεῖν,
3325 4461 3374 4512 εί
3402 4457 3498 4511 τοῦ
3523 4457 3714 4523 γένους
3749 4455 3989 4524 ἡγεμόνα

2439 4564 2634 4616 σαυτὸν
2663 4563 2730 4615 δι’
2759 4559 2958 4629 ἀρετῆς
2987 4554 3289 4626 προετίθεις
3311 4568 3326 4583 ο
3355 4550 3416 4603 τὸ
3447 4550 3544 4619 μὲν
3577 4549 3707 4618 γὰρ,
3737 4548 3846 4600 ἔσθ’
3875 4549 3983 4610 ὅτε,

2438 4651 2531 4701 καὶ
2557 4650 2585 4700 ό
2609 4647 2876 4717 χείριστος
2900 4641 3228 4709 ἒξειλέγειν·
3268 4639 3328 4693 τδ
3367 4637 3446 4704 δὲ,
3485 4636 3647 4707 μόνου
3687 4636 3986 4705 καθέστηκε

2438 4739 2530 4792 τοῦ
2565 4740 2804 4809 ἀρίστου.

3021 4834 3243 4890 ΕΠΙΣΤ.
3275 4833 3403 4889 AH'.

2683 4928 2879 4998 Βαὰνῃ
2903 4925 3269 4996 πραιποσίτῳ
3297 4925 3393 4979 καί
3428 4924 3729 4992 πατρικίῳ.

1991 5045 2255 5097 Montacut.
2293 5043 2398 5107 (ep.
2436 5042 2542 5103 120,
2574 5055 2623 5103 p.
2658 5039 2788 5102 156).

853 5154 981 5209 Erat
1032 5152 1162 5207 olim
1211 5149 1354 5220 apud
1384 5149 1676 5214 Romanos,
1725 5149 1818 5204 sed
1849 5159 1904 5204 et
1935 5149 2152 5204 Graecos
2182 5148 2332 5217 (nam

782 5248 910 5317 quid
936 5261 1072 5314 opus
1097 5242 1437 5298 Christianos
1460 5241 1795 5309 nominare?)
1825 5241 1989 5296 etiam
2012 5249 2200 5295 contra
2225 5238 2331 5292 ini-

2502 5143 2606 5197 Ἦν
2649 5159 2780 5196 ποτε
2822 5141 3130 5212 Ῥωμαίοις,
3165 5140 3300 5194 ἀλλὰ
3352 5139 3447 5192 καὶ
3485 5137 3712 5204 Ἕλλησι
3759 5136 3842 5207 (τί
3879 5139 3985 5207 γάρ

2425 5235 2507 5288 δεῖ
2533 5237 2728 5300 λέγειν,
2751 5230 3164 5302 Χριστιανοῖςῂ,
3192 5231 3288 5283 καὶ⁸
3311 5229 3452 5282 κατὰ
3475 5228 3883 5298 τῶν-ἐχθίστων,
3911 5229 3986 5298 μὴ

784 5338 1130 5399 micissimos,
1169 5334 1367 5387 nedum
1396 5334 1533 5387 bene
1559 5333 1778 5386 meritos
1805 5331 2178 5387 malefaciendi
2217 5341 2330 5385 ter-
2427 5327 2457 5382 ὅ

2306 5357 2330 5373 ..
2427 5327 2510 5382 ὅτι
2549 5341 2612 5392 γε
2643 5326 2781 5376 κατὰ
2817 5323 2923 5375 τῶν
2949 5322 3444 5392 εὐεργετησὰντων,
3493 5321 3616 5390 ὄρος
3656 5319 3979 5378 κακώσεως·

785 5431 983 5492 minus,
1009 5437 1065 5480 et
1102 5424 1292 5479 modus
1325 5433 1574 5477 statutus.
1609 5422 1750 5488 Quin
1798 5432 1855 5477 et
1896 5423 2108 5478 barbari
2152 5423 2331 5477 solent
2427 5413 2458 5470 θ’

2311 5432 2331 5476 t
2427 5413 2532 5470 οἶδε
2565 5417 2659 5466 καὶ
2700 5416 2759 5466 τὸ
2789 5413 3059 5483 βάρϐαρον
3094 5412 3168 5484 μὴ
3209 5411 3557 5483 ὑπερϐαίνειν
3583 5409 3782 5482 νόμους
3820 5409 3980 5463 κολᾶ-

2030 5598 2260 5655 νΑιιι.Ε
2299 5597 2424 5656 LEC
2433 5597 2696 5662 TIONES,

849 5766 871 5805 δ
907 5766 1113 5833 πικράς.
1199 5779 1211 5804 ι
1248 5764 1328 5815 ἵσ.
1358 5781 1433 5825 τις
1469 5761 1532 5830 ἦν
1571 5765 1691 5815 ὲνθα
1725 5782 1799 5815 :2,

1884 5772 1895 5797 ‘
1937 5764 2117 5831 ἐλαίῳ.
2199 5768 2219 5804 κ
2251 5763 2566 5832 ὀεήτιυνται,
2595 5757 2811 5820 “inscii.
