4236 6436
303 398 406 461 953

1439 399 1962 460 EPISTOLARUM
1998 398 2224 460 LIBER
2260 399 2371 457 ΙΙῘ.

3405 351 3506 465 θδὶ

308 524 478 560 σεωνο
504 510 596 562 καὶ
635 508 806 562 πολλά
832 509 887 561 δέ
919 524 1047 575 φασι
1073 506 1182 560 τῶν
1213 507 1415 577 θηρίων
1439 548 1452 570 ,
1485 507 1670 577 ὥσπερ
1699 508 1855 559 εῦλα-
1885 511 1933 568 Α
1958 508 1981 559 ll

1833 536 1855 547 -
1885 511 1933 568 Α
1958 508 2099 577 leges
2130 508 2520 575 suppliciorum
2564 514 2731 559 statas
2758 519 2864 559 non
2915 505 3209 571 excedere;
3236 522 3345 562 Imo
3411 510 3504 563 be-

304 600 509 651 6;i30at
537 602 627 653 καὶ
658 599 1107 661 ὑποστέλλεσθαι,
1137 599 1271 666 πρὸς
1294 598 1419 660 τοὺς
1463 600 1521 650 ὲν
1552 602 1874 668 συμφοραῖς.

303 690 557 758 ἐσχάταις
580 690 859 759 κειμένους
879 730 894 752 ,
926 690 1016 741 καὶ
1045 689 1105 739 τὸ
1132 687 1393 757 θηριῶδες
1421 688 1519 738 οὑκ
1546 687 1851 738 ἐπιδείκνυ-

308 782 455 835 σθαι.
504 780 692 850 Ἡμεῖς
736 781 794 834 δὲ
822 780 916 833 νῦν
937 822 952 844 ,
981 774 1026 834 ὦ
1065 778 1590 847 φιλανθρωπότατος,
1618 778 1725 829 ἀπὸ
1746 776 1857 828 τῶν

303 873 477 926 ἄλλων
503 873 676 941 ἔργων
704 872 875 941 ὑμῶν,
907 874 1001 926 καὶ
1032 873 1171 942 νόσῳ
1198 869 1456 940 κείμεθα·
1490 868 1582 921 καὶ
1616 870 1795 938 ίατρὸν
1821 870 1854 939 η

302 966 453 1026 νόσος
510 963 776 1033 ἐπιζητεῖ·
840 964 936 1017 καὶ
988 963 1190 1032 ἡμέραι
1247 964 1314 1030 τῇ
1377 960 1515 1028 νόσῳ
1566 960 1855 1029 τριάκοντα

304 1056 705 1125 παρετάθησαν,
734 1056 826 1108 καὶ
856 1054 1039 1108 πολλοὶ
1066 1053 1323 1113 πολλάκις
1354 1050 1507 1118 ὑμῶν
1536 1050 1853 1118 ἐδεήθησαν,

308 1147 489 1217 ἰατροῦ
534 1146 884 1217 συγχωρῆσαι
916 1144 1245 1215 παρουσίαν·
1293 1141 1405 1194 ἀλλ’
1440 1134 1524 1210 (ὦ
1563 1140 1720 1207 φύσις
1765 1142 1855 1192 άν-

305 1237 556 1305 θρὼπων,
588 1238 684 1290 καὶ
734 1236 1018 1306 Ῥωμαίων
1040 1275 1055 1299 ,
1099 1235 1219 1287 ὅποι
1248 1233 1349 1301 γῆς
1388 1232 1510 1285 ἔστε
1539 1231 1728 1299 νόμοι,
1763 1231 1856 1283 καὶ

305 1327 492 1396 κλῆσις
520 1327 889 1399 Χριστιανῶνς
913 1332 930 1396 )
959 1327 1059 1379 οὐκ
1080 1324 1483 1394 ὲδυσωπήθητε.
1530 1323 1668 1375 Ἀλλ’
1698 1326 1854 1393 ἡμεῖς

305 1418 404 1486 μὲν
423 1457 440 1483 ,
471 1417 787 1489 βαρϐάρους,
818 1418 962 1487 ὑμᾶς
990 1417 1023 1487 ἢ
1054 1415 1215 1485 θηρία
1246 1414 1487 1485 νομίζειν
1511 1454 1526 1478 ,
1556 1412 1707 1467 οὔπω
1735 1429 1853 1465 πει-

303 1508 542 1576 θόμεθα·
576 1509 837 1579 ὑμέτερον
870 1508 913 1560 δ’
962 1508 1108 1560 ἐστὶν
1164 1508 1500 1568 ἐπισκοπεῖν,
1550 1504 1617 1557 δι’
1658 1497 1733 1557 ὧν
1775 1504 1854 1563 είς

303 1602 448 1668 ἡμᾶς
491 1601 616 1663 τοὺς
661 1601 966 1663 ταπεινοὺς,
1012 1598 1109 1660 τὰς
1158 1596 1479 1666 ὑπερορίους
1524 1594 1724 1654 ταύτας
1759 1594 1854 1645 καὶ

301 1691 491 1754 καινάς
534 1692 639 1744 ὑπὸ
679 1692 770 1743 τὸν
811 1691 960 1760 ἥλιον
1003 1690 1288 1759 τιμωρίας,
1341 1687 1688 1757 ἐπενθήσατε,
1732 1685 1853 1737 τίνα

301 1782 706 1854 προσηγορίαν,
740 1783 859 1835 ἀντὶ
894 1781 987 1834 τοῦ
1041 1781 1389 1850 Χριστιανοὶ,
1435 1780 1527 1830 καὶ
1574 1778 1850 1846 Ῥωμαῖοι,

1959 599 2090 653 stias
2130 613 2234 649 non
2269 612 2463 665 paucas
2490 604 2728 659 narrant,
2769 597 3001 650 revereri
3025 597 3417 665 quodammodo
3454 612 3507 654 et

1958 690 2275 744 submittere
2323 705 2381 742 se
2416 700 2685 743 extremas
2712 688 2853 740 inter
2892 691 3173 757 angustias
3211 692 3504 756 conclusis,

1957 797 2060 836 nec
2087 781 2351 835 feritatem
2383 781 2437 833 in
2462 787 2760 847 prostratos
2788 795 3064 834 exercere.
3106 781 3215 851 Ego
3259 780 3314 834 in
3366 799 3505 851 pra:-

1959 870 2124 935 senti,
2152 886 2184 925 o
2206 870 2645 950 clementissime,
2672 884 2768 937 per
2791 878 2937 923 tuam
2969 885 3186 937 operam
3210 870 3347 924 ultra
3379 872 3503 936 alia,

1958 971 2013 1015 ct
2048 977 2113 1016 ex
2143 962 2330 1014 morbo
2353 960 2653 1026 decumbo;
2687 960 2955 1014 medicum
2984 958 3183 1029 ﬂagitat
3210 961 3298 1014 illa
3343 964 3502 1031 aegri-

1958 1053 2090 1108 tudo
2114 1070 2234 1123 qua:
2259 1053 2376 1107 dies
2398 1052 2511 1121 jam
2537 1052 2756 1122 triginta
2784 1067 2871 1105 me
2892 1052 3101 1117 amixit,
3126 1053 3279 1106 multi
3304 1058 3508 1107 interea

1959 1146 2142 1201 multis
2177 1146 2321 1216 apud
2357 1156 2409 1199 te
2438 1145 2866 1199 intercesserunt
2889 1146 3104 1207 medici,
3158 1155 3215 1198 ut
3262 1162 3503 1214 praesen-

1961 1239 2086 1293 tiam
2113 1238 2376 1292 concedas
2409 1236 2541 1289 mihi
2561 1252 2575 1301 ;
2599 1236 2693 1289 sed
2724 1238 2778 1304 (o
2828 1253 3171 1290 communem
3226 1237 3504 1291 hominum

1958 1332 2237 1386 naturam!
2271 1345 2302 1383 ο
2332 1329 2476 1397 leges
2499 1327 2803 1382 Romanas!
2833 1344 2865 1381 o
2892 1330 3325 1383 Christianorum
3373 1330 3508 1382 titu-

1957 1423 2072 1478 losl
2103 1423 2192 1477 uhi
2208 1422 2396 1489 estis?)
2415 1437 2525 1476 non
2556 1421 2941 1490 impetrarunt:
2974 1431 3029 1474 et
3058 1432 3235 1475 tamen
3264 1422 3506 1476 nondum

1958 1515 2091 1570 mihi
2125 1516 2291 1570 subiit
2313 1514 2606 1577 sententia,
2640 1522 2693 1567 te
2719 1529 2840 1567 cum
2874 1513 3135 1579 barbaris,
3182 1522 3271 1565 aut
3316 1514 3505 1567 bestiis

1958 1621 2344 1669 annumerare;
2377 1605 2610 1673 cogitare
2641 1615 2816 1657 autem
2848 1613 2902 1658 te
2931 1614 3021 1658 tua
3041 1605 3286 1666 interest,
3315 1619 3506 1672 quam-

1956 1699 2142 1751 obrem
2179 1698 2234 1749 in
2294 1710 2379 1749 me
2427 1694 2591 1748 vilem
2617 1704 2671 1747 et
2696 1695 2989 1761 abiectum,
3053 1693 3330 1762 peregrina
3368 1694 3503 1759 haec,

1957 1804 2117 1850 nova,
2139 1802 2238 1841 nec
2267 1786 2367 1839 sub
2392 1785 2505 1839 sole
2530 1785 2706 1838 adhuc
2731 1786 2844 1837 visa
2870 1785 3133 1852 supplicia
3160 1785 3503 1852 excogitave-

302 1879 393 1925 καὶ
415 1873 695 1945 Ἕλληνες,
723 1875 815 1925 καὶ
840 1871 1124 1942 βάρῦαροι,
1146 1872 1237 1923 καὶ
1262 1870 1443 1940 θηρία,
1467 1867 1843 1937 ὀνομάζεσθαι,
1874 1862 1920 1920 Β
1950 1897 1973 1933 τ

1829 1908 1843 1932 9
1874 1862 1920 1920 Β
1950 1880 2043 1942 ris,
2070 1894 2228 1947 quam
2258 1878 2353 1931 tibi
2382 1878 2871 1931 denominationem
2899 1878 3058 1929 aliain
3083 1892 3181 1944 pro
3208 1876 3502 1930 Christiani

296 1964 415 2024 ταῖς
446 1961 733 2033 ὑμετέραις
770 1960 1030 2030 πράξεσιν
1074 1960 1446 2029 ἁρμόζουσαν,
1488 1958 1805 2028 ἐξευρήσετε
1834 1970 1845 1986 ⁸

298 2055 454 2121 ἡμεῖς
489 2054 566 2116 δὲ,
595 2052 694 2105 κᾶν
721 2054 787 2122 τῇ
823 2052 960 2121 νόσῳ
990 2052 1319 2121 νικηθώμεν,
1362 2048 1756 2118 λαμπρότερον,
1787 2047 1847 2100 εὖ

299 2148 432 2209 ista,
458 2144 517 2196 τὸ
553 2143 671 2197 καθ’
714 2143 868 2213 ἡμῶν
898 2141 915 2180 ι
946 2144 1213 2210 στήσομεν
1262 2140 1549 2211 τρόπαιον·
1594 2140 1686 2191 τὸν
1714 2139 1850 2208 ἡμέ-

294 2254 452 2305 τερον
491 2236 662 2305 βίαιον
700 2236 959 2299 θάνατον,
1005 2234 1082 2305 τῷ
1128 2218 1288 2286 παντὶ
1334 2233 1452 2303 βίῳ,
1506 2232 1705 2301 στήλην
1748 2232 1846 2302 τῆς

299 2325 448 2395 ὑμῶν
476 2326 785 2396 μιαιφονίας
806 2325 1245 2389 ὲναπολείποντες
1271 2321 1669 2387 ἀνεξάλειπτον.

876 2650 1099 2707 ΕΠΙΣΤ.
1127 2650 1249 2705 AG’.

730 2758 994 2825 Θεοφίλῳ
1024 2756 1409 2824 πραιποσίτῳ.

1950 1970 2123 2033 titulo,
2157 1968 2401 2031 Romani,
2431 1967 2627 2032 Graeci,
2674 1966 2886 2021 barbari
2923 1967 3173 2031 hominis,
3220 1966 3329 2019 imo
3410 1967 3503 2019 be-

1949 2063 2086 2125 stiae,
2139 2076 2260 2130 quae
2316 2060 2420 2113 tuis
2475 2058 2798 2127 respondeat
2856 2058 3155 2111 actionibus
3200 2058 3501 2125 excogitare

1947 2150 2103 2203 velis.
2138 2150 2252 2218 Ego
2276 2158 2454 2201 autem
2483 2147 2528 2199 si
2568 2147 2755 2199 morbo
2788 2148 3155 2209 succumbam,
3193 2147 3497 2200 exstinctus

1958 2242 2382 2311 splendidiorem
2426 2240 2492 2293 de
2520 2247 2569 2291 te
2608 2237 2745 2290 scias
2765 2237 2923 2291 velim
2951 2237 3279 2305 triumphum
3317 2252 3501 2305 τερον-

1947 2346 2155 2390 taturus
2190 2348 2309 2387 sum
2356 2350 2368 2387 :
2406 2340 2631 2385 mortem
2666 2330 2813 2385 enim
2835 2329 2967 2383 mihi
2996 2328 3257 2381 violenter
3298 2328 3498 2380 illatam

1945 2427 2211 2481 columna:
2246 2423 2416 2477 vicem
2439 2423 2729 2476 obeuntem
2759 2419 3087 2482 indelebilis,
3128 2427 3313 2472 contra
3351 2428 3495 2471 tuam

1946 2517 2337 2590 sanguinariam
2363 2515 2740 2570 crudelitatem
2776 2521 3008 2566 statuam
3041 2528 3157 2565 sum
3184 2512 3491 2565 relicturus.

2462 2638 2674 2693 EPIST.
2730 2637 2973 2693 XXXIX.

2414 2745 2685 2812 Theophila
2722 2744 3019 2812 prwposito.

1506 2869 1769 2918 Ilontacut.
1806 2868 1907 2930 (ep.
1941 2862 2049 2921 121,
2084 2874 2132 2922 p.
2166 2858 2301 2921 165).

366 2968 440 3023 Τὸ
470 2968 585 3037 μὲν,
608 2969 823 3038 ἀγαπᾷν
846 2984 969 3030 τους
992 2966 1298 3037 μισοῦντας,
1321 2969 1539 3039 ἀρετῆς,
1564 2970 1657 3022 καὶ
1677 2969 1841 3021 θεῖονο
1871 2956 1912 3010 C
2012 2964 2039 3018 ί

1825 2984 1841 2999 ο
1871 2956 1912 3010 C
2012 2964 2146 3018 Odio
2176 2962 2439 3017 habentes
2457 2960 2695 3032 diligere.
2720 2961 2935 3015 virtutis
2967 2976 3121 3031 opus,
3150 2962 3493 3025 etdivinnm;

294 3063 356 3115 τὸ
389 3061 465 3125 δὲ,
502 3061 627 3119 τοὺς
660 3058 1005 3127 ἀγαπῶντας,
1037 3058 1376 3129 ἀνθρώπινον
1418 3061 1512 3114 καὶ
1543 3059 1737 3114 κοινὸνο
1785 3058 1847 3112 τὸ

293 3153 351 3207 δὲ
383 3153 556 3221 μισεῖν
593 3150 685 3204 καὶ
722 3151 845 3213 τοὺς
885 3150 1211 3217 ἀγαπῶντας
1252 3151 1373 3203 οὐδὲ
1424 3150 1625 3222 Θηρίων
1668 3148 1839 3223 οῐμαι.

308 3241 495 3310 Ἦμεῖς
530 3242 629 3310 μὲν
657 3238 748 3294 οῦν
779 3242 995 3310 ἀγαπᾷν
1024 3257 1084 3294 σε
1119 3240 1187 3293 δι’
1213 3240 1388 3311 εργων
1417 3242 1751 3314 δεικνύομεν,
1780 3246 1841 3296 οὐ

297 3333 408 3397 νῦν,
438 3333 572 3386 ἀλλά
605 3335 697 3386 καὶ
731 3332 928 3396 πάλαι,
956 3332 1025 3385 τά
1053 3349 1115 3385 τι
1140 3334 1273 3387 ἄλλα
1298 3334 1393 3403 (οὐ
1432 3335 1539 3404 γὰρ
1572 3337 1698 3404 ἒμδν
1730 3336 1839 3389 ὦσ-

295 3438 402 3490 περ
430 3420 535 3474 οὐδ’
563 3420 858 3484 ὀνειδίζειν,
897 3420 1067 3483 οὕτως
1104 3420 1211 3473 οὐδ’
1258 3420 1508 3491 ἀριθμεῖν
1540 3424 1840 3493 χάριτας).

296 3510 433 3562 ἀλλὰ
482 3510 577 3562 καὶ
621 3510 955 3578 γράφοντες,
1014 3509 1108 3561 καὶ
1164 3510 1699 3579 προσαγορεύοντες,
1746 3512 1838 3563 καὶ

297 3600 687 3672 παραινοῦντες
740 3602 810 3653 τά
855 3600 1058 3657 δέοντα.
1106 3601 1170 3653 El
1212 3601 1257 3654 δ’
1311 3601 1472 3663 αὐτὸς
1518 3601 1841 3669 ἀγαπῶντας

298 3693 582 3763 ἐμίσησας,
614 3694 759 3763 ἡμᾶς
787 3693 886 3763 μὲν
918 3695 996 3755 εἰς
1041 3691 1258 3762 μείζονα
1301 3691 1537 3761 βαθμὸν,
1567 3694 1641 3756 ὡς
1662 3696 1796 3764 ὁρᾷς
1824 3734 1839 3757 ,

298 3786 477 3853 φέρων
517 3783 767 3851 ἔστησας.
814 3782 1077 3853 Εὑρήσεις
1105 3781 1160 3834 δὲ
1186 3782 1277 3835 καὶ
1312 3782 1376 3836 σὺ
1408 3783 1497 3835 τὸν
1526 3784 1723 3843 σαυτοῦ
1770 3785 1845 3848 ὡς

295 3877 405 3928 sil):
432 3874 506 3945 μὴ
527 3874 737 3945 ὄφελες.

898 3982 1117 4035 ΕΠΙΣΤ.
1151 3982 1221 4038 Μ’

722 4087 891 4153 Ἠλίᾳ
904 4088 1424 4155 πρωτοσπαθιιρίφ.

1948 3057 2257 3126 diligentes,
2321 3055 2613 3108 humanum
2659 3062 2717 3107 et
2767 3054 3021 3123 vulgare;
3066 3055 3161 3108 sed
3214 3054 3497 3123 diligentes

1949 3146 2073 3201 odio
2110 3144 2360 3219 prosequi
2396 3144 2539 3197 haud
2572 3152 2674 3208 est,
2709 3144 2923 3211 opinor,
2954 3142 3272 3197 belluarum.
3300 3143 3409 3214 Ego
3430 3160 3490 3198 re

1949 3238 2066 3307 ipsa
2112 3236 2273 3290 docui
2304 3250 2389 3289 me
2438 3243 2491 3289 te
2519 3234 2902 3303 diligere;nec
2927 3249 3072 3289 nunc
3112 3234 3366 3305 primum,
3400 3235 3495 3289 sed

1946 3328 2293 3398 jamdudum,
2324 3341 2448 3381 cum
2486 3327 2541 3381 in
2574 3326 2783 3380 ceteris
2809 3325 2925 3394 (sed
2954 3340 3062 3379 non
3091 3340 3191 3395 ego
3224 3325 3372 3378 soleo
3409 3326 3495 3380 vel

1935 3419 2278 3488 exprobrare,
2309 3419 2393 3472 vel
2420 3432 2739 3471 enumerare
2753 3417 2972 3487 gratias)
3003 3426 3115 3470 tum
3142 3417 3229 3472 vel
3259 3408 3493 3470 maxime

1942 3509 2247 3573 scribendo,
2274 3508 2616 3577 alloquendo,
2644 3507 2999 3570 adhortando,
3023 3517 3211 3576 etqua:
3244 3508 3339 3562 tibi
3361 3524 3495 3562 con-

1951 3602 2174 3656 veniunt
2205 3600 2562 3671 suggerendo.
2600 3597 2694 3653 Sin
2721 3609 2831 3654 tute
2855 3599 3137 3668 diligentes
3156 3598 3279 3653 odio
3305 3598 3489 3663 habes,

1939 3702 2083 3748 certe
2113 3708 2219 3756 me,
2258 3692 2403 3760 quod
2448 3692 2617 3757 vides,
2641 3692 2695 3746 in
2725 3691 3056 3760 superiorem
3085 3690 3306 3761 gradum
3335 3698 3491 3743 extu-

1944 3784 2081 3848 listi;
2113 3783 2353 3837 invenies
2376 3792 2578 3845 autem,
2608 3784 2751 3852 quod
2796 3783 3053 3845 nolueris,
3103 3792 3157 3835 et
3186 3782 3277 3850 qui
3322 3792 3371 3835 te
3419 3782 3491 3835 ita

1942 3875 2213 3931 tractabit.

2523 3980 2743 4036 EPIST.
2788 3980 2899 4035 XI...

2384 4093 2552 4147 Helia!
2578 4091 3013 4160 protospathario.

1499 4204 1761 4256 loutacut.
1797 4208 1898 4270 (cp.
1927 4210 2034 4270 122,
2068 4222 2118 4271 p.
2144 4210 2275 4273 163).

362 4307 428 4360 Οἱ
466 4304 754 4375 πειρασμοὶ
791 4304 1195 4374 πειραζομινων
1236 4320 1471 4372 γινονται
1514 4309 1826 4377 πειρασμοίο
1862 4296 1905 4346 ί)
2004 4311 2035 4365 Ἰ

1813 4325 1826 4338 '
1862 4296 1905 4346 ί)
2004 4311 2355 4366 Tentationes
2399 4309 2735 4364 tentantibus
2793 4308 3124 4363 tcntationes
3164 4305 3329 4369 ﬁunt;
3376 4320 3482 4358 non

294 4400 370 4473 μὴ
391 4396 795 4469 πειραζομένων
812 4395 890 4462 δὲ,
922 4395 1194 4462 στεφάνων
1222 4397 1314 4447 καὶ
1343 4394 1608 4466 βραδείων
1639 4399 1837 4471 παραί-

290 4505 418 4543 τιοι.

874 4619 1093 4672 ΕΠΙΣΤ.
1115 4620 1251 4675 MA'.

660 4723 924 4791 Θεοφίλῳ
950 4724 1468 4791 πρωτοσπαθαριῳ.

1938 4401 2269 4458 tentantibus
2287 4408 2511 4454 causam
2534 4413 2761 4453 coronas
2793 4406 2849 4452 et
2890 4396 3094 4450 brahia.

2508 4614 2719 4671 EPIST.
2779 4614 2912 4669 XLI.

2333 4722 2605 4789 Theophila
2658 4720 3093 4792 protospathario.

1504 4838 1762 4888 Monlacut.
1799 4838 1884 4902 (ep
1940 4836 2054 4897 125,
2088 4850 2135 4897 ρ.
2172 4835 2301 4898 168).

359 4935 508 5006 Ταχὺ
548 4936 836 5007 μανθάνεις
876 4938 1001 5000 τοὺς
1030 4938 1235 5007 φίλους
1282 4958 1575 5011 ταχυτερον
1623 4945 1667 4996 δ’
1700 4946 1837 4996 ἁπο-

290 5028 616 5095 μανθάνεις’
662 5029 775 5081 ἀλλ’
834 5029 1059 5099 ἔρρωσο·
1126 5032 1261 5101 μήτε
1321 5033 1604 5102 μανθάνων
1669 5037 1833 5105 ῥᾷον,

291 5121 415 5190 μήτ’
448 5120 859 5189 ἀπομανθάνων.
891 5122 963 5174 Τὸ
1001 5122 1096 5180 μὲν
1121 5124 1227 5193 γάρ
1252 5126 1553 5195 προπετοῦς
1584 5128 1679 5181 καὶ
1704 5126 1835 5191 κού-

287 5228 395 5277 φης
420 5210 674 5274 διανοίας,
700 5211 761 5264 τὸ
787 5212 843 5267 δὲ
873 5212 1114 5284 γνώμης,
1156 5215 1242 5267 ἵνα
1274 5216 1439 5287 μηδὲν
1471 5217 1608 5271 εῖπω
1638 5218 1834 5285 φαυλό-

286 5320 473 5370 τερον,
520 5302 815 5357 άὸεὗαίου·
876 5306 1049 5374 κρίσει
1102 5307 1157 5359 δὲ
1211 5309 1474 5372 συνέσεως
1539 5309 1714 5372 διδοὺς
1768 5309 1831 5363 τὸ

288 5393 575 5463 πρακτέον,
610 5394 797 5450 ἵστασο
825 5398 995 5466 μένων
1029 5400 1083 5451 ὲν
1116 5396 1195 5464 οἷς
1223 5402 1405 5468 ἔδοξας
1439 5403 1829 5475 μεμαθηκέναι.

2000 4943 2273 4999 Citissime
2316 4942 2520 4998 amicos
2545 4942 2741 4998 ediscis
2767 4959 2781 4997 :
2808 4940 3042 4997 dediscis
3089 4946 3269 4993 autem
3314 4937 3485 4990 multo

1930 5036 2118 5089 citius:
2172 5035 2287 5089 vale
2338 5044 2538 5097 autem,
2604 5044 2660 5089 et
2714 5050 2785 5089 ne
2831 5034 2940 5089 cito
2978 5034 3143 5094 disce,
3193 5045 3295 5085 nec
3322 5030 3484 5084 citius

1928 5140 2115 5179 eorum
2150 5126 2506 5190 obliviscere;
2536 5134 2622 5180 est
2670 5126 2818 5180 enim
2870 5124 3001 5179 illud
3033 5122 3198 5177 animi
3248 5119 3480 5186 leviculi,

1927 5216 2151 5269 nimium
2170 5216 2549 5285 properantis;
2584 5226 2640 5271 et
2666 5216 2879 5282 incerti,
2911 5225 2972 5269 ut
3004 5229 3073 5269 ne
3114 5212 3243 5283 quid
3268 5210 3482 5280 gravius

1929 5307 2325 5376 dicam,judicii
2348 5308 2512 5373 illud;
2541 5308 2911 5378 intelligentia
2938 5305 3189 5360 tribunali
3219 5302 3307 5357 ubi
3333 5300 3479 5371 quod

1931 5397 2195 5467 agendum
2225 5398 2449 5465 stiteris,
2482 5400 2719 5455 consiste
2750 5399 2939 5453 ﬁrmus
2968 5398 3023 5452 in
3050 5397 3115 5452 iis
3142 5410 3261 5465 quae
3286 5392 3481 5448 videris

1932 5487 2277 5543 addidicisse.

1571 5652 1795 5711 νΑηιΑε
1837 5653 2236 5721 LECTIONES,

374 5796 389 5844 ι
421 5800 534 5878 lege
564 5801 733 5877 ὑμων.
