4236 6436
746 356 855 421 955
1877 365 2139 427 PHOTII
2183 364 2419 428 PATRL

2312 364 2684 429 TRIARCHE
2716 368 2822 428 (ΞΡ.
3886 363 3985 426 956

1320 476 1539 532 EPIST.
1595 474 1755 530 XLII.
2344 477 2399 539 Α

1716 475 1755 530 I.
2344 477 2399 539 Α
3000 474 3226 530 ΕΠΙΣΤ.
3257 473 3386 529 MB'.

1108 566 1359 621 Theodoto
1391 566 1944 636 spatharocandidato.
2749 567 2781 619 8

2749 563 3008 631 Θεοδότῳ
3054 563 3672 633 σπαθαροκανδιδιὶτῳ,

1986 683 2250 731 Montacut.
2288 679 2392 743 (ep.
2428 677 2535 740 121,
2569 692 2619 740 p.
2658 679 2786 742 161).

829 788 1079 843 Humana
1110 786 1295 842 omnia
1337 787 1498 843 simul
1537 788 1789 843 dimuunt
1831 803 1956 843 cum
1996 797 2237 856 tempore
2270 794 2328 839 et
2499 786 2502 800 '

2320 799 2328 838 ;
2499 784 2741 837 Ἀπαντα
2774 798 2872 854 μεν
2893 786 2964 838 τὰ
2988 785 3301 856 ἀνθρώπινα
3328 786 3699 855 ωγκαταρῤεῖ
3720 783 3799 853 τῷ
3820 786 3993 855 χρόνῳ

759 887 1097 936 evanescunt
1123 896 1138 944 ;
1165 879 1342 933 virtus
1370 888 1571 946 autem,
1612 890 1671 935 ut
1700 880 1823 951 igne
1850 888 1905 935 et
1934 878 2098 943 ferro,
2130 886 2188 931 et
2209 891 2329 931 om-
2429 894 2432 927 :

2316 906 2329 917 -
2429 878 2523 929 καὶ
2550 876 2891 944 ἀφανίζεται·
2921 879 3090 948 ἀρετὴ
3125 878 3202 939 δὲ,
3234 876 3427 948 ὥσπερ
3465 878 3597 946 πυρὶ
3631 878 3727 931 καὶ
3770 877 3989 947 σιδὴρῳ,

770 972 936 1025 nibus
993 970 1159 1023 rebus
1212 969 1708 1038 inconsumptibilis
1737 978 1842 1034 est,
1898 970 2094 1039 quibus
2151 968 2332 1022 omnia
2430 986 2443 1020 ι

2318 984 2332 1020 ι
2430 970 2523 1020 καὶ
2553 971 2717 1023 πᾶσιν
2741 966 2825 1033 οἷς
2844 970 3140 1022 ὑπείκειτά
3160 970 3219 1021 έν
3241 968 3455 1036 γενέσει
3476 968 3678 1033 πάντα,
3700 968 3991 1032 ἀνάλωτος·

762 1059 1139 1113 succumbunt
1173 1075 1293 1128 quae
1324 1067 1686 1128 generantur;
1738 1059 1811 1112 ita
1839 1072 2053 1127 quoque
2099 1065 2331 1125 tempus,
2431 1082 2435 1105 ι

2322 1095 2331 1119 ,
2431 1059 2573 1112 οὕτω
2602 1060 2696 1111 καὶ
2718 1061 2913 1130 χρόνου
2938 1060 3032 1113 καὶ
3054 1060 3242 1114 παθῶν
3272 1060 3366 1115 καὶ
3391 1057 3557 1113 αὐτοῦ
3584 1060 3816 1115 θανάτου
3843 1077 3995 1129 περι-

762 1149 978 1218 pathos,
996 1157 1223 1203 mortem
1242 1149 1409 1218 ipsam
1440 1157 1677 1217 superat.
1732 1148 1827 1202 Sin
1886 1147 2156 1201 intuearis
2203 1161 2332 1216 per-
2429 1169 2435 1181 ε

2321 1174 2332 1184 -
2429 1151 2659 1219 γίνεται.
2702 1152 2765 1203 Et
2798 1151 2844 1203 δ’
2869 1152 3257 1221 ἀκριϐέστερον
3292 1152 3443 1218 ῖδοις,
3464 1151 3544 1222 τῷ
3573 1152 3769 1222 χρόνῳ,
3797 1152 3895 1203 καὶ
3920 1150 3994 1220 τῷ

764 1239 1057 1308 spicacius,
1088 1255 1118 1293 a
1148 1249 1390 1308 tempore
1419 1248 1477 1294 et
1502 1250 1675 1293 morte
1702 1241 1817 1308 ipsa
1844 1239 2017 1309 magis
2040 1237 2331 1301 reviviscit,
2432 1246 2437 1285 ι

2322 1276 2331 1301 ,
2432 1240 2647 1311 Θανάτῳ
2700 1240 2898 1311 μᾶλλον
2942 1242 3113 1313 ἀναζῇ
3164 1244 3259 1296 καὶ
3293 1243 3509 1305 θάλλει,
3555 1244 3649 1294 καὶ
3693 1243 3755 1295 τὸ
3799 1243 3995 1294 οῖκεῖον

764 1341 821 1386 ct
876 1332 1215 1402 egerminat;
1262 1332 1551 1400 proprium
1600 1331 1945 1400 splendorem
2002 1330 2336 1400 gloriamque
2432 1352 2437 1385 τ

2432 1333 2606 1398 κλέος,
2639 1334 2732 1386 καὶ
2760 1333 2859 1404 τὴν
2891 1334 3226 1406 εὐπρέπειαν
3247 1374 3263 1400 ,
3291 1333 3786 1396 έναποσϐεσθέντος
3814 1334 3997 1395 αὐτοῖς

771 1424 942 1493 magis
993 1422 1297 1476 aomtraoili
1358 1423 1518 1477 modo
1564 1431 1620 1475 et
1655 1420 1943 1475 illustriori
1991 1419 2335 1474 immoriente
2431 1442 2444 1474 ιι

2325 1435 2335 1473 ι
2431 1426 2525 1477 τοῦ
2554 1425 2769 1492 φθόνου⁹
2800 1425 3180 1497 λαμπρότερόν
3204 1444 3266 1480 τε
3288 1427 3379 1480 καὶ
3406 1424 3853 1496 θαυμασιώτερον
3879 1426 3998 1478 ἀνα-

768 1512 964 1565 iterum
992 1511 1194 1565 invidia
1218 1512 1527 1565 reassumit.
1551 1512 1690 1576 Quid
1712 1522 1768 1565 tu
1801 1511 1963 1581 igitur
1980 1526 2104 1580 erga
2132 1524 2197 1564 ea
2212 1525 2333 1579 qua:
2357 1554 2405 1613 Β
2432 1517 2441 1567 i

2322 1526 2333 1564 ι
2357 1554 2405 1613 Β
2432 1517 2665 1588 δέχεται.
2690 1519 2755 1572 Τί
2774 1514 2867 1575 οὖν
2896 1520 2959 1573 σύ
2993 1519 3102 1574 τῶν
3130 1520 3232 1590 μὲν
3256 1521 3375 1590 μετ’
3399 1519 3580 1587 ὀλίγον
3600 1518 3783 1573 οὐκέτι
3806 1518 3995 1583 ὅντων,

767 1602 946 1656 statim
978 1617 1253 1657 numam
1286 1613 1465 1668 erunt,
1496 1618 1560 1657 ac
1593 1604 1639 1657 si
1678 1618 1894 1672 semper
1932 1603 2314 1671 perdurarent,
2357 1602 2404 1613 “’
2431 1627 2440 1660 ι

2357 1602 2404 1613 ”
2431 1608 2507 1671 ὡς
2559 1610 2647 1663 ἀεὶ
2698 1612 3001 1681 μενόντων,
3080 1612 3367 1682 ἀντιποιῇς
3434 1612 3716 1682 ὀλιγωρεῖς
3778 1610 3835 1663 δὲ
3892 1609 3997 1663 τῶν

769 1693 842 1747 sis
870 1692 1149 1745 allectus?
1186 1700 1390 1746 attema
1421 1692 1637 1745 interim
1673 1707 1873 1761 susque
1919 1691 2094 1760 deque
2140 1691 2328 1757 babes,
2430 1718 2442 1753 ς

2324 1733 2328 1750 .
2430 1700 2611 1753 ἀϊδίων
2633 1742 2649 1767 ,
2680 1702 2755 1765 ὡς
2789 1704 3052 1772 ρεόντων;
3080 1704 3140 1755 οὐ
3189 1703 3375 1774 χρυσῷ
3414 1702 3609 1772 χαλκὸν
3629 1742 3644 1767 ,
3688 1701 3751 1753 τὸ
3784 1716 3997 1769 ποιητι-

768 1798 879 1838 non
909 1784 1066 1837 aliter
1092 1799 1252 1851 quam
1287 1783 1585 1837 deﬂuxura.
1616 1783 1807 1837 Nonne
1841 1798 2034 1837 aurum
2072 1798 2171 1852 pro
2197 1798 2328 1849 aere,
2432 1809 2441 1844 :

2325 1826 2328 1839 .
2432 1792 2549 1856 κὸν,
2586 1793 2827 1863 ἀμείϐων
2850 1812 2865 1861 ;
2892 1796 3073 1865 Βραχύ
3101 1795 3281 1863 γὰρτὸ
3306 1795 3629 1863 ἁμάρτημα.
3659 1795 3741 1847 δτι
3759 1793 3998 1863 φθαρτῆς

768 1889 912 1942 quoa
946 1890 999 1926 in
1031 1875 1178 1943 poesi
1220 1882 1321 1937 est,
1370 1876 1685 1943 permutas?
1720 1873 1881 1929 Certe
1928 1874 2328 1930 breviusculum
2432 1886 2441 1936 ί

2324 1896 2328 1928 ι
2432 1884 2687 1955 ἑκάτερον
2716 1886 2809 1938 καὶ⁵
2838 1886 3067 1957 ῥεούσης
3090 1886 3242 1955 ὕλης,
3272 1886 3408 1940 ἀλλὰ
3442 1885 3648 1956 φθορὰν
3674 1885 3997 1955 ἀφθαρσίας,

769 1974 850 2018 est
880 1976 1186 2034 peccatum,
1215 1967 1359 2035 quod
1427 1977 1619 2021 natura
1664 1967 1825 2021 ﬂuida
1884 1977 1940 2021 et
1967 1966 2331 2037 corruptibilis
2433 1991 2442 2027 ε

2433 1974 2528 2027 καὶ
2552 1976 2861 2046 φρονήσεως
2893 1978 3100 2043 ἄνοιαν,
3131 1979 3223 2031 καὶ
3243 1977 3401 2046 δόξης
3423 1976 3707 2047 αἰσχύνην,
3736 1976 3831 2029 καὶ
3864 1976 4004 2043 γέεν-

768 2058 867 2111 sit:
892 2058 986 2111 sed
1004 2066 1242 2112 mutatur
1258 2060 1662 2128 incorruptibile
1681 2074 1779 2129 pro
1800 2059 2214 2127 corrumpendo,
2242 2074 2331 2114 sa-
2437 2085 2441 2097 ι

1993 2059 2214 2127 npendo,
2242 2074 2331 2114 sa-
2437 2085 2532 2120 ναν
2562 2069 2808 2138 οὐρανῶν
2844 2070 3118 2139 βασιλείας
3150 2069 3666 2140 ἀπαλλασσόμενος.

768 2149 969 2217 pientia
998 2165 1096 2217 pro
1116 2150 1343 2215 insania,
1363 2151 1529 2222 gloria
1551 2167 1650 2221 pro
1674 2151 1955 2216 dedecore,
1978 2149 2219 2222 gebenna
2240 2164 2339 2220 pro

766 2240 1023 2293 oculorum
1052 2255 1238 2311 regno.

1330 2310 1547 2366 EPIST.
1588 2310 1774 2366 XLIII.

1741 2313 1774 2366 I.
3032 2315 3253 2369 ΕΠΙΣΤ.
3284 2314 3414 2370 ΜΓ.

875 2404 1072 2459 Joanni
1110 2405 1329 2473 patricio
1364 2414 1413 2459 et
1466 2406 1730 2461 sacellano
1772 2406 1913 2477 apud
1954 2405 2233 2469 Anqurios.
2461 2406 2548 2462 Ἰω

2461 2405 2703 2475 Ἰωάννῃ
2742 2408 3022 2477 πατρικίφ
3054 2410 3151 2464 καὶ
3179 2412 3555 2535 ρακελλαρίφ
3601 2414 3729 2467 κατ’
3767 2415 4003 2482 Ἀπου-

3135 2498 3175 2550 ρ
3201 2498 3324 2547 ους.

1996 2569 2262 2618 ὶιοοιεοιιῑ.
2296 2566 2400 2629 (ep.
2438 2566 2545 2630 150,
2579 2583 2628 2632 p.
2667 2570 2799 2636 171).

845 2676 1116 2731 Molestias
1150 2676 1369 2740 intueri,
1409 2684 1683 2731 voientem
1719 2692 1806 2731 me
1831 2676 2104 2746 oportuit;
2141 2676 2334 2730 nolen-
2510 2677 2518 2728 l

2510 2675 2653 2746 Πρὸς
2688 2676 2862 2741 λύπας
2915 2679 3069 2750 όρᾷν,
3136 2677 3311 2732 καίτοι
3357 2678 3581 2742 ἑκόντας
3628 2678 3815 2749 ἐχρῆν,
3859 2680 4007 2748 ὅμως

778 2780 885 2825 tem
917 2780 1097 2823 autem
1135 2778 1192 2823 tu
1221 2768 1482 2822 docuisti:
1516 2769 1712 2839 etquid
1738 2770 1835 2824 tibi
1864 2771 2042 2823 adhuc
2067 2769 2336 2838 reliquum
2441 2784 2451 2817 :

2333 2797 2336 2822 ι
2441 2768 2534 2819 καὶ
2559 2768 2790 2832 ἀκοντας
2820 2769 3113 2836 έδιδάξατε.
3153 2770 3219 2821 Τί
3245 2769 3308 2840 δὴ
3338 2768 3433 2822 νῦν
3476 2770 3605 2839 ὑμῖν
3638 2769 3791 2823 ἔσται
3824 2770 4006 2836 πλέον,

778 2872 882 2927 est,
928 2877 1088 2930 quam
1121 2869 1180 2913 ut
1212 2860 1313 2914 sub
1343 2860 1589 2914 omnium
1613 2860 1787 2915 oculis
1804 2870 1858 2915 et
1884 2861 2191 2915 testimonio
2210 2876 2340 2915 con-
2442 2876 2451 2907 ε

2336 2891 2340 2901 ι
2442 2858 2581 2927 πλὴν
2622 2858 2718 2910 τοῦ
2751 2860 2954 2922 κακοὺς
2988 2860 3269 2930 κρίνεσθαι
3300 2860 3405 2912 ὑπὸ
3458 2860 3696 2931 μάρτυσι
3730 2863 3843 2921 τοῖς
3872 2862 4009 2915 πάν-

780 2954 961 3008 victus
997 2950 1253 3017 tenearis,
1286 2951 1450 3004 multa
1484 2950 1661 3005 adhuc
1693 2951 1909 3006 duriora
1939 2952 1993 3006 in
2025 2967 2112 3006 me
2138 2951 2341 3005 macbi-
2441 2970 2453 2986 ι

2333 2982 2341 2992 -
2441 2969 2549 3004 των
2599 2951 2936 3021 ὀφθαλμοῖς,
2974 2952 3196 3006 πλείονα
3247 2952 3524 3005 ἐπινοοῦσι
3570 2952 3640 3005 τά
3692 2952 3814 3006 καθ’
3856 2952 4006 3023 ἡμῶι

784 3044 921 3109 nari,
951 3045 1076 3113 quia
1106 3059 1204 3113 per
1251 3042 1623 3112 quotidianum
1676 3043 2015 3109 exercitium,
2063 3058 2128 3099 ea
2157 3044 2337 3099 omnia
2362 3066 2406 3128 ρ
2442 3042 2457 3094 1

2362 3066 2406 3128 ρ
2442 3042 2680 3113 λυπηρὰ,
2725 3044 2813 3097 ὅτε
2855 3043 2942 3096 διά
2984 3043 3083 3113 τῆς
3133 3043 3505 3113 καθημερινῆς
3554 3042 3861 3112 γυμνασίας
3916 3042 4011 3096 καὶ

785 3152 909 3189 cum
941 3137 1153 3191 minore
1183 3135 1368 3190 dolore
1391 3137 1573 3191 subire
1602 3136 1828 3191 edoctus
1860 3152 2001 3191 sum.
2436 3135 2458 3187 d

1949 3152 2001 3190 n.
2436 3134 2784 3205 ἀλυπώτερον
2814 3134 2952 3188 αὐτά
2979 3135 3165 3205 φέρειν
3187 3133 3622 3205 έπαιδεύθημενς

1351 3225 1544 3280 EPIST
1590 3226 1749 3281 XLIV
1762 3268 1774 3280 .

1732 3226 1749 3279 ί
1762 3268 1774 3280 .
3026 3226 3246 3280 ΕΠΙΣΤ.
3279 3227 3405 3279 MA'.

1218 3315 1435 3370 Tarasio
1469 3317 1689 3384 patricio
1716 3318 1892 3385 fratri.
2774 3319 2891 3389 Tap

2774 3319 3041 3389 Ταρασίφ
3066 3318 3347 3385 πατρικίφ
3380 3316 3631 3386 ἀδελφῷ.

1998 3433 2263 3487 lontacut.
2299 3438 2401 3503 (ep.
2435 3439 2546 3497 131,
2582 3434 2798 3499 p.171)-

855 3538 1154 3594 Defunctus
1197 3549 1279 3594 est
1326 3541 1482 3595 nobis
1528 3541 1826 3596 secundum
1875 3559 2071 3614 corpus
2113 3548 2345 3615 amicus,
2468 3553 2528 3617 ,Ἴ

2341 3592 2345 3611 ,
2468 3603 2480 3617 ,
2515 3549 2782 3615 Τέθνηκεν
2811 3545 2839 3597 ό
2871 3544 3020 3613 φίλος
3052 3540 3129 3612 τῷ
3180 3539 3423 3611 σώματι’
3462 3537 3577 3591 ἀλλ’
3619 3536 3727 3591 οὐδ’
3755 3535 3823 3590 ἂν
3855 3534 4014 3598 αὐτὸς

786 3631 878 3684 sed
911 3644 1009 3683 nec
1040 3629 1153 3700 ipse
1184 3637 1241 3682 tu
1272 3630 1478 3684 inﬁcias
1525 3631 1684 3685 iveris
1719 3631 1847 3700 quin
1880 3633 2099 3701 reliquit
2138 3636 2349 3689 colum-
2450 3662 2459 3693 ι

2341 3666 2349 3677 -
2450 3638 2763 3710 ἀρνηθείης,
2796 3636 2871 3698 ὼς
2917 3634 3037 3703 οὐχὶ
3066 3633 3332 3686 ἀθάνατον
3370 3632 3551 3698 ἀφῆκε
3580 3629 3780 3699 στήλην
3803 3667 3818 3692 ,
3854 3628 4014 3680 παντὶ

784 3734 909 3772 nam
942 3720 1203 3773 universa:
1227 3736 1337 3775 sua:
1370 3722 1487 3776 vita
1516 3722 1767 3776 virtutem
1805 3740 1819 3775 :
1847 3725 2098 3791 quocirca
2133 3725 2350 3781 beatum
2454 3752 2457 3766 ι

2341 3746 2350 3781 ι
2454 3732 2530 3800 τῷ
2562 3729 2681 3798 βίῳ,
2715 3727 2810 3795 τὴν
2844 3723 3011 3779 αὐτοῦ
3041 3724 3263 3793 ἀρετήν.
3288 3718 3435 3792 *Αρα
3458 3716 3550 3773 οὖν
3572 3718 4014 3788 εὐδαιμονίσομεν

791 3810 1207 3880 pradicabimus
1234 3828 1380 3880 eum,
1404 3822 1457 3869 et
1494 3822 1624 3869 tunc
1659 3830 1955 3885 quemnam
1980 3832 2079 3887 pro
2108 3817 2199 3873 illo
2248 3819 2355 3875 les-
2448 3822 2464 3875 ε

2108 3817 2199 3873 illo
2248 3819 2355 3875 les—
2448 3822 2591 3883 ὅλως
2621 3817 2768 3881 τινὰ,
2800 3816 2865 3870 ἂν
2886 3814 3081 3867 τοῦτον
3110 3814 3324 3882 θρηνεῖν
3355 3810 3768 3881 μελετὴσωμενις

787 3914 906 3953 sum
933 3902 1336 3959 meditabimur.

1376 3992 1589 4049 EPIST.
1627 3992 1786 4047 XLV.
3042 3996 3049 4047 l

1747 3993 1786 4046 ἶ.
3042 3992 3263 4048 ΕΠΙΣΤ.
3287 3993 3420 4047 ME'.

1333 4087 1562 4141 Πολυείὶ
1594 4089 1837 4156 patricio.
2901 4090 3006 4141 Mat

2901 4083 3192 4153 Πονουήμῖ
3241 4084 3546 4151 πατρωίῳ.

2009 4202 2275 4255 Iontacut.
2312 4207 2418 4271 (ep.
2452 4209 2562 4270 116,
2593 4221 2645 4270 p.
2680 4204 2797 4266 103)

860 4306 1125 4362 Fortassis
1201 4306 1268 4361 ob
1359 4322 1423 4361 ea
1475 4308 1830 4365 conﬁdentior
1894 4313 2109 4368 exsistis
2144 4353 2160 4378 ,
2232 4330 2351 4385 qua:
2391 4321 2434 4376 D

2342 4332 2351 4371 ι
2391 4321 2434 4376 D
2533 4316 2693 4376 Ἴσως
2722 4313 2965 4384 θαρῤεῖς,
3003 4306 3084 4374 οἷς
3112 4310 3293 4381 ἡμεῖς,
3332 4307 3425 4360 ἐπὶ
3450 4305 3545 4360 τοῦ
3580 4305 3835 4376 λαμπροῦ
3866 4308 4015 4375 ὑμῶν

790 4414 820 4452 a
876 4413 961 4451 me
998 4436 1013 4461 ,
1068 4412 1191 4450 cum
1244 4398 1524 4466 splendide
1590 4400 1645 4453 in
1703 4410 1795 4455 tuo
1871 4400 2085 4455 theatro
2142 4406 2361 4473 conspi-

2342 4433 2361 4444 -
2464 4408 2690 4477 θεάτρου
2717 4402 3267 4475 προπηλακιζόμενοι,
3289 4399 3687 4469 ιφθεγξάμεθα·
3716 4401 3911 4467 Κύριε,
3934 4399 4015 4467 μὴ

790 4504 977 4549 carer,
1039 4488 1398 4543 dicebantur:
1442 4490 1662 4545 Domine
1691 4532 1707 4556 ,
1746 4492 2002 4546 nimirum
2036 4510 2097 4547 ne
2122 4496 2340 4565 imputes
2462 4532 2463 4543 η

2462 4499 2701 4565 στήσῃς
2747 4496 2949 4562 αὐτοῖς
2996 4495 3110 4561 τὴν
3147 4493 3434 4561 ἁμαρτίαν
3485 4492 3743 4557 ταύτην’
3798 4492 3871 4544 οὐ
3911 4492 4018 4559 τάρ

790 4582 861 4633 eis
904 4587 997 4632 hoc
1043 4591 1329 4645 peccatum,
1360 4584 1586 4635 nesciunt
1615 4584 1753 4636 enim
1790 4585 1915 4653 quid
1940 4585 2137 4653 faciunt
2170 4588 2234 4640 ".
2267 4587 2362 4641 Al-

2343 4618 2362 4628 -
2463 4588 2659 4643 οῑδασι
2683 4587 2740 4639 τί
2761 4584 3021 4639 ποιοῦσι·
3054 4582 3150 4637 καὶ
3172 4583 3259 4635 διὰ
3287 4581 3445 4633 τοῦτο
3475 4581 3652 4633 πνέων
3683 4579 3809 4633 καθ’
3839 4582 4016 4651 ἡμῶν,

791 4688 896 4740 que
945 4671 1078 4724 adeo
1127 4671 1283 4725 ﬂatus
1330 4684 1451 4726 tuos
1519 4686 1705 4728 contra
1736 4690 1822 4729 me
1869 4690 1977 4730 non
2018 4691 2215 4731 cessas.
2252 4678 2363 4747 Ego
2462 4705 2464 4718 ι

2346 4694 2363 4732 )
2462 4680 2523 4732 οὐ
2552 4679 2758 4745 λήγεις.
2803 4674 2941 4729 Ἀλλ’
2973 4676 3136 4744 ἡμεῖς
3172 4672 3292 4743 μὲν,
3326 4672 3514 4740 ὥσπερ
3550 4671 3676 4724 τότε
3706 4673 3809 4739 τὴν
3852 4690 4019 4741 μακα-

795 4772 1000 4825 autem,
1038 4772 1197 4831 prout
1251 4772 1380 4817 tunc
1433 4767 1692 4833 temporis
1725 4767 1937 4820 beatam
1968 4768 2110 4821 illam
2148 4784 2361 4839 precem
2466 4824 2468 4838 η

2347 4785 2361 4823 |
2466 4771 2585 4839 ρίαν
2620 4768 2833 4838 εκείνην
2873 4764 3034 4835 εὐχὴν
3081 4762 3391 4834 ἠξιώθημεν
3431 4761 3687 4827 εὔξασθαι
3711 4803 3725 4825 ,
3755 4763 3900 4815 οὕτω
3929 4764 4020 4815 καὶ

794 4854 1032 4925 proferre
1081 4856 1273 4925 dignus
1313 4856 1525 4910 habitus
1566 4857 1662 4922 fui,
1725 4858 1800 4911 ita
1842 4867 1896 4911 et
1948 4858 2188 4928 adusque
2210 4858 2353 4913 idem

2345 4877 2353 4913 ι
2469 4862 2627 4931 μέχρι
2670 4859 2763 4912 νῦν
2807 4856 3164 4918 ἀδιαλείπτως
3194 4854 3484 4924 εὐχόμεθα.
3527 4854 3772 4916 ’1σθιδὲ,
3806 4847 3851 4905 ὦ
3900 4854 4018 4923 βέλ-

794 4956 982 5000 νοιυιιι
1038 4948 1227 5001 emitto
1250 4948 1368 5001 sine
1396 4949 1814 5002 intermissione.
1878 4947 2028 5002 Scias
2076 4958 2279 5015 autem,
2330 4963 2364 5002 ο
2465 4972 2467 4986 ι

2344 4963 2364 5002 >
2465 4969 2631 5017 τιστε,
2665 4952 2746 5004 ὅτι
2774 4950 3024 5020 καθάπερ
3057 4951 3188 5020 ἡμῖν
3210 4991 3226 5015 ,
3256 4947 3515 5010 τοιούτοις
3544 4946 3868 5016 ἀμείϐεσθαι
3896 4947 4017 5009 τούς

796 5040 955 5102 bone,
979 5039 1119 5107 quod
1157 5039 1628 5108 quemadmodum,
1658 5051 1718 5094 ut
1784 5054 1884 5110 ego
1912 5041 2158 5095 mihimet
2193 5041 2363 5109 legem
2468 5066 2469 5075 ι

2345 5056 2363 5094 ι
2468 5044 2727 5115 ὑϐριστὰς
2754 5042 3185 5112 νενομοθέτηται·
3226 5040 3368 5092 οὕτω
3410 5041 3501 5092 καὶ
3533 5039 3683 5107 ὑμῖν,
3721 5039 4018 5107 ἀποστῆναι

796 5131 1117 5199 praescripsi,
1166 5132 1363 5186 talibus
1392 5146 1737 5186 remunerare
1764 5132 2162 5186 conviciatores
2188 5146 2363 5196 meos;
2466 5157 2469 5172 ι

2348 5147 2363 5196 ;
2466 5137 2563 5207 τῆς
2592 5136 2901 5208 μιαιφονίας
2926 5133 3048 5202 (κάν
3068 5132 3165 5194 ὀψέ
3190 5149 3318 5184 ποτε
3348 5131 3438 5184 τοῦ
3467 5129 4019 5201 καιροῦ),ἀνθρώποις

800 5220 871 5272 ila
915 5229 969 5271 et
1008 5230 1063 5271 tu
1116 5234 1335 5287 quoque
1373 5220 1596 5285 teneris,
1639 5236 1761 5273 cum
1801 5219 1964 5273 homo
1995 5221 2069 5273 sis
2092 5220 2366 5289 (nedicam
2467 5246 2473 5273 ι

2345 5234 2366 5275 ω
2467 5221 2614 5278 οὖσιν
2644 5225 2762 5295 (ἵνα
2792 5225 2863 5294 μὴ
2895 5222 3037 5291 λέγω
3062 5223 3464 5291 Χριστιανοῖς),
3498 5219 3927 5289 κεχρεώστηται.
3962 5220 4018 5271 Et

799 5309 1182 5379 Christianus),
1212 5310 1335 5365 licet
1362 5326 1502 5376 sero,
1532 5312 1744 5365 tandem
1781 5322 1957 5366 tamen
1993 5327 2021 5365 a
2051 5312 2368 5366 crudelitate
2468 5339 2472 5361 ι

2345 5326 2368 5364 e
2468 5316 2525 5369 δὲ
2556 5315 2664 5386 μὴ,
2695 5315 2852 5384 ἡμεῖς
2901 5312 2997 5383 μὲν
3024 5312 3144 5365 οὐδὲ
3186 5310 3359 5378 οὔτω,
3406 5311 3503 5380 τῆς
3538 5309 3814 5380 ἡμετέρας
3858 5310 4018 5377 εὐχῆς

814 5403 1109 5467 recedere;
1146 5403 1231 5456 sin
1283 5403 1461 5459 minus
1493 5404 1704 5471 feceris,
1758 5421 1827 5459 ne
1871 5406 1947 5459 sic
2002 5405 2217 5474 quidem
2272 5418 2369 5473 ego
2471 5410 2487 5460 ἐ

2343 5418 2369 5457 o
2471 5406 2842 5475 ἀποσταίημεν
2865 5446 2879 5469 ,
2910 5404 2995 5457 ἴνα
3026 5403 3099 5474 μὴ
3123 5404 3222 5473 τῆς
3249 5402 3451 5457 ἀνωθεν
3475 5400 3745 5461 υἱοθεσίας
3776 5400 4016 5453 ἐκπέσω-

803 5509 959 5549 orare
1012 5495 1273 5561 desinam,
1328 5497 1551 5565 scilicet,
1584 5514 1654 5552 ne
1690 5499 1894 5553 caelesti
1959 5498 2245 5567 adoptione
2278 5513 2369 5551 cx-

2346 5527 2369 5536 -
2477 5515 2575 5569 μεν
2606 5497 2797 5567 (τοῦτο
2830 5496 2935 5566 γὰρ
2968 5495 3101 5547 αὐτὸ
3129 5495 3221 5546 καὶ
3253 5493 3345 5547 νῦν
3372 5493 3515 5562 ἡμᾶς
3548 5492 3684 5561 πρὸς
3712 5492 3811 5561 τὴν
3836 5489 4018 5560 ὑμετέ-

806 5587 976 5641 cidam
1034 5588 1183 5657 (inde
1254 5600 1308 5645 et
1374 5607 1519 5648 nunc
1572 5592 1636 5647 ad
1678 5599 1728 5647 te
1789 5591 2182 5648 admonendum
2244 5606 2368 5661 pru-
2475 5620 2479 5661 ι

2344 5619 2368 5631 -
2475 5608 2574 5662 ραν
2604 5590 2918 5661 παραίνεσιν
2949 5587 3352 5657 διανέστησενὶ.
3398 5583 3579 5652 ’Υμῶν
3608 5583 3665 5635 δέ
3699 5584 3815 5635 ἐστι
3841 5578 4016 5632 λοιπὸν

883 5779 925 5807 “
956 5777 1108 5833 Rom.
1145 5798 1194 5847 γ,
1230 5781 1309 5834 15.
