4236 6436
282 381 385 445 95¹1
1432 386 1950 446 EPISTOLARUM
1987 384 2215 446 LIBER
2250 386 2368 447 III.
3379 386 3483 449 958

282 495 412 561 ορᾷν
443 492 533 561 (οὗ
566 491 673 562 γὰρ
706 492 772 545 ἂν
816 491 1234 562 ἁλλοτριὼτιρόν
1264 506 1317 543 τι
1345 491 1445 559 τῆς
1490 494 1626 561 ἐμῆς
1659 494 1821 560 εὐχῆς
1850 507 1893 561 Α
1920 509 1955 547 ει

1807 510 1821 551 :
1850 507 1893 561 Α
1920 498 2099 561 cessi).
2148 496 2322 549 Tuum
2376 502 2458 549 est
2526 493 2706 547 videre
2749 494 2864 563 (ne
2900 492 3108 561 longius
3140 492 3207 548 ab
3240 496 3480 549 oratione

284 586 489 650 εἴποιμι
512 585 528 649 )
550 584 695 644 ὅπως
714 586 805 635 καὶ
830 585 958 652 ὑμῖν
984 582 1275 636 τάεὲκεῐθεν
1303 582 1439 651 πρὸς
1464 583 1525 634 τὸ
1554 584 1829 652 συμφέρον
1921 588 1957 638 a'

1803 601 1829 635 ν
1921 588 2163 640 aberrem
2197 587 2337 654 mea)
2388 596 2449 640 ut
2503 584 2695 639 exinde
2727 595 2837 640 tute
2906 586 2999 639 tibi
3033 588 3213 639 omnia
3238 602 3476 641 commo-

288 673 757 743 μεθοδευθήσεται.
1922 676 1953 729 tl

722 692 757 726 ι.
1922 676 2141 731 dissime
2162 675 2395 729 ordines.

855 783 1072 837 ΕΠΙΣΤ.
1105 785 1253 848 Μετ’.
2435 783 2528 837 ΕΡ]

1182 785 1253 848 7ο
2435 783 2648 837 EPIST.
2676 782 2855 836 XLVI.

296 873 530 943 Ἰωάννῃ
585 877 1081 998 πρωτοσπαθιᾘὶρ
1140 874 1239 927 καὶ
1296 874 1655 941 δρουγγαρίῳ
1718 872 1824 925 τοῦ

910 959 953 998 π
1052 963 1185 1014 μου.

1645 891 1655 924 ι
1718 872 1824 925 τοῦ
2045 875 2240 928 Joanni
2299 876 2734 943 protospathario,
2764 882 2813 927 et
2841 874 3093 944 ὀνῆσαι-ἕο
3119 873 3318 942 ptoimi.

1496 1064 1759 1112 Montacut.
1799 1062 1899 1121 (ep.
1937 1058 2045 1118 150,
2079 1073 2128 1120 p.
2163 1058 2294 1120 206).

353 1160 426 1215 Οὐ
458 1158 705 1213 τοσοῦτον
734 1161 985 1230 χαλεπὸν,
1016 1164 1062 1214 εἰ
1093 1163 1285 1231 τυφλὸν
1310 1167 1379 1217 ’ὁ
1409 1165 1659 1230 Πλοῦτος,
1690 1164 1826 1217 κατὰ
2008 1159 2026 1211 I

1794 1164 1826 1216 ὰ
2008 1159 2157 1213 Haud
2206 1160 2278 1213 ita
2343 1174 2429 1214 res
2498 1158 2629 1212 dura
2681 1168 2783 1220 est,
2840 1157 2884 1211 si
2934 1173 3107 1213 cacus
3150 1158 3217 1212 sit
3237 1157 3464 1228 Plutus,

278 1256 370 1306 τὸν
391 1252 564 1314 καλῶς
588 1254 747 1305 αὑτὸν
770 1255 1247 1323 κωμικευσάμινον
1282 1257 1688 1327 Ἀριστοφάνην·
1715 1255 1825 1307 ἀλλ’
1935 1266 1951 1302 t

1793 1255 1825 1306 ι’
1935 1258 1993 1302 ut
2052 1249 2287 1303 comicus
2332 1264 2458 1303 eum
2507 1249 2657 1316 fingit
2710 1249 2841 1303 scite
2882 1248 3312 1318 Aristophanes:
3373 1254 3466 1307 sed

278 1347 451 1396 ἐκεῖνο
498 1344 878 1411 παγχάλεπον,
914 1344 961 1395 ει
1006 1347 1093 1396 καὶ
1133 1345 1268 1412 αὑτὴ
1319 1347 1550 1413 κάθηται
1580 1346 1751 1414 τυφλὴ
1794 1346 1826 1414 ἡ
1929 1338 1951 1390 ἶ

1794 1346 1826 1414 ἡ
1929 1338 2057 1390 illud
2104 1339 2261 1407 plane
2309 1338 2703 1392 intolerandum
2731 1338 2980 1403 arbitror,
3034 1340 3076 1392 si
3122 1348 3258 1394 astat
3281 1342 3351 1393 illi
3374 1342 3465 1395 Ju-

277 1435 433 1500 Δίκη,
467 1434 539 1502 μὴ
570 1432 763 1501 εχουσα
802 1433 868 1485 δι’
900 1427 959 1485 οὖ
987 1436 1095 1494 τοῖς
1126 1433 1492 1502 ἀδικουμένοις
1519 1434 1792 1501 ἐπιϐλέψει
1811 1450 1825 1463 ο
1930 1444 1950 1481 s

1789 1450 1825 1482 ,ο
1930 1429 2071 1481 stitia
2103 1444 2266 1491 caeca,
2314 1445 2415 1483 nec
2460 1430 2644 1483 oculos
2677 1430 2890 1495 habeat,
2940 1430 3133 1497 quibus
3164 1431 3355 1499 injuria
3384 1432 3462 1485 af-

276 1525 413 1575 ἀλλὰ
437 1524 529 1575 νῦν
553 1523 639 1575 διὰ
659 1523 755 1589 τῆς
780 1523 875 1590 σῆς
893 1522 1083 1591 ἀρχῆς,
1107 1522 1185 1583 εἰς
1208 1522 1266 1574 τδ
1287 1525 1415 1592 ὀρᾷν
1438 1522 1817 1585 ἐπανελθοῦσα,
1928 1518 1949 1570 f

1789 1541 1817 1585 ι,
1928 1518 2096 1572 lectos
2139 1519 2424 1573 intueatur.
2465 1522 2534 1573 At
2561 1536 2703 1575 nunc
2763 1536 2859 1589 per
2893 1534 2943 1574 te
2976 1522 3277 1590 magistratu
3326 1538 3462 1591 pra-

273 1613 500 1677 δειξάτω
535 1612 624 1663 τδν
659 1612 888 1662 Πλοῦτον
910 1650 924 1672 ,
964 1612 1037 1678 μὴ
1079 1611 1274 1678 τυφλὸν
1320 1612 1477 1679 μόνον
1501 1651 1515 1673 ,
1546 1610 1679 1662 ἀλλὰ
1723 1610 1818 1665 καὶ
1922 1606 1946 1658 d

1785 1610 1818 1665 ιὶ
1922 1606 2111 1661 ditum.
2152 1622 2271 1660 cum
2304 1609 2550 1661 restituta
2608 1608 2676 1661 sit
2706 1610 2873 1663 oculis
2907 1610 3035 1673 suis,
3072 1610 3319 1663 ostendat
3370 1612 3458 1666 illa

271 1706 502 1771 &;wvov'
524 1704 781 1773 ὑπερηχεῐ
795 1702 927 1770 τῷδε
960 1711 987 1737 ιι
1012 1718 1079 1753 τα
1106 1702 1304 1764 δίκαια,
1332 1702 1432 1753 κᾶν
1458 1702 1682 1769 πένητος
1708 1700 1813 1767 εἴη,
1850 1747 1888 1773 Β
1920 1694 1944 1746 F

1787 1724 1813 1767 ι,
1850 1747 1888 1773 Β
1920 1694 2130 1748 Plutum
2159 1712 2264 1749 non
2316 1698 2473 1751 modo
2514 1712 2738 1760 σκευαὶ.
2795 1698 2890 1752 sed
2920 1708 2975 1751 et
3008 1710 3214 1753 mutum
3253 1718 3267 1753 :
3300 1702 3460 1754 etiam

271 1796 403 1858 τῶν,
442 1793 625 1863 χρυσῷ
651 1794 846 1855 παντὸς
880 1793 1085 1845 δικαίου
1128 1794 1307 1861 φωνὴν
1338 1792 1652 1843 ἐθισθέντων
1705 1792 1810 1843 ἀπ·
1850 1786 1889 1801 “’
1917 1799 1944 1837 ι]

1787 1820 1810 1832 -
1850 1786 1889 1801 ν
1917 1786 2171 1851 majorem
2205 1800 2395 1840 sonum
2444 1788 2632 1841 reddat
2678 1787 2896 1841 Justitia
2943 1789 2995 1840 in
3078 1804 3235 1843 causa
3264 1806 3460 1858 paupe-

269 1882 513 1933 σλαύνειν
554 1880 645 1934 τοῦ
676 1881 870 1951 σεμνοῦ
902 1880 1101 1950 ταύτης
1136 1889 1156 1910 ⁸
1199 1880 1290 1933 καὶ
1321 1879 1675 1933 πεοιῦλέπτου
1718 1877 1813 1930 θή-
1921 1890 1942 1926 r

1788 1904 1813 1919 ο
1921 1873 2013 1938 ris,
2081 1888 2238 1943 quam
2290 1876 2342 1927 in
2374 1876 2584 1929 illorum
2618 1877 2707 1944 qui
2758 1886 2973 1946 propter
3016 1893 3207 1931 aurum
3258 1879 3458 1934 assole-

1919 1962 2048 2017 bant
2116 1965 2438 2019 omnimoda:
2484 1966 2706 2033 justitia:
2752 1981 2944 2018 sonum
2981 1968 3221 2036 ablegare
3264 1968 3329 2021 ab
3359 1966 3461 2023 hoc

270 1990 461 2040 ματος.
1919 1990 2048 2017 nam
2116 1990 2438 2019 Ululnluuua:
2484 1990 2706 2033 Jualltla:
2752 1990 2944 2018 sonum

1925 2054 2230 2108 venerando
2256 2065 2308 2109 et
2334 2057 2674 2125 suspiciendo
2706 2056 2972 2109 tribunali.

847 2182 1065 2235 misr.
1099 2182 1223 2236 MZ'.
2502 2164 2520 2217 ¹

2502 2164 2720 2219 EPIST.
2767 2164 2971 2219 XLVII.

753 2273 1013 2339 Tapao'lq)
1064 2267 1315 2337 ἀδελφῷ.

1273 2267 1315 2332 β,
2526 2257 2737 2311 Tarasio
2776 2259 2946 2327 fratri.

1484 2379 1743 2429 Montacut.
1781 2377 1881 2439 (ep.
1917 2372 2023 2423 l53.
2062 2382 2107 2432 p.
2138 2370 2269 2433 208).

336 2487 401 2540 τι
428 2488 507 2539 δεῖ
546 2486 705 2539 πλέον
754 2486 1003 2555 γράφειν,
1048 2482 1187 2554 ὑπὲρ
1236 2475 1295 2536 οὗ
1341 2484 1563 2554 γράφω;
1601 2486 1666 2537 ἂν
1702 2484 1813 2553 ἴδῃς
1987 2479 2009 2541 (

1788 2502 1813 2544 ς
1987 2479 2125 2543 Quid
2170 2494 2306 2547 opus
2337 2484 2419 2531 cst
2469 2484 2526 2529 ut
2583 2477 2745 2530 verba
2792 2476 2981 2530 addam
3016 2480 3261 2545 ulterius,
3297 2482 3455 2535 reide

266 2579 361 2630 τὸν
381 2578 567 2645 ἄνδρα,
590 2579 681 2629 καὶ
707 2577 802 2645 τὴν
831 2578 888 2627 tv
918 2574 1063 2643 αὐτῷ
1083 2575 1301 2643 ἀρετὴν,
1334 2576 1429 2625 οὐκ
1457 2571 1568 2625 οἶδα
1589 2574 1811 2640 πότερόν
1913 2588 1939 2638 q

1785 2592 1811 2621 ν
1913 2586 2016 2638 qua
2041 2570 2253 2626 scribo?
2302 2570 2345 2623 si
2382 2568 2653 2621 hominem
2682 2569 2882 2631 vidisti,
2924 2579 2977 2622 ct
3009 2570 3254 2625 virtutem
3286 2573 3458 2625 homi-

266 2686 350 2721 σοι
378 2669 509 2731 δόξω
550 2668 737 2735 ἐκείνῳ
774 2666 1100 2735 χαριεῖσθαι,
1130 2666 1209 2716 ὅτι
1238 2667 1303 2733 τῇ
1344 2666 1407 2733 σῇ
1438 2664 1620 2716 τοῦτον
1677 2680 1800 2716 συνο
1912 2676 1939 2711 ιι

1781 2691 1800 2704 ο
1912 2659 1997 2711 nis
2025 2658 2320 2722 attendisti,
2351 2656 2531 2711 nescio
2551 2673 2620 2709 an
2676 2658 2769 2711 tibi
2822 2658 2970 2711 visus
2998 2659 3187 2713 fuerim
3242 2661 3296 2713 in
3338 2663 3454 2729 ejus

269 2760 506 2828 ιστῶμεν
530 2759 804 2825 δεξιότητι·
831 2758 863 2824 ἢ
894 2756 1069 2823 σαυτῷ
1098 2756 1395 2823 μᾶλλον,ὃτι
1420 2772 1477 2806 σε
1498 2754 1806 2823 τηλικούτου
1908 2767 1939 2819 g

1780 2774 1806 2805 υ
1908 2750 2126 2819 gratiam
2154 2750 2446 2817 scripsisse,
2475 2764 2595 2801 cum
2629 2758 2718 2802 tuo
2757 2759 2901 2803 recto
2924 2752 3127 2819 judicio
3153 2766 3277 2806 eum
3308 2768 3453 2806 com-

267 2850 456 2917 ἀνδρὸς
484 2849 577 2901 καὶ
599 2850 861 2913 τοσαύτης
885 2847 1035 2911 ἀξίου
1063 2846 1484 2915 φιλανθρωπίας,
1517 2844 1805 2913 εὐεργέτην
1908 2860 1940 2894 ιι

1779 2863 1805 2895 ν
1908 2842 2270 2895 mendaverim
2304 2859 2317 2905 ;
2367 2848 2421 2893 et
2468 2855 2573 2893 non
2594 2841 2774 2908 potius
2816 2841 2907 2893 tibi
2935 2841 3261 2910 gratiﬁcatus
3289 2842 3451 2894 fuisse

266 2939 494 3009 ὀφθῆναι
522 2955 657 3009 παρε
667 2938 899 2990 σκευασα
908 2954 1023 3007 μεν.
1090 2986 1093 2991 ,
1903 2949 1933 3001 q

1903 2934 2060 3001 quod,
2098 2942 2155 2985 ut
2182 2933 2298 3000 ejus
2336 2932 2735 2984 benefactorem
2769 2941 2819 2983 te
2852 2940 3094 2999 prastcs,
3125 2932 3448 2995 induxerim,

1905 3024 1992 3091 qui
2024 3023 2141 3076 talis
2186 3032 2469 3090 tantusque
2521 3030 2621 3087 est,
2658 3030 2713 3074 et
2736 3028 2825 3073 tua
2866 3030 3010 3075 tanta
3044 3023 3232 3092 dignus
3262 3023 3449 3076 huma-

1907 3113 2093 3165 nitate.

849 3222 1067 3274 ΕΠΙΣΤ.
1104 3224 1243 3275 MH’.
2486 3221 2522 3274 Ε

2486 3221 2700 3275 EPIST.
2734 3222 2961 3277 XLVIII.

690 3310 975 3375 Βασιλείᾳ)
1012 3314 1148 3366 κυσί
1150 3329 1343 3379 στωρι.
1818 3304 1859 3359 C

1308 3332 1343 3369 ι.
1818 3304 1859 3359 C
2476 3314 2675 3367 Basilio
2718 3318 2979 3381 quwston'.

1482 3433 1739 3482 liontacut.
1779 3432 1878 3493 (ep.
1915 3431 2023 3489 ιδι,
2056 3444 2104 3491 p.
2139 3430 2270 3491 209).

331 3525 457 3581 οἶδά
484 3546 610 3582 ποτε
652 3532 710 3583 τὸ
749 3533 950 3586 δίκαιον
976 3577 990 3601 ,
1022 3540 1117 3589 καὶ
1152 3540 1241 3590 τὸν
1281 3541 1494 3607 χρυσὸν,
1524 3541 1582 3589 tv
1627 3543 1691 3607 τῇ
1724 3543 1789 3609 σῇ
1962 3536 2004 3588 Ir

1771 3543 1789 3609 ᾗ
1962 3536 2199 3605 Intelligo
2251 3536 2511 3605 justitiam
2530 3545 2582 3589 et
2610 3550 2802 3587 aurum
2844 3535 2985 3604 apud
3018 3536 3259 3590 animum
3296 3546 3444 3593 tuum

262 3621 820 3690 διαμφιώητὴσαντας
845 3628 1006 3696 ψυχῇ·
1038 3629 1148 3680 ἀλλ’
1174 3630 1271 3680 οὐκ
1300 3627 1432 3693 οῖδα,
1465 3632 1573 3682 εἴτε
1604 3648 1791 3683 καται-
1890 3641 1935 3678 ε(

1770 3660 1791 3669 -
1890 3626 2239 3687 contendere;
2272 3625 2363 3677 sed
2387 3624 2571 3692 ignoro
2602 3640 2728 3677 num
2753 3640 2835 3677 me
2861 3624 2914 3677 in
2940 3634 3141 3678 tantum
3161 3628 3443 3684 reveritun;

261 3709 547 3777 δεσὰμενος
576 3714 716 3780 ἡμᾶς
740 3717 769 3766 ὁ
806 3718 1019 3783 χρυσὸς,
1058 3718 1165 3770 εἴτε
1205 3719 1297 3770 σοῦ
1371 3720 1465 3787 τὴν
1500 3722 1701 3789 ἀρχὴν,
1738 3724 1792 3772 tv
1891 3734 1934 3770 al

1772 3739 1792 3771 ν
1891 3733 2109 3779 aurum,
2156 3716 2549 3783 autimperium
2617 3715 2796 3784 potius
2860 3725 3031 3777 tuum,
3069 3717 3159 3785 qui
3191 3719 3256 3771 ab
3294 3720 3445 3776 initio

260 3804 474 3869 ἀρχαῖς,
523 3804 599 3873 τῷ
640 3806 1061 3876 ἀδωροδοκήτῳρ
1091 3810 1372 3877 τιμῶντος.
1415 3811 1643 3873 Πολλοὺς
1686 3812 1789 3880 γὰρ
1893 3826 1933 3862 m

1763 3830 1789 3880 ρ
1893 3810 2231 3877 magistratus
2265 3808 2360 3867 tui,
2402 3808 2574 3860 locum
2612 3818 2758 3859 tuum
2794 3808 3141 3862 Itonoravcris
3179 3826 3272 3878 per
3292 3821 3436 3867 tuam

258 3893 369 3962 δρῶ
397 3894 592 3961 ταύτην
614 3896 709 3965 τὴν
730 3897 968 3964 μέθοδον,
997 3896 1266 3967 θηράματι
1290 3900 1492 3967 κερδῶν
1515 3902 1787 3967 μειζόνων,
1886 3917 1915 3953 a

1774 3943 1787 3962 ,
1886 3917 1915 3953 a
1973 3900 2282 3953 muneribus
2311 3896 2633 3964 accipiendis
2670 3898 3021 3951 aversionem.
3066 3898 3257 3954 Multos
3296 3903 3441 3957 enim

262 3985 715 4053 μετερχομένους·
758 3989 902 4055 ὅμως
949 3990 976 4038 ὁ
1025 3990 1218 4058 χρυσὸς
1268 3992 1521 4059 ἀπῆλθεν,
1573 3993 1705 4060 ἔχων
1733 3994 1791 4044 τὸ
1886 4006 1935 4041 ιιι

1767 3994 1791 4043 δ
1886 3990 2007 4042 novi
2074 3989 2209 4041 hanc
2288 3988 2425 4039 viam
2494 3986 2777 4050 institisse,
2834 3987 2961 4039 dum
3012 3988 3156 4042 lucra
3240 3992 3440 4057 majora

258 4071 492 4124 ἔλαττονο
532 4074 623 4124 καὶ
653 4074 710 4123 τὸ
746 4073 947 4126 δίκαιον
980 4077 1232 4147 λαμπρὰν
1263 4079 1549 4148 ἀνεδήσατο
1584 4079 1678 4148 τὴν
1711 4081 1787 4132 νί-
1886 4095 1931 4131 Vt

1768 4110 1787 4119 -
1886 4087 2177 4140 venantur;
2223 4091 2405 4129 verum
2437 4074 2567 4128 abiit
2607 4075 2731 4127 hinc
2793 4090 2981 4127 aurum
3025 4091 3144 4129 cum
3193 4078 3441 4147 praeiudi-

258 4176 378 4229 κην.
418 4161 528 4213 Νῦν
556 4163 612 4214 δὲ
644 4164 816 4215 πάντα
846 4166 904 4217 σέ
937 4183 1066 4232 φασι
1092 4168 1272 4237 χρυσῷ
1300 4170 1550 4237 πράττειν
1577 4186 1588 4199 ’
1614 4171 1705 4221 καὶ
1729 4170 1787 4220 οὐ
1907 4182 1931 4219 c

1747 4170 1787 4220 »ὑ
1907 4168 2010 4229 cio,
2052 4175 2106 4219 et
2134 4164 2271 4232 quod
2310 4166 2510 4231 justum
2538 4172 2619 4216 est
2662 4163 2994 4231 splendidam
3027 4168 3315 4234 reportavit
3345 4169 3420 4220 vi-

258 4249 533 4319 πείθομαι.
570 4254 776 4321 Χρυσός
806 4271 915 4317 σοι,
952 4259 1131 4322 φασὶν,
1170 4259 1224 4308 αἱ
1263 4262 1454 4327 χεῖρες,
1488 4262 1518 4329 ἡ
1554 4260 1787 4327 γλῶσσα,
1894 4269 1931 4309 ω

1773 4300 1787 4323 ,
1894 4260 2133 4310 ctoriam.
2164 4258 2229 4308 At
2280 4271 2423 4308 nunc
2471 4256 2539 4309 ob
2586 4257 2881 4322 pecuniam
2943 4265 2992 4309 te
3047 4257 3220 4310 omnia
3262 4257 3438 4313 facere

255 4342 315 4393 τδ
347 4342 566 4394 δίκαιον.
624 4345 758 4395 Ἀλλ’
792 4346 975 4414 ὥσπερ
1028 4349 1085 4399 οὐ
1127 4348 1417 4417 πείθομαι,
1456 4350 1621 4411 οὕτως
1656 4347 1789 4401 εἶναι
1896 4362 1922 4395 τι

1756 4368 1789 4401 ιι
1896 4347 2080 4396 aiunt:
2112 4345 2219 4411 Ego
2262 4344 2363 4395 illis
2393 4345 2531 4395 haud
2556 4342 2805 4397 credulus
2841 4360 2980 4396 sum.
3028 4345 3211 4406 Aiunt,
3240 4362 3429 4399 aurum

255 4432 348 4479 καὶ
371 4430 534 4499 ψευδῆ
558 4434 652 4501 τὴν
672 4435 856 4503 φήμην
886 4435 1128 4503 εὔχομαι.
1162 4438 1327 4500 Δείξει
1346 4438 1387 4489 δ’
1410 4441 1437 4490 δ
1461 4440 1557 4507 τὴν
1581 4443 1790 4490 ὲπιστο-
1898 4435 1928 4485 li

1759 4467 1790 4485 .-
1898 4435 1987 4486 tibi
2039 4443 2162 4485 sunt
2208 4448 2414 4491 manus.
2454 4442 2534 4485 est
2560 4435 2732 4501 lingua
2762 4442 2812 4486 et
2848 4434 3054 4501 justitia
3079 4450 3289 4488 aurum.
3325 4436 3432 4490 Sed

256 4519 352 4585 λὴν
386 4520 619 4589 κομίζων
671 4524 850 4592 πένης,
884 4524 914 4593 ἢ
944 4526 1108 4595 ψευδῆ
1140 4527 1359 4597 ταύτην,
1394 4529 1424 4597 ἦ
1452 4530 1583 4599 ὅπερ
1616 4532 1789 4597 ἁπηυ-
1902 4540 1929 4573 ll

1766 4559 1789 4566 -
1902 4532 1958 4574 ut
2009 4523 2120 4590 ipse
2173 4538 2277 4575 non
2324 4524 2506 4587 credo,
2542 4524 2610 4575 ita
2660 4523 2845 4575 falsam
2900 4538 3017 4577 esse
3047 4524 3243 4578 famam
3308 4543 3434 4580 exo-

260 4610 456 4678 εάμην,
491 4614 850 4682 ὑπάρχουσαν.
1826 4622 1868 4677 D
1901 4631 1931 4680 Ρ

1826 4622 1868 4677 ι)
1901 4613 2088 4680 ptarim
2145 4628 2375 4680 quoque.
2412 4613 2457 4665 ls
2506 4614 2593 4680 qui
2652 4614 3162 4681 reddctepistolam,
3211 4632 3433 4684 pauper,

1892 4700 2119 4761 docebit,
2149 4699 2346 4753 falsane
2372 4700 2551 4761 fuerit,
2574 4717 2660 4763 an,
2690 4702 2830 4769 quod
2861 4702 3083 4766 nollem,
3117 4718 3239 4757 vera
3264 4704 3428 4759 fama.

828 4827 1041 4880 ΕΠΙΣΤ.
1092 4828 1223 4880 ΜΘί.

2512 4833 2722 4888 EPIST.
2749 4834 2932 4887 XLIX.

716 4914 1067 4982 Ἀλεξάνδρῳ
1110 4918 1333 4983 κόαητι.

1305 4935 1333 4969 ι.
2480 4922 2768 4975 Alexandro
2790 4925 2978 4975 comiti.

1473 5026 1729 5074 Montacut.
1770 5028 1866 5089 (ep.
1905 5031 2011 5090 158,
2045 5046 2092 5092 p.
2127 5033 2258 5093 215).

327 5126 503 5195 Εῐτὴν
547 5128 889 5198 Ἀλεξάνδρου
917 5131 1009 5181 τοῦ
1051 5130 1307 5197 βασιλέως
1349 5133 1567 5199 γνώμην
1601 5134 1784 5202 ἔστερ-
1959 5137 2000 5189 5η

1763 5164 1784 5173 -
1959 5136 2011 5189 Si
2068 5139 2203 5207 regis
2229 5136 2510 5190 Alexandri
2539 5136 2858 5190 sententiam
2887 5136 3259 5205 amplexarere,
3292 5137 3428 5190 haud

256 5235 369 5284 τις,
396 5218 494 5269 οὐκ
522 5216 587 5268 ἂν
632 5221 708 5277 εἰς
746 5220 841 5287 τὴν
883 5220 972 5271 τοῦ
1018 5221 1363 5289 Ἀλεξάνδρου
1405 5222 1498 5273 τοῦ
1546 5223 1786 5290 χαλκέαις
1891 5244 1929 5279 c1

1759 5241 1786 5285 ς
1891 5227 2163 5282 excideres
2208 5229 2257 5279 in
2304 5228 2679 5281 contumeliam
2730 5227 2934 5279 ferrarii
2985 5226 3289 5280 Alexandri.
3343 5228 3431 5283 Ille

256 5309 408 5375 ὓϐριν
446 5310 745 5372 ἐξέπιπτες.
805 5313 861 5361 ’0
918 5314 1014 5379 μὲν
1047 5314 1181 5380 γὰρ,
1222 5315 1337 5364 οὐδὲ
1384 5314 1517 5365 κατὰ
1550 5315 1653 5365 τῶν
1688 5316 1787 5365 ὑπ·
1891 5333 1925 5369 n

1757 5334 1787 5361 :-
1891 5333 1996 5369 non
2047 5318 2257 5370 admisit
2302 5318 2631 5385 promiscuas
2688 5319 2901 5385 quasvis
2946 5319 3311 5372 accusationes
3362 5334 3430 5371 ne

253 5400 449 5469 ηκόων,
475 5400 547 5460 ὡς
574 5400 745 5467 ἔτυχε,
767 5402 861 5463 τὰς
898 5402 1139 5464 διαῦολὰς
1168 5404 1532 5473 προσεδέχετο’
1562 5405 1781 5473 θάτερον
1890 5422 1926 5460 (ιι

1754 5425 1781 5457 ν
1890 5415 2073 5460 contra
2096 5407 2331 5461 subditos
2364 5424 2377 5474 ;
2425 5408 2518 5461 sed
2555 5406 2679 5462 dum
2720 5416 2996 5461 accusator
3045 5407 3269 5473 diceret,
3292 5404 3425 5460 alte-

1501 5581 1725 5634 VARI/E
1766 5581 2158 5649 LECTIONES,

334 5731 367 5756 ⁸⁵·
396 5728 583 5794 τυφλὸς
682 5740 703 5765 ο
731 5729 1065 5800 ὑπερηνείτω
1096 5732 1167 5784 δέ.
1245 5742 1261 5761 ⁸
1294 5732 1494 5785 τούτου.
1574 5743 1599 5780 ι’
1634 5735 2043 5804 ἀδωροόὁέηῑοιν.
