4236 6436
822 376 926 438 959

1943 361 2195 424 PHOTlI
2231 351 2724 418 PATRIARCHB
2757 351 2864 410 CP.

3895 337 3998 397 960

828 505 937 541 ram
997 483 1286 537 auriculam
1321 479 1604 534 obturabat
1636 495 1648 530 :
1688 474 1972 544 symbolice
2017 471 2309 525 ostendens
2334 509 2350 532 ,
2385 476 2428 530 Α
2454 466 2501 518 δὲ

2334 509 2350 532 ,
2385 476 2428 530 Α
2454 466 2510 518 δὲ
2549 465 2656 516 τῶν
2685 464 2854 524 ὢτων,
2898 461 2954 511 ἐν
2995 459 3072 528 τῷ
3120 457 3243 517 τοὺς
3287 452 3622 522 κατηγόρους
3663 448 3864 515 λέγειν,
3896 450 3995 498 ἁπ-

830 575 972 645 quod
1027 575 1116 642 qui
1166 572 1570 632 accusabantur,
1622 576 1676 620 et
1723 564 1991 633 iudicandi
2055 571 2222 621 erant,
2260 560 2356 612 tri-

822 668 982 720 bunal
1029 665 1333 717 invenirent
1383 673 1625 728 puruma
1679 655 1916 708 convicio
1947 651 2212 711 solitario,
2260 663 2361 701 nec

827 758 1016 822 lingua:
1081 750 1460 804 detractionem
1528 744 1829 798 admittens.
1884 741 1987 792 Iste
2014 749 2189 791 autem
2240 751 2360 789 cum

831 858 938 895 non
993 847 1172 909 egeret
1209 834 1690 894 criminationibus,
1730 840 1822 883 aut
1855 844 1945 883 eas
1971 829 2279 895 desperaret
2300 841 2361 877 se

824 931 1054 999 reperire
1083 929 1342 996 potuisse,
1370 928 1620 992 seipsum,
1652 924 1768 975 loco
1817 920 2008 988 lingua:
2032 927 2085 970 et
2114 929 2365 968 manuum

824 1019 1060 1075 exhibuit
1108 1027 1290 1070 contra
1343 1031 1454 1076 eos,
1489 1032 1518 1067 a
1572 1013 1766 1081 quibus
1813 1008 2054 1064 maximis
2098 1004 2368 1059 beneficiis

823 1111 1049 1163 affectus
1091 1109 1282 1162 fuerat.
1325 1107 1473 1170 Quod
1535 1105 1634 1156 nisi
1670 1119 1753 1156 me
1794 1099 2123 1169 praeveniens
2157 1095 2369 1149 divinus

828 1199 1042 1261 Paulus,
1101 1209 1382 1255 venturum
1413 1197 1464 1249 in
1514 1207 1565 1250 te
1598 1194 1914 1262 supplicium
1947 1205 2036 1257 per
2061 1202 2203 1250 eum,
2278 1185 2367 1252 qui

826 1290 1062 1343 moribus
1121 1290 1211 1342 tibi
1246 1288 1432 1342 similis
1464 1297 1578 1340 erat
1627 1284 1919 1337 clarissime
1955 1279 2355 1346 prmsignasset,

829 1378 1048 1432 omnino
1107 1379 1247 1434 idem
1278 1389 1332 1432 et
1381 1378 1475 1430 tibi
1523 1377 1706 1428 iisdem
1734 1372 1861 1441 ipsis
1925 1367 2102 1421 verbis
2152 1365 2360 1418 denun-

830 1470 1063 1527 tiasscm.

1373 1572 1586 1625 EPIST.
1639 1570 1697 1622 L.

1181 1665 1393 1719 Tarasio
1429 1663 1647 1731 patricia
1702 1660 1874 1728 fratri.

2462 558 2710 624 έφραττε’
2737 553 2946 611 δεικνὺς
2979 552 3034 602 ὲν
3058 548 3134 614 τῷ
3165 546 3445 614 συμϐόλῳ,
3474 543 3548 604 ὡς
3577 539 3813 609 καθαρὸν
3850 554 3999 605 μονο-

2469 645 2662 714 μεροῦς
2699 642 2955 710 λοιδορίας
2976 681 2990 704 ,
3020 639 3110 692 καὶ
3149 637 3374 704 διαϐόλῳ
3412 634 3626 700 γλώσσῃ
3660 629 3997 687 ἀνεπίϐατον,

2465 739 2750 806 εὑρήσουσι
2785 735 2831 785 οἱ
2860 728 3319 798 κατηγορηθέντες
3340 766 3354 787 ,
3395 725 3453 776 τὸ
3483 722 3780 791 κριτήριον.
3829 718 3884 768 Ὀ
3914 717 4000 780 δὲ,

2471 801 2602 896 piat
2629 823 2884 876 διαϐολῶν
2922 819 3225 890 δεηθιεὶ;,ἧ
3271 815 3400 885 μηδὲ
3441 814 3617 882 εὑρεῖν
3652 808 3896 867 ἐλπίσας,
3928 801 3999 856 οἷ-

2466 935 2583 986 μαι,
2613 915 2802 976 αὐτὸς,
2838 912 2976 965 κατὰ
3001 911 3106 961 τῶν
3141 908 3211 960 τὰ
3252 907 3479 976 μέγιστα
3511 899 4000 970 εὐεργετησὼτων,

2464 1007 2555 1057 καὶ
2587 992 2823 1071 γλῶσσαι
2859 1003 2950 1054 καὶ
2982 1002 3192 1069 χεῖρες,
3226 997 3451 1064 ἐγίνετο.
3514 992 3649 1044 Ἀλλ’
3679 992 3726 1042 εἰ
3767 989 3842 1057 μὴ
3874 1003 4004 1054 προς

2463 1094 2637 1148 λαϐὼν
2661 1095 2808 1162 ἡμᾶς
2836 1095 2864 1144 ὁ
2895 1078 3436 1150 θεσπέσιοςῐιαῦλος,
3464 1085 3562 1152 τὴν
3597 1080 3895 1149 μέλλουσάν
3928 1092 4002 1127 σοι

2464 1185 2746 1252 τιμωρίαν,
2780 1181 2865 1234 διὰ
2897 1181 2985 1233 τοῦ
3019 1179 3319 1248 ὁμοτρόπου
3344 1217 3358 1238 ,
3390 1173 3599 1245 τρανῶς
3628 1169 3968 1239 προεμήνυσε
3990 1204 4002 1227 ,

2463 1274 2673 1334 πάντως
2704 1271 2768 1324 ἂν
2800 1273 2957 1340 ἡμεῖς
2989 1288 3069 1322 σοι
3098 1269 3321 1336 ταύτην,
3353 1267 3437 1318 διὰ
3465 1265 3572 1316 τῶν
3602 1260 3783 1316 αὐτῶν
3834 1257 4006 1328 ῥημά-

2460 1379 2586 1428 των,
2610 1360 3105 1432 διεμαρτυράμεθα.

3057 1556 3276 1609 ΕΠΙΣΤ.
3332 1553 3413 1606 N'.

2807 1650 3068 1717 Ταρασίῳ
3103 1646 3383 1716 πατρικίῳ
3404 1641 3662 1712 ἀδελφῷ.

2036 1772 2298 1821 Montacut.
2331 1767 2432 1830 (ep.
2467 1765 2574 1824 160,
2605 1778 2654 1826 p.
2688 1763 2799 1827 2H)

897 1887 951 1941 Si
987 1888 1130 1939 illmn
1189 1893 1436 1952 expertus
1481 1893 1849 1949 cognosceres,
1889 1892 1984 1946 pro
2045 1891 2148 1943 quo
2186 1872 2359 1926 scribo
2389 1858 2429 1909 Β
2533 1870 2570 1920 Ε

2332 1889 2359 1926 ο
2389 1858 2429 1909 Β
2533 1870 2594 1920 Εἰ
2638 1869 2730 1920 τοῦ
2775 1866 2961 1936 ἀνδρὸς
3002 1867 3195 1933 πεῖραν
3222 1862 3403 1924 λάϐοις
3431 1899 3448 1924 ,
3497 1861 3625 1929 περὶ
3670 1852 3730 1911 οὗ
3777 1858 4005 1927 γράφω.

832 1994 938 2034 non
967 1993 1050 2029 me
1111 1976 1513 2026 intercessorem
1578 1987 1673 2038 pro
1712 1969 1802 2021 illo
1853 1968 2093 2026 haberes,
2146 1965 2236 2016 sed
2284 1962 2372 2014 illo

835 2080 1039 2121 uterere
1069 2082 1163 2134 pro
1186 2064 1365 2116 multis
1396 2063 1510 2114 aliis
1545 2062 1798 2112 advocato
1829 2077 1841 2110 :
1875 2069 2007 2110 aueo
2035 2055 2241 2107 confido
2269 2062 2373 2106 tua:

833 2157 1069 2210 facilitati
1115 2165 1166 2208 et
1212 2153 1433 2207 bonitati
1467 2192 1480 2214 ,
1513 2152 1585 2204 ita
1635 2151 1751 2218 ejus
1809 2148 1989 2201 virtuti
2049 2156 2103 2200 et
2143 2142 2379 2199 dexteri-

834 2246 945 2300 tati.

1415 2347 1623 2403 EPIST.
1667 2347 1748 2401 LI.

1247 2442 1572 2495 Pantaleonti
1618 2436 1934 2506 aspatltario.

2045 2547 2306 2596 Montacut.
2340 2544 2440 2605 (ep.

908 2661 1211 2731 Egyptiaca
1264 2659 1451 2711 mulier
1485 2656 1605 2718 fuit,
1644 2670 1760 2723 quze
1789 2653 1853 2706 ab
1884 2651 2251 2705 elliorcseente
2289 2646 2378 2699 Jo-

839 2756 987 2823 sephi
1041 2752 1429 2820 pulchritudine
1460 2750 1666 2800 flamma
1693 2754 1947 2811 concepta
1971 2741 2378 2795 incendebatur.

843 2845 947 2898 Sed
976 2853 1089 2896 erat
1129 2843 1213 2894 ille
1271 2840 1393 2891 licet
1418 2854 1571 2906 puer,
1631 2837 1889 2896 Israelita,
1939 2833 2026 2900 qui
2058 2827 2381 2883 lascivientis

842 2933 1040 2993 amoris
1070 2945 1255 2984 omnes
1299 2929 1472 2981 aditus
1524 2937 1577 2978 et
1607 2937 1856 2977 accessus
1906 2920 2220 2974 declinabat.
2273 2915 2382 2971 Nec

842 3022 1166 3090 cupidinem,
1201 3018 1390 3086 jaculis
1423 3015 1532 3069 suis
1578 3024 1804 3074 tantum,
1852 3011 2038 3064 faculis
2082 3017 2135 3060 et
2209 3008 2328 3076 igne
2365 3045 2379 3068 ,

2465 1959 2646 2010 οὐκέτι
2696 1956 3028 2025 πρεσϐευτὴν
3078 1955 3214 2021 ὑπὲρ
3262 1954 3467 2004 ἐκείνου
3519 1951 3618 2018 ἐμὲ
3674 1949 3848 2012 ἕξεις·
3897 1948 4008 2014 ἀλλ,

2469 2051 2670 2099 ἐκεῖνον
2701 2047 2838 2114 ὑπὲρ
2881 2047 3052 2096 ἄλλων
3083 2043 3311 2096 πολλῶν.
3349 2041 3501 2094 Οὕτω
3543 2042 3635 2092 καὶ
3661 2043 3725 2107 τῇ
3751 2042 3817 2107 σῇ
3849 2039 4004 2105 εὐμε-

2471 2137 2617 2205 νείᾳ,
2649 2137 2739 2186 καὶ
2773 2135 3116 2202 χρηστότητι,
3148 2132 3239 2183 καί
3265 2132 3332 2199 τῇ
3364 2129 3569 2180 ἐκείνου
3604 2128 3769 2196 ἀρετῇ
3802 2127 3894 2176 καὶ
3924 2123 4005 2174 δε-

2473 2227 2670 2296 ξιότητι
2690 2265 2705 2291 ,
2739 2224 3005 2285 πεποιθώς
3037 2225 3173 2291 εἰμι.
3201 2270 3207 2277 .

3049 2331 3266 2386 ΕΠΙΣΤ.
3311 2332 3441 2384 NA'.

2835 2424 3223 2480 Πανταλέοντι
3263 2421 3624 2489 ἀσπαθαρίῳ.

2476 2542 2581 2601 168,
2613 2555 2662 2603 ρ.
2693 2541 2826 2601 sta).

2540 2648 2829 2715 Αίγύπτιον
2860 2643 2927 2716 ἦν
2977 2646 3035 2698 τὺ
3083 2644 3515 2714 ἀναφλεγόμενον
3543 2642 3765 2711 γύναιον
3811 2643 3891 2704 εἰς
3919 2644 4017 2710 τὴν

2474 2738 2733 2793 ἀνθοῦσαν
2773 2737 2917 2806 ὤραν
2949 2737 3041 2787 τοῦ
3102 2736 3318 2804 Ἰωσήφ.
3381 2735 3516 2787 Ἀλλ’
3576 2732 3910 2802 Ίσραηλίτης
3949 2728 4019 2800 ἦν

2474 2833 2694 2891 ἐκεῖνος,
2718 2831 2764 2879 εί
2792 2828 2885 2879 καὶ
2926 2829 3052 2888 παῖς
3069 2864 3084 2889 ,
3110 2828 3138 2878 ὁ
3165 2827 3342 2888 πάσας
3370 2826 3464 2878 τοῦ
3495 2825 3793 2878 ἀκολάστου
3821 2824 4021 2891 ἔρωτος

2475 2916 2834 2984 στρεψάμενος
2857 2914 2955 2976 τὰς
2995 2913 3316 2983 προσϐολάς.
3349 2916 3456 2966 Καὶ
3494 2915 3554 2966 οὐ
3593 2915 3752 2982 μόνον
3780 2913 3887 2964 τῶν
3931 2912 4020 2980 βε-

2472 3009 2597 3067 λῶν,
2629 3001 2708 3067 οἷς
2734 3006 2892 3056 αὐτὸν
2921 3002 3227 3065 ὁπλίζουσιν
3259 3005 3306 3054 οἱ
3341 3003 3494 3071 μῦθοι
3526 3044 3539 3068 ,
3567 3002 3858 3069 γυμνώσας
3879 3044 3894 3066 ,
3930 3007 4022 3058 καὶ

844 3127 906 3165 ac
951 3111 1070 3163 aliis
1128 3110 1320 3175 quibus
1351 3107 1495 3159 illum
1538 3104 1725 3156 fabula:
1775 3109 2067 3161 exornant,
2100 3097 2370 3166 spoliavit:
2399 3116 2438 3167 ρ
2471 3113 2517 3145 τι

2359 3113 2370 3146 :
2399 3116 2438 3167 ο
2471 3097 2578 3145 τῶν
2607 3094 2835 3162 πτερῶν,
2867 3096 2960 3145 καὶ
2990 3091 3081 3144 τοῦ
3121 3091 3323 3160 πυρὸς,
3365 3093 3498 3144 ἀλλὰ
3540 3092 3659 3159 μηδ’
3690 3091 3754 3143 ἂν
3786 3092 4021 3159 ὑπάρξαι

846 3202 937 3255 sed
975 3199 1308 3252 manifestius
1348 3195 1632 3249 declaravit
1680 3192 1875 3245 nullam
1900 3191 2117 3243 omnino
2160 3189 2246 3240 illa
2286 3201 2378 3238 ex—

844 3288 1136 3343 sislentiam
1179 3286 1447 3353 possidere
1493 3284 1579 3336 :si
1633 3297 1740 3333 non
1789 3281 1856 3333 ab
1899 3279 2175 3331 affectibus
2231 3274 2381 3327 malis

845 3377 1059 3430 inescati
1109 3374 1355 3428 homines
1405 3373 1856 3440 amplecterentur
1911 3377 1964 3419 et
1993 3362 2380 3418 foverent.Ve-

846 3482 964 3516 reor
998 3475 1175 3517 autem
1228 3479 1294 3516 ne
1339 3472 1409 3528 te,
1445 3462 1536 3530 qui
1582 3475 1640 3513 es
1676 3457 1909 3510 Israelita
1939 3455 2228 3508 secundum
2263 3468 2381 3519 gra-

847 3555 991 3616 tiam,
1027 3564 1081 3607 ct
1112 3553 1177 3606 ad
1203 3553 1322 3606 vita:
1370 3561 1472 3603 tua:
1490 3549 1774 3602 terminum
1805 3552 2133 3613 provectum,
2161 3542 2384 3594 barbara

843 3641 1124 3712 cupiditas,
1170 3651 1223 3694 et
1247 3656 1352 3692 non
1387 3640 1470 3692 illa
1509 3638 1725 3700 amoris,
1753 3635 2002 3689 acerbum
2042 3647 2166 3685 vero
2195 3641 2248 3683 et
2268 3640 2381 3682 tur-

849 3735 1120 3786 bulentum
1173 3741 1462 3784 amatorem
1496 3729 1794 3797 possidens,
1829 3724 2128 3780 clanculum
2158 3731 2210 3775 ct
2251 3736 2386 3788 pau-

847 3824 992 3875 latim
1031 3823 1084 3874 in
1129 3830 1417 3874 extremam
1458 3827 1673 3886 proruat
1724 3814 2036 3885 perniciem,
2082 3819 2137 3864 et
2192 3809 2384 3863 exinde

849 3926 914 3963 ne
941 3918 1122 3963 contra
1176 3924 1332 3976 quam
1366 3905 1605 3973 Josephi,
1637 3905 1757 3958 vitae
1792 3913 1894 3956 tua:
1958 3901 2133 3954 exitus
2162 3913 2383 3952 enarre-

848 4005 951 4048 tur.
985 3993 1155 4048 Senex
1214 4001 1353 4045 amat
1385 3991 1713 4044 meretricem
1745 3990 2019 4042 barbaram
2043 4028 2057 4052 ,
2103 3986 2186 4038 illa
2239 3985 2384 4038 deci-

850 4086 991 4152 pitur
1030 4095 1119 4137 aut
1159 4084 1444 4146 excutitur,
1491 4081 1583 4134 sed
1626 4081 1711 4133 ille
1767 4093 2000 4131 amorem
2038 4092 2194 4130 suum
2215 4075 2270 4128 in
2319 4089 2383 4128 eo

848 4173 1139 4226 consistere
1187 4171 1330 4234 fecit,
1377 4185 1544 4237 usque
1573 4170 1699 4222 dum
1748 4169 1837 4221 illa
1890 4168 2108 4221 effetum
2172 4174 2382 4218 amato-

2484 3181 2755 3246 διελέγξας
2784 3182 2916 3242 ὅλως
2945 3219 2960 3242 ,
3018 3183 3067 3231 εί
3126 3182 3200 3249 μὴ
3251 3183 3490 3249 συνεῖχον
3533 3181 3690 3231 αὐτὸν
3729 3183 3823 3232 καὶ
3867 3197 4022 3248 περι-

2485 3270 2710 3322 έθαλπον
2735 3272 2789 3321 αἱ
2814 3271 2920 3323 τῶν
2945 3273 3057 3333 τοῖς
3085 3272 3326 3340 αἰσχροῖς
3367 3271 3632 3339 ἡδομένων
3661 3271 3846 3338 ὁρμαί.
3874 3273 3940 3322 Σὲ
3972 3273 4025 3322 δὲ

2487 3363 2659 3413 καίτοι
2687 3362 2782 3428 τῆς
2831 3361 3046 3429 χάριτος
3072 3360 3405 3430 Ἰσραηλίτην
3427 3360 3554 3411 ὄντα
3576 3400 3590 3423 ,
3619 3360 3712 3410 καὶ
3741 3360 3877 3428 πρὸς
3910 3360 4023 3428 βίου

2489 3451 2776 3520 βαθύνοντα
2809 3452 2996 3521 πέρας,
3021 3451 3228 3503 δέδοικα
3253 3450 3326 3519 μὴ
3347 3453 3378 3518 ἡ
3410 3450 3676 3519 βάρϐαρος
3707 3451 3989 3514 πλεονεξία
4008 3491 4023 3514 ,

2486 3539 2582 3589 οὐκ
2614 3539 2791 3606 ἐρῶσα
2815 3578 2830 3602 ,
2862 3538 3053 3606 πικρὸν
3083 3537 3138 3588 δὲ
3167 3537 3257 3588 καὶ
3299 3537 3522 3604 ὀχληρὸν
3549 3536 3780 3605 ἐραστὴν
3823 3553 4026 3605 κτησα-

2491 3628 2620 3694 μένη
2643 3667 2657 3690 ,
2691 3626 2823 3694 λάθῃ
2855 3626 2991 3677 κατὰ
3024 3624 3212 3693 μικρὸν
3243 3626 3320 3685 εἰς
3353 3624 3578 3691 ἔσχατον,
3602 3624 3870 3685 ἀπωλείας
3902 3641 4028 3675 συν-

2490 3713 2815 3781 εφέλκουσα,
2865 3712 2956 3764 καὶ
3002 3711 3292 3778 καταλείψῃ
3347 3711 3439 3761 τοῦ
3489 3711 3764 3779 σώφρονος
3829 3711 4026 3779 Ἰωσὴφ

2485 3803 2829 3870 ἀντίστροφον
2859 3801 2935 3868 τῷ
2965 3800 3062 3869 βίῳ
3087 3801 3347 3868 διήγημα.
3373 3801 3551 3869 Γέρων
3580 3801 3716 3868 ἤρας
3752 3800 4026 3869 βαρϐάρου

2490 3891 2768 3960 μαχλάδος·
2796 3892 2828 3958 ὴ
2849 3890 2903 3941 δὲ
2928 3889 3248 3956 διεκρούετο·
3281 3889 3392 3940 ἀλλ’
3424 3892 3626 3951 ἐκεῖνος
3664 3892 3854 3959 μέχρις
3888 3893 4026 3942 ὲκεί-

2486 3998 2575 4032 νου
2602 3980 2691 4033 τὸν
2720 3979 2893 4048 ἔρωτα
2921 3979 3110 4049 ἔστησε
3143 3982 3332 4049 μέχρις
3364 3980 3541 4049 ἐκείνη
3574 3981 3663 4031 τὸν
3685 3980 3882 4049 ἔξωρον
3909 3984 4028 4049 ἐρα-

2490 4074 2618 4140 στὴν
2650 4072 2754 4139 ,τοῦ
2804 4073 2964 4141 κόρου
3015 4073 3108 4124 καὶ
3140 4104 3151 4114 -
3181 4072 3280 4140 τῆς
3327 4071 3598 4140 ὀχλήσεως
3651 4073 4021 4140 μυσαχθεῖσα,

2489 4162 2640 4228 βάθει
2667 4162 2759 4212 τοῦ
2788 4161 3007 4230 ὀλέθρου
3033 4161 3289 4232 βαράθρῳ
3314 4163 3611 4232 κατέρραξε
3642 4162 4018 4230 συνωθήσασα.

853 4282 983 4330 rem,
1030 4267 1271 4320 satietate
1306 4275 1392 4332 get
1426 4262 1828 4332 importunitate
1879 4262 2134 4324 aversior,
2183 4257 2443 4327 profundo
2494 4254 2803 4323 perditionis
2866 4255 3136 4320 barathro,
3163 4272 3266 4308 una
3299 4271 3418 4309 cum
3478 4257 3606 4313 ipso.
3662 4257 4021 4322 praecipitata,

848 4355 1026 4409 allisit.

1366 4461 1580 4516 EPIST.
1612 4461 1718 4516 LII.

1189 4555 1527 4612 Constantino
1580 4553 1809 4607 notario.

2310 4528 2314 4533 ἡ
2405 4436 2458 4494 D

3067 4455 3283 4508 ΕΠΙΣΤ.
3319 4454 3366 4507 Ν
3371 4453 3438 4505 8'.

2895 4546 3316 4611 Κωνσταγτίνῳ
3335 4545 3612 4611 rumpia).

2051 4664 2312 4713 llontaeut.
2344 4665 2446 4727 (eo.
2481 4664 2584 4720 1⁸12,
2617 4675 2665 4722 p.
2689 4661 2821 4720 2N).

955 4773 1159 4826 Momus
1203 4780 1346 4824 certe
1375 4771 1518 4838 (nam
1571 4778 1630 4822 ut
1671 4766 1847 4830 video,
1902 4766 2043 4835 quod
2099 4766 2380 4820 dolendum

853 4875 956 4927 est,
985 4865 1174 4918 frustra
1201 4865 1251 4916 in
1295 4864 1540 4932 prmscnli
1594 4864 1659 4918 de
1703 4861 1906 4915 Divinis
1958 4860 2197 4914 Oraculis
2232 4857 2387 4911 adhi-

857 4960 1051 5010 bentur
1096 4955 1506 5022 admonitiones)
1536 4954 1799 5020 duplicem
1823 4966 2045 5018 eamque.
2078 4949 2386 5014 discrepan-

857 5058 958 5099 tem
988 5045 1209 5099 sortitur
1263 5055 1523 5096 naturam.
1569 5041 1770 5095 Natnxsi
1815 5042 1856 5094 is
1915 5041 2002 5108 qui
2062 5037 2386 5091 calumniam

853 5135 1110 5205 lmpiugit.
1147 5151 1265 5188 cum
1315 5136 1534 5187 veritate
1582 5133 1912 5201 conjunctam
1939 5130 2117 5190 infert.
2141 5128 2390 5180 adversa-

854 5227 990 5278 rium
1039 5240 1190 5277 suum
1215 5223 1514 5276 convictum
1575 5235 1801 5274 mmrore
1836 5218 2013 5271 allicit.
2051 5216 2144 5269 Sin
2172 5215 2385 5267 menda-

858 5317 992 5368 citer
1040 5314 1272 5367 vicinum
1316 5313 1555 5380 impetit,
1589 5312 1655 5364 ab
1687 5311 1774 5362 illo
1793 5315 2093 5378 oppugnato
2123 5304 2384 5359 calumnia

856 5405 1060 5466 resiliit,
1093 5413 1146 5457 et
1192 5404 1246 5457 in
1281 5403 1370 5456 illo
1406 5404 1678 5462 consedet,
1713 5402 1802 5469 qui
1852 5399 2170 5468 imputavit;
2207 5399 2260 5449 in
2310 5395 2386 5462 ip-

859 5505 1090 5548 summct
1120 5509 1181 5548 ea
1235 5494 1410 5546 omnia
1470 5492 1734 5545 convertit
1773 5506 1889 5558 qua:
1941 5488 2183 5555 nequiter
2231 5486 2282 5537 in
2325 5485 2387 5536 il-

856 5588 962 5637 lum
1005 5593 1385 5646 contexuerat,
1414 5582 1502 5650 qui
1549 5579 2121 5648 reprehensionijustze
2150 5592 2255 5629 non
2296 5575 2393 5627 dc-

854 5676 924 5729 dit
986 5675 1207 5729 aditum.
1247 5672 1326 5728 Tu
1372 5682 1548 5741 Igitur,
1581 5671 1668 5740 qui
1702 5669 1991 5724 calumnias
2031 5668 2103 5723 illi
2132 5668 2388 5730 incessas,

2551 4767 2614 4819 Ὀ
2661 4765 2863 4835 Μῶμος
2901 4765 3180 4835 (περιττὸν
3220 4764 3326 4834 γὰρ
3366 4763 3459 4816 νῦν
3500 4763 3609 4832 ὁρῶ
3641 4764 3740 4825 τὰς
3779 4763 3868 4815 διὰ
3913 4767 4018 4816 τῶν

2480 4857 2645 4908 Θείων
2670 4857 2893 4923 Λογίων,
2921 4857 3082 4924 οῐμοι,
3115 4855 3491 4923 παραινέσεις)
3519 4853 3708 4922 διπλῆν
3751 4872 3867 4916 πως
3893 4855 4004 4923 ἔχει

2482 4949 2573 4999 καὶ
2609 4946 2984 5014 ἀντικειμένην
3014 4945 3110 5013 τὴν
3141 4944 3321 5010 φύσιν.
3373 4947 3467 4994 “Av
3499 4945 3596 5011 μὲν
3628 4946 3735 5012 γὰρ
3774 4946 3802 4996 ὁ
3840 4946 4018 5014 φέρων

2485 5037 2661 5100 αὑτὸν,
2692 5035 2940 5103 ἀληθεύοι
2970 5035 3088 5087 καθ’
3118 5029 3179 5087 οὗ
3211 5035 3442 5102 τίθησιν,
3472 5033 3683 5101 ἐλέγχει
3731 5034 3825 5085 καί
3865 5035 4019 5085 λυπεῖ

2486 5127 2572 5177 τὸν
2598 5126 2861 5176 ὑπαίτιον·
2899 5124 2963 5176 ἂν
2991 5124 3046 5176 δι
3071 5123 3389 5192 ψευδόμενος
3425 5123 3581 5173 αὑτὸν
3606 5121 3746 5174 κατά
3769 5122 3860 5173 τὸν
3885 5124 4015 5191 πλη-

2481 5216 2593 5266 σίον
2629 5213 2964 5276 ἀποτίθοιτο,
2998 5213 3201 5265 ἐκείνου
3239 5212 3337 5279 μὲν
3365 5210 3612 5279 ἀποπηδᾷ
3633 5251 3648 5271 ,
3693 5211 4018 5279 ἐπικάθηται

2477 5306 2532 5356 δὲ
2561 5305 2637 5370 τῷ
2665 5303 2967 5372 κομίσαντι,
2993 5301 3078 5353 ἐπ’
3100 5301 3258 5353 αὑτὸν
3287 5302 3499 5354 ἅπαντα
3523 5299 3784 5368 στρέφων,
3815 5301 4018 5366 ὅσαπερ

2483 5397 2639 5457 αὐτὸς
2665 5396 2805 5448 κατὰ
2833 5395 2924 5446 τοῦ
2960 5393 3032 5463 μὴ
3061 5393 3344 5454 δεδωκότος
3370 5395 3433 5461 τῇ
3469 5393 3614 5460 αἰτίᾳ
3642 5393 3739 5460 τὴν
3767 5392 4014 5460 πάροδον,

2481 5483 2894 5553 ὲπονηρεύσατο.
2932 5485 3072 5553 Ὅρα
3096 5480 3186 5536 οὖν
3213 5484 3305 5535 καὶ
3333 5483 3396 5534 σὺ
3424 5484 3500 5544 εἰς
3530 5482 3716 5550 ἀνδρὸς
3745 5480 4017 5549 ιμϐαίνων

2489 5571 2725 5639 μώμους,
2758 5570 2816 5621 ὃν
2853 5571 2900 5622 οἱ
2927 5573 3023 5639 τῆς
3045 5571 3319 5630 εὐσεϐείας
3343 5571 3651 5637 ἀγωνισταὶ,
3679 5571 3902 5637 γνήσιον
3926 5570 4015 5631 τῆς

2489 5664 2679 5733 ἀρετῆς
2707 5661 2936 5732 ἐραστὴν
2955 5663 3170 5732 ὁρῶσιν,
3198 5662 3249 5714 τί
3279 5661 3488 5732 μέλλεις
3510 5662 3779 5731 πράττειν·
3806 5659 4016 5713 ἐπειδὰν
