4236 6436
224 400 321 463 961

1336 390 1858 454 EPISTOLARUM
1896 389 2121 450 LIBER
2167 390 2280 452 ΙΙΙ.

3316 396 3418 459 969

220 516 249 566 ὁ
277 531 378 567 κατ
443 512 574 565 αὑτό
610 529 669 580 γε
714 511 865 564 τοῦτο
894 510 1224 570 δικαιότατος
1256 508 1485 577 Μῶμος,
1515 507 1613 559 οὐκ
1643 506 1779 574 ἔχων
1806 519 1848 574 Α
1877 519 1893 557 ι

1741 524 1779 555 ιν
1806 519 1848 574 Α
1877 519 2056 572 quem,
2086 505 2174 573 qui
2223 519 2320 574 pro
2348 504 2543 574 pietale
2572 515 2839 559 certamen
2879 505 3082 568 ineunt,
3104 520 3414 577 germanum

222 606 365 665 ὅπως
394 603 786 673 ὲναπερείδοιτο
816 602 893 670 τῷ
926 603 1100 671 μάτην
1129 600 1421 653 αίτιαθὲντι
1459 598 1541 666 (οὐ
1573 596 1679 665 γάρ
1706 598 1761 649 at

223 695 370 745 σκιαὶ
414 694 519 745 τῶν
548 694 888 761 κατηγοριῶν
934 692 1047 744 ἀλλ’
1093 693 1148 744 αἱ
1196 689 1417 758 πράξεις
1468 688 1662 756 ἵδρυμα
1686 686 1763 755 τῷ

217 780 446 849 Μώμῳ)
478 782 554 841 είς
582 780 672 830 τὸν
711 781 906 841 ἀδίκως
946 778 1342 846 αἰτιασάμενον,
1394 776 1529 845 μετά
1570 774 1764 841 πολλῆς

216 871 316 938 τῆς
350 872 721 938 πεποιθήσεως
755 872 846 921 καὶ
877 869 1054 938 ίσχύος
1081 866 1490 936 ὲπαναστρέψας
1510 906 1526 932 ,
1560 864 1761 917 ἀθάνακ

216 978 308 1012 τον
337 962 483 1029 αὐτῷ
502 960 845 1026 διαφυλάττοι
876 960 934 1010 τὸ
954 960 1159 1011 δίκαιον
1187 957 1404 1019 ὄνειδος.

1863 593 2077 647 virtutis
2104 608 2341 647 amorem
2364 604 2657 662 agnoscunt
2681 637 2695 655 ,
2742 595 2863 648 vide
2893 603 2947 647 et
2990 594 3265 648 considera
3306 596 3379 648 sis
3400 635 3418 656 ,

1857 683 1985 752 quid
2075 690 2323 737 attentas.
2380 684 2513 737 Cum
2595 685 2734 737 enim
2814 685 3018 737 Momus
3088 685 3415 753 justissimus

1860 776 1911 827 in
1959 776 2061 827 hoc
2087 775 2304 837 arbiter,
2358 792 2462 829 non
2502 776 2762 829 invenerit
2831 779 2883 829 in
2916 793 2999 837 eo,
3051 776 3141 843 qui
3211 777 3413 830 frustra

1867 876 2148 919 accusatur
2206 866 2293 919 tibi
2339 867 2572 921 resideat
2607 878 2799 936 (neque
2835 869 2976 921 enim
3027 868 3411 921 calunmiarum

1860 957 2082 1015 umbrae.
2122 956 2215 1009 sed
2248 955 2458 1010 realiter
2490 958 2702 1011 actitata
2740 956 2895 1009 Momi
2946 958 3100 1011 sedes
3163 956 3308 1023 sunt)
3364 957 3416 1007 in

216 1070 340 1108 eum
399 1055 488 1122 qui
532 1055 727 1119 injuste
758 1054 1027 1107 hominem
1082 1052 1351 1105 accusavit
1380 1065 1566 1120 magna
1612 1063 1735 1101 eum
1775 1050 2091 1103 confidentia
2145 1058 2200 1103 et
2250 1051 2495 1105 violentia
2538 1053 2802 1106 resultans
2873 1050 3166 1103 immortale
3206 1049 3252 1099 ei
3320 1049 3416 1101 de-

218 1145 382 1197 decus
403 1145 604 1212 justum
639 1153 909 1212 comparat
930 1181 945 1203 ,
970 1157 1069 1195 nec
1101 1141 1321 1207 injuria.

799 1275 1017 1330 ΕΠΙΣΤ.
1058 1277 1181 1329 Nl".

687 1388 922 1455 Ἰωάννῃ
959 1388 1266 1453 πητρικίῳ.

2450 1273 2667 1326 EPIST.
2699 1274 2804 1325 Llll

2400 1385 2593 1439 Joanni
2624 1388 2841 1456 patricio

1434 1508 1695 1556 Montaeut.
1722 1505 1821 1564 (ep.
1862 1504 1964 1564 183,
1998 1521 2045 1568 p.
2071 1507 2200 1561 275i.

290 1611 379 1679 Τῷ
408 1611 505 1679 μὲν
536 1610 695 1678 φίλῳ,
731 1611 877 1679 ὑπὲρ
912 1606 971 1663 οὗ
999 1613 1296 1681 πρεσϐεύω,
1328 1612 1399 1674 ῶς
1425 1614 1518 1664 καὶ
1546 1616 1771 1681 πρόσθεν

220 1703 388 1768 ἔγνως
414 1742 427 1763 ,
461 1703 585 1771 περὶ
609 1702 785 1770 ψυχήν
810 1704 952 1753 ἐστιν
993 1705 1020 1753 ὁ
1060 1703 1226 1769 ἀγών·
1266 1704 1332 1755 σὺ
1356 1704 1434 1767 δὲ,
1461 1704 1534 1765 ὡς
1571 1707 1771 1755 ἐκεῖνον

216 1792 348 1860 όρᾷν
391 1791 503 1841 ἔστι
526 1830 539 1852 ,
570 1790 669 1843 κᾶν
700 1791 843 1857 λέγει
863 1831 876 1853 ,
908 1794 1136 1844 Λεσὸίαν
1167 1794 1312 1861 αὐτῷ
1348 1795 1523 1857 δεξιὰν
1553 1794 1763 1862 προτεί-

218 1897 349 1940 νεις.
382 1880 475 1931 "Av
506 1880 606 1949 μὲν
646 1875 738 1933 οὖν
759 1881 918 1943 αὐτὸς
954 1882 1207 1934 οὐδέποτε
1248 1883 1408 1935 πάθει
1442 1884 1763 1951 περιέπεσας

216 1969 471 2038 τοιούτῳ,
510 1970 648 2038 μέγα
681 1969 777 2038 μὲν
805 1970 1002 2036 λέγεις·
1045 1971 1239 2039 μᾶλλον
1278 1972 1365 2036 δὲ,
1396 1972 1528 2024 διότι
1558 1973 1629 2040 μὴ
1664 1972 1760 2022 πέ-

217 2057 454 2121 πονθας,
500 2057 779 2127 χρεώστην
821 2061 1040 2111 σεαυτὸν
1067 2062 1158 2113 τοῦ
1202 2062 1486 2131 οἰκτείρειν
1532 2062 1762 2129 ἀποφαί-

216 2164 348 2205 νεις·
383 2147 610 2216 φοϐερὸν
644 2148 751 2219 γάρ
795 2149 911 2211 πώς
943 2152 1088 2202 ἐστιν
1119 2154 1176 2203 ἐν
1208 2156 1272 2221 τῇ
1310 2154 1468 2220 φύσει
1497 2156 1553 2206 ἐν
1587 2155 1761 2214 ἄλλοις

220 2237 457 2307 μάλιστα
482 2238 836 2310 προορώμενα
862 2240 929 2291 τὰ
956 2242 1193 2308 ἀλγεινὰ,
1221 2242 1391 2304 ἄλλως
1418 2261 1476 2295 τε
1508 2246 1555 2295 εἰ
1589 2247 1761 2312 κρεῖτ-

216 2346 311 2381 τον
352 2330 509 2399 μέχρι
551 2331 642 2382 νῦν
685 2330 793 2382 τῶν
829 2333 885 2383 ὲν
920 2332 1222 2401 ἀνθρώποις
1267 2334 1537 2403 ἐτηρήθης
1576 2335 1761 2403 δυσχε-

220 2421 402 2488 ρειῶν·
446 2420 504 2471 οὑ
554 2422 658 2489 γὰρ
704 2422 1021 2491 εὐπρόσοδον
1069 2424 1146 2492 τῷ
1202 2425 1503 2495 πρεσϐευτῇ
1569 2427 1759 2494 ἁθρόον

218 2510 495 2578 ἐμϐαίνειν
525 2514 599 2573 εἰς
628 2513 724 2578 τὴν
745 2513 1045 2581 ἀνάμνησιν
1066 2514 1173 2565 τῶν
1201 2514 1475 2585 λυπηρῶν,
1515 2515 1628 2568 ἀλλ’
1669 2512 1760 2567 οὖν

221 2600 515 2666 ἀσφαλίσαι
561 2602 621 2653 τὸ
673 2601 858 2670 μέλλον
901 2603 985 2653 διὰ
1040 2605 1137 2672 τῆς
1187 2607 1499 2675 συμπαθοῦς
1532 2606 1657 2676 περὶ
1701 2606 1758 2658 τὸ

219 2691 485 2757 ὁμόφυλον
516 2692 762 2760 σπουδῆς.
806 2694 977 2744 Εἷωυε
1018 2696 1118 2763 γάρ
1166 2714 1281 2759 πως
1322 2699 1389 2749 τὰ
1420 2697 1595 2757 δεινὰ,
1637 2699 1760 2757 τοὺς

228 2781 388 2849 μέχρι
418 2780 608 2831 πολλοῦ
633 2780 982 2847 διαφυγόντας
1024 2784 1159 2835 αὐτὰ
1180 2824 1195 2847 ,
1229 2785 1424 2852 μᾶλλον
1461 2786 1565 2837 τῶν
1592 2786 1762 2837 ἄλλων

225 2869 598 2937 ἐποφθαλμιᾷν
628 2872 718 2920 καὶ
761 2871 1128 2942 σφοδρότερον,
1179 2874 1211 2942 ἦ
1254 2874 1343 2935 οὓς
1374 2874 1629 2937 πολλάκις
1666 2892 1763 2927 κα-

226 2963 528 3028 τελάϐοντο,
555 2963 786 3015 διώκειν·
817 2967 910 3017 καὶ
932 2966 1079 3018 οὐδὲν
1102 2967 1210 3037 ὁρῶ
1230 2969 1436 3020 τοιοῦτο
1480 2969 1612 3039 πρὸς
1636 2971 1762 3021 ἀπο-

1952 1614 2163 1665 Λιηίοιις
2202 1615 2307 1674 ine,
2341 1616 2493 1681 cujus
2536 1630 2632 1682 ago
2664 1628 2900 1674 causam,
2938 1611 3079 1679 quod
3102 1610 3413 1679 jamdudum

1878 1712 2018 1755 reete
2053 1702 2302 1771 intelligis
2330 1703 2525 1755 de'vita
2586 1717 2680 1753 sua
2711 1702 3036 1769 periclitatur
3070 1718 3082 1753 :
3130 1699 3210 1751 Tu
3233 1714 3415 1767 porro,

1868 1792 2008 1858 quod
2044 1792 2095 1843 in
2148 1792 2235 1843 illo
2274 1791 2396 1843 licet
2423 1790 2639 1851 intueri,
2685 1789 2947 1845 Lesbiam.
2988 1796 3259 1853 utcunque
3280 1787 3410 1837 nihil

1861 1881 2021 1943 dicat,
2049 1897 2260 1933 manum
2298 1880 2523 1950 porrigis
2574 1898 2586 1933 :
2637 1879 2681 1932 si
2715 1878 2827 1946 ipsc
2857 1878 2991 1930 nihil
3024 1877 3126 1929 tale
3172 1875 3412 1942 aliquan-

1860 1974 1927 2027 do
1977 1985 2264 2039 perpessus
2306 1986 2384 2030 es,
2413 1984 2660 2036 magnum
2704 1978 2787 2020 cst
2816 1966 2955 2035 quod
2985 1964 3119 2017 dicis
3148 1982 3163 2026 ;
3201 1963 3291 2015 sed
3320 1970 3400 2014 ta-

1860 2080 1979 2118 men
2038 2066 2088 2116 in
2127 2079 2192 2117 eo
2230 2062 2369 2131 quod
2399 2074 2683 2129 perpessus
2737 2057 2872 2109 nihil
2926 2055 3029 2108 tale
3061 2053 3244 2115 fueris,
3266 2052 3415 2104 debi-

1861 2170 1946 2229 ιοι·
1982 2151 2366 2206 misericordiae
2404 2148 2657 2202 faciendae
2718 2147 2885 2200 multo
2940 2145 3106 2214 magis
3134 2143 3405 2212 obligaris:

1859 2244 2168 2297 naturaliter
2224 2239 2625 2293 formidolosum
2667 2247 2749 2291 est
2790 2236 2966 2289 futura
3024 2234 3158 2286 mala
3223 2231 3415 2299 ρηονί-

1860 2337 2006 2398 dere,
2043 2333 2318 2401 imprimis,
2375 2331 2416 2384 si
2449 2346 2567 2398 qua:
2596 2327 2899 2382 hominibus
2923 2325 3141 2379 adversa
3200 2321 3412 2375 contin-

1858 2440 1982 2495 gere
2013 2427 2204 2485 solent,
2235 2438 2397 2491 seque
2442 2422 2507 2475 ad
2564 2422 2706 2472 hunc
2767 2420 2905 2472 diem
2942 2418 3218 2470 observata
3259 2422 3381 2465 nota

1858 2516 1945 2568 sti.
1992 2516 2107 2567 Non
2155 2524 2234 2567 cst
2264 2512 2520 2581 legatione
2547 2508 2784 2576 fungenti
2830 2522 3120 2577 congruum
3147 2505 3407 2569 consupa

1860 2605 1953 2657 tim
2014 2618 2271 2671 proruere
2328 2603 2380 2653 in
2410 2601 2667 2654 malorum
2719 2582 3298 2661 commemorationem,
3326 2596 3417 2648 sed

1860 2695 2097 2749 futurum
2167 2701 2375 2761 oportet
2419 2706 2735 2760 prmcavere,
2775 2705 2870 2759 per
2917 2690 3169 2742 allectum
3216 2696 3268 2741 et
3301 2698 3418 2740 stu-

1861 2786 2006 2841 dium
2046 2799 2166 2853 erga
2208 2798 2318 2847 eos,
2364 2784 2453 2851 qui
2514 2790 2639 2835 sunt
2678 2782 2915 2849 ejusdem
2956 2792 3160 2835 naturze
3185 2780 3406 2848 partici-

1864 2894 1976 2947 pes.
2049 2878 2161 2932 Usu
2211 2878 2352 2930 enim
2411 2875 2479 2928 ita
2538 2884 2895 2942 comparatur,
2943 2883 2999 2927 ut
3044 2873 3263 2926 adversa
3305 2871 3420 2924 illos

1868 2966 2049 3019 invido
2107 2965 2273 3034 magis
2315 2964 2845 3025 animointucantur,
2905 2960 2993 3030 qui
3034 2976 3283 3030 prospera
3309 2950 3419 3012 for-

230 3057 436 3122 τροπὴν
478 3054 587 3105 τῶν
640 3056 698 3104 ἐν
741 3054 1039 3124 ἀνθρώποις
1068 3059 1451 3125 περιστάσεων,
1483 3061 1554 3121 ώς
1589 3061 1648 3112 τὸ
1672 3065 1779 3123 τοῖς
1808 3068 1849 3123 C
1881 3066 1902 3110 t

1745 3065 1779 3123 ῖς
1808 3068 1849 3123 c
1881 3066 2007 3110 tuna
2048 3055 2136 3109 diu
2185 3054 2261 3106 usi
2303 3063 2426 3107 sunt
2466 3072 2477 3105 :
2521 3068 2676 3120 quam
2724 3052 2860 3114 illos,
2898 3066 3032 3120 quos
3087 3050 3418 3118 frequentius

230 3146 558 3214 ὲμπεσοῦσιν
600 3146 845 3197 ἵστασοαι
878 3146 1086 3215 βοηθόν.
1125 3149 1185 3199 Ei
1206 3150 1250 3201 δ’
1273 3149 1551 3219 ἄνθρωπος
1586 3150 1658 3203 ὢν
1684 3154 1776 3204 καὶ

233 3238 425 3299 αὐτὸς,
472 3235 827 3303 ὲκοινώνησας
867 3238 974 3298 τοῖς
998 3237 1299 3305 ἀνθρώποις
1336 3249 1382 3301 (ι,
1425 3242 1605 3293 ἐκεῖνα
1631 3241 1775 3308 λογί-

236 3328 351 3389 ζου,
379 3328 412 3379 ἀ
440 3345 498 3377 σε
532 3327 649 3377 τότε
690 3326 1005 3394 διεστρόϐει,
1037 3329 1129 3378 καὶ
1154 3328 1472 3396 συνέστρεφε
1502 3332 1570 3382 τὰ
1609 3332 1777 3383 σπλά-

236 3434 372 3483 γχνα
392 3457 405 3479 ,
438 3417 529 3467 καὶ
566 3416 682 3467 ὅλον
709 3416 917 3485 πικρῶς
976 3416 1322 3481 ἐπεϐόσκετο,
1355 3418 1580 3471 οανάτου
1619 3420 1779 3488 βαρυε-

235 3507 399 3571 τέραν
438 3506 799 3570 ἀποφαίνοντα
842 3505 937 3571 τὴν
979 3504 1123 3573 ζωήν
1151 3523 1163 3534 ·
1214 3506 1489 3575 μέμνημαι
1519 3509 1625 3578 γάρ
1652 3526 1778 3561 ποτε

238 3596 333 3646 καὶ
361 3594 467 3659 ἐγὼ
488 3635 502 3658 ,
528 3594 652 3645 εἴτι
686 3593 762 3663 μὴ
803 3594 906 3646 ὑπὸ
937 3595 1033 3662 τῆς
1060 3597 1328 3664 συνεχείας
1362 3599 1467 3649 τῶν
1492 3601 1674 3652 κακῶν
1703 3605 1779 3663 εἰς

239 3682 471 3750 ὀνείρους
506 3682 880 3751 ἀποφέρομαι,
907 3682 1142 3733 τοιοῦτόν
1189 3700 1240 3733 τι
1281 3683 1328 3751 (ὃ
1361 3684 1433 3752 μὴ
1462 3686 1665 3751 γένοιτο
1688 3686 1777 3737 τοῦ

238 3772 457 3839 λοιποῦ)
490 3774 583 3824 καὶ
615 3771 740 3839 περὶ
767 3773 864 3840 τὴν
898 3772 993 3839 σὴν
1026 3772 1315 3841 εὑκληρίαν
1337 3774 1665 3841 ἀπαντῆσαν·
1693 3777 1777 3826 ὅτε

240 3865 299 3914 τὸ
328 3864 478 3931 ὄμμα
509 3864 668 3931 ξηρὸν
713 3864 848 3931 πρὸς
892 3863 1096 3925 πάντας
1135 3866 1370 3932 ἀνέῳκτο
1393 3903 1408 3926 ,
1440 3865 1615 3933 πάσης
1643 3883 1780 3932 συμ-

244 3954 406 4018 φυοῦς
443 3952 649 4013 λιὸάδος
679 3952 1122 4021 ἀπαναλωθείσης
1146 3957 1254 4016 τοῖς
1285 3955 1528 4023 δάκρυσι·
1558 3958 1648 4009 καὶ
1674 3960 1781 4026 χεῖο

245 4060 333 4112 ρες
380 4044 482 4112 πρὸ
529 4044 633 4095 τῶν
686 4044 856 4110 λόγων
898 4044 993 4113 τὴν
1038 4046 1240 4097 ἱκεσίαν
1296 4048 1684 4115 προύϐάλλοντο
1722 4050 1779 4100 τὸ

243 4132 527 4200 πρόσωπον
575 4134 964 4200 συντηκόμενον
1005 4136 1079 4195 εἰς
1125 4135 1321 4203 πολλὴν
1345 4137 1465 4197 τοὺς
1508 4138 1777 4205 ὁρῶντας,

244 4224 336 4273 καὶ
381 4222 484 4285 πρὸ
529 4220 635 4272 τῶν
664 4223 879 4292 χειρῶν,
908 4225 1087 4275 ἐκάλει
1138 4225 1496 4292 συμπάθειαν·
1546 4230 1637 4279 καὶ
1663 4229 1779 4280 ὅλον

244 4307 351 4378 εἶχε
437 4310 689 4378 σύγχυσις
761 4312 852 4363 καὶ
940 4316 1201 4381 κατήφεια
1260 4316 1349 4366 καὶ
1409 4317 1631 4382 γνόφος·
1688 4318 1778 4370 καὶ

245 4401 502 4467 κρείττων
564 4403 594 4469 ἡ
657 4403 778 4469 σιγὴ
839 4402 925 4453 τοῦ
1010 4404 1125 4454 τότε
1197 4405 1544 4472 διηγήματος.
1600 4406 1778 4459 Ταῦτα

246 4492 332 4558 δὴ,
359 4490 524 4543 ταῦτα
560 4484 641 4556 (ὦ
669 4495 860 4560 μηκέτι
916 4494 1172 4561 μηδαμῶς
1219 4494 1437 4546 τοιαῦτα
1483 4498 1671 4549 παθεῖν
1721 4515 1777 4549 σε

249 4578 446 4649 ῐδοιμι)
482 4582 767 4649 σωφρόνως
821 4582 1181 4651 ἀναμνησθεὶς
1236 4586 1517 4654 (πολλαχοῦ
1554 4588 1661 4655 γὰρ
1689 4588 1778 4638 eli-

247 4685 479 4737 χρηστον
508 4671 539 4738 ή
574 4671 758 4738 μνήμη
785 4672 888 4721 τῶν
919 4671 1192 4740 λυπηρῶν)
1222 4714 1236 4735 ,
1265 4676 1417 4740 γενοῦ
1453 4679 1649 4747 σωτὴρ,
1674 4673 1782 4731 οἷον

247 4757 413 4825 ηὔχου
443 4774 521 4809 σοι
560 4758 808 4824 γενέσθαι
846 4760 965 4810 τότε
997 4760 1088 4828 (οὐ
1126 4762 1231 4830 γὰρ
1282 4765 1411 4832 ἐμὸν
1452 4768 1641 4829 είπείν,
1675 4764 1783 4820 οἷον

248 4841 450 4914 εὗρες),
487 4845 564 4915 τῷ
590 4847 679 4898 νῦν
702 4850 779 4909 είς
796 4848 893 4909 τὰς
909 4849 1091 4917 ὁμοίας
1111 4854 1386 4923 συμφορὰς
1413 4857 1780 4912 καταπεσόντι.

250 4935 326 4991 Εὖ
360 4940 466 5006 γὰρ
502 4938 627 5000 ἴσοι,
656 4940 729 5001 ώς
756 4940 875 5008 ἐμοί
905 4958 963 4992 τε
989 4942 1048 4993 τὸ
1080 4945 1234 5013 χρέος
1262 4948 1608 5010 ἀποδεὸώκως
1638 4952 1783 5018 εῑης,

250 5032 345 5083 καὶ
381 5031 467 5082 τὸν
514 5030 884 5101 βοηθούμενον,
940 5035 998 5086 ὲν
1045 5030 1123 5096 οἷς
1162 5036 1227 5088 ἂν
1263 5036 1420 5109 βούλῃ
1446 5079 1462 5101 ,
1512 5041 1785 5112 χρεώστην

250 5122 651 5190 ἀπροφάσιστον
703 5123 967 5191 εὑρήσεις.
1016 5127 1187 5179 Καλὸν
1226 5129 1281 5180 δὲ
1326 5130 1382 5181 ὲν
1423 5130 1521 5199 βίῳ
1564 5132 1785 5197 πολλοὺς

252 5209 526 5277 χρεώστας
548 5250 560 5272 ,
596 5211 686 5261 καὶ
720 5210 834 5262 τότε
866 5213 1201 5278 εὐγνώμονας
1231 5219 1461 5287 χαρίτων
1485 5220 1644 5290 ἔχειν.

1878 3166 1939 3204 ea
1967 3148 2255 3202 incursavit
2287 3165 2298 3199 :
2346 3146 2479 3199 nihil
2532 3160 2628 3213 ego
2662 3144 2901 3212 intelligo
2934 3142 3099 3211 magis
3120 3141 3417 3196 conducere

1877 3243 1941 3296 ad
1986 3239 2301 3295 avertendas
2360 3237 2425 3291 ab
2474 3234 2780 3288 hominibus
2844 3234 3205 3296 calamitates,
3261 3249 3417 3301 quam

1878 3331 2040 3385 fuisse
2066 3328 2273 3381 afflictis
2311 3326 2523 3378 auxilio.
2562 3324 2613 3377 Si
2670 3324 2826 3377 homo
2878 3338 2997 3377 cum
3044 3323 3136 3386 sis,
3181 3336 3420 3377 commu-

1877 3417 2138 3471 nicaveris
2184 3430 2306 3468 cum
2358 3413 2681 3475 hominibus,
2716 3412 2801 3465 illa
2830 3412 3066 3472 recolito,
3109 3427 3225 3479 quae
3268 3419 3318 3463 te
3364 3420 3421 3463 et

1879 3512 2047 3579 ipsum
2076 3517 2201 3562 tunc
2248 3515 2491 3560 vexatum
2523 3505 2807 3566 habebant,
2839 3513 2891 3555 et
2913 3504 3115 3557 viscera
3159 3521 3276 3573 qua:
3298 3507 3421 3558 sub-

1877 3609 2171 3662 verterunt,
2203 3608 2255 3651 et
2310 3599 2472 3651 vitam
2505 3599 2670 3665 ipsam
2716 3605 2883 3648 morte
2909 3596 3119 3665 gravius
3160 3595 3417 3664 depasce-

1878 3693 2020 3743 hant.
2077 3690 2289 3741 Memini
2352 3689 2635 3756 aliquando
2667 3689 2788 3753 (nisi
2837 3687 2968 3741 forte
3016 3688 3272 3740 malorum
3307 3702 3423 3739 ma-

1878 3781 2097 3850 gnitudo
2130 3797 2214 3833 me
2246 3779 2511 3833 somniare
2552 3778 2758 3847 fecerit)
2816 3778 3012 3845 aliquid
3049 3778 3151 3829 tale
3193 3778 3414 3844 (utinam

1877 3887 1983 3923 non
2016 3881 2066 3923 οι
2088 3871 2297 3922 denuo!
2333 3880 2474 3921 tuam
2520 3884 2730 3936 quoque
2782 3867 3084 3920 felicitatem
3115 3867 3370 3919 invasisse
3398 3884 3413 3918 :

1877 3976 1998 4013 cum
2066 3961 2191 4012 sicci
2241 3961 2376 4011 oeuli
2420 3960 2469 4011 in
2529 3960 2707 4011 omnia
2771 3958 3129 4025 aperirentur,
3194 3958 3415 4009 humore

1878 4052 2158 4120 eougenito
2225 4051 2435 4119 penitus
2488 4065 2577 4117 per
2619 4050 2873 4117 lacrymas
2939 4050 3245 4106 desiccalo;
3294 4064 3413 4099 cum

1878 4156 2068 4194 manus
2092 4139 2251 4193 verba
2308 4138 2700 4206 praecederent,
2732 4146 2785 4189 et
2809 4151 2993 4204 preces
3010 4153 3196 4188 manus
3233 4138 3415 4189 tende-

1879 4240 2017 4293 rent,
2062 4230 2224 4284 facies
2268 4236 2323 4283 et
2360 4228 2537 4282 vultus
2590 4228 2828 4294 dejectus
2862 4242 2969 4295 pne
3027 4227 3273 4279 manibus
3330 4227 3413 4277 in-

1882 4334 2089 4378 tuentes
2120 4322 2525 4376 vocaretmultis
2546 4323 2714 4375 modis
2743 4322 2807 4373 ad
2834 4320 3243 4373 misericordiam
3269 4335 3414 4373 :cum

1885 4425 1933 4469 te
1960 4423 2125 4468 totum
2178 4412 2473 4481 possideret
2516 4412 2756 4465 conlusio
2784 4453 2797 4474 ,
2839 4411 3087 4477 dejectio,
3131 4411 3360 4463 tcncbra:
3394 4428 3411 4475 ;

1874 4511 2089 4571 praestat
2115 4511 2302 4553 caetera
2338 4510 2532 4564 tacere,
2562 4516 2715 4567 quam
2749 4499 2967 4567 profari,
3009 4516 3126 4565 qua:
3186 4508 3235 4551 te
3287 4510 3413 4551 tunc

1876 4591 2270 4659 contingebant.
2302 4591 2425 4643 Haec
2483 4592 2613 4657 ipsa,
2645 4605 2823 4656 quaeso
2859 4591 2912 4655 (ο
2960 4590 3155 4641 utinam
3183 4604 3414 4655 unquam

1878 4692 1929 4734 te
1949 4682 2125 4735 denuo
2151 4681 2333 4733 eadem
2361 4682 2646 4749 patientem
2666 4678 3212 4745 intuear!),modcrate
3234 4696 3412 4732 recor-

1880 4775 2006 4827 dare
2059 4772 2327 4839 (conducit
2400 4771 2595 4824 etenim
2654 4769 3099 4837 quamplurimum
3147 4770 3417 4822 mulloties

1881 4865 2138 4917 malorum
2192 4861 2633 4926 commeminisci)
2667 4879 2679 4914 :
2716 4861 2790 4914 sis
2825 4860 2964 4913 illius
3011 4860 3277 4912 exhibitor
3306 4900 3320 4921 ,
3358 4860 3411 4911 in

1881 4964 2134 5023 quantum
2189 4964 2314 5006 tunc
2338 4953 2633 5005 desiderata
2661 4953 2962 5019 expctebas,
2991 4950 3035 5003 ei
3066 4950 3155 5018 qui
3186 4950 3237 5001 in
3266 4950 3413 5002 simi-

1883 5049 1959 5100 les
2016 5046 2201 5099 incidit
2237 5045 2584 5098 calamitates.
2640 5042 2775 5107 Quid
2837 5043 2960 5094 inde
3015 5043 3267 5103 lucratus,
3305 5057 3410 5094 non

1881 5138 2051 5190 dicam
2080 5137 2216 5190 scias
2242 5136 2418 5195 velim,
2459 5134 2597 5202 quod
2630 5142 2682 5187 et
2733 5133 2859 5185 mihi
2890 5132 3125 5185 debitum
3144 5131 3409 5199 persolve-

1883 5228 1977 5289 ris,
2020 5236 2075 5280 et
2116 5241 2233 5279 eum
2261 5225 2344 5276 cui
2374 5224 2623 5276 auxilium
2673 5222 2890 5275 attulisti
2925 5222 2976 5274 in
3009 5222 3411 5290 quibuscunque

254 5300 505 5359 volueris,
557 5299 852 5353 debitorem
896 5303 1131 5355 habt-his.
1176 5306 1374 5361 Bonum
1406 5320 1486 5363 cst
1533 5322 1706 5365 autem
1736 5326 1787 5369 et
1828 5319 1957 5371 ulilc
2009 5317 2199 5369 multos
2232 5331 2323 5383 per
2353 5313 2511 5367 vitam
2575 5314 2768 5366 habere
2802 5312 3066 5366 debitores
3122 5313 3414 5379 prmsertim

253 5388 476 5452 gratiam
504 5387 840 5441 redhibentes
883 5393 1168 5457 possidere.

1485 5582 1712 5637 VARle
1753 5581 2148 5648 LECTIONES,

325 5723 353 5766 ς
396 5718 480 5771 Ῐσ.
515 5718 890 5789 ἀνθρωπίναις.
