4236 6436
824 379 926 442 963

1369 492 1579 548 ΕΡ18Τ.
1614 490 1742 547 LIV.

894 585 1127 641 Mariano
1157 587 1377 651 patricio
1413 596 1458 637 et
1508 587 1784 639 domestico
1818 585 2131 639 scholarum.

1954 382 2209 443 PHOTII
2250 382 2748 443 PATRIARCH/E
2784 382 2893 443 ΟΡ.

3902 370 4000 434 964

3047 485 3262 541 ΕΠΙΣΤ.
3300 484 3418 538 NA’.

2472 581 2741 647 Μαριανῷ
2776 579 3055 645 πατρικίῳ
3105 578 3199 632 mi
3247 575 3570 644 δομεστίκῳ
3594 571 3713 624 τῶν
3744 570 3999 640 σχολῶν.

2025 675 2287 722 Montacut.
2323 670 2425 732 (ep.
2453 669 2555 727 189,
2588 682 2619 729 ρ
2670 668 2802 729 287).

891 762 947 815 Si
1014 763 1135 829 quis
1165 775 1399 827 unquam
1453 760 1717 829 optaverit
1749 759 1929 813 oﬂ‘erri
1992 760 2091 812 sibi
2144 760 2196 811 in
2255 758 2361 810 vita

821 853 1153 905 occasionem
1183 850 1339 904 talem
1377 869 1389 902 :
1422 866 1514 919 per
1531 865 1689 917 quam
1726 859 1778 903 et
1805 849 2050 902 amicitiae
2076 857 2129 900 et
2144 847 2363 914 justitize

823 944 977 997 simul
1030 958 1188 1011 opera
1242 941 1499 1010 perficiat,
1532 958 1637 994 non
1669 942 1753 994 ille
1793 942 2053 1010 potiorem
2078 940 2363 1007 aliquando

824 1032 1057 1085 inveniet
1099 1032 1206 1095 illa,
1237 1047 1395 1099 quam
1442 1033 1495 1083 in
1531 1032 1780 1099 praesenti
1812 1032 1905 1085 tibi
1941 1030 2127 1083 offero.
2161 1029 2362 1097 lnjuria

825 1119 1065 1179 aﬂ‘ectus,
1114 1133 1211 1186 pro
1249 1134 1354 1185 quo
1384 1118 1700 1178 intervenio,
1758 1133 1864 1170 non
1904 1126 1986 1169 est
2030 1115 2205 1167 adhuc
2267 1113 2361 1166 tibi

824 1222 982 1265 notus
1013 1228 1025 1262 :
1073 1226 1229 1263 causa
1294 1210 1409 1277 ejus
1451 1218 1532 1261 est
1566 1208 1757 1261 eximie
1790 1209 1930 1277 justa
1964 1224 1976 1258 ε
2010 1208 2053 1259 si
2097 1207 2153 1259 in
2201 1220 2362 1272 quem

824 1300 1121 1351 intenditur
1168 1299 1326 1359 actio,
1368 1298 1572 1350 amicus
1600 1308 1681 1351 est
1710 1298 1804 1351 tibi
1828 1307 1880 1350 et
1907 1310 2144 1364 pauper:
2186 1303 2363 1347 etnon

826 1388 1065 1441 fortassis
1109 1389 1231 1454 quia
1287 1389 1457 1441 malus
1489 1398 1589 1449 est,
1619 1388 1710 1441 sed
1762 1389 1884 1453 quia
1946 1401 2166 1453 pauper,
2222 1383 2362 1450 inju-

827 1474 982 1526 stitia:
1031 1474 1289 1527 facienda:
1328 1490 1526 1542 pronus
1565 1492 1577 1526 :
1628 1475 1705 1525 Tu
1728 1474 1910 1541 judex,
1941 1474 2078 1527 bene
2106 1481 2362 1532 moratus,

2536 755 2601 806 Εἴ
2640 771 2722 815 τις
2755 751 2949 821 ηὔχετο
2981 752 3069 804 διά
3120 750 3234 819 βίου
3274 749 3494 817 τοιαύτῃ
3538 746 3844 816 περιτυχεῖν
3877 746 4001 796 6m-

2466 846 2635 908 θέσει,
2660 844 2723 895 δι’
2769 839 2835 913 ἦς
2869 843 2985 911 ἅμα
3012 843 3105 894 καὶ
3138 841 3319 909 φιλίας
3348 840 3442 891 καὶ
3473 836 3811 903 δικαιοσύνης
3846 836 4004 903 ἐργά-

2464 955 2560 1004 της
2596 938 2813 1004 δόκιμος
2850 934 3147 1001 ἀναφανείη
3170 970 3185 993 ,
3222 933 3321 981 οὐκ
3350 929 3416 980 ἀν
3447 927 3653 995 ἀμείνω
3679 927 3777 993 τῆς
3805 923 3899 975 νῦν
3931 940 4006 974 σοι

2467 1030 2592 1097 παρ’
2619 1014 2773 1096 ἡμῶν
2810 1023 3230 1094 προτεινομένης
3256 1019 3445 1087 ὀφθείη
3468 1016 3781 1086 εύράμενος.
3825 1008 3884 1065 ὐ
3918 1015 4008 1079 μὲν

2467 1119 2832 1187 ἀδικούμενος,
2870 1114 3008 1183 ὑπὲρ
3035 1107 3099 1166 οὗ
3134 1110 3438 1182 πρεσϐεύω,
3476 1107 3582 1159 τῶν
3616 1105 3780 1174 μήπω
3813 1104 3911 1172 μέν
3934 1114 4011 1151 σοι

2468 1209 2819 1278 ἐγνωσμένων
2868 1206 2982 1259 ἐστὶ
3002 1222 3015 1234 ·
3049 1203 3296 1272 λαμπρὸν
3326 1202 3382 1254 δέ
3407 1200 3467 1252 τὸ
3497 1197 3700 1251 δίκαιον
3732 1196 3870 1263 ἔχει’
3907 1197 3934 1245 ὁ
3962 1192 4011 1242 δὲ

2469 1302 2602 1370 πρὸς
2629 1301 2686 1352 ὃν
2715 1302 2747 1368 ἠ
2785 1299 2929 1367 δίκη,
2959 1297 3107 1365 φίλος
3156 1296 3217 1346 τέ
3248 1296 3363 1346 ἐστι
3396 1292 3486 1345 καὶ
3518 1291 3682 1359 πένης
3703 1327 3718 1351 ,
3764 1288 3859 1339 καὶ
3910 1284 4012 1336 οὐδ’

2469 1393 2575 1445 ἀπὸ
2600 1393 2796 1452 κακίας
2831 1390 2979 1451 τσως,
3005 1388 3117 1440 ἀλλ’
3145 1387 3202 1451 ἐξ
3232 1385 3465 1453 ἀπορίας
3490 1384 3589 1451 ὁρᾷ
3621 1378 3753 1448 πρὸς
3786 1380 3877 1429 τὸν
3912 1377 4016 1427 ἀοι-

2471 1499 2582 1534 κον.
2613 1483 2683 1534 Σὺ
2712 1482 2766 1533 δὲ
2799 1480 2891 1532 καλ⁸
2927 1478 3116 1546 κριτὴς
3147 1517 3162 1540 ,
3188 1476 3279 1527 καὶ
3308 1474 3539 1542 τρόπους
3575 1469 3835 1540 χρηστὸς,
3870 1468 3963 1517 καὶ
3991 1465 4016 1514 ὃ

826 1572 879 1615 et
933 1564 1070 1631 quod
1106 1575 1328 1632 utroque
1358 1579 1463 1616 non
1499 1574 1581 1616 est
1613 1564 1810 1623 minus,
1860 1573 2138 1629 utramque
2198 1562 2367 1613 virtu-
2402 1576 2441 1628 Β
2478 1590 2499 1640 ι,

2343 1589 2367 1599 ··
2402 1576 2441 1628 Β
2478 1572 2599 1641 μηδ’
2640 1570 2826 1640 ἐτέρου
2873 1570 3112 1629 ἔλαττον,
3164 1564 3446 1631 ἐκατέραν,
3490 1561 3597 1612 τῶν
3639 1557 3846 1627 ἀρετῶν
3879 1554 4015 1618 λαμ-

827 1662 933 1706 tem
990 1654 1300 1708 illustrando
1354 1656 1689 1723 dispositus:
1732 1655 1900 1707 Deum
1958 1655 2143 1716 habes,
2174 1652 2264 1720 qui
2319 1661 2368 1706 te

830 1743 1031 1796 divitiis
1100 1744 1563 1797 circumﬂuentem
1622 1745 1878 1806 custodit,
1940 1758 2038 1795 nec
2107 1742 2371 1795 custodiet

827 1842 1057 1895 tantum,
1115 1834 1229 1895 sed,
1273 1843 1332 1886 ut
1371 1835 1461 1901 qui
1505 1834 1783 1887 veritatem
1825 1834 2047 1902 prodere
2076 1849 2180 1886 non
2215 1833 2367 1898 solet,

824 1932 1041 1989 propter
1106 1922 1486 1975 misericordia:
1532 1922 1771 1975 actiones
1828 1932 1966 1987 tuas,
2015 1923 2227 1975 easdem
2274 1923 2369 1976 tibi

826 2012 1188 2065 aceumulabit
1220 2014 1628 2068 redundantius.
1684 2014 1960 2078 Quomodo
2000 2013 2119 2082 quis
2164 2012 2372 2082 pericli-

826 2101 955 2155 tanti
991 2103 1160 2156 amico
1212 2104 1504 2157 secundum
1565 2105 1705 2173 leges
1736 2104 2035 2157 dilectionis
2052 2119 2191 2156 verae
2212 2103 2369 2155 ades-

827 2208 885 2247 se
918 2194 1111 2261 poterit
1141 2195 1162 2245 ?
1198 2206 1250 2247 et
1283 2194 1529 2262 injuriam
1581 2210 1735 2263 passo
1770 2196 1904 2248 alter
1927 2196 2142 2268 justitizr
2186 2195 2372 2252 oculus

827 2286 1001 2343 factus
1036 2301 1250 2343 manum
1281 2289 1513 2360 porrigat
1550 2288 1957 2354 auxiliatricem,
1992 2292 2033 2343 si
2076 2301 2134 2343 ut
2156 2298 2268 2344 tute
2292 2290 2372 2344 fe-

829 2382 946 2435 cisti
976 2390 1029 2433 et
1060 2393 1203 2435 recte
1234 2383 1501 2443 ineedisti,
1564 2382 1705 2450 quod
1754 2398 2028 2451 speramus
2062 2381 2202 2449 (spes
2230 2381 2371 2433 enim

829 2488 916 2527 me
950 2474 1183 2525 futurum
1227 2482 1473 2542 tanquam
1517 2487 1753 2542 pmsens
1804 2472 2000 2525 intueri
2030 2471 2200 2540 facit),
2230 2472 2373 2539 inju-

829 2562 960 2614 riam
988 2579 1144 2632 passo
1189 2564 1435 2631 injuriam
1466 2564 1727 2616 resarciet
1755 2582 1767 2614 :
1802 2563 2030 2615 amicum
2054 2576 2200 2625 vero,
2229 2560 2370 2613 domi

830 2652 1066 2706 debitum
1095 2653 1337 2706 amicitia:
1377 2654 1676 2716 continens,
1724 2668 1752 2704 a
1800 2652 2037 2705 faciendo
2085 2651 2368 2703 liberabis:

832 2741 967 2797 Vide
1020 2753 1195 2796 autem
1266 2754 1323 2797 ut
1376 2760 1461 2797 res
1536 2745 1643 2807 illa,
1691 2745 1755 2797 ad
1798 2759 1955 2812 quam
1979 2754 2029 2796 te
2076 2742 2371 2807 hortamur,

830 2849 951 2887 cum
980 2834 1047 2888 sit
1075 2836 1250 2895 unica,
1286 2845 1338 2889 et
1378 2836 1482 2889 duo
1532 2836 1621 2888 tibi
1657 2835 1751 2887 ista
1780 2844 2187 2902 reprarscntans,
2223 2834 2374 2887 testi-

831 2926 1069 2977 monium
1105 2926 1322 2988 reddat,
1364 2936 1417 2978 et
1455 2926 1620 2977 amori
1668 2925 1837 2986 diviti,
1895 2934 1949 2977 et
1983 2924 2200 2991 jllSlllliB
2239 2924 2375 2976 invi-
2402 2906 2444 2963 (ἶ

832 3026 950 3079 cur,
980 3016 1215 3082 cujusvis
1281 3027 1333 3067 et
1374 3015 1713 3084 pulchritudo
1749 3016 1800 3066 in
1855 3024 1905 3066 te
1946 3014 2191 3067 relucens
2238 3015 2377 3067 cele-

834 3105 1066 3159 berrime
1122 3121 1217 3173 per
1289 3115 1450 3158 totam
1511 3106 1670 3157 vitam
1756 3104 2270 3171 prtedicabiturzita
2323 3114 2379 3158 ut

835 3197 1181 3265 archetypum
1265 3206 1315 3249 te
1377 3208 1430 3249 et
1502 3196 1801 3264 exemplum
1859 3204 2074 3263 prmstet
2134 3196 2384 3249 virtutem

836 3288 1137 3340 amantibus
1167 3288 1461 3340 imitatione
1474 3287 1709 3355 dignum,
1743 3286 1952 3353 etquod
1973 3285 2258 3338 maximum
2281 3294 2383 3339 est.

838 3375 981 3428 inter
1018 3376 1155 3428 bona
1186 3390 1302 3442 quae
1324 3376 1586 3427 nominari
1612 3386 1835 3441 queunt,
1856 3383 2013 3442 atque
2033 3384 2192 3441 caput
2217 3377 2382 3441 :quod

839 3465 1087 3516 caelestes
1151 3472 1329 3530 portas
1358 3466 1461 3516 hoc
1513 3464 1606 3515 tibi
1646 3462 1937 3529 adaperiet,
1974 3462 2037 3515 ad
2078 3462 2384 3531 ingredien-

839 3556 965 3606 dum
1000 3554 1396 3607 immaculatum
1460 3563 1515 3605 et
1567 3552 1774 3605 felicem
1852 3553 2144 3604 thalamum
2196 3552 2386 3605 divinae

837 3656 1049 3698 uerna:
1072 3643 1360 3703 fruitionis.
1378 3658 1443 3696 eo
1466 3642 1802 3705 transmisso,
1833 3641 1985 3710 cujus
2014 3639 2264 3694 fruitione
2280 3641 2388 3695 cla—

838 3738 1013 3791 ritatis
1036 3737 1135 3790 sim
1162 3751 1259 3806 ego
1285 3737 1494 3806 dignus.

1391 3847 1603 3903 EPIST.
1654 3845 1769 3902 LV.‘

1496 3936 1699 3993 Eidem.

2012 4024 2272 4072 Montacut.
2301 4023 2386 4082 (ep

909 4134 1216 4196 Declarasti,
1252 4142 1511 4202 quantum
1561 4140 1615 4185 et
1643 4132 1910 4194 amicitiae,
1944 4140 1997 4185 et
2042 4131 2261 4200 justitia:
2293 4128 2387 4183 tri-

838 4231 1001 4290 buas,
1064 4227 1147 4280 vir
1206 4235 1593 4285 consummate,
1647 4222 1942 4293 praesertim
1986 4237 2107 4274 cum
2143 4230 2218 4273 tot
2251 4236 2390 4288 prm-

839 4317 1175 4373 terﬂuxerint
1212 4314 1609 4385 generationes,
1638 4314 1690 4365 in
1722 4313 1916 4379 quibus
1946 4312 2150 4364 nullum
2188 4310 2388 4362 utrius-

840 4410 971 4463 libet
999 4420 1176 4461 actum
1227 4408 1495 4459 sincerum
1548 4405 1839 4457 viderimus
1876 4421 1889 4455 :
1928 4418 2026 4472 ego
2080 4411 2223 4455 certe
2266 4416 2389 4454 cum

838 4501 908 4552 ob
952 4498 1299 4557 celeritatem,
1332 4506 1443 4547 tum
1486 4496 1556 4548 ob
1606 4493 2022 4563 magnitudinem
2088 4493 2240 4545 istius
2312 4490 2389 4543 rei

839 4587 1037 4655 Optime
1086 4594 1244 4654 gestae
1301 4585 1501 4651 gaudeo
1547 4601 1560 4634 :

843 4677 995 4729 tione
1032 4675 1306 4737 desistam,
1338 4674 1461 4742 quia
1490 4674 1792 4740 priusquam
1843 4672 2029 4724 litteris
2058 4671 2385 4738 explorarent

841 4783 907 4819 an
936 4767 1192 4819 molestus
1254 4765 1349 4817 tibi
1377 4778 1575 4825 essem,
1614 4771 1819 4816 tantum
1841 4762 2088 4830 dignatus
2150 4775 2207 4813 es
2250 4759 2381 4812 mihi

840 4858 1131 4911 attribuere
1186 4874 1199 4908 :
1259 4854 1311 4906 in
1365 4852 1636 4922 praesenti,
1672 4853 1805 4905 adeo
1856 4851 2068 4905 attollor
2104 4860 2157 4902 et
2199 4849 2388 4901 allatus

841 4946 1049 5007 incedo,
1104 4945 1172 4998 ob
1232 4943 1700 5012 promptitudinem
1744 4942 1957 5010 optima:
2002 4949 2103 4993 tuae
2138 4941 2388 4993 volunta-

851 5038 917 5090 tis
950 5054 964 5089 :
1008 5046 1061 5088 et
1095 5038 1146 5088 in
1173 5047 1383 5089 tantum
1410 5036 1603 5087 efIcror
1650 5034 1718 5086 ob
1755 5044 1931 5085 actum
1978 5032 2132 5100 plane
2158 5030 2388 5083 admira-

843 5125 1023 5185 bilem.
1044 5126 1161 5177 sine
1194 5125 1297 5176 ulla
1334 5124 1699 5185 excusatione,
1724 5121 1863 5189 quod
1897 5131 2189 5181 verear,ne
2209 5116 2389 5184 plures

844 5215 938 5267 tibi
986 5216 1118 5267 tales
1159 5215 1456 5267 ministrent
1507 5212 1849 5272 occasiones,
1897 5210 2037 5262 unde
2102 5217 2156 5259 et
2216 5222 2385 5258 meam

845 5304 1063 5372 gratiam
1092 5304 1472 5371 multiplicabo,
1506 5314 1559 5355 et
1609 5310 1753 5354 tuam
1805 5302 2053 5353 virtutem
2078 5296 2292 5350 reddam
2324 5295 2388 5346 il-

846 5394 1147 5447 lustriorem
1182 5404 1272 5447 :et
1313 5410 1406 5463 pro
1432 5410 1515 5457 eo,
1545 5394 1688 5462 quod
1720 5393 1936 5446 videbor
1986 5392 2271 5449 molesws,
2321 5400 2386 5438 ne

846 5499 1039 5551 parcus
1088 5485 1321 5537 nimium,
1351 5486 1465 5547 tibi,
1518 5488 1656 5552 quod
1704 5484 1981 5537 molestum
2006 5485 2108 5536 erit
2132 5485 2263 5536 mihi
2290 5524 2302 5546 ,
2335 5492 2386 5536 te

846 5577 1040 5644 judice,
1082 5591 1322 5629 censear.
1364 5576 1467 5629 Sed
1521 5578 1633 5628 vale
1665 5576 1715 5627 in
1741 5575 1984 5638 Domino,
2021 5574 2224 5627 etiamsi
2247 5575 2386 5643 apud

849 5669 1041 5733 ipsum,
1082 5667 1278 5719 multas
1309 5666 1570 5732 ejusmodi
1604 5666 1838 5718 actiones
1872 5664 2169 5725 inveniens,
2200 5666 2385 5732 etglo-

850 5752 981 5803 riam
1021 5752 1108 5804 tibi
1144 5768 1235 5819 per
1273 5753 1394 5805 vita:
1422 5768 1633 5805 cursum
1679 5753 1977 5820 acquircns,
2016 5768 2099 5806 me
2170 5754 2386 5809 minime

852 5851 1095 5909 captante
1116 5842 1555 5910 experimentum.

2470 1662 2620 1730 πρῶς
2653 1658 3035 1721 ἐπιδείξασθαι⁸
3069 1656 3157 1708 τὸν
3182 1655 3309 1707 Θεὸν
3341 1653 3479 1720 ἔχεις
3509 1652 3565 1701 ἐν
3597 1648 3824 1715 ἀφθονίᾳ⁵
3854 1643 4015 1694 πλού-

2470 1767 2559 1802 του
2590 1749 2678 1800 τὸν
2708 1746 2820 1811 βίον
2856 1746 3163 1813 συνέχοντα·
3186 1743 3243 1794 ού
3280 1741 3565 1809 συνέχοντα
3590 1736 3644 1788 δὲ
3678 1735 3857 1802 μόνον.
3889 1730 4018 1783 ἀλλά

2470 1840 2560 1892 καὶ
2582 1839 2679 1891 οὐκ
2707 1838 2771 1890 ἂν
2803 1836 3057 1904 σφαλείην
3081 1830 3178 1901 τῆς
3206 1830 3459 1899 ἀληθείας
3483 1867 3497 1893 ,
3528 1827 3613 1879 διά
3644 1825 3740 1886 τάς
3773 1822 3859 1875 ἐπ’
3889 1821 4019 1888 ἐλέῳ

2471 1948 2563 1982 σου
2591 1928 2809 2000 πράξεις
2851 1928 2936 1997 ἴσῃ
2968 1922 3251 1995 προσθήκῃ
3283 1921 3467 1974 τοῦτον
3500 1918 3597 1987 ήδη
3639 1914 4017 1976 πλεονάζοντα.

2471 2021 2591 2083 Πῶς
2619 2020 2683 2073 ἀν
2710 2036 2792 2082 τις
2830 2019 2921 2070 καὶ
2952 2019 3027 2083 τῷ
3058 2013 3194 2084 φίλῳ
3220 2008 3581 2065 κινδυνεύοντι
3614 2006 3749 2061 κατά
3780 2006 3905 2069 τους
3938 2008 4022 2057 νό-

2473 2130 2601 2181 μους
2668 2112 2765 2179 τῆς
2810 2110 2883 2171 ώς
2928 2105 3159 2176 ἀληθοῦς
3210 2104 3429 2171 ἀγάπης
3477 2101 3751 2173 βοηθήσῃ;
3803 2101 3898 2153 καὶ
3948 2097 4022 2167 τῷ

2470 2202 2801 2276 ἀδικουμένῳ
2836 2202 2988 2273 δίκης
3029 2195 3188 2264 ἄλλος
3232 2194 3504 2267 ὁςξθαὶμὺς
3535 2196 3821 2263 γενόμενος
3866 2195 4023 2262 χεῖρα

2470 2299 2754 2367 ἐπίκουρον
2800 2293 3106 2363 προτείνοι·
3142 2295 3189 2343 εἰ
3242 2288 3426 2359 ὥσπερ
3474 2286 3538 2340 σὺ
3589 2284 4022 2353 διαπραξάμενος

2472 2388 2567 2441 καὶ
2600 2385 2945 2456 κατορθώσας
2973 2425 2987 2449 ,
3017 2383 3151 2452 ὅπερ
3187 2380 3442 2448 ἀξιοῦμεν
3477 2378 3645 2447 (ἐλπὶς
3677 2378 3781 2446 γάρ
3818 2394 3885 2445 με
3917 2417 3934 2441 ,
3967 2374 4023 2427 τὴ

2475 2478 2661 2547 μέλλον
2689 2476 2762 2538 ώς
2798 2472 2967 2543 παρὸν
2991 2472 3217 2545 ὁρῶσα),
3240 2469 3379 2522 οὕτω
3401 2470 3575 2535 λέγειν
3602 2466 3882 2519 ἀναπείθει
3907 2507 3921 2526 ,
3951 2464 4025 2532 τῷ

2475 2569 2571 2636 μὲν
2613 2566 2917 2634 ἀδικηθέντι
2963 2564 3022 2616 τὸ
3050 2563 3289 2631 ἀδίκημα
3334 2558 3801 2625 ἀποκαταστήσει·
3836 2556 3928 2607 τὸν
3972 2555 4027 2607 δὲ

2472 2659 2642 2723 φίλον,
2690 2656 2900 2708 οἴκοθεν
2931 2652 3235 2713 κατατιθεὶς
3270 2651 3330 2702 τὸ
3358 2649 3622 2717 ὀφείλημα
3656 2649 3751 2715 τῆς
3794 2646 4023 2713 εἰσπρα-

2474 2750 2628 2815 ξεως,
2668 2745 3037 2815 ἐλευθερώσει’
3064 2746 3155 2795 καὶ
3185 2743 3284 2814 ὅρα
3316 2740 3390 2802 ώς
3428 2741 3460 2808 ἡ
3491 2740 3714 2807 πρᾶξις,
3746 2739 3831 2804 ἐφ’
3866 2738 3933 2804 ἦν
3969 2751 4025 2786 σε

2474 2837 2915 2909 παρακαλοῦμεν,
2964 2835 3060 2904 μία
3103 2831 3237 2885 οὖσα
3285 2830 3502 2883 καὶδύο
3544 2830 3711 2881 ταύτά
3744 2845 3825 2879 σοι
3874 2844 4026 2893 περι·

2478 2931 2701 2983 ποιοῦσα
2723 2969 2737 2991 ,
2770 2927 3178 2997 προσμαρτυρεῖ
3202 2924 3423 2991 ἀγάπης
3452 2920 3676 2973 πλοῦτον
3712 2920 3804 2969 καὶ
3830 2919 4029 2969 δικαιο-

2479 3024 2641 3091 σύνης
2692 3021 2901 3088 ἄμαχον
2952 3017 3125 3085 ἰσχὺν,
3168 3017 3260 3066 καὶ
3313 3013 3470 3065 καλὸν
3515 3011 3589 3079 τῷ
3640 3010 3735 3078 βίῳ
3786 3010 4028 3076 διήγημα

2481 3110 2895 3178 ἐγκαινίςουσα,
2945 3105 3248 3176 ἀρχέτυπόν
3309 3122 3367 3155 σε
3417 3106 3528 3165 τοῖς
3579 3102 3885 3169 φιλαρέτοις
3936 3098 4029 3149 καὶ

2483 3201 2835 3269 ἀξιοζήλωτον
2857 3198 3135 3264 ἐπεισάγει
3165 3195 3532 3264 παράδειγμα,
3564 3194 3655 3243 καὶ
3682 3192 3742 3242 τὺ
3777 3190 4029 3258 μέγιστον

2485 3293 2576 3343 καὶ
2623 3291 2730 3342 τῶν
2776 3289 2945 3342 ἀλλων
2979 3288 3229 3341 ἀπάντων
3257 3287 3357 3338 ὅσα
3411 3302 3493 3346 τις
3521 3282 3697 3348 ἀγαθά
3746 3281 3839 3332 καὶ
3890 3281 4031 3331 εἴποι

2487 3381 2577 3432 καὶ
2605 3380 2939 3447 ἐπινοήσοιτο
2978 3376 3287 3443 κεφάλαιον,
3333 3376 3411 3426 ὅτι
3436 3373 3531 3434 τάς
3557 3372 3832 3440 οὐρανίους
3861 3370 4032 3430 πύλας

2483 3471 2618 3537 αὕτη
2672 3472 2949 3537 ὑπανοίγει
2991 3487 3071 3522 σοι
3098 3510 3111 3531 ,
3145 3468 3278 3538 πρὸς
3311 3466 3401 3518 τὸν
3432 3463 3665 3533 καθαρὸν
3698 3466 3899 3515 ἐκεῖνον
3938 3460 4032 3514 καὶ

2487 3562 2749 3628 μακάριον
2771 3558 3007 3627 θάλαμον
3030 3562 3127 3627 τῆς
3156 3558 3303 3618 θείας
3332 3558 3425 3607 καὶ
3452 3554 3617 3606 ἀῖδίου
3646 3538 3992 3610 ἀπολαύσεως
4012 3590 4028 3613 ,

2486 3648 2621 3716 μετά
2670 3648 2867 3716 πολλῆς
2917 3648 3313 3719 προπέμπουσα
3360 3639 3465 3714 (ἦς
3516 3645 3630 3705 πῶς
3653 3643 3718 3695 ἂν
3742 3640 4031 3709 ἀξιωθείην

2485 3737 2653 3805 ἔγωγε
2670 3755 2685 3803 ;
2706 3737 2724 3805 )
2756 3737 3120 3808 φαιδρότητος.

3064 3849 3282 3904 ΕΠΙΣΤ.
3318 3850 3442 3904 NE'.

3110 3939 3197 4005 Τῷ
3228 3940 3408 4005 αὐτῷ.

2392 4058 2401 4068 .
2431 4022 2534 4085 190,
2570 4039 2681 4088 pag.
2720 4028 2852 4088 288.)

2553 4132 2794 4198 Ἐδειξας
2833 4136 2911 4198 είς
2947 4136 3068 4189 ὅσον
3103 4138 3227 4206 ἥκει
3278 4137 3371 4190 καὶ
3407 4136 3584 4205 φιλίας
3628 4135 3723 4188 καὶ
3759 4135 4023 4187 δικαιοσύ.

2484 4241 2579 4292 νης
2609 4225 2642 4293 ἡ
2674 4224 2739 4293 σὴ
2766 4223 3030 4293 τελειότης
3057 4227 3150 4279 καὶ
3180 4226 3299 4278 τότε
3331 4226 3540 4292 γενεαῖς
3564 4224 3837 4283 τοιαύταις
3866 4225 3923 4273 ἐν
3948 4220 4031 4285 αἷς

2482 4315 2589 4367 οὐδ’
2621 4315 2809 4383 ἐτέρας
2834 4316 3030 4379 αὐτῶν,
3058 4316 3174 4368 οὐδὲ
3201 4317 3299 4385 τὴν
3329 4315 3529 4386 συνήθη
3562 4314 3757 4381 πρᾶξιν
3789 4314 4032 4381 καθαρὰν

2485 4407 2715 4475 ὁρῶμεν.
2750 4410 2856 4460 Καὶ
2882 4409 3056 4475 ἔγωγε
3085 4410 3176 4460 ἐπὶ
3208 4409 3476 4471 τοσοῦτον,
3508 4408 3599 4459 καὶ
3629 4407 3706 4475 τῷ
3740 4408 3914 4473 τάχει,
3943 4408 4034 4457 καὶ

2486 4497 2561 4564 τῷ
2593 4497 2875 4565 μεγαλείῳ,
2906 4499 3079 4567 χαίρω
3113 4497 3207 4549 τοῦ
3233 4496 3669 4565 κατορθώματος,
3702 4497 3797 4547 καὶ
3830 4497 4032 4565 χαίρων

1614 4597 1714 4635 nec
1759 4582 1986 4650 gaudere
2009 4596 2127 4633 cum
2157 4579 2390 4632 exsulta-
2422 4607 2465 4660 ο
2491 4588 2550 4638 οὺ
2584 4588 2731 4654 λήγω
2767 4588 2865 4656 τῆς
2918 4588 3283 4654 ἀγαλλιάσεως

2358 4606 2390 4630 ι·
2422 4607 2465 4660 ο
2491 4588 2550 4638 ού
2584 4588 2731 4654 λήγω
2767 4588 2865 4656 τῆς
2918 4588 3283 4654 ἀγαλλιάσεως
3308 4629 3323 4653 ,
3371 4588 3451 4640 ὅτι
3500 4589 3627 4656 πρὶν
3677 4588 3774 4657 μὲν
3808 4589 4031 4657 γράφων

2491 4680 2849 4747 ἐσκοπούμην,
2868 4680 2939 4747 μή
2962 4697 3072 4741 πως
3100 4679 3205 4747 ἄρα
3220 4679 3445 4747 ὀχληρός
3471 4695 3551 4729 σοι
3572 4678 3726 4741 δόξω,
3756 4680 3835 4741 είς
3852 4678 4032 4730 τοιαύ-

2485 4784 2581 4827 τας
2644 4769 2800 4830 εὐθὺς
2848 4768 3147 4821 ἀναὸαίνων
3195 4768 3465 4831 ἀξιώσεις.
3504 4767 3616 4819 Νῦν
3647 4769 3690 4820 δ’
3730 4767 3905 4830 οὕτως
3942 4770 4031 4819 ἀν-

2488 4858 2798 4927 επτέρωμαι
2828 4860 2917 4910 καὶ
2946 4859 3214 4927 μετέωρος
3245 4860 3360 4919 ὅλος
3390 4860 3503 4928 είμὶ
3528 4858 3606 4926 τῷ
3642 4858 3908 4927 προθύμῳ
3938 4858 4033 4924 τῆς

2486 4948 2709 5015 ἀρίστης
2734 4947 2951 5016 γνώμης
2976 4986 2990 5009 .
3028 4949 3119 4999 καὶ
3162 4949 3551 5018 ἀπροφασίστῳ
3599 4952 3698 5015 τῆς
3726 4948 4029 5014 θαυμασίου

2490 5054 2579 5087 σου
2612 5037 2856 5105 πράξεως
2896 5039 3285 5107 ἐπαιρόμενος,
3336 5040 3415 5091 ὅτι
3456 5039 3663 5090 δέδοικα
3715 5040 3789 5105 μὴ
3834 5039 4031 5099 πολλᾶς

2488 5129 2623 5195 ἔχων
2651 5146 2730 5181 σοι
2761 5130 3007 5191 τοιαύτας
3053 5132 3343 5200 προσάγειν
3375 5129 3653 5182 ὑποθέσεις
3674 5170 3688 5192 ,
3725 5130 3793 5181 δι’
3817 5124 3894 5181 ὧν
3940 5131 4031 5183 καὶ

2488 5222 2581 5288 τὴν
2616 5221 2750 5288 ἐμὴν
2790 5221 2961 5290 χαρὰν
2990 5221 3425 5285 πολυπλασιάσω,
3461 5221 3554 5272 καὶ
3582 5222 3679 5287 τὴν
3712 5222 3807 5286 σὴν
3832 5222 4030 5290 ἀρετὴν

2486 5312 2865 5379 λαμπροτέραν
2920 5313 3207 5374 ἐπιδείξω·
3272 5314 3391 5365 ἀντὶ
3440 5312 3530 5363 τοῦ
3581 5312 3753 5363 δοκεῖν
3804 5312 4029 5382 ὀχληρξς

2486 5396 2643 5465 εἶναι,
2680 5402 2751 5469 μὴ
2783 5401 3095 5467 ἀφιλόκαλος
3123 5443 3136 5466 ,
3176 5404 3265 5454 καὶ
3312 5403 3429 5454 τότε
3459 5402 3605 5469 παρά
3633 5404 3717 5453 σοὶ
3760 5408 3921 5471 κριτῇ
3970 5420 4028 5467 γε

2488 5490 2580 5555 (τὸ
2632 5489 2965 5560 βαρύτατον)
3020 5493 3349 5561 νομισθείην.
3400 5493 3538 5544 Ἀλλ’
3581 5487 3789 5561 [ptimo
3837 5511 3925 5559 μοι
3974 5495 4030 5543 ἐν

2487 5580 2691 5648 Κυρίῳ,
2720 5581 2823 5633 κᾶν
2848 5582 2919 5650 μὴ
2950 5583 3326 5653 δοκιμάζωμεν
3353 5586 3533 5651 ἡμεῖς,
3565 5585 3720 5645 acta;
3745 5584 3813 5635 δι’
3834 5583 4023 5637 ἑαυτοῦ

2486 5668 2682 5730 πολλὰς
2721 5670 2965 5733 τοιαύτας
3017 5674 3346 5741 ἀνευρίσκων
3396 5673 3617 5743 πράξεις
3668 5675 3758 5725 καὶ⁵
3809 5674 4027 5735 ταύταις

2487 5758 2984 5829 ἐλλαμπρυνὸμενος
3010 5762 3093 5815 διὰ
3129 5763 3260 5831 βίου.
