4236 6436
233 359 337 421 965

827 462 1051 515 eum.
1090 459 1235 529 th

396 553 662 623 Θεοφίλῳ
719 552 1070 619 ἁσπαθαρίῳ
1102 554 1199 610 καί
1233 555 1631 619 σακελίαρίῳ.

1372 352 1905 415 EPISTOLARUM
1940 352 2163 413 LIBER
2199 352 2314 411 III.

3361 352 3467 415 966

2501 458 2713 513 EPIST.
2746 457 2879 513 LVI.

2190 551 2460 620 Theophila
2488 551 2793 619 aspathario
2828 559 2877 603 et
2910 550 3201 607 sacellnrio.

1459 647 1721 696 Montacut.
1758 649 1862 710 (ep.
1900 648 2005 705 193,
2032 660 2083 709 p.
2109 646 2243 709 292).

306 741 381 793 Τὸ
407 742 503 811 μὲν
524 741 678 809 δίκην
705 740 955 793 ἀπαιτεῖν
969 741 1059 793 τὸν
1087 740 1401 811 ἠδικηκότα,
1422 742 1757 813 ἀνθρώπινον
1779 762 1792 775 ·

234 833 296 883 τὺ
323 833 379 885 δὲ
420 833 493 900 μὴ
525 832 849 899 ἀμύνεσθαι,
890 832 1175 900 φιλόσοφον
1202 848 1214 860 ·
1267 833 1327 884 τὸ
1354 832 1410 884 δὲ
1440 836 1533 885 καὶ
1574 834 1790 903 εὐεργεο

237 923 383 982 σίαις
437 921 781 991 ἀμείϐεσθαι,
829 923 1012 976 λοιπὸν
1041 924 1139 993 ἤδη
1175 924 1315 976 θεῖον
1344 940 1357 954 ⁸
1419 924 1512 977 καὶ
1554 927 1797 995 μιμητὰς

234 1013 329 1063 τοῦ
364 1014 421 1063 ἐν
483 1012 730 1081 οὐρανοῖς
762 1015 966 1084 πατρὸς
1020 1016 1144 1078 τοὺς
1175 1019 1427 1087 γηγενεῖς
1477 1018 1791 1085 ἀποφαῖνον.

237 1103 313 1154 Τὸ
354 1103 536 1172 μέντοι
586 1105 782 1173 χειρῶν
809 1107 996 1174 ἄρχειν
1017 1106 1237 1173 ἀδίκων,
1267 1107 1391 1160 ἐπεὶ
1414 1108 1594 1178 χώραν
1612 1111 1666 1159 ἐν
1688 1110 1800 1169 τοῖς

235 1193 546 1263 εἰρημένοις
577 1193 831 1262 οὐδεμίαν
861 1193 994 1262 ἔχει,
1032 1195 1065 1263 ἢ
1099 1193 1301 1266 θηρίων
1352 1196 1643 1266 πάντως,ἢ
1683 1196 1797 1248 δαι-

238 1285 417 1353 μόνων
432 1285 627 1352 πρᾶξιν
657 1284 963 1353 ἐμφανίζει,
992 1285 1093 1337 κᾶν
1121 1286 1459 1356 ἀνθρώπινον
1494 1286 1580 1356 εἴη
1615 1287 1801 1356 σχῆμα

238 1376 605 1446 περιδεδυκὼς
638 1378 666 1428 ὁ
694 1376 926 1446 πράξας.
986 1377 1277 1446 Τεσσάρων
1304 1377 1396 1430 οὖν
1441 1380 1801 1449 χαρακτήρων

237 1472 358 1530 ταῖς
389 1469 656 1539 πράξεσιν
683 1469 1150 1539 ἐνθεωρουμένων,
1185 1470 1345 1532 αὐτὸς
1396 1470 1533 1522 κατὰ
1578 1470 1802 1523 σεαυτὸν

235 1560 330 1612 τὸν
358 1560 606 1628 προσφυῆ
628 1559 797 1611 τύπον
824 1564 889 1629 τῇ
914 1562 1025 1612 νυνί
1054 1577 1147 1613 σου
1178 1560 1370 1631 πράξει
1391 1562 1760 1631 περιαρμόσας
1782 1578 1796 1592 ·

238 1647 358 1703 εἶτα
410 1651 642 1704 κατιδὼν
690 1651 814 1722 ὕψη,
850 1653 949 1703 κᾶν
1014 1652 1170 1714 ἄλλος
1228 1669 1308 1703 σοι
1360 1652 1435 1721 μὴ
1466 1651 1795 1703 ὑποδεικνὸει

241 1740 370 1809 (φεῦ
408 1740 500 1793 τοῦ
553 1741 829 1809 αἰσχίστου
883 1740 1199 1810 θεάματοςί)
1228 1743 1370 1804 τίνος
1425 1740 1633 1811 σεαυτῷ
1686 1743 1797 1804 τοῖς

239 1830 423 1901 ἔργοις
448 1831 769 1900 διεκόλαψας
792 1832 997 1885 είκόνα.

831 1944 1054 1998 ΕΠΙΣΤ.
1080 1944 1200 1997 ΝΖ’.

252 2032 424 2102 Ἠλίᾳ
470 2034 817 2103 ἁσπαθαρίφ
862 2034 961 2088 καὶ
990 2035 1353 2105 δρουγγαρίῳ
1384 2038 1489 2091 τοῦ
1516 2040 1792 2108 πλοΐμου.

1961 742 2247 797 Actionem
2277 740 2560 795 instituere
2584 747 2773 793 contra
2800 736 3140 806 iniustitiam,
3170 752 3462 793 numanum

1896 843 1979 890 cst
2044 849 2201 889 :non
2254 834 2464 898 ulcisci,
2524 830 2959 903 pltilOSOphicum
3016 838 3120 884 :at
3170 830 3464 885 benefactis

1895 939 2276 994 compensare,
2334 923 2617 977 divinum:
2668 937 2777 990 quo
2837 919 3035 982 Patris,
3084 919 3177 988 qui
3216 918 3272 973 in
3312 920 3462 973 caelis

1901 1027 2005 1081 est,
2070 1016 2269 1069 terreni
2325 1014 2573 1067 homines
2633 1013 2724 1066 ﬁlii
2763 1028 2858 1081 per
2892 1011 3247 1064 imitationem
3304 1010 3461 1063 ﬁunt.

1903 1107 2178 1162 Violentas
2233 1121 2424 1160 manus
2478 1106 2699 1173 injicere
2748 1120 2856 1156 non
2917 1111 3267 1171 provocatum
3335 1117 3459 1155 cum

1899 1199 2039 1252 inter
2074 1199 2322 1268 superius
2352 1206 2647 1250 memorata
2677 1195 2851 1248 locum
2881 1212 2989 1249 non
3024 1196 3239 1260 habeat,
3267 1196 3458 1249 bellui-

1897 1305 2021 1343 nam
2054 1299 2144 1342 aut
2192 1288 2574 1343 daamoniacam
2639 1285 2901 1338 actionem
2942 1293 3129 1337 notat:
3161 1285 3287 1338 licet
3317 1292 3463 1338 actor

1898 1382 1998 1435 sub
2047 1380 2283 1433 humana
2321 1377 2488 1446 ﬁgura
2521 1376 2704 1430 fuerit.
2767 1374 3029 1439 Quocirca
3071 1391 3191 1429 cum
3237 1384 3465 1444 quatuor

1898 1473 2004 1526 sint
2038 1486 2218 1524 rerum
2265 1478 2447 1523 noue:
2486 1477 2601 1523 tute
2642 1482 2741 1536 per
2784 1474 2954 1519 temet
3005 1465 3231 1520 formam
3261 1466 3464 1520 actioni

1902 1569 2006 1613 tute
2054 1572 2412 1628 congenerem
2468 1557 2682 1625 adapta,
2728 1570 2787 1607 re
2840 1564 3121 1625 perspecta
3176 1556 3463 1626 intelliges,

1831 1632 1874 1689 θ
1902 1652 2027 1705 Hect
2052 1652 2189 1704 alius
2221 1667 2330 1704 non
2362 1651 2688 1714 subindicet,
2717 1660 2801 1703 est
2823 1650 2965 1703 enim
2996 1650 3112 1701 visu
3147 1664 3231 1702 res
3270 1649 3463 1717 turpis.

1902 1743 2188 1813 cuiusnam
2230 1742 2521 1813 imaginem
2570 1742 2662 1796 tibi
2696 1757 2794 1810 per
2836 1756 2998 1811 opera
3048 1751 3137 1794 tua
3168 1740 3466 1811 insculpse-

1902 1834 1999 1889 ris.

2430 1944 2641 1999 EPIST.
2680 1944 2837 2001 LVII.

2105 2039 2274 2094 Helix
2302 2040 2626 2108 aspathario,
2656 2051 2704 2092 et
2733 2040 3016 2108 drungano
3050 2039 3251 2107 ploimt.

1469 2130 1731 2180 Montacut.
1758 2132 1860 2194 (ep.
1890 2132 1995 2192 197,
2026 2147 2073 2195 p.
2108 2133 2239 2193 294).

316 2204 481 2261 Εἶπεν
508 2210 574 2263 ἄν
605 2227 687 2273 τις
705 2210 813 2263 τῶν
852 2212 979 2282 παρ’
1028 2212 1249 2282 Ἕλλησι
1276 2213 1475 2283 σοφῶν·
1517 2215 1587 2267 Τὸ
1612 2215 1792 2282 τάχος

234 2301 432 2367 μόνης
466 2302 673 2369 τύχης.
744 2303 883 2369 Ἐγὼ
924 2305 970 2356 δ’
1006 2303 1071 2357 ἂν
1099 2305 1285 2374 φαίην,
1315 2305 1390 2367 ὠς
1423 2306 1470 2357 εί
1526 2305 1599 2375 μὴ
1646 2307 1795 2368 θείας

241 2392 390 2443 ἐστὶν
427 2392 622 2461 ὁρμῆς,
665 2394 697 2463 ἢ
738 2396 940 2464 καιρῶν
995 2397 1260 2465 ἀνάγκης,
1315 2396 1477 2466 μόνης
1520 2398 1793 2460 ἀϐουλίας.

242 2482 554 2550 Σκέψασθαι
586 2484 667 2535 δεῖ
696 2486 982 2555 τοιγαροῦν
1028 2486 1159 2556 περὶ
1212 2480 1286 2540 ὧν
1324 2488 1537 2559 ἐπείγῃ,
1568 2489 1662 2541 καὶ
1723 2490 1797 2559 μὴ

242 2570 323 2640 τῷ
357 2577 617 2641 προπετεῖ
638 2575 737 2643 τὴν
769 2577 965 2645 πρᾶξιν
994 2577 1298 2632 πιστεῦσαι.
1332 2578 1442 2631 Καὶ
1476 2579 1582 2647 γὰρ
1613 2579 1679 2631 ἂν
1704 2580 1799 2649 μὲν

244 2665 327 2727 είς
358 2666 631 2737 συμφέρον
686 2668 944 2738 ἀποὸαίη,
974 2669 1161 2740 ὥσπερ
1215 2671 1314 2733 τὰς
1364 2670 1430 2724 ἐκ
1475 2669 1568 2722 τοῦ
1618 2670 1800 2732 τέλους

244 2756 533 2826 ὠφελείας,
560 2759 700 2813 οὕτω
728 2760 790 2831 δὴ
826 2764 919 2815 καὶ
964 2764 1057 2816 τοῦ
1104 2764 1488 2832 βουλεύσασθαι
1528 2763 1801 2833 κερδανεῖς

253 2850 382 2913 τοὺς
411 2852 665 2914 ἐπαίνους
693 2869 707 2883 ·
745 2856 810 2908 ἂν
859 2854 913 2906 δὲ
955 2856 1283 2921 τούναντίον,
1331 2855 1424 2909 τοῦ
1464 2856 1561 2927 μὲν
1613 2855 1799 2925 βεϐου-

1974 2217 2111 2270 Dixit
2146 2214 2414 2285 quispiam
2447 2212 2665 2266 Graeciae
2708 2213 3046 2280 sapientum:
3072 2213 3325 2269 Celeritas
3366 2213 3466 2267 soli

1905 2308 2129 2375 fortuna!
2177 2305 2430 2359 convenit.
2497 2301 2609 2373 Ego
2647 2301 2891 2367 dixerim,
2925 2303 3067 2372 quod
3094 2303 3136 2355 si
3182 2316 3289 2355 non
3340 2316 3368 2354 a
3394 2303 3468 2354 di-

1901 2399 2029 2450 vino
2059 2405 2205 2450 motu
2238 2395 2509 2465 procedat,
2537 2404 2630 2447 aut
2663 2393 2921 2462 temporis
2949 2392 3294 2455 necessitate,
3320 2391 3465 2445 cele-

1905 2490 2037 2543 ritas
2064 2488 2366 2543 inconsulta
2396 2495 2497 2541 est.
2524 2485 2991 2539 Considerandum
3040 2498 3164 2553 ergo
3188 2483 3316 2536 illud
3356 2492 3459 2544 est,

1904 2580 2047 2649 quod
2099 2580 2283 2645 instat,
2332 2594 2436 2634 nec
2486 2576 2895 2649 praecipitationi
2954 2590 3039 2629 res
3066 2574 3460 2639 concredenda.

1903 2670 2035 2723 Nam
2068 2668 2115 2722 si
2140 2671 2270 2723 satis
2291 2669 2571 2723 commode
2622 2667 2893 2729 inciderit,
2929 2665 3071 2735 quod
3099 2665 3307 2719 ﬁnalem
3334 2665 3465 2719 atti-

1906 2770 2001 2812 net
2045 2758 2349 2824 utilitatem,
2388 2758 2599 2812 laudem
2639 2771 2705 2810 eo
2744 2756 3112 2825 consequeris,
3156 2756 3308 2824 quasi
3376 2770 3466 2808 re-

1909 2860 2059 2904 ctum
2088 2850 2370 2904 consilium
2416 2849 2639 2919 ceperis.
2669 2849 2760 2901 Sin
2795 2858 2980 2901 contra
3022 2833 3278 2908 evenerit.
3307 2863 3465 2917 quam

246 2940 467 2993 λεῦσθαι
492 2942 598 2995 οὐδ’
629 2942 769 2996 οὕτω
797 2944 894 3014 τὴν
924 2946 1101 3015 κρίσιν
1147 2945 1479 3017 ἐξημιώθης,
1515 2945 1605 2998 τοῦ
1640 2946 1695 2998 δέ.
1741 2964 1802 3013 γε
1833 2959 1874 3015 C
1906 2958 1919 2995 ι

1787 2965 1802 2998 ε
1833 2959 1874 3015 C
1906 2942 2130 2997 consilio
2160 2952 2316 3011 capto
2358 2941 2688 3011 opinabaris,
2721 2940 2913 3008 judicii
2944 2940 3327 2993 detrimentum
3354 2955 3460 2993 non

254 3032 329 3101 μὴ
362 3033 706 3101 ὡφελεῖσθαι,
741 3036 768 3087 ὃ
803 3037 1054 3105 μέγιστόν
1105 3041 1250 3091 ἐστιν
1299 3041 1353 3092 ἐν
1386 3041 1522 3093 πᾶσι
1554 3041 1666 3103 τοῖς
1693 3058 1805 3093 τοι-

250 3123 425 3187 ούτοις
450 3127 815 3195 παραμύθιον,
843 3130 901 3179 οὐ
934 3129 1128 3181 σαυτὸν
1157 3131 1397 3201 αἰτιάσῃ.

840 3300 1060 3354 ΕΠΙΣΤ.
1104 3301 1239 3356 ΝΗ’.

595 3393 809 3462 Σεργίῳ
843 3394 1189 3463 ἁσπαθαρίῳ
1220 3395 1477 3449 ἀδελφῶ.

1903 3034 1982 3088 sic
2036 3035 2262 3098 subibis,
2316 3050 2419 3088 nec
2475 3034 2614 3102 quod
2652 3034 2942 3086 utilitatem
2992 3049 3101 3086 non
3155 3033 3378 3101 ceperis,
3412 3043 3465 3085 te

1900 3126 2043 3195 juste
2077 3125 2371 3189 incusabis,
2419 3125 2562 3193 quod
2616 3124 2668 3176 in
2706 3124 2903 3178 talibus
2933 3124 3171 3178 solamen
3215 3139 3323 3178 non
3347 3123 3463 3177 exi-

1904 3233 2065 3287 guum
2091 3216 2210 3271 erit.

2468 3304 2689 3359 EPIST.
2722 3303 2905 3358 LVIli.

2333 3401 2511 3471 Sergio
2541 3400 2846 3469 aspathario
2892 3399 3070 3469 fratri.

1463 3485 1725 3535 Montacut.
1765 3490 1867 3549 (ep.
1904 3490 2009 3549 200,
2045 3492 2250 3553 p.295).

322 3566 579 3634 Ἔλεγχος
631 3566 862 3635 ἄκρατος
889 3570 966 3629 είς
1005 3568 1098 3619 δύο
1148 3568 1488 3637 περιίσταται
1531 3572 1738 3623 ταῦτα’
1773 3571 1801 3622 ὃ

254 3658 356 3725 μὲν
398 3654 641 3727 βούλεται
677 3661 869 3724 ποιεῖν,
904 3660 963 3710 οὐ
1025 3659 1266 3729 περαίνει
1297 3677 1311 3690 ο
1345 3662 1438 3712 καὶ
1461 3655 1539 3723 οἷς
1573 3662 1647 3731 μὴ
1679 3662 1800 3731 βού-

251 3747 422 3811 λεται,
452 3746 769 3816 περιπίπτει
794 3762 807 3774 ·
844 3746 1085 3815 βούλεται
1116 3748 1213 3815 μὲν
1271 3748 1378 3816 γὰρ
1405 3751 1484 3811 είς
1520 3751 1799 3817 μετάνοιαν

250 3840 341 3891 τὸν
364 3837 713 3906 ἐλεγχόμενον
737 3838 889 3904 ἄγειν
911 3855 924 3868 ’
954 3839 1087 3891 ἀλλὰ
1110 3839 1266 3891 τοῦτο
1294 3839 1389 3908 μὲν
1423 3838 1521 3891 οὐκ
1548 3841 1758 3904 ὲξανύει
1782 3858 1797 3872 ·

250 3928 596 3994 περιίσταται
624 3929 679 3981 δὲ
712 3929 858 3998 αὐτῷ
895 3929 962 3981 τὰ
986 3932 1083 3998 τῆς
1109 3931 1339 4000 σπουδῆς
1367 3932 1445 3994 είς
1477 3933 1796 3986 τούναντίονσ

250 4018 567 4087 ἐκτραχύνει
602 4020 708 4085 γὰρ
743 4018 960 4087 μᾶλλον,
1006 4021 1095 4070 καὶ
1132 4021 1211 4081 είς
1255 4021 1507 4074 ἀπόνοιαν
1548 4026 1801 4093 περιτρέ-

251 4125 377 4161 πειο
428 4111 617 4161 ἑαυτόν
663 4127 721 4161 τε
753 4111 931 4162 δίδωσι
971 4112 1308 4180 νομισθῆναι,
1356 4113 1430 4176 ὡς
1461 4115 1579 4183 οὐχὶ
1615 4115 1800 4183 φιλαν-

250 4198 451 4267 θρώπῳ
480 4199 689 4271 γνώμῃ,
744 4203 834 4252 καὶ
888 4203 1163 4271 συμπαθεῖ
1216 4203 1469 4268 διαθέσει,
1528 4206 1800 4275 ἐπιχαιρεο

1969 3574 2323 3628 [inmoderata
2370 3573 2679 3643 redargutio
2709 3573 2763 3626 in
2790 3572 2902 3627 haec
2932 3572 3037 3625 duo
3066 3573 3254 3626 incidit
3279 3591 3291 3626 :
3323 3576 3465 3643 quod

1899 3664 2144 3729 intendit,
2195 3666 2337 3719 haud
2393 3666 2632 3733 perﬁcit:
2669 3665 2863 3733 quibus
2892 3664 3079 3727 nollet,
3110 3666 3321 3719 incidit.
3376 3667 3465 3719 ln-

1910 3758 2103 3821 tendit,
2171 3758 2235 3811 ad
2294 3757 2717 3825 rcsipiscenliam
2773 3756 3034 3809 inducere
3083 3757 3462 3823 redargutum:

1898 3850 2001 3903 hoc
2036 3864 2142 3901 non
2168 3855 2426 3918 przestat;
2464 3847 2698 3900 studium
2722 3847 3004 3901 divertitur
3031 3848 3082 3900 in
3112 3849 3463 3913 contrarium,

1909 3941 2194 3995 exacerbat
2228 3941 2405 4009 potius
2438 3948 2490 3991 et
2522 3938 2587 3991 ad
2627 3938 3060 4007 desperationem
3109 3938 3312 4008 adigit:
3346 3942 3464 4009 opi-

1909 4033 2124 4085 nionem
2171 4032 2237 4085 de
2280 4046 2337 4084 se
2387 4032 2627 4094 suscitat,
2680 4030 3161 4099 quod-opprobriis
3204 4032 3463 4104 indulget,

1909 4122 2057 4189 quasi
2116 4121 2268 4174 malis
2304 4121 2464 4173 vicini
2514 4122 2595 4173 sui
2638 4121 2873 4190 gavisus,
2907 4136 3009 4173 non
3059 4122 3201 4190 quod
3228 4122 3465 4177 humano

1910 4213 2102 4266 aﬁectu
2129 4220 2221 4265 aut
2243 4212 2615 4279 compassione
2640 4220 2907 4281 tangatur.
2936 4211 3195 4277 Quocirca
3219 4217 3465 4269 consulto

247 4288 519 4341 κακοῦντα
551 4288 604 4340 δὲ
634 4290 708 4357 τῷ
739 4292 1037 4361 πταίσματι
1068 4291 1161 4345 τοῦ
1197 4294 1419 4362 πλησίον
1463 4298 1571 4357 τοῖς
1606 4295 1798 4348 ὀνείδε-
1823 4285 1876 4343 D
1904 4318 1920 4355 ε

1791 4285 1956 4355 -Det
2010 4303 2301 4371 sapienter,
2348 4318 2469 4356 cum
2528 4300 2740 4354 Nathan
2796 4302 3002 4364 Davidi,
3046 4314 3159 4357 tum
3218 4304 3464 4361 Michaaas

250 4395 333 4428 σιν
359 4376 723 4444 ἐπεμϐαίνειν.
757 4379 847 4430 Διὸ
884 4381 1117 4443 συνετῶς
1150 4381 1289 4449 ἄγαν
1333 4382 1427 4435 καὶ
1462 4382 1657 4451 σοφῶς,
1705 4384 1797 4435 καί¹

246 4468 434 4521 Νάθαν
493 4468 522 4519 ὁ
577 4471 857 4539 προφήτης
896 4471 971 4539 τῷ
1018 4472 1214 4535 Δαὸὶδ,
1283 4473 1375 4524 καὶ
1427 4474 1663 4542 Μιχαίας
1724 4474 1798 4542 τῷ

260 4558 483 4627 Ἀχαά6,
526 4560 629 4612 ὑπὸ
662 4562 987 4631 προσωπείῳ
1019 4565 1139 4625 τοὺς
1169 4563 1423 4631 ἐλέγχους
1472 4564 1798 4633 προσενηνό-

246 4670 405 4722 χασιν
430 4669 442 4681 ·
483 4652 597 4722 ἅμα
642 4654 740 4722 μὲν
790 4657 1110 4725 πραοτέροις
1142 4657 1538 4719 ὑπολεαίνοντες
1584 4657 1794 4719 λόγοις·

246 4746 361 4813 ἃμα
390 4744 447 4796 δέ
478 4750 569 4797 καὶ
594 4746 680 4797 διὰ
713 4745 804 4798 τοῦ
834 4748 1066 4813 ἀγνοεῖν,
1109 4750 1187 4809 εἰς
1220 4748 1247 4799 ὃ
1282 4750 1443 4801 τείνει
1482 4748 1574 4801 καὶ
1618 4749 1797 4817 ἀφορᾷ

246 4833 428 4886 τὸτοῦ
480 4835 774 4904 δράματος,
834 4840 1028 4899 αὐτοὺς
1075 4840 1314 4901 ἐκείνους
1360 4842 1553 4909 κριτὰς
1600 4840 1797 4894 ἀδεκά-

248 4941 402 4987 στους
433 4926 540 4977 τῶν
571 4926 719 4995 παρὰ
768 4928 947 4995 σφίσιν
991 4930 1169 4992 αὐτοῖς
1197 4931 1613 4999 ἡμαρτημένων,
1662 4933 1797 5000 λαμ-

247 5014 518 5078 ϐάνοντες.
555 5020 651 5069 Διὰ
697 5018 852 5070 τοῦτο
890 5020 996 5090 γὰρ
1053 5022 1143 5072 καὶ
1190 5022 1216 5071 ὁ
1248 5022 1341 5090 μὲν
1386 5023 1545 5091 ἤνυσε
1584 5024 1642 5073 τὸ
1690 5026 1796 5075 πᾶν

246 5108 439 5178 (ἀνδρα
480 5109 587 5179 γὰρ
628 5111 826 5180 ἀρετῆς
881 5113 1146 5181 ἐραστὴν,
1214 5116 1261 5166 εί
1310 5114 1403 5166 καὶ
1452 5115 1796 5185 παρωλισθη-

248 5198 398 5259 κότα,
445 5200 501 5250 ἐν
545 5201 792 5267 νουθεσία
831 5203 1123 5273 διήλεγξεν)
1155 5220 1169 5234 ⁸
1195 5206 1222 5255 ὀ
1259 5205 1337 5269 δὲ,
1366 5206 1441 5268 ὡς
1476 5210 1612 5275 πρὸς
1652 5208 1791 5276 τηλιι

246 5288 440 5341 κοῦτον
493 5291 712 5359 θηρίον,
752 5294 800 5343 εἰ
851 5296 943 5345 καὶ
1006 5296 1079 5364 μὴ
1130 5296 1365 5363 ὁμοίως,
1400 5298 1511 5349 ἀλλ’
1548 5296 1639 5351 οὖν
1702 5317 1797 5367 με·

248 5382 386 5448 γάλα
410 5382 665 5451 ἐξήνυσεν
689 5402 700 5413 ·
738 5388 813 5447 είς
840 5387 1001 5455 ἄλγος
1031 5391 1135 5457 γὰρ
1169 5392 1260 5442 καὶ
1312 5392 1521 5461 δάκρυα
1580 5412 1795 5462 παραυ-

247 5474 390 5530 τίκα.
425 5478 471 5525 εἰ
502 5477 593 5527 καὶ
646 5477 779 5546 πρὸς
828 5478 895 5530 τά
939 5481 1037 5549 τῆς
1093 5481 1407 5545 δυσσεϐείας
1466 5487 1580 5553 μετ’
1619 5487 1793 5553 ὀλίγον

247 5567 696 5636 ἐπαλινδρόμησε,
747 5573 1082 5623 συνέστειλεν
1130 5575 1294 5626 αὐτοῦ
1347 5579 1443 5643 τῆς
1484 5576 1705 5646 γνώμης
1733 5578 1793 5630 τὸ

1900 4394 2139 4457 Achabo,
2185 4405 2525 4463 personatam
2558 4404 2951 4462 repraesentant
2977 4396 3409 4465 redargutionem
3443 4416 3456 4450 :

1900 4485 2126 4537 molliori
2192 4501 2439 4539 sermone
2482 4486 2840 4549 delinientes;
2887 4496 2942 4539 et
2970 4488 3094 4555 quia
3147 4490 3461 4544 nesciebant

1900 4592 2007 4644 quo
2033 4591 2192 4629 scena
2248 4577 2514 4641 tenderet,
2549 4578 2691 4645 ipsos
2720 4578 2929 4647 judices
2975 4579 3233 4635 habentes
3278 4582 3460 4635 crimi-

1899 4682 2029 4719 num
2090 4666 2166 4719 ab
2224 4666 2357 4736 ipsis
2402 4678 2754 4736 patratorum.
2808 4669 2930 4723 Ideo
2982 4669 3191 4724 Nathan
3236 4672 3461 4740 perfecit

1900 4757 2041 4825 quod
2073 4757 2302 4811 volebat.
2349 4760 2543 4813 Virum
2571 4760 2714 4813 enim
2757 4760 2972 4814 virtutis
3018 4771 3307 4825 amantem,
3335 4764 3458 4817 licet

1899 4848 1968 4901 ab
2010 4864 2070 4901 ea
2134 4849 2545 4913 exorbitaverat,
2596 4851 2932 4905 admonendo
2960 4852 3229 4922 redarguit
3266 4871 3278 4905 :
3321 4854 3457 4909 alter

1899 4948 2098 5003 autem,
2126 4939 2249 4993 licet
2279 4940 2521 4993 similiter
2548 4941 2689 5009 apud
2740 4941 2899 4995 talem
2932 4942 3154 4996 bestiam
3185 4958 3293 4997 non
3326 4960 3455 5012 pro-

1900 5029 2047 5089 fecit,
2096 5029 2321 5081 multum
2359 5041 2534 5081 tamen
2577 5028 2739 5091 fecit;
2776 5030 2830 5082 in
2884 5045 3167 5083 maerorem
3214 5033 3458 5100 protinus

1898 5130 1952 5172 et
1976 5120 2025 5171 in
2063 5120 2263 5173 luctum
2296 5120 2543 5186 conjecit,
2572 5129 2843 5187 utcunque
2866 5122 3046 5173 statim
3077 5121 3143 5174 ad
3176 5122 3454 5189 pristinam

1898 5211 2227 5279 impietatem
2275 5212 2665 5275 revertebatur,
2717 5220 2893 5263 tamen
2935 5211 3276 5279 desperatum
3340 5213 3456 5280 ejus

1898 5303 2132 5355 animum
2164 5311 2216 5355 ct
2246 5302 2486 5353 inﬂatum
2515 5301 2774 5354 coercuit.
2813 5300 2893 5354 Tu
2927 5311 3105 5355 autem
3131 5302 3341 5369 qumies
3361 5318 3455 5355 ne-

1897 5408 2043 5445 cesse
2071 5392 2250 5455 fuerit,
2297 5392 2812 5461 reprehensionibus
2853 5392 3090 5445 admisce
3123 5393 3449 5455 comitatem,

1895 5494 1949 5537 et
1994 5485 2092 5538 sub
2146 5494 2331 5551 parato
2383 5486 2705 5545 velamento,
2755 5483 3043 5536 adtnonitis
3109 5493 3160 5536 te
3223 5486 3449 5552 applica,

1896 5588 2054 5647 atque
2089 5578 2158 5630 ita
2190 5580 2379 5646 magis,
2409 5578 2548 5646 quod
2583 5578 2816 5641 conaris,
2856 5576 3151 5645 perfectum
3181 5578 3350 5630 dabis.

248 5657 674 5727 ἀπονενοημένον
712 5662 804 5714 καὶ
846 5664 1177 5733 φυσώμενον.
1234 5667 1341 5719 Καὶ
1387 5667 1449 5719 σὺ
1503 5670 1703 5734 τοίνυν,
1740 5672 1795 5722 ἐν
1833 5665 1913 5732 οἷς
1982 5672 2192 5738 ἠχρεία
2226 5671 2397 5733 καλεῖ,
2471 5671 2738 5742 ἐπιεικείᾳ
2779 5670 2980 5741 κιρνῶν
3018 5670 3139 5732 τοὺς
3176 5671 3447 5740 ἐλέγχους.

253 5748 337 5798 καὶ
368 5747 469 5799 ὑπὸ
498 5752 785 5821 προσούρῳ
812 5756 1267 5824 παραπετάσματι
1299 5760 1405 5821 τοῖς
1428 5760 1863 5830 νουθετουμένοις
1901 5763 2359 5830 προτ,’ξερόμ.ενος,
2383 5761 2580 5829 μᾶλλον
2613 5760 2886 5823 ὲξανύσεις
2910 5760 2969 5813 τὸ
2999 5760 3443 5828 σπουδαζόμενον.
