4236 6436
833 336 935 399 961

1421 438 1632 495 EPIST.
1666 440 1799 494 LIX.

1225 532 1596 603 Theophylacto
1628 533 1954 602 aspathario.

1955 329 2214 391 PHOTII
2249 331 2745 395 PATRIARCHIE
2785 333 2893 395 (ΖΡ.

2405 444 2458 504 Α

3064 444 3286 499 ΕΠΙΣΤ.
3329 445 3452 502 ΝΘ⁸.

2874 535 3260 603 Θεοφυλάκτῳ
3315 536 3680 607 ἀσπαθαριῳι

2037 647 2302 696 Montacut.
2337 648 2440 710 (ep.
2479 648 2587 707 εει,
2619 661 2666 709 p.
2701 649 2831 709 553).

897 754 1141 817 Orarcm,
1174 761 1233 805 ut
1283 766 1558 820 nunquam
1615 750 1656 803 si
1699 749 1810 803 ﬁeri
1857 751 1927 804 ita
1961 761 2166 820 posset,
2202 753 2391 807 morbo

826 849 1064 908 labores,
1109 860 1210 898 nec
1240 844 1448 897 medica
1475 852 1589 896 arte
1630 842 1868 911 indigeas
1894 861 1906 895 :
1939 846 2044 906 sin,
2076 846 2200 913 quia
2228 847 2390 900 homo

824 954 912 1003 es,
941 936 1248 991 necessario
1300 944 1544 1001 agrotas,
1583 934 1844 998 secundo,
1880 945 1930 988 te
1980 936 2087 989 cito
2144 939 2395 992 convale-

827 1043 995 1090 scere,
1024 1036 1080 1081 et
1110 1027 1304 1080 talibus
1337 1041 1422 1080 me
1461 1027 1617 1079 donis
1670 1041 2037 1090 remunerare,
2067 1043 2258 1098 nempe
2287 1029 2395 1083 Deo

825 1122 1072 1190 ingentes
1115 1121 1401 1173 habentem
1452 1118 1670 1188 gratias,
1725 1117 2054 1187 pauperibus
2102 1120 2379 1187 opitulan-

829 1223 956 1276 tem,
1039 1212 1372 1266 debitoribus
1445 1214 1839 1264 condonantcm
1890 1210 2088 1264 debita.
2140 1210 2386 1264 Talibus-

826 1305 970 1357 niodi
1026 1305 1333 1372 ingentibus
1363 1319 1491 1356 sane
1521 1303 1676 1356 donis
1721 1317 2058 1371 nequaquam
2087 1304 2385 1356 exsaturari

825 1395 909 1447 vel
951 1393 1115 1448 laetari
1146 1393 1408 1447 desinam.

1487 1501 1702 1556 EPIST.
1734 1505 1848 1557 LX.

1405 1595 1634 1649 Manueli
1657 1596 1876 1657 patricio

2554 753 2829 822 Εὐξαίμην
2874 769 2960 806 αν.
3000 770 3156 822 ε.περ
3212 754 3360 824 ἐνῆν,
3421 754 3692 836 μηδέποτε
3722 775 3782 810 σε
3814 764 4042 828 περιπε-

2489 843 2602 894 σεῖν
2635 847 2796 914 νόσῳ,
2833 843 2953 915 μηδ’
2984 845 3310 916 ἁκεστορίης
3337 848 3527 900 ὲπιδεᾶ
3554 849 3809 916 γενέσθαι
3837 852 4044 920 τέχνης.

2489 936 2550 988 Εἰ
2573 937 2616 988 δ’
2645 936 2929 1006 ἄνθρωπον
2966 936 3118 1001 ὄντα,
3145 939 3239 990 καὶ
3266 942 3440 990 νοσεῖν
3469 940 3681 1008 ἀνάγκη
3708 956 3722 968 ·
3760 942 3880 992 ἀλλ’
3911 944 4048 996 οςτω

2487 1046 2546 1082 τε
2589 1029 2769 1098 ῥᾳδίου
2801 1030 3083 1098 τυγχάνειν
3146 1030 3248 1099 τῆς
3284 1030 3595 1100 θεραπείας,
3642 1033 3736 1084 καὶ
3793 1036 4047 1095 τοιούτοις

2492 1120 2637 1188 ἡμᾶς
2668 1119 2988 1186 ἀμείϐεσθαι
3023 1118 3217 1190 δώροις
3241 1136 3256 1152 ο
3292 1120 3410 1190 Θεῷ
3443 1121 3541 1191 μὲν
3578 1123 3817 1191 μεγάλας
3842 1125 4044 1191 ἀντιφέ-

2489 1228 2645 1280 ροντα
2668 1212 2764 1272 τὰς
2794 1212 3158 1281 εὐχαριστίας,
3194 1213 3384 1282 πένησι
3417 1214 3471 1265 δὲ
3504 1214 3822 1283 βοηθοῦντα,
3851 1218 4046 1270 λύοντα

2485 1302 2540 1354 δὲ
2573 1305 2663 1354 καὶ
2692 1306 2802 1364 τοῖς
2821 1305 3152 1371 χρεωστοῦσι
3191 1304 3344 1366 δίκας
3383 1305 3482 1368 τὰς
3512 1308 3729 1376 ὀφειλάς
3752 1325 3767 1338 ·
3797 1313 3916 1373 ταῖς
3945 1315 4050 1380 γὶρ

2482 1393 2755 1457 τοιαύταις
2793 1395 2912 1446 οὐδὲ
2945 1395 3101 1463 κόρον
3133 1396 3289 1464 ῐσμεν
3315 1397 3562 1466 ἡδόμενοι
3597 1401 4047 1472 μεγαλοδωρεαῖς.

3085 1506 3307 1558 ΕΠΙΣΤ.
3358 1508 3432 1559 Ξ’.

2935 1597 3225 1665 Μανουὴλ
3286 1601 3593 1667 πατρικίῳ.

2043 1712 2308 1763 Montacut.
2334 1714 2437 1776 (ep.
2459 1714 2567 1773 226,
2607 1728 2656 1775 p.
2681 1714 2790 1773 δδι)

907 1815 1020 1869 Νοη
1053 1815 1263 1876 latebis,
1298 1814 1506 1868 etiamsi
1555 1814 1744 1877 lateas,
1787 1813 1878 1868 Dei
1915 1819 2125 1871 oculum
2172 1837 2278 1873 non
2310 1822 2377 1874 la-
2415 1826 2462 1883 Β
2557 1824 2580 1873 ί

2415 1826 2462 1883 Β
2557 1821 2668 1873 Οὐκ
2685 1822 2748 1873 ἂν
2772 1822 2974 1884 λαοοις,
3002 1823 3110 1875 οὐδ’
3129 1822 3194 1875 ἂν
3226 1823 3423 1889 Λάθοις,
3447 1825 3538 1878 τὸν
3564 1826 3831 1897 άλάθητον
3856 1831 4052 1896 όεΟαλ-

831 1908 1058 1968 tibilem,
1099 1908 1189 1974 qui
1225 1922 1285 1959 ea
1309 1909 1440 1975 agis,
1477 1918 1529 1960 ct
1554 1923 1800 1976 apparas,
1834 1911 2030 1978 quibus
2057 1929 2140 1965 me
2169 1929 2262 1981 per
2284 1916 2390 1967 vim

831 2013 861 2049 e
904 1999 1009 2050 vita
1070 1998 1341 2051 extrahas.
1386 1997 1487 2062 Qui
1549 2009 1742 2066 praeter
1793 2002 2096 2055 ordinatam
2144 2015 2390 2071 mortem,

833 2103 928 2156 per
957 2088 1112 2140 aliam
1147 2089 1285 2141 viam
1320 2089 1426 2142 vita
1455 2089 1703 2143 homines
1731 2093 1926 2158 privat,
1959 2093 2085 2146 licet
2118 2111 2278 2146 manu
2301 2112 2396 2147 en—

833 2196 946 2231 scni
994 2195 1102 2231 non
1151 2189 1351 2242 teneat,
1417 2195 1514 2233 nec
1573 2180 1743 2251 tingat
1791 2183 1941 2236 illum
1978 2185 2259 2254 sanguine,
2313 2195 2396 2239 est

832 2271 1187 2323 nihilominus
1237 2270 1539 2336 homicida;
1581 2272 1740 2324 etiam
1781 2288 1902 2325 cum
1934 2275 2242 2328 carniﬁcem
2286 2291 2394 2329 non

833 2359 1089 2427 appellet.
1136 2359 1189 2410 Si
1219 2359 1338 2412 talia
1367 2369 1598 2427 patrare,
1633 2360 1917 2413 tribunalia
1949 2363 2185 2416 coelestia
2212 2362 2399 2416 reddat

839 2448 1299 2517 implacabili-ara”
1339 2463 1616 2516 quousque
1655 2457 1708 2500 tu
1766 2458 1816 2500 te
1875 2465 1982 2503 non
2020 2453 2275 2518 expedies
2327 2451 2395 2502 ah

839 2542 966 2602 illis,
996 2540 1087 2608 qui
1122 2549 1227 2592 tam
1260 2543 1456 2593 acerbe
1483 2541 1615 2593 olim
1648 2539 1740 2602 ibi,
1768 2543 1909 2609 quod
1940 2557 2041 2611 ego
2076 2543 2274 2595 nollem
2299 2543 2391 2595 tibi

835 2632 1172 2701 contingere.
1204 2647 1272 2685 ne
1303 2631 1519 2699 quidem
1553 2632 1596 2685 si
1634 2632 1810 2686 adhuc
1843 2635 2007 2702 magis
2037 2634 2092 2686 in
2138 2649 2218 2686 me
2252 2634 2394 2686 fera-

837 2723 932 2782 ris,
969 2722 1164 2776 frustra
1194 2732 1370 2775 tamen
1406 2732 1459 2775 ct
1504 2723 1619 2776 sine
1668 2723 1866 2789 fructu,
1907 2726 1972 2778 ad
1995 2740 2114 2778 oua:
2147 2726 2395 2779 homines

839 2815 1074 2882 undique
1099 2822 1377 2884 gementes
1419 2815 1870 2868 transmittuntur.

1449 2926 1620 2980 PIST.
1655 2928 1790 2981 LXI.

1034 3017 1214 3070 Leonti
1262 3028 1308 3072 et
1341 3018 1582 3074 Galatoni
1612 3021 1879 3090 fratribus,
1916 3039 1944 3074 α
1975 3034 2196 3075 secretis.

2495 1913 2591 1982 μὸν
2616 1911 2709 1963 τοῦ
2737 1911 2890 1974 Θεοῦ,
2922 1915 3102 1966 ἐκεῖνα
3139 1913 3390 1982 πράττων
3427 1916 3520 1967 καὶ
3560 1919 4048 1987 κατασκευαζόμε-

2491 2022 2600 2066 νος,
2624 2004 2689 2056 δι’
2716 1999 2789 2057 ὧν
2827 2006 2976 2073 ἡμᾶς
3009 2005 3226 2071 ἐξάγοις
3259 2005 3348 2076 βία
3369 2007 3460 2058 τοῦ
3489 2008 3609 2075 ζῇν.
3648 2009 3707 2059 ’0
3741 2013 3850 2080 γὰρ
3888 2016 4050 2081 παρᾶ

2491 2096 2581 2147 τὸν
2609 2095 2891 2165 ὁρισθέντα
2914 2099 2976 2166 τῇ
3006 2099 3163 2164 φύσει
3187 2099 3430 2161 θάνατον,
3455 2099 3638 2168 ἓτερον
3665 2103 3868 2170 τρόπον
3898 2103 4025 2154 ἐλαύ

2491 2206 2596 2239 νων
2622 2185 2938 2256 ἀνθρώπους
2961 2186 3052 2240 τοῦ
3080 2189 3216 2258 βίου,
3252 2191 3300 2241 εἰ
3323 2189 3415 2241 καὶ
3451 2189 3524 2260 μὴ
3553 2195 3616 2261 τῇ
3642 2194 3786 2262 χειρὶ
3805 2193 3866 2245 τδ
3895 2191 4051 2259 ξίφος

2495 2280 2674 2350 φέρων
2715 2279 2908 2348 βάπτοι
2957 2284 3023 2350 τῇ
3058 2285 3258 2351 σφαγῇ,
3295 2282 3406 2334 ἀλλ’
3437 2281 3528 2336 οὖν
3559 2285 3880 2354 ἀνδροφόνος
3911 2288 4050 2338 ἐστί·

2495 2372 2600 2424 κᾶν
2634 2372 2802 2441 μήπω
2825 2373 2914 2425 τὸν
2935 2374 3127 2442 δήμιον
3154 2376 3275 2444 όρᾷ.
3307 2375 3368 2426 Εἰ
3402 2375 3457 2428 δὲ
3482 2375 3576 2428 καὶ
3605 2378 3665 2428 τὸ
3696 2386 3716 2413 τ
3739 2377 3912 2429 ταῦτα
3939 2378 4056 2430 δια-

2495 2464 2703 2529 φυγεῖν,
2744 2462 3099 2533 χαλεπώτερα
3131 2464 3199 2515 τὰ
3230 2465 3436 2517 ἐκεῖθεν
3479 2467 3834 2538 δικαιωτήρια
3881 2472 4054 2531 ποιεῖ,

2495 2551 2655 2620 μέχρι
2701 2554 2850 2614 τίνος
2875 2554 2973 2604 οὑκ
3018 2554 3299 2625 ἀποστήσῃ
3334 2556 3523 2608 σαυτὸν
3582 2558 3688 2609 τῶν
3721 2561 3924 2620 ἐκεῖσε,
3963 2576 4056 2610 πι-

2489 2641 2637 2708 κρῶς
2667 2641 2824 2704 οὕτω,
2861 2643 2954 2694 καὶ
2996 2644 3070 2704 ὡς
3091 2644 3188 2696 οὑκ
3226 2644 3291 2696 ἂν
3329 2646 3503 2712 ἔγωγε
3550 2645 3890 2717 βουληθείην,
3942 2651 4055 2701 οὐδ’

2493 2731 2558 2783 ἂν
2586 2733 2746 2784 πλέον
2777 2733 3236 2804 ἐπιϐουλευθείην,
3284 2739 3469 2806 μακρὰ
3528 2740 3621 2790 καὶ
3669 2739 3846 2809 μάτην
3883 2741 4056 2808 οἰμώ-

2492 2821 2670 2887 ζοντα,
2702 2824 2795 2875 καὶ
2827 2825 3344 2895 κατολοφυρόμενον,
3381 2831 3876 2898 παραπεμπόντων.

3082 2937 3302 2990 ΕΠΙΣΤ.
3333 2939 3451 2992 ΞΑ’.

2565 3025 2773 3080 Λέοντι
2813 3027 2908 3080 καὶ
2968 3029 3276 3084 Γαλάτωνι
3310 3031 3590 3099 discissam
3629 3033 3982 3102 ἀσηκρῆτις.

2063 3141 2326 3192 Monlacut.
2362 3144 2462 3206 (ep.
2487 3146 2594 3204 252,
2618 3159 2666 3206 p.
2703 3145 2813 3204 546)

913 3234 1158 3288 Anatolio
1186 3237 1277 3289 illo
1321 3237 1461 3290 bono
1494 3239 1718 3306 (nescio
1756 3255 1824 3293 an
1850 3240 1965 3310 ipse
2008 3243 2248 3299 ﬁctiones
2274 3246 2390 3300 illas
2421 3235 2462 3288 (ἶ
2566 3247 2586 3297 ’1

2382 3235 2462 3295 ιο
2566 3247 2686 3297 Τῶν
2726 3247 3026 3299 Ἀνατολιου
3072 3265 3166 3300 του
3213 3250 3378 3302 καλοῦ
3406 3251 3736 3320 πλασμάτων
3762 3256 3887 3318 (οὐκ
3938 3255 4055 3312 οἴδα

845 3335 1184 3380 commentus
1210 3337 1315 3384 est.
1345 3344 1410 3380 an
1439 3330 1660 3382 alterius
1693 3330 1855 3384 fetum
1911 3334 2305 3402 supposititium
2335 3338 2387 3389 in

846 3433 1000 3470 suum
1051 3417 1356 3488 adoptat?)
1399 3418 1602 3473 Pontus
1640 3421 1927 3489 impletur;
1959 3433 2066 3478 tam
2097 3425 2388 3481 vehemen-

845 3515 945 3568 tes,
991 3515 1100 3560 tam
1151 3507 1459 3577 frequentes
1510 3521 1634 3563 sunt
1669 3514 2070 3568 mendaciorum
2111 3519 2285 3582 venti;
2318 3519 2388 3572 ita

845 3597 1081 3666 undique
1117 3599 1361 3668 perﬂant,
1396 3610 1455 3654 ut
1486 3617 1586 3655 nec
1616 3603 1799 3672 Argoae
1820 3607 2017 3674 puppis
2042 3607 2230 3661 Nautaa
2251 3612 2390 3663 cclc-

844 3688 1086 3757 brcntur,
1137 3706 1237 3744 nec
1271 3693 1439 3744 vellus
1478 3708 1718 3758 aureum,
1767 3711 1865 3750 nec
1911 3698 2178 3765 spirantes
2213 3701 2387 3770 ignem

845 3779 1004 3844 tauri,
1071 3781 1152 3833 vel
1217 3781 1912 3849 multiformes,dracones,
1961 3804 2061 3842 nec
2096 3806 2213 3857 qum
2264 3802 2389 3845 sunt

844 3873 960 3926 ali:e
985 3883 1299 3928 monstrosa:
1335 3875 1525 3928 fahnizc
1557 3877 1812 3947 deinceps
1859 3881 2147 3949 ﬁngantur.
2183 3882 2387 3935 Novitia

844 3961 1235 4015 mendaciorem
1271 3964 1554 4032 hyperbole
1581 3966 1790 4028 clliciet,
1815 3977 1872 4020 ut
1895 3967 1983 4020 illa
2011 3969 2247 4023 absoleta
2278 3970 2388 4024 fere

847 4047 1002 4101 ﬁdem
1040 4059 1367 4114 mereantur,
1407 4067 1578 4119 neque
1637 4054 1778 4106 cnim
1830 4065 1954 4109 ante
1993 4057 2228 4126 quinque
2253 4059 2385 4121 dics.

845 4154 952 4191 non
985 4148 1112 4192 ante
1159 4139 1315 4204 duos,
1349 4141 1455 4194 imo
1499 4157 1566 4194 ne
1606 4153 1732 4197 ante
1787 4161 1945 4198 unam
1979 4147 2163 4200 horam
2191 4149 2256 4201 ad
2290 4166 2389 4203 nos

846 4229 1072 4282 accessit
1099 4229 1290 4298 aliquis
1316 4231 1456 4283 inter
1493 4247 1585 4285 eos
1615 4243 1946 4296 numeratus,
1977 4238 2067 4305 qui
2101 4247 2229 4291 sunt
2268 4257 2387 4294 cum

846 4319 1090 4386 imperio,
1121 4335 1222 4372 nec
1257 4321 1346 4387 qui
1384 4322 1605 4389 imperio
1653 4335 1876 4391 parent;
1929 4343 2035 4380 non
2063 4329 2386 4394 tabellarius,

854 4423 961 4460 non
991 4409 1194 4462 litteras
1222 4420 1506 4473 annotans,
1541 4427 1648 4466 non
1694 4415 1954 4469 bonorum
1993 4420 2238 4482 nuntius,
2280 4437 2387 4473 non

848 4500 1242 4552 adversantium
1280 4502 1540 4565 famulus;
1587 4504 1691 4558 imo
1715 4522 1833 4574 quze
1860 4524 2004 4562 nunc
2026 4509 2079 4562 in
2111 4513 2389 4578 promissis

2492 3335 2550 3387 δὲ
2573 3336 2800 3406 πότερον
2824 3337 2984 3398 αὑτός
3009 3339 3126 3389 ἐστι
3157 3339 3360 3408 πατὴρ,
3396 3340 3427 3410 ἢ
3469 3342 3893 3411 ὑποόολιμαίους
3937 3349 4056 3402 ἑτέ-

2502 3443 2610 3496 ρων
2641 3429 2873 3478 ποιεῖται
2901 3429 3087 3497 γονὰς)
3131 3431 3343 3501 πλήρης
3379 3432 3407 3484 ὁ
3441 3433 3635 3496 πόντος
3670 3436 3933 3504 ἐγένετο·
3963 3445 4054 3494 καὶ

2493 3515 2636 3568 οὕτω
2673 3518 2768 3579 μὲν
2806 3518 3052 3586 σφοδραὶ,
3084 3518 3227 3572 οὔτω
3251 3522 3309 3574 δὲ
3338 3527 3577 3591 συνεχεῖς
3601 3526 3656 3577 αἱ
3685 3526 3778 3578 τοῦ
3820 3529 4053 3596 ψεύδους

2494 3602 2656 3676 αὖραι
2696 3609 3107 3673 καταπνέουσιν,
3159 3611 3235 3673 ὠς
3280 3613 3402 3682 μηδ’
3444 3610 3523 3677 οἷς
3554 3615 3720 3684 ἡτῶν
3772 3618 3832 3669 ἑν
3876 3620 4054 3688 Ἀργῷ

2495 3697 2791 3767 πλωτήρων
2815 3701 2986 3770 πλάνη
3017 3705 3355 3771 σεμνύνεται,
3388 3706 3447 3758 τὸ
3474 3708 3848 3775 χρυσόμαλλον
3869 3711 4049 3781 δέρας,

2495 3792 2586 3840 καὶ
2616 3792 2740 3852 τοὺς
2765 3794 3084 3859 πυριπνόους,
3111 3794 3362 3863 ταύρους,
3400 3799 3493 3849 καὶ
3525 3801 3648 3861 τοὺς
3673 3803 4051 3872 πολυμόρεους

2493 3879 2808 3948 δράκοντας,
2840 3883 2932 3933 καὶ
2954 3883 3051 3951 τὴν
3067 3885 3230 3954 ἄλλην
3251 3889 3554 3954 τερατείαν,
3581 3892 3716 3960 μηδὲ
3737 3892 3912 3944 ταῦτα
3946 3894 4051 3944 λοι-

2496 3971 2594 4022 πὸν
2638 3974 2718 4031 εἰς
2753 3972 2953 4039 μύθους
2999 3975 3396 4044 ἀναφέρεσθαι⁸
3429 3982 3493 4047 τῇ
3533 3981 3644 4050 γὰρ
3681 3987 3923 4054 νεωτέρα
3957 3983 4050 4037 τοῦ

2492 4058 2714 4126 ψεύδους
2749 4062 3043 4130 ὑπερϐολῇ,
3074 4065 3228 4133 ἔσχεν
3265 4067 3506 4119 ἀνελθεῖν
3535 4070 3717 4123 ἐκεῖνα
3754 4074 3821 4124 τὰ
3849 4074 4051 4127 παλαιὰ

2494 4150 2572 4209 εἰς
2607 4150 2786 4200 εἰκόνα
2810 4150 2901 4201 τοῦ
2949 4152 3319 4208 πιστεύεσθαι.
3350 4159 3482 4208 Οὐδὲ
3516 4160 3648 4227 γὰρ,
3697 4163 3807 4214 οὐδ’
3828 4166 4051 4232 ἡμερῶν

2495 4240 2598 4305 πρὸ
2617 4241 2797 4304 πέντε,
2832 4241 2949 4292 οὐδὲ
2986 4243 3090 4310 πρὸ
3128 4244 3238 4306 δύο,
3289 4248 3348 4296 οὐ
3393 4237 3498 4316 μὲν
3524 4249 3616 4301 οὑν
3645 4250 3761 4302 ἀλλ’
3794 4255 3915 4305 οὑδὲ
3949 4258 4051 4324 πρὸ

2498 4331 2624 4398 μιᾶς
2652 4329 2816 4400 ὧρας,
2847 4333 3015 4396 οὐδεὶς
3042 4336 3264 4401 ἀφίκετο
3297 4339 3429 4407 πρὸς
3450 4343 3618 4409 ἡμᾶς,
3651 4343 3710 4393 οὑ
3733 4344 3838 4395 τῶν
3863 4348 4049 4415 ἄρχειν

2495 4422 2782 4490 λαχόντων,
2817 4424 2877 4475 οὑ
2905 4426 3010 4476 τῶν
3037 4427 3242 4495 ἑτέροις
3267 4427 3703 4502 πειθαρχούντων
3726 4449 3741 4464 ⁸
3776 4437 3836 4486 οὐ
3869 4453 4048 4506 γραμ-

2500 4515 2844 4584 ματηφόροςο
2906 4517 3003 4568 οὐκ
3050 4519 3443 4591 ἐπισημότερος
3505 4526 3889 4593 γραμμάτων·
3953 4531 4047 4580 οὐκ

848 4589 1130 4652 dabantur,
1166 4605 1286 4644 cum
1315 4593 1580 4660 prioribus
1630 4596 1940 4665 diSperiere,
1979 4615 2155 4654 aerem
2183 4611 2388 4657 tantum
2418 4572 2467 4630 D
2493 4604 2521 4652 ἀ

2500 4572 2511 4580 “
2629 4572 2668 4580 ’”
2716 4572 2726 4584 ¹
2788 4572 2800 4576 ’
3200 4572 3230 4588 ⁸⁵
3349 4572 3361 4591 ι
3397 4572 3440 4584 ⁷⁵
3515 4572 3843 4593 0r"r'r"‘""
3957 4572 4043 4580 ""

2370 4621 2388 4656 ἶ
2418 4572 2467 4630 D
2493 4603 2709 4668 ἀγαθῶν
2738 4604 2992 4670 ἄγγελος·
3022 4607 3116 4676 οὐχ
3155 4611 3594 4681 ὑπηρετούμενος
3618 4618 3729 4677 τοῖς
3760 4619 4043 4680 ἐναντίοις·

847 4681 1229 4733 verberantia?
1277 4682 1418 4746 Quid
1471 4685 1591 4738 dico
1627 4687 1678 4738 in
1726 4692 2052 4756 promissis?
2088 4710 2194 4748 non
2251 4701 2393 4751 enim

850 4773 1293 4839 promittebantur
1315 4785 1538 4839 tantum,
1573 4779 1663 4832 sed
1695 4782 1966 4847 placituris
1997 4785 2215 4841 isthisce
2255 4789 2396 4842 clare

850 4862 918 4912 ιιι)
946 4865 1129 4914 oculos
1184 4868 1723 4931 rcprmsentabantur.
1771 4881 2039 4941 utcunque
2075 4891 2141 4929 ne
2193 4893 2288 4946 per
2313 4880 2398 4931 in-

851 4954 1120 5004 smnnium
1173 4955 1553 5010 cernebantur.
1619 4958 1747 5011 Nam
1783 4961 1846 5014 ab
1890 4963 2044 5018 initio
2075 4981 2172 5034 per
2217 4971 2399 5038 .magi-

851 5035 1090 5087 nationes
1137 5037 1271 5089 haud
1321 5039 1512 5091 alicubi
1557 5043 1912 5098 subsistentes
1965 5049 2211 5113 conﬁcta,
2253 5035 2393 5106 circa

851 5127 1063 5178 easdem
1096 5143 1306 5196 quuque
1330 5130 1605 5186 diilluxcre
1631 5152 1642 5185 :
1680 5147 2072 5204 verumtamen,
2096 5143 2237 5210 quod
2272 5147 2394 5199 nul-

853 5215 933 5267 lus
951 5216 1200 5281 arbitror,
1221 5220 1481 5275 mendacii
1513 5225 1847 5280 continuatio
1874 5229 2044 5285 cuivis
2075 5232 2141 5286 dc
2171 5234 2236 5287 iis
2264 5235 2399 5288 divi-

853 5305 1014 5356 nandi
1068 5304 1228 5358 faciet
1286 5317 1606 5374 potestatem
1666 5327 2055 5374 exaccuratam.
2120 5321 2270 5386 Quod
2320 5323 2397 5382 si.

852 5402 1039 5445 contra
1072 5395 1406 5464 opinionem,
1452 5415 1571 5452 cum
1621 5405 1844 5459 veritate
1883 5409 2402 5476 coinci.icrint;om-

2493 4692 2629 4744 ἀλλὰ
2657 4695 2765 4764 γάρ
2811 4697 2903 4747 καὶ
2954 4697 3021 4748 τὰ
3068 4697 3160 4750 νῦν
3193 4701 3543 4771 ὑπεσχημένα
3584 4707 3695 4766 τοῖς
3739 4706 4047 4774 ἔμπροσθεν

2496 4784 2859 4850 συναπώλετο,
2896 4789 2985 4840 τὸν
3010 4789 3144 4859 ἀέρα
3185 4793 3345 4859 μόνον
3381 4797 3756 4866 κτυπήσαντα.
3792 4799 3858 4850 Τί
3888 4801 3941 4851 δὲ
3969 4803 4046 4852 δεῖ

2493 4874 2670 4942 λέγειν
2701 4878 3082 4948 ὑπεσχημένα;
3107 4882 3167 4933 οὑ
3195 4888 3303 4954 γὰρ
3327 4886 3677 4955 ὑπεσχημένα
3706 4890 3888 4957 μόνον,
3915 4893 4046 4944 ἀλλά

2495 4981 2558 5030 γε
2587 4967 2698 5027 τοῖς
2757 4971 3130 5038 χαριεστάτοις
3167 4975 3405 5026 τουτοισὶ
3448 4979 3539 5027 καὶ
3597 4979 3702 5045 πρὸ
3756 4980 4044 5049 ὀφθαλμῶν

2490 5055 2755 5126 λαμπρῶς
2783 5059 3031 5128 κείμενα,
3062 5064 3110 5114 εί
3143 5066 3236 5116 καὶ⁹
3279 5067 3399 5134 μηδ’
3442 5067 3670 5138 ὀνείροις
3707 5070 4004 5139 ὡράοησαν
4029 5089 4041 5101 ο

2493 5149 2585 5200 καὶ
2613 5150 2719 5216 γὰρ
2743 5150 2837 5218 τὴν
2865 5153 3056 5222 ἀρχὴν,
3081 5156 3159 5216 εἰς
3197 5157 3570 5227 ἁνυπάρκτους
3600 5160 4042 5232 διαπεπλασμένα

2496 5241 2810 5305 φαντασίας,
2870 5245 2996 5311 περὶ
3028 5246 3214 5308 αὑταῖς
3261 5249 3354 5299 καὶ
3393 5252 3838 5322 κατερῤυήκεσαν
3865 5272 3878 5282 ·
3912 5258 4042 5323 πλὴν

2498 5327 2629 5390 ἀλλ’,
2671 5330 2806 5398 ὅπερ
2832 5333 2927 5400 οὑχ
2957 5333 3218 5403 ἡγοῦμαι,
3246 5340 3275 5406 ἡ
3310 5340 3558 5407 συνέχεια
3583 5342 3640 5392 δὲ
3670 5342 3763 5393 τοῦ
3799 5345 4039 5412 ψεύδους,

2499 5419 2592 5485 τὴν
2627 5419 2712 5468 ἐπ’
2744 5423 2922 5484 αὐτοῖς
2958 5429 3217 5494 μαντικὴν
3263 5431 3422 5482 παντὶ
3465 5431 3759 5502 παρέχεται
3804 5437 4038 5504 ἀκριϐώ-

2175 5567 2402 5624 ΥᾹΙΚΙᾹΞ
2434 5571 2825 5628 LI‘ICTIONES-

932 5710 952 5739 τ
985 5706 1064 5760 ῖσ.
1097 5709 1189 5762 καὶ
1219 5710 1354 5777 μετὰ
1373 5711 1452 5765 τό..
