4236 6436
230 433 330 495 969
1347 414 1875 482 EPISTOLARUM
1914 414 2140 474 LIBER
2185 413 2297 472 III.
3356 392 3459 457 970

229 543 444 597 σασοαι.
488 539 623 594 Ἀλλ’
656 532 746 591 οῦν
774 538 820 589 εἰ
858 535 951 589 καὶ
995 534 1142 602 παρά
1183 534 1360 595 δόξαν,
1401 532 1548 600 ὅμως
1576 527 1628 580 εἴ
1660 542 1788 578 ποτε
1821 528 1902 584 At

1785 546 1788 574 ι
1821 528 1864 584 Α
1890 525 1976 577 nia
2006 525 2091 577 ille
2115 522 2257 590 apud
2292 535 2375 574 me
2418 517 2701 575 obtinebit,
2729 530 2845 582 quae.
2894 529 2986 581 per
3016 524 3110 563 vos
3149 517 3206 560 ut
3246 507 3458 560 obtine-

226 636 364 704 πρὸς
397 632 654 702 ἀλήθειαν
689 629 1180 700 περιτραπείησαν,
1230 625 1405 677 ἔσοιτο
1440 623 1616 674 πάντα
1664 617 1793 685 παρ’
1893 631 1899 665 l

865 629 1180 697 panetrjeav,
1230 625 1405 677 ἔσοιτο
1440 623 1616 674 πάντα
1664 617 1793 685 παρ’
1893 626 1975 667 ret
2007 612 2293 665 recusavit.
2337 609 2538 662 Valete.

226 723 385 793 ἡμῶν
445 723 521 789 τῷ
554 721 728 788 ἀνδρὶ,
770 721 869 771 ὅσα
898 717 1150 785 γενέσθαι
1186 713 1333 783 αὐτῷ
1356 713 1424 766 δι’
1472 711 1626 780 ὑμῶν
1659 724 1799 775 παρ-

239 815 500 886 ῃτήσατο.
533 810 839 881 Ἔρρωσθε.

827 922 1053 977 ΕΠΙΣΤ.
1090 918 1208 973 EB’.

656 1015 953 1084 Ἀρσαεὴρ
987 1012 1383 1079 Ἀσπαθαρίῳ.

2471 887 2688 942 EPIST.
2731 885 2888 940 LXII.

2414 982 2633 1034 Arsaber
2658 979 2978 1049 aspathario.

1455 1116 1701 1168 llontacut
1756 1108 1858 1167 (ep.
1890 1099 1998 1158 233,
2032 1114 2080 1161 p.
2112 1100 2243 1160 347).

312 1240 383 1292 Τὸ
410 1239 506 1308 μὲν
536 1235 729 1306 δῶρον,
787 1230 1203 1302 μεγαλοπρεπὲς
1251 1227 1333 1289 ὃν,
1365 1222 1461 1277 καὶ
1508 1217 1676 1290 χωρὶς
1709 1214 1806 1282 τῆς

233 1331 401 1399 ἄλλης
430 1327 722 1386 διαθέσεως
750 1325 779 1377 ὃ
807 1325 900 1377 καὶ
935 1321 1126 1383 ἄλλους
1164 1320 1231 1372 ἂν
1278 1314 1588 1373 ἐπεπείκει,
1638 1322 1807 1378 μεγα-

232 1397 525 1491 λοπρεπῶς
550 1418 697 1487 ἡμᾶς
722 1414 1107 1485 παρεσκεύασε
1130 1406 1404 1473 δέξασθαι.
1445 1404 1513 1457 Ἥ
1546 1399 1606 1455 δέ
1628 1397 1807 1451 διάθε-

241 1532 329 1577 σις
357 1514 454 1565 καὶ⁵
480 1511 648 1580 χωρὶς
677 1507 774 1561 τοῦ
803 1506 976 1576 δώρου
1016 1504 1077 1556 τὸ
1116 1502 1312 1555 οἰκεῖον
1348 1501 1520 1549 ποιεῖν
1568 1492 1808 1544 διανοου-

241 1605 403 1675 μένη,
433 1578 526 1654 ἅτε
657 1597 857 1669 μείζων
893 1596 991 1665 μὲν
1036 1594 1216 1660 πάσης
1265 1588 1427 1657 ἄλλης
1472 1578 1805 1652 φιλοτιμίας,

241 1668 445 1759 μείζων
483 1688 539 1740 δὲ
587 1668 787 1746 παντὸς
812 1684 1253 1752 εὐεργετήματος
1280 1677 1374 1729 καὶ
1404 1670 1544 1727 εῖναι
1577 1670 1671 1723 καὶ
1694 1668 1810 1719 ὀνο·

243 1780 512 1853 μάζεσθαι
557 1774 1034 1846 μεγαλοφρονοῦσα
1086 1771 1258 1824 οὐδενὶ
1312 1767 1480 1835 ἑτέρῳ
1511 1762 1621 1815 τῶν
1662 1776 1811 1830 πρωο

1980 1204 2175 1258 Munus
2206 1202 2425 1272 quidem
2458 1216 2580 1255 cum
2614 1200 2682 1254 sit
2716 1198 3080 1267 magniﬁcum,
3102 1206 3157 1249 et
3180 1195 3320 1263 quod
3352 1196 3469 1248 sine

1904 1296 2259 1365 dispositione
2292 1292 2393 1345 alia
2414 1290 2634 1360 quosvis
2654 1288 2945 1349 allexisset,
2974 1300 3081 1350 me,
3107 1295 3165 1338 ut
3189 1283 3473 1353 magniﬁce

1907 1389 2231 1458 acciperem,
2263 1384 2530 1439 invitavit.
2582 1381 2975 1450 Atdispositio,
3018 1388 3228 1433 semoto
3252 1377 3472 1445 quidem

1907 1481 2072 1542 dono,
2108 1493 2230 1532 cum
2264 1477 2407 1546 quod
2446 1491 2604 1530 suum
2642 1483 2760 1527 erat
2791 1486 3047 1542 peragere
3080 1471 3361 1540 cegitaret,
3394 1476 3480 1521 ut-

1916 1584 2043 1641 p0te
2070 1569 2228 1622 aliam
2270 1567 2568 1636 quamlibet
2602 1563 2902 1619 honorandi
2937 1576 3155 1616 causam
3187 1558 3476 1620 excedens,

1918 1663 2064 1715 omni
2097 1660 2360 1714 beneﬁcio
2391 1661 2585 1726 majus,
2628 1664 2833 1709 etcum
2887 1669 2986 1723 pro
3031 1653 3123 1706 tali
3165 1651 3373 1706 censeri
3425 1657 3481 1702 et

1920 1748 2191 1802 nominari
2223 1730 2551 1816 magnopere
2584 1750 2825 1812 cuperet,
2877 1743 2928 1794 in
2958 1741 3103 1794 nulla
3144 1754 3202 1793 re
3231 1754 3261 1791 a
3294 1737 3483 1806 primis

434 1830 817 1934 ήῦπεέίσταταιέ
844 1867 905 1919 EI
927 1866 984 1919 δέ
1013 1863 1183 1917 ταῦτα
1208 1862 1271 1915 ἄν
1295 1876 1356 1912 τε
1378 1830 1525 1927 παρῇ
1554 1854 1622 1906 τὰ
1643 1851 1811 1919 δῶρα,
1841 1873 1889 1932 Β

1810 1873 1889 1932 ηΒ
1921 1840 2123 1895 deﬁcit.
2160 1838 2214 1891 Si
2261 1835 2529 1906 ejusmodi
2579 1848 2804 1887 munera
2855 1830 3170 1891 allerantur,
3208 1837 3483 1895 utcunque

242 1967 349 2019 κᾶν
382 1965 612 2036 μέγιστα
634 1958 691 2033 ᾖ,
725 1960 875 2014 οὐδὲν
906 1957 1086 2026 ἐκείνη
1115 1954 1183 2008 δι’
1227 1951 1405 2007 αὐτῶν
1430 1947 1592 2024 περιὸ

250 2032 415 2128 μᾶγα,
440 2058 504 2111 ἄν
529 2074 588 2109 τε
630 2032 703 2124 μὴ
736 2054 907 2123 παρῇ,
951 2052 1021 2120 τῇ
1083 2047 1315 2117 μονώσει
1353 2042 1515 2094 πλέον
1536 2032 1818 2103 ἀπαστρά-

248 2124 399 2203 πτει.
440 2150 651 2214 Ὠσπερ
688 2145 847 2212 νέφος
874 2142 1027 2210 ἥλιος
1058 2139 1155 2209 τὴν
1186 2136 1318 2207 ὓλην
1342 2128 1679 2201 διαφυγοῦσα
1725 2124 1819 2178 καὶ

246 2242 492 2313 καθαρὰς
522 2240 619 2293 καὶ
636 2239 830 2300 ἁΰλους
849 2236 947 2299 τὰς
963 2234 1135 2301 αὐγὰς
1150 2233 1248 2303 τῆς
1262 2228 1481 2298 φιλικῆς
1500 2220 1821 2296 προ[σ]αγο-

248 2334 489 2405 ρεύσεως
506 2334 569 2385 ἐκ
586 2330 679 2383 τοῦ
695 2328 984 2398 δεχομένου
1002 2321 1320 2379 ἀντανακλῶ
1336 2336 1416 2372 σοι
1428 2316 1507 2386 τῷ
1528 2314 1818 2383 πέμποντι.

248 2401 343 2481 the
379 2426 576 2495 μηκέτι
610 2440 690 2475 σοι
734 2420 922 2490 δώρων
953 2416 1159 2488 ἀπορίᾳ
1186 2416 1221 2485 ή
1281 2412 1585 2482 πρόσρησις
1627 2401 1823 2473 βραδυ-

254 2520 415 2584 νιτω,
455 2516 567 2571 ἀλλ’
602 2513 943 2584 ἐποχουμένη
966 2513 1034 2580 τῇ
1064 2506 1302 2562 διαθέσει
1330 2502 1424 2555 καὶ
1453 2499 1550 2562 τὰς
1577 2495 1674 2557 σὰς
1698 2508 1823 2544 συν-

253 2609 648 2678 ιπικομίζουσα
700 2583 889 2673 ῦγείας
930 2602 1125 2655 θᾶττον
1178 2592 1531 2667 ἀφικνείσθω.
1596 2588 1672 2639 Οὐ
1716 2583 1827 2651 γὰρ

253 2677 431 2765 ἔστιν,
463 2701 564 2753 οὐκ
597 2700 743 2751 ἔστιν
772 2696 878 2749 οὐδ’
903 2696 963 2748 οὐ
988 2695 1063 2765 μὴ
1092 2692 1266 2744 ἔσοιτο
1291 2688 1389 2755 τῆς
1412 2685 1478 2736 δι’
1500 2681 1670 2747 αὐτῆς
1696 2677 1828 2747 ἡμῖν

255 2779 616 2863 ὲγγινοι-ιιένηίς
640 2790 815 2860 χαρᾶς
840 2787 933 2841 καί
951 2784 1217 2856 θυμηδίας
1245 2778 1397 2834 οὐδὲν
1414 2774 1522 2827 τῶν
1545 2768 1831 2840 περιτείων

265 2884 437 2955 δῶρον
472 2893 495 2920 ⁶
525 2881 899 2952 χαριέστερον.

851 3078 1072 3131 ΕΠΙΣΤ.
1115 3074 1231 3127 EI".

268 3174 542 3245 Ταρασίῳ
606 3170 898 3240 Πατρικίῳ
949 3169 1139 3245 ᾀδελξρ

741 3238 985 3307 θυγατρί
1012 3236 1351 3301 τεθνηκυίᾳ.

1598 1918 1814 1999 ἅλλεται
1842 1918 1888 1932 ὐ
1918 1932 2116 1989 eximia
2144 1930 2275 1997 sint,
2311 1928 2449 1983 nihil
2487 1942 2583 1995 per
2612 1924 2702 1978 illa
2745 1932 2924 1977 tamen
2957 1919 3220 1974 voluntati
3265 1918 3489 1971 accedet

1920 2038 2197 2095 magnum,
2238 2020 2345 2075 nisi
2386 2027 2441 2072 et
2476 2017 2561 2070 illa
2595 2014 2766 2077 adsit;
2805 2009 3098 2067 solitudine
3132 2007 3304 2076 magis
3358 2007 3484 2059 illu-

1920 2127 2125 2172 stratur
2155 2128 2171 2166 :
2201 2121 2261 2166 ut
2290 2111 2369 2165 sol
2396 2126 2428 2163 a
2456 2108 2597 2162 nube
2622 2105 2941 2169 subductus,
2970 2111 3024 2157 et
3040 2101 3319 2156 materiam
3348 2098 3490 2152 illam

1920 2207 2238 2277 dispellens,
2302 2202 2516 2261 illimes.
2546 2209 2600 2253 et
2648 2212 2812 2267 puros
2860 2204 2914 2251 et
2971 2194 3262 2249 defaecatos
3302 2191 3491 2245 amica:

1924 2296 2354 2368 compellationis
2402 2292 2601 2357 radios,
2634 2291 2701 2344 ab
2731 2288 3033 2358 accipiente
3080 2286 3341 2341 retractos
3386 2283 3487 2338 ad-

1926 2393 2233 2447 mittentem
2286 2387 2529 2441 mittunt.
2588 2383 2767 2448 Quare
2820 2395 2926 2434 non
2992 2378 3221 2433 ulterius
3270 2383 3492 2446 propter

1927 2495 2214 2536 munerum
2249 2473 2603 2548 indigentiam
2632 2472 2786 2526 aﬁ'ari
2814 2480 2865 2524 te
2903 2468 3146 2523 tardabo.
3188 2465 3296 2519 Sed
3336 2464 3497 2518 salu-
3534 2497 3537 2499 »

1929 2574 2060 2629 tatio
2094 2574 2149 2627 in
2176 2570 2342 2624 animi
2373 2568 2569 2623 aﬂ’ectu
2592 2571 2802 2627 evecta,
2831 2571 2887 2616 et
2915 2576 3021 2615 una
3044 2573 3229 2615 secum
3251 2569 3371 2611 tuas
3404 2571 3499 2624 ap-

1931 2673 2155 2737 portans
2188 2660 2560 2720 salutationes,
2602 2655 2764 2709 citius
2801 2651 3057 2705 advolet:
3092 2664 3201 2703 non
3239 2655 3357 2710 est,
3397 2661 3501 2700 nec

1931 2758 2037 2812 erit
2064 2764 2405 2810 terrenorum
2432 2751 2699 2804 donorum
2733 2745 2949 2815 aliquod
2978 2743 3147 2815 magis
3171 2740 3497 2811 jucundum,

1935 2857 2026 2902 aut
2060 2846 2205 2916 quod
2236 2840 2658 2898 oblectationem
2691 2837 2950 2906 majorem
2990 2842 3047 2888 et
3084 2832 3337 2903 gaudium
3367 2845 3501 2900 ope-

1939 2950 2109 2993 retur.

2504 3044 2720 3098 EPIST.
2761 3040 2942 3097 LXIII.

1143 3165 1190 3229 ᾧ
1228 3157 1683 3232 παραμυθητικὴ
1740 3147 1838 3202 ἐπὶ
1946 3144 2163 3197 Taracia
2211 3142 2452 3210 patricio,
2490 3138 2664 3207 fratri,
2698 3137 2764 3217 de
2813 3164 2816 3177 ε

1833 3164 1838 3194 ι
1946 3144 2163 3197 Taracia
2211 3142 2452 3210 patricio,
2490 3138 2664 3207 fratri,
2698 3137 2764 3217 de
2813 3133 2952 3185 obitu
2983 3130 3105 3198 filia:
3133 3143 3241 3181 sua:
3274 3127 3506 3180 consola-

2638 3206 2793 3256 toria.

1495 3338 1763 3389 Montacut.
1793 3330 1895 3387 (ep.
1931 3327 2039 3389 254,
2063 3342 2111 3389 p.
2141 3327 2270 3389 517).

336 3458 409 3516 Ὦ
438 3461 540 3515 ποῦ
572 3458 667 3512 νῦν
699 3457 881 3517 Ἠλίας
907 3472 920 3521 ;
952 3453 1054 3507 ποῦ
1077 3453 1133 3505 δέ
1176 3449 1473 3509 Ἐλισσαῖος
1495 3464 1509 3510 ;
1530 3441 1630 3496 ποῦ
1654 3440 1707 3493 δέ
1732 3438 1831 3491 Πέ-

268 3572 416 3625 τρος,
449 3554 482 3624 ἢ
510 3551 739 3615 Παῦλος,
766 3551 800 3617 ἦ
828 3564 971 3606 τινες
995 3546 1105 3597 τῶν
1140 3544 1259 3594 κατ’
1282 3540 1524 3599 ἐκείνους
1557 3535 1715 3604 ίερῶν
1740 3531 1835 3583 καὶ

269 3621 440 3714 άχίων
464 3621 673 3711 ἀνδρῶν
701 3659 715 3707 ;
751 3640 811 3691 οὑ
835 3637 943 3707 γὰρ
974 3634 1039 3688 ἂν
1070 3629 1358 3699 ἐπιστολῆς
1384 3626 1633 3695 ἐδεήθην,
1659 3621 1835 3675 αὐτῶν

268 3713 328 3791 δέ
346 3754 487 3799 τινος
508 3735 805 3803 λαϐόμενος
832 3731 939 3783 τῶν
963 3725 1160 3788 ποδῶν,
1180 3724 1300 3777 ἐπεὶ
1316 3724 1415 3789 τὴν
1436 3721 1591 3789 χάριν
1611 3717 1709 3768 οὐκ
1732 3713 1835 3780 ἔχω

270 3830 381 3883 τῶν
412 3827 631 3899 χειρῶν,
666 3825 765 3878 οὐκ
794 3822 860 3875 ἂν
889 3822 1131 3889 ἀπέστην
1169 3817 1387 3871 ᾶπαντα
1417 3811 1604 3873 ποιῶν,
1644 3810 1745 3870 ἓως
1771 3806 1836 3857 ἂν

277 3895 460 3983 ζῶσαν
480 3895 593 3977 τοῖς
624 3912 1051 3983 γεννησαμένοις
1080 3906 1381 3978 παρέθεντο
1400 3904 1498 3970 τὴν
1514 3898 1694 3953 παῖδα.
1726 3895 1839 3948 Νῦν

276 4010 335 4062 δέ
365 4006 456 4071 τί;
487 4004 607 4059 οὐδὲ
642 4004 771 4070 γὰρ,
821 4000 941 4052 οῦδέ
972 4001 1089 4059 ταῖς
1136 3994 1487 4065 τηλικαύταις
1538 3988 1839 4055 συμφοραῖς

276 4098 371 4151 τοῦ
390 4097 604 4164 γένους,
633 4098 666 4164 ἠ
693 4092 812 4144 καθ’
834 4089 991 4161 ἡμῶν
1016 4086 1312 4157 ὑπερόριος
1329 4083 1476 4151 φυγὴ
1489 4080 1836 4134 δυσωπεῖται.

290 4187 610 4255 Ἐπιστολῆς
641 4184 854 4252 δέομαι,
885 4178 1196 4247 ἐπιστολῆς,
1219 4179 1271 4229 οτ
1304 4176 1422 4245 μοιῑ
1459 4172 1653 4242 θρῆνον
1685 4169 1843 4222 ἀδελ-

278 4283 405 4353 φοῦ,
426 4283 519 4336 ἐπὶ
541 4280 772 4351 θυγατρὶ
799 4278 1027 4349 κειμένῃ
1045 4271 1485 4344 διαπραῡνούσης
1504 4286 1516 4298 ·
1538 4269 1625 4321 ὅτε
1641 4267 1843 4318 τέκνων

286 4376 544 4446 παρῆσαν
572 4373 811 4435 ἐλπίδες,
841 4372 935 4422 καὶ
966 4369 1057 4421 τὸν
1083 4367 1261 4435 γάμον
1287 4360 1401 4432 εἶχε
1426 4358 1731 4428 δυσφημία·
1763 4356 1844 4407 ὅτι

291 4444 598 4535 μὴήθᾶττον
624 4462 725 4531 τὴν
776 4460 947 4512 παῖδα
983 4457 1193 4526 μητέρα
1229 4454 1459 4514 ἐδείκνυ,
1502 4450 1633 4519 μηδέ
1661 4444 1847 4505 παιδὸς

289 4558 419 4618 παῖς
455 4552 614 4623 χερσὶ
649 4550 1013 4620 προπατόρων
1041 4546 1290 4614 ἐναθύρει
1316 4559 1375 4593 τε
1420 4541 1513 4593 καὶ
1544 4538 1845 4595 ἐνάλλεται,

289 4646 597 4716 περιλαλῶν
654 4644 766 4703 τοῖς
796 4640 1178 4711 ψελλίσμασιν.
1227 4634 1366 4689 Ἀλλ’

289 4736 567 4807 ἠλπίζετο,
593 4735 713 4785 τότε
749 4734 841 4785 καὶ
874 4730 909 4783 ἃ
931 4729 1254 4797 κατείχομεν
1280 4722 1625 4793 ἀνηρπάζετο
1643 4737 1655 4751 ο
1683 4718 1737 4772 οί
1760 4735 1849 4787 μοι

291 4829 399 4881 τῶν
431 4824 678 4877 παλαιῶν
706 4820 1065 4891 προπατόρων
1093 4817 1275 4884 ἀπάτη
1298 4815 1391 4867 καὶ
1429 4812 1736 4883 παράϐασις
1758 4808 1851 4862 καὶ

288 4921 411 4987 δίκη
442 4920 455 4971 l
483 4918 604 4978 Πῶς
647 4916 727 4976 είς
760 4914 849 4965 τὸν
884 4912 1209 4980 παράδεισον
1251 4908 1505 4974 εἴρπυσεν
1550 4906 1577 4953 ὁ
1620 4901 1851 4969 πονηρὸς

291 5013 496 5071 ἐκεῖνος
541 5010 634 5060 καὶ
687 5004 897 5063 σκολιὸς
926 5002 1085 5068 ὅφιςς
1137 4999 1254 5059 πῶς
1300 4997 1514 5049 ἔπεισεν
1553 4997 1605 5055 ίς
1657 4994 1687 5061 ἢ
1736 4993 1850 5053 πῶς

293 5101 501 5155 ἐκεῖθεν
534 5100 693 5167 μέχρι
727 5095 817 5146 τοῦ
858 5093 951 5146 νῦν
988 5093 1047 5144 τὸ
1069 5091 1262 5159 πικρὸν
1288 5089 1381 5141 τοῦ
1410 5087 1635 5139 θανάτου
1676 5101 1851 5154 παρα-

295 5192 530 5243 τείνεται
575 5188 837 5257 κέντρον;
888 5182 1122 5251 ἔφθασεν
1168 5180 1303 5248 αῦτη
1336 5179 1428 5229 καὶ
1476 5178 1595 5229 καθ’
1639 5176 1853 5243 ήμῶνή

298 5281 480 5349 πληγὴ
515 5281 703 5349 βέλους
730 5274 1008 5342 ὀξύτερον,
1058 5271 1298 5340 σκηπτοῦ
1334 5268 1731 5337 φοεερώτερον·
1768 5267 1857 5317 καὶ

299 5376 471 5427 κεῖται
523 5373 683 5432 παῖς,
745 5367 868 5435 ἄρτι
905 5365 1003 5432 τὴν
1042 5363 1190 5431 ὥραν
1244 5360 1498 5421 άνθοῦσα,
1551 5360 1717 5410 δεινὸν
1770 5360 1860 5409 καὶ

303 5457 621 5526 σκυθρωπὸν
646 5453 941 5522 ὀφθαλμοῖς
966 5451 1232 5502 τεκόντων
1262 5448 1440 5517 θέαμα
1459 5466 1471 5477 ·
1500 5450 1585 5499 ὅτε
1625 5450 1683 5499 τὸ
1705 5445 1859 5505 ἄνθος

302 5550 496 5615 ἐφύετο
537 5549 634 5613 τῆς
669 5543 1034 5603 παιδοποιίας,
1072 5540 1193 5591 τότε
1236 5539 1367 5590 αὐτὸ
1410 5539 1469 5590 τὸ
1522 5540 1686 5606 φυτὸν
1734 5555 1858 5588 συν-

2012 3432 2113 3487 Ubi
2147 3445 2294 3485 nunc
2318 3427 2491 3481 Elias?
2521 3426 2608 3481 ubi
2656 3422 2923 3477 Eliszeus?
2964 3420 3056 3473 ubi
3082 3418 3293 3478 Petrus,
3314 3412 3511 3469 Paulus

1938 3534 2031 3581 aut
2058 3524 2249 3592 aliquis
2279 3521 2473 3576 similis
2500 3525 2719 3573 sanctus
2743 3524 2797 3568 et
2824 3526 2977 3567 sacer
2998 3508 3193 3564 homo?
3220 3505 3379 3561 Certe
3400 3521 3510 3558 non

1939 3625 2083 3670 esset
2122 3611 2405 3682 epistolam
2439 3607 2679 3661 scribere
2713 3616 2871 3670 opus,
2905 3601 2947 3654 si
2989 3599 3071 3652 vel
3103 3597 3268 3670 pedes
3298 3596 3510 3649 illorum

1940 3707 2167 3775 alicujus
2200 3698 2696 3772 apprehenderem,
2726 3709 2901 3763 neque
2941 3693 3085 3745 enim
3138 3705 3224 3743 res
3263 3686 3512 3740 manibus

1940 3806 2150 3869 agetur,
2176 3809 2310 3849 sane
2331 3790 2514 3847 omnia
2537 3796 2823 3849 tentarem,
2850 3798 2951 3837 nec
2972 3780 3314 3840 absisterem,
3338 3777 3512 3830 donec

1944 3892 2066 3944 vitae
2096 3886 2399 3940 restitutam
2440 3879 2758 3950 parentibus
2787 3875 2899 3928 suis
2931 3871 3162 3941 puellam
3214 3869 3506 3922 traderent.

1944 3982 2013 4036 At
2087 3993 2234 4034 nunc
2282 3974 2446 4043 quid?
2504 3979 2652 4026 certe
2727 3966 2925 4019 talibus
2984 3960 3510 4029 consanguineorum

1944 4070 2201 4127 arumnis
2226 4066 2479 4121 exsilium
2514 4070 2763 4117 nostrum
2798 4072 2905 4109 non
2933 4053 3236 4108 alleviatur.
3274 4048 3511 4116 Epistola

1946 4178 2083 4233 opus
2114 4169 2217 4222 est,
2258 4158 2345 4211 hei
2380 4155 2538 4215 mihi,
2569 4167 2672 4218 qua
2699 4151 2903 4203 luctum
2941 4146 3043 4199 mei
3081 4142 3259 4197 lratris
3292 4141 3361 4194 ob
3391 4139 3511 4193 lilia:

1948 4262 2227 4302 excessum
2258 4245 2475 4297 leniam.
2503 4241 2638 4295 Cum
2667 4239 2957 4290 liberorum
2985 4248 3109 4302 spes
3148 4239 3313 4293 esset,
3336 4238 3391 4282 et
3418 4242 3511 4281 ae—

1949 4347 2267 4396 cusarentur
2296 4335 2527 4405 nuptiae,
2561 4330 2702 4399 quod
2732 4327 2891 4382 citius
2931 4324 3094 4379 ﬁliam
3140 4330 3365 4375 matrem
3402 4333 3512 4372 non

1950 4432 2322 4491 declararent;
2359 4440 2460 4479 nec
2493 4423 2587 4476 ﬁlii
2627 4420 2765 4474 ﬁlius
2795 4421 2851 4472 in
2892 4430 3116 4470 avorum
3152 4412 3398 4466 manibus
3430 4411 3512 4462 lu-

1950 4527 2049 4588 dit,
2093 4534 2147 4578 et
2194 4518 2578 4579 circumsaltat,
2637 4510 2945 4581 crepundiis
3007 4505 3287 4561 blandiens
3347 4520 3361 4555 :
3420 4502 3511 4556 sed

1422 4635 1508 4686 ὅτε
1560 4632 1628 4683 τὰ
1680 4627 1849 4699 μείζω
1881 4656 1924 4711 D
1953 4636 2075 4675 cum
2100 4617 2300 4686 majora
2326 4611 2701 4681 sperabantur,
2734 4615 2845 4659 tum
2874 4617 2991 4672 quae
3017 4599 3367 4654 habebamus.
3402 4595 3515 4647 eri—

2321 4703 2363 4711 --
2404 4703 2415 4711 .
2536 4710 2541 4711 7
2624 4698 2654 4711 _.
2726 4696 2735 4707 .
2866 4710 2869 4711 ν
2938 4709 2944 4711 ς
3002 4702 3320 4711 *μη-,η-,ᾞ
3368 4684 3481 4711 ,ηη

1957 4711 2263 4781 piebantur.
2321 4703 2417 4757 Hei
2461 4696 2951 4754 vetustissimorum
3001 4702 3321 4760 proavorum
3366 4684 3517 4737 frau-

1956 4804 2100 4862 dem,
2132 4793 2639 4865 transgressionem,
2676 4803 2889 4856 poenam
2931 4802 2941 4834 :
2971 4780 3240 4851 quomodo
3267 4777 3323 4829 in
3356 4790 3514 4843 para-

1956 4897 2129 4948 disum
2151 4907 2207 4942 se
2229 4885 2522 4940 insinuavit
2553 4883 2641 4934 ille
2673 4879 2845 4932 malus
2895 4887 2946 4929 et
2966 4886 3250 4944 pervcrsus
3274 4866 3517 4934 serpens?

1957 4981 2226 5053 quomodo
2252 4976 2546 5048 persuasit?
2578 4971 2848 5041 quomodo
2871 4966 3062 5022 exinde
3086 4963 3148 5015 ad
3179 4965 3322 5013 hunc
3345 4971 3518 5024 usque.

1955 5078 2098 5129 diem
2144 5071 2372 5126 acerbus
2421 5065 2507 5117 ille
2549 5062 2738 5115 mortis
2773 5059 3022 5112 stimulus
3053 5047 3392 5106 extenditur?
3440 5044 3517 5095 Ad

1957 5188 2056 5224 nos
2088 5165 2335 5224 transivit
2366 5161 2463 5213 ista
2501 5158 2673 5225 plaga,
2711 5156 2816 5207 telo
2849 5149 3101 5207 Velocior,
3131 5145 3337 5211 fulgure
3365 5137 3521 5191 terri-

1960 5262 2150 5319 bilior;
2192 5259 2259 5308 ita
2288 5264 2343 5305 ut
2370 5254 2545 5320 jaceat
2574 5246 2825 5300 deluncla
2860 5240 3033 5308 puella
3061 5236 3144 5287 vix
3170 5235 3314 5286 horse
3350 5230 3522 5297 spatio

1962 5354 2323 5409 cmorcscens,
2362 5356 2519 5413 grave
2551 5349 2601 5391 ct
2633 5334 2985 5389 aversandum
3020 5337 3301 5396 parentum
3350 5320 3523 5374 oculis

1964 5440 2366 5512 spectaculum;
2407 5448 2513 5503 quo
2545 5430 2775 5499 primum
2816 5430 3089 5477 momento
3121 5412 3388 5484 puerperii
3428 5409 3523 5462 “(Si

1963 5536 2171 5590 exeruit
2200 5547 2279 5594 se,
2303 5528 2491 5584 eodem
2525 5520 2755 5578 exaruit,
2793 5516 2957 5569 etiam
3001 5508 3279 5561 radicitus.
3327 5501 3524 5554 Natura

1582 5704 1813 5759 VARIAS
1848 5700 2133 5759 LECTION
2143 5698 2241 5753 ES.

380 5874 396 5897 έ
436 5858 517 5908 ἴσ.
544 5853 747 5921 δώρων.
869 5851 882 5881 ι
927 5846 1044 5906 Πῶς
1069 5840 1236 5897 εἶπεν,

630 5949 893 6007 ιἈτιιυι..
927 5944 1039 6000 Gn.
1079 5938 1207 5997 Cll.

3089 5902 3162 5965 31
