4236 6436
771 426 869 490 971

1897 421 2157 483 ΡΗΟΤΙΙ
2190 422 2692 485 PATRIARCﬂ/E
2732 428 2840 488 CP.

3888 429 3992 492 θτε

766 542 953 601 parata
985 537 1066 580 cst
1096 528 1159 580 ad
1190 527 1669 598 germinationcm,
1700 534 1754 581 ct
1783 526 1886 580 falx
1920 529 2202 584 mortifera
2250 530 2332 584 vi-
2361 536 2407 592 Α
2434 554 2439 582 ι

2320 558 2332 569 -
2361 536 2407 592 Α
2434 536 2841 605 απεμαραίνετο
2874 537 2994 599 ταῖς
3023 537 3201 607 ῥίζαις
3223 554 3235 567 ·
3269 539 3301 608 ἡ
3355 538 3517 608 φύσις
3567 540 3701 608 πρὸς
3757 539 3993 608 βλάστην

763 622 1008 674 scerihus
1038 619 1200 672 altius
1228 619 1466 672 immissa
1499 620 1622 673 vita:
1657 619 1820 673 vitam
1853 619 2164 674 demessuit.
2199 619 2331 684 Qua:

758 711 1065 764 suffectura:
1119 710 1244 762 huic
1303 709 1452 762 casui
1484 708 1765 778 lacrymaa?
1817 709 2023 771 luctus,
2065 709 2326 775 lamenta,

759 804 992 873 gemitus
1034 802 1246 871 qualis?
1291 817 1352 856 os
1393 802 1549 871 longo
1569 801 1678 868 {illo
1711 810 1766 854 et
1809 800 2065 870 fugiendo
2112 801 2330 856 silentio

758 894 1065 955 obturatur,
1115 893 1442 946 clauduntur
1492 891 1665 956 labia,
1708 905 1816 943 non
1867 891 2184 961 gravitatem
2229 891 2328 944 de-

759 984 1135 1047 monstrantia,
1168 999 1277 1038 non
1307 999 1486 1037 mores
1517 983 1851 1052 compositos
1895 980 2204 1045 referentia,
2233 981 2329 1036 sed

758 1077 824 1129 ad
859 1075 1266 1129 dissolutionem
1305 1075 1558 1127 conclusa
1600 1091 1612 1125 :
1649 1081 1705 1126 at
1737 1071 1906 1141 quid?
1949 1070 2132 1138 oculi},
2174 1071 2281 1125 heu
2307 1110 2323 1134 ,

758 1168 936 1236 passio
969 1168 1082 1222 haec
1114 1166 1387 1220 silentium
1417 1174 1664 1235 supcrat,
1692 1180 1796 1220 nec
1821 1165 2058 1219 admittit
2086 1166 2330 1218 consola-

760 1260 997 1323 tionem,
1061 1258 1201 1312 oculi
1262 1257 1553 1326 (quomodo
1610 1257 1660 1311 id
1690 1255 2072 1325 exprimam?)
2110 1270 2328 1309 omnem

759 1351 977 1403 vitalem
1028 1349 1290 1417 liquorem
1332 1358 1676 1409 evacuantes,
1719 1347 1976 1415 reliquias
2027 1346 2328 1399 immittunt

761 1443 813 1493 in
849 1442 1005 1501 cilia;
1041 1441 1206 1493 malas
1239 1455 1336 1508 pro
1371 1439 1675 1492 rubicunda
1705 1439 1942 1492 tinctura
1976 1437 2207 1490 naturali
2242 1445 2326 1489 te-

760 1533 1023 1583 nebrosus
1053 1539 1107 1583 et
1135 1529 1382 1584 mortifer
1417 1529 1628 1598 inungit
1669 1529 1834 1592 color,
1886 1526 2071 1581 forma:
2109 1541 2326 1580 omnem

759 1621 1064 1689 exspolians
1108 1629 1464 1674 venustatem.
1498 1617 1690 1672 Vultus
1719 1619 1951 1686 denique
1983 1627 2126 1670 totus
2174 1626 2232 1669 ut
2271 1615 2325 1668 in

760 1709 850 1761 tali
894 1723 1041 1772 casu,
1088 1706 1456 1776 spectaculum
1499 1706 1839 1760 intuentibus
1883 1705 2182 1758 timendum
2228 1720 2323 1756 ex-

759 1798 911 1852 hibet
954 1809 1008 1851 ct
1059 1797 1324 1851 terribile.
1365 1794 1496 1860 Quae
1535 1796 1649 1849 hac
1683 1794 1916 1848 invidia?
1961 1810 2079 1862 qua:
2124 1794 2319 1861 injuria

2437 624 2702 692 εἱστήκει,
2745 625 2840 678 καὶ
2863 628 2924 678 τὸ
2951 626 3046 678 τοῦ
3077 626 3308 681 Θανάτου
3341 627 3604 698 δρέπανον
3626 628 3996 696 ἐμϐαθυνόμε-

2435 729 2525 766 νον
2561 717 2675 774 τοῖς
2701 714 3054 785 σπλάγχνοις,
3084 717 3176 769 καὶ⁵
3213 717 3382 788 αὐτὴν
3414 717 3560 788 ζωὴν
3587 717 3858 786 ἐξεθέριζε
3898 718 3993 771 τοῦ

2436 804 2574 874 βίου.
2603 807 2762 859 Ποῖον
2799 807 3033 876 δάκρυον
3057 808 3277 878 ἀρκέσει
3303 809 3380 878 τῷ
3416 809 3615 874 πάθει;
3643 809 3725 871 τίς
3769 825 3995 874 στεναγο

2439 897 2574 966 μός;
2633 899 2866 968 ὀδυρμὸς
2905 899 2963 951 δὲ
3004 903 3195 964 ποτοςς
3254 901 3382 970 σιγᾷ
3426 900 3602 970 στόμα
3637 901 3737 969 τὴν
3775 900 3993 969 μακρὰν

2435 988 2650 1057 ἐκείνην
2675 991 2770 1042 καὶ
2799 989 3038 1059 φευκτὴν
3067 991 3294 1058 σιωπὴν,
3323 991 3418 1043 καὶ
3445 989 3597 1058 χείλη
3629 990 3893 1057 μέμυκεν,
3930 989 3991 1039 ού

2435 1081 2739 1149 σεμνότητα
2775 1080 3128 1151 διηγούμενα,
3177 1081 3386 1134 οὐδὲτὸ
3427 1081 3520 1133 τοῦ
3554 1081 3715 1150 ἤθους
3768 1083 3993 1148 κόσμιον

2434 1171 2866 1238 ἀπαγγέλλοντα,
2891 1171 3026 1240 πρὸς
3053 1173 3109 1224 δὲ
3143 1172 3298 1226 λύσιν
3325 1172 3722 1240 συστελλόμενα
3739 1188 3752 1200 ·
3790 1171 3993 1239 ὀφθαλ-

2437 1261 2528 1330 μοὶ
2567 1262 2622 1313 δὲ
2659 1262 2746 1327 τίς
2817 1263 2918 1331 φεῦ
2971 1263 3176 1325 πάθους
3234 1265 3326 1317 καὶ
3382 1263 3537 1331 σιγὴν
3591 1260 3849 1323 νικῶντος
3899 1263 3993 1312 καὶ

2432 1353 2605 1419 λόγων
2621 1352 2721 1405 οὐκ
2756 1354 3111 1423 ἀνεχομένουί
3137 1354 3402 1424 ὀφθαλμοὶ
3432 1352 3567 1422 (πῶς
3597 1352 3786 1420 είπω);
3813 1354 3992 1403 πᾶσαν

2433 1443 2673 1513 ζωτικὴν
2701 1443 2895 1496 λιδάδα
2928 1443 3282 1508 κενώσαντες,
3313 1449 3530 1516 νεκραῖς
3556 1449 3672 1508 ταῖς
3705 1443 3993 1513 βλεφαρίσι

2431 1531 2501 1583 τὰ
2530 1531 2757 1600 λείψανα
2790 1533 3227 1601 περιστέλλουσι·
3253 1535 3349 1596 τὰς
3377 1534 3606 1603 παρειὰς
3642 1532 3762 1584 ἀντὶ
3791 1532 3991 1601 ἐρυθήο

2435 1639 2627 1690 ματος,
2672 1625 2766 1675 καὶ
2816 1622 2991 1692 βαφῆς
3040 1625 3281 1693 ἐμφύτου
3329 1625 3600 1676 σκοτεινὸν
3651 1625 3744 1676 καὶ
3803 1622 3993 1689 νεκρὼ

2433 1713 2719 1780 ὑπαλείφει
2745 1713 2965 1782 χρῶμα,
3004 1715 3216 1783 μορφῆς
3262 1713 3477 1782 ἀπάσης
3524 1712 3845 1780 ἐξαφανίζον
3903 1712 3991 1761 εύ-

2433 1799 2738 1869 πρέπειαν·
2791 1802 2853 1854 τὸ
2918 1801 3207 1871 πρόσωπον
3263 1803 3408 1863 ὅλον,
3463 1800 3537 1862 ὡς
3591 1803 3652 1851 ἐκ
3712 1797 3989 1857 τοιούτων,

761 1889 1023 1957 ejusmodi
1063 1888 1113 1940 in
1149 1902 1248 1940 nos
1277 1894 1602 1953 contorquet
1632 1886 1770 1938 tela?
1800 1885 1888 1938 ubi
1919 1885 2127 1939 transiit
2159 1886 2334 1939 luctus
2365 1884 2404 1938 Β

2294 1900 2334 1939 Is
2365 1884 2404 1938 Β
2435 1891 2779 1962 φρικτὴνκαὶ
2808 1894 3046 1962 φοϐερὰν
3069 1897 3181 1956 τοῖς
3199 1894 3362 1963 ὁρῶσι
3387 1893 3483 1962 τὴν
3515 1893 3640 1944 θέαν
3670 1891 3967 1960 παρέχεται

763 1993 926 2041 unus,
961 1978 1267 2044 insequitur
1293 1975 1430 2028 alter
1462 1975 1871 2039 vehementior;
1911 1975 2000 2028 ille
2037 1975 2326 2028 laetantem

768 2068 1028 2120 infantem
1067 2066 1367 2134 occupavit,
1405 2065 1491 2118 hic
1520 2080 1744 2118 matrem
1777 2081 1896 2119 mox
1929 2065 2186 2128 futuram,
2221 2067 2323 2119 nisi

764 2159 1116 2228 praevenisset
1154 2158 1293 2210 mala
1321 2171 1487 2210 mors.
1526 2155 1804 2209 Undenam
1836 2166 1912 2210 tot
1942 2165 1996 2209 et
2028 2165 2190 2210 tanta:
2223 2157 2330 2224 pla-

763 2250 877 2316 gae?
906 2250 972 2303 ab
1004 2248 1312 2302 hominibus
1349 2247 1535 2316 plagze,
1569 2246 1636 2298 ab
1659 2246 1888 2300 occultis
1934 2247 2188 2309 inimicis,
2229 2263 2331 2300 tlll-

768 2341 930 2408 dique
959 2338 1369 2393 circumsistunt
1402 2337 1562 2400 mala,
1593 2338 1880 2390 mittuntur
1921 2337 1974 2389 in
2004 2351 2101 2390 nos
2123 2337 2327 2404 jacula,

767 2434 820 2486 in
864 2432 1097 2496 liberos;
1146 2429 1418 2499 tragazdiis
1456 2442 1619 2482 scena
1655 2428 1834 2489 ﬁmus,
1871 2427 2092 2480 chorum
2137 2428 2189 2480 in
2234 2443 2332 2481 nos

768 2525 968 2578 saltant
1000 2525 1199 2587 luctus,
1215 2522 1399 2585 \dolor,
1425 2519 1660 2583 tristitia,
1687 2519 1864 2573 vultus
1885 2519 2136 2587 dejectio,
2158 2519 2333 2574 omnis

767 2619 922 2685 plane
949 2616 1208 2668 malorum
1251 2612 1480 2682 Erynnis
1529 2630 1541 2665 :
1590 2612 1806 2672 Clotho,
1847 2611 2030 2664 nescio
2075 2627 2228 2679 quat,
2274 2620 2334 2664 ut

768 2711 998 2770 videtur,
1045 2708 1272 2761 chorum
1322 2706 1374 2757 in
1427 2719 1526 2758 nos
1564 2703 1730 2763 ducit.
1781 2703 1932 2757 fusus
1983 2713 2037 2756 et
2093 2703 2335 2758 infelices

768 2801 910 2852 illius
950 2797 1108 2869 glomi
1136 2797 1303 2849 vitam
1332 2804 1567 2849 nostram
1600 2795 1812 2848 actibus
1840 2795 2142 2859 innectunt,
2168 2805 2223 2848 et
2246 2811 2331 2848 ar-

769 2897 1023 2959 gumenta
1086 2886 1396 2940 ministrant
1435 2885 1755 2954 tragicorum
1802 2885 2085 2938 modorum
2125 2885 2332 2939 acerbis

769 2979 1069 3033 choreutis.
1120 2977 1222 3030 Sed
1255 2977 1383 3046 quid
1417 2977 1548 3029 mihi
1590 2975 1822 3030 accidit?
1859 2992 1966 3044 quo
2008 2991 2107 3046 ego
2150 2977 2332 3030 feror?

768 3078 860 3144 qui
897 3075 1235 3129 institueram
1258 3071 1680 3127 consolationem
1714 3071 1973 3136 scribere,
2005 3073 2193 3126 nescio
2225 3088 2332 3140 quo

2433 1983 2527 2045 Τίς
2565 1983 2870 2052 βασκανίας
2900 1985 2982 2047 τίς
3011 1986 3239 2054 ἐπήρεια
3265 1984 3483 2036 τοιαῦτα
3505 1982 3622 2035 καθ’
3644 1983 3799 2052 ἡμῶν
3826 1984 3988 2031 ἀκον-

2431 2072 2568 2135 τίζει
2600 2073 2667 2124 τὰ
2719 2073 2878 2143 βέλη;
2910 2073 3061 2126 οὔπω
3096 2072 3339 2142 παρῆλθε
3369 2073 3430 2124 τὸ
3479 2072 3740 2142 πρότερον
3773 2067 3985 2128 πένθος.

2434 2165 2530 2214 καὶ
2586 2162 2748 2213 πάλιν
2792 2163 2975 2232 ἕτερον
3029 2163 3264 2214 ἐπέπεσε
3318 2161 3517 2230 μεῖζον.
3575 2159 3648 2210 Τὸ
3699 2157 3796 2227 μὲν
3847 2151 3992 2224 εἶχεν

2435 2255 2658 2323 ὐπομάζ
2665 2273 2740 2306 ιον
2766 2255 2925 2307 παῖδα
2949 2270 2963 2285 ·
2991 2254 3147 2306 τοῦτο
3169 2254 3222 2306 δὲ
3251 2255 3342 2305 καὶ
3370 2253 3575 2322 μητέρα
3593 2252 3682 2301 ἐπὶ
3709 2250 3774 2302 ἂν
3799 2248 3992 2300 θᾶττον

2432 2346 2491 2398 τὸ
2516 2348 2684 2399 κακὸν
2707 2347 2932 2416 ἐπέστη.
2981 2346 3150 2398 Πόθεν
3182 2347 3236 2398 αἱ
3263 2343 3580 2413 τηλικαῦται
3615 2343 3703 2392 καὶ
3730 2339 3992 2392 τοσαῦται

2433 2437 2670 2506 πληγαίς
2703 2439 2909 2510 πληγαὶ
2951 2438 3010 2502 ἐξ
3037 2436 3370 2507 ἀνθρώπων·
3407 2435 3612 2505 πληγαὶ
3665 2432 3726 2496 ἐξ
3780 2433 3990 2500 ἀδήλων

2435 2533 2772 2600 μηνιμάτων.
2821 2530 3163 2600 Πανταχόθεν
3191 2531 3388 2598 ἔστηκε
3419 2529 3484 2581 τὰ
3523 2527 3667 2580 δεινά
3691 2541 3703 2552 ·
3736 2525 3804 2576 τά
3857 2523 3988 2592 βέλη

2435 2622 2661 2691 φέρεται
2706 2624 2787 2684 είς
2834 2623 2981 2690 ἡμᾶς
3031 2621 3257 2682 αὐτοὺς,
3305 2622 3384 2681 εἰς
3431 2618 3643 2679 παῖδας.
3681 2615 3992 2681 Γεγόναμεν

2435 2713 2606 2783 σκηνὴ
2637 2712 2966 2782 τραγῳδίας,
3006 2710 3099 2764 καὶ
3146 2710 3460 2780 χορεύουσιν
3505 2710 3561 2760 ἐν
3609 2709 3741 2776 ἡμῖν
3791 2705 3992 2773 θρῆνος

2435 2805 2532 2858 καὶ
2563 2804 2755 2866 πένθος
2777 2805 2869 2855 καὶ
2895 2803 3037 2871 λύπη
3072 2803 3164 2854 καὶ
3188 2805 3478 2869 κατήφεια,
3511 2799 3603 2851 καὶ
3623 2799 3770 2850 πᾶσα
3805 2797 3993 2848 κακῶν

2435 2896 2680 2967 ἐριννύςο
2736 2897 2956 2962 συνάγει
2987 2895 3031 2948 δ’
3064 2894 3192 2964 ἀρα,
3245 2892 3319 2954 ὡς
3361 2891 3528 2955 ἔοικε,
3564 2889 3656 2942 τὸν
3683 2889 3803 2941 καθ’
3829 2887 3992 2957 ἡμῶν

2438 2987 2596 3058 χορὸν
2649 2987 2852 3040 Κλωθὼ
2882 3004 2966 3049 τις
3001 2987 3096 3039 καὶ
3124 2987 3383 3054 ἄτρακτοι
3415 2996 3461 3044 υ,
3495 2983 3587 3034 καὶ
3640 2980 3707 3033 τὰ
3751 2981 3990 3047 δυστυχῆ

2435 3079 2636 3146 ταύτης
2663 3081 2899 3149 νήματα,
2945 3078 3036 3130 τόν
3067 3094 3127 3129 τε
3158 3078 3424 3146 ἡμέτερον
3455 3075 3566 3144 βίον
3601 3077 3709 3135 τοῖς
3746 3073 3991 3142 δράμασι

770 3176 944 3235 pacto.
986 3166 1132 3217 luctu
1175 3178 1278 3216 una
1308 3162 1585 3231 abreptus,
1622 3177 1744 3216 cum
1783 3176 1891 3215 non
1931 3162 2134 3215 valeret
2171 3162 2328 3226 ratio,
2358 3205 2402 3261 α
2437 3175 2443 3220 έ

2319 3202 2402 3261 lc
2437 3168 2822 3231 διαπλέκουσα,
2878 3167 2970 3218 καὶ
3013 3163 3323 3234 χορηγοῦσα
3383 3164 3481 3225 τὰς
3534 3162 3820 3223 ὑποθέσεις
3883 3163 3992 3213 τῶν

770 3267 958 3311 contra
1002 3269 1222 3310 cursum
1265 3253 1392 3305 mali
1464 3253 1517 3305 in
1571 3252 1901 3305 contrarium
1955 3252 2174 3316 obnixi,
2226 3268 2333 3319 quo

773 3349 970 3402 nollem
1000 3347 1208 3400 delatus
1238 3360 1378 3409 sum;
1409 3352 1464 3396 et
1494 3342 1663 3396 solatii
1693 3357 1996 3396 sermonem
2023 3357 2336 3407 exorsurus,

771 3440 838 3493 ad
877 3440 1138 3507 lacrymas
1169 3434 1534 3504 plangentium
1569 3433 1893 3501 abripiebar.
1943 3431 2048 3485 Sed
2097 3442 2336 3486 revertar

773 3530 839 3583 ad
879 3528 1176 3596 tneipsum;
1237 3539 1336 3578 nec
1395 3523 1641 3577 mceroris
1686 3522 1952 3591 profundo
1998 3522 2332 3591 immergar:

774 3621 973 3674 multos
1006 3619 1157 3672 dolor
1222 3615 1624 3685 pessumdedit,
1672 3629 1779 3667 non
1820 3613 1978 3666 modo
2017 3628 2211 3681 corpus
2246 3614 2339 3667 de-

773 3722 1008 3772 struens,
1054 3708 1150 3761 sed
1193 3705 1462 3759 letbaliter
1518 3703 1685 3772 ipsam
1745 3703 1976 3756 animam
2024 3702 2331 3756 vulnerans.

773 3802 1028 3854 Hostibus
1075 3814 1144 3852 ne
1197 3795 1596 3866 gratiﬁcemur;
1634 3793 1872 3846 oblectat
1919 3792 2102 3846 hostes
2151 3801 2334 3845 nostra

773 3893 1004 3960 dejectio
1060 3889 1274 3956 injuriis
1320 3885 1676 3948 atlectorum;
1728 3899 1797 3936 ne
1836 3884 2233 3937 committamus
2278 3883 2332 3936 in

777 3994 999 4052 paterna
1026 3977 1357 4034 fortitudinis
1385 3976 1676 4030 certamina
1709 3993 1721 4027 :
1755 3975 2004 4028 viderunt
2035 3975 2108 4028 illi
2139 3975 2335 4028 libero-

778 4090 896 4127 rum
924 4082 1143 4136 mortes,
1169 4082 1372 4124 mortes
1389 4083 1495 4121 non
1520 4065 1782 4134 ejusmodi
1807 4075 2004 4118 nostrae
2025 4073 2170 4127 sunt,
2194 4065 2336 4119 Deus

779 4166 1012 4218 avertat!
1051 4162 1251 4215 llorum
1283 4161 1459 4229 proles
1486 4158 1642 4226 ignis,
1665 4171 1821 4224 aqua,
1850 4156 1996 4209 lacus
2017 4156 2332 4220 diviserunt;

773 4258 1018 4309 exsilium
1054 4253 1458 4306 acerbissimum
1513 4257 1568 4302 et
1612 4245 2004 4301 intolerandum
2074 4246 2332 4310 incubuit;

775 4345 1026 4397 omnibus
1072 4341 1261 4394 amicis
1289 4350 1346 4393 et
1391 4337 1641 4391 alItnibus
1680 4337 1922 4390 destituti
1969 4346 2145 4391 erant.
2191 4335 2336 4389 Nihil

778 4435 1011 4501 denique
1063 4448 1170 4485 non
1218 4429 1598 4492 auferebatur,
1643 4428 1784 4495 quod
1835 4427 2103 4480 tantillum
2158 4427 2333 4481 solatii

775 4526 970 4578 all'crrc
1007 4533 1220 4592 posset;
1249 4532 1304 4574 et
1341 4530 1519 4575 tamen
1553 4519 1751 4589 gratias
1793 4528 2016 4589 agentes
2043 4519 2234 4584 tulere,
2275 4527 2330 4573 et
2359 4552 2404 4607 υ

780 4628 956 4670 tamen
996 4629 1287 4682 supernum
1338 4627 1539 4666 numen
1586 4610 2020 4674 venerabantur;
2053 4611 2196 4679 quod
2243 4626 2330 4665 res

771 4707 1060 4764 humanas,
1099 4704 1238 4755 ultra
1265 4701 1544 4757 hominum
1591 4698 1944 4766 cogitationes
1984 4702 2329 4769 gubernaret.

778 4796 1102 4864 Cogitemus,
1129 4793 1217 4861 qui
1241 4807 1460 4845 sumus:
1492 4789 1632 4844 unde
1662 4789 1787 4853 orti,
1820 4805 1929 4842 non
1955 4805 1985 4844 e
2016 4792 2330 4846 mortalibus

780 4884 1075 4937 mortales?
1108 4898 1286 4935 nonne
1325 4898 1354 4935 e
1403 4897 1509 4935 non
1547 4880 1950 4944 exsistentibus,
1994 4896 2115 4934 mox
2163 4881 2329 4935 futuri

771 4975 877 5043 ipsi
911 4975 1050 5042 quod
1082 4990 1188 5027 non
1223 4977 1447 5026 sumus?
1484 4972 1571 5025 ubi
1610 4971 1802 5040 pater?
1851 4972 1940 5025 ubi
1971 4988 2087 5026 mea
2119 4975 2329 5027 mater?

777 5080 959 5117 annon
1013 5075 1294 5132 postquam
1331 5063 1622 5130 pauxillum
1658 5062 1709 5115 in
1741 5063 1841 5116 hac
1870 5064 1990 5116 vita:
2029 5079 2189 5118 scena
2221 5066 2331 5120 col-

778 5157 1039 5216 luserant,
1074 5155 1176 5206 nisi
1206 5154 1346 5222 quod
1382 5163 1672 5221 martyrum
1726 5154 1845 5208 illos
1888 5170 2086 5208 corona
2133 5167 2186 5210 ct
2237 5174 2329 5226 pa-

781 5246 977 5298 tientire
1021 5245 1426 5308 colioncstabat,
1470 5245 1790 5311 quantocius
1826 5247 2037 5300 theatro
2077 5263 2326 5302 cxccssc-

779 5336 937 5388 runt?
964 5335 1131 5404 lli-ges
1158 5345 1336 5387 autem
1368 5346 1417 5386 ct
1459 5336 1688 5403 tyranni,
1711 5337 2015 5402 supercilio,
2035 5348 2089 5390 et
2121 5349 2328 5393 tumore

778 5427 1143 5489 immortales,
1195 5440 1372 5478 annon
1432 5442 1552 5477 cum
1608 5427 1720 5478 suis
1763 5427 2120 5494 potestatibus
2156 5441 2329 5483 morte

773 5519 1040 5572 submersi
1089 5519 1251 5571 sunt?
1292 5517 1486 5571 Natura
1531 5519 1707 5572 omnis
1753 5518 1986 5571 humana
2057 5532 2330 5590 utcunque

2436 3261 2708 3333 τραγικῶν
2739 3260 2996 3330 ᾀσμάτων
3043 3259 3154 3318 τοῖς
3207 3257 3418 3323 πικροῖς
3462 3255 3763 3324 χορευταῖς.
3831 3253 3992 3304 Ἀλὶά

2434 3353 2488 3404 τί
2522 3349 2756 3414 ἐπαθον;
2786 3350 2874 3400 ποῖ
2904 3348 3171 3416 φέρομαι;
3205 3346 3434 3412 γράφειν
3481 3343 3781 3412 ἀρξάμενος
3811 3359 3992 3409 παρα-

2441 3443 2649 3512 μύθιον,
2674 3440 2833 3502 αὐτὸς
2852 3479 2868 3502 ,
2911 3440 3009 3490 οὐκ
3040 3434 3135 3490 οἶδ’
3165 3438 3331 3500 ὅπως,
3376 3435 3452 3504 τῷ
3479 3435 3665 3486 πένθει
3715 3451 3994 3502 συναρπα-

2438 3533 2607 3594 σθεὶς,
2662 3532 2762 3583 οὐκ
2818 3531 3177 3597 ἀντισχόντων
3231 3528 3339 3579 τῶν
3393 3527 3667 3593 λογισμῶν
3718 3526 3852 3594 πρὸς
3894 3528 3992 3593 τὴν

2437 3624 2609 3690 φορὰν
2633 3622 2726 3673 τοῦ
2755 3621 2950 3683 δεινοῦ,
2973 3621 3050 3679 είς
3076 3619 3401 3681 τούναντίον,
3422 3613 3496 3670 ὧν
3525 3617 3810 3677 ἐσκόπουν,
3846 3633 3990 3686 παρ-

2435 3714 2671 3781 εσύρηνο
2725 3713 2820 3764 καὶ
2871 3711 3195 3780 παραψυχῆς
3244 3709 3630 3778 εἰσηγούμενος
3697 3708 3878 3774 λόγον,
3915 3711 3992 3768 εἰς

2435 3802 2504 3854 τὰ
2528 3802 2636 3854 τῶν
2664 3801 3002 3869 ὀδυρομένων
3031 3797 3343 3866 ἀπηνέχθην
3371 3798 3600 3864 δάκρυα.
3640 3798 3799 3849 Ἀλλά
3824 3799 3990 3863 γενῶ-

2438 3888 2577 3958 μεθα
2607 3889 2764 3958 ἡμῶν
2793 3889 2991 3951 αὐτῶν,
3026 3889 3160 3956 μηδὲ
3185 3887 3257 3956 τῷ
3289 3886 3434 3955 βυθῷ
3457 3888 3555 3954 τῆς
3587 3886 3763 3956 λύπης
3795 3890 3990 3954 βαπτι-

2435 3979 2694 4047 ζώμεθα·
2733 3979 2960 4041 πολλοὺς
3012 3979 3255 4032 ἀπώλεσε
3309 3977 3476 4046 λύπη,
3522 3978 3582 4029 ού
3617 3977 3775 4046 σῶμα
3830 3977 3991 4046 μόνον

2437 4069 2822 4138 διαφθείρασα,
2857 4069 2991 4120 ἀλλά
3017 4070 3107 4119 καὶ
3136 4068 3315 4137 ψυχῆς
3343 4069 3510 4135 αὐτῆς
3539 4067 3895 4136 λυμηναμένη
3927 4068 3990 4118 τὰ

2435 4163 2641 4226 καίρια.
2690 4160 2839 4230 Μηδὲ
2868 4164 2978 4220 τοῖς
3025 4160 3236 4229 ἐχθροῖς
3283 4158 3667 4229 χαριζώμεθα·
3709 4161 3850 4228 μέγα
3885 4162 3990 4227 γὰρ

2437 4253 2652 4321 ἐχθροις
2691 4253 2769 4314 είς
2803 4252 3088 4320 θυμηδίαν,
3115 4253 3147 4318 ἡ
3176 4251 3447 4317 κατήφεια
3470 4249 3577 4299 τῶν
3613 4249 3988 4317 ἐπηρεαζομέκ

2436 4361 2541 4394 νων
2561 4359 2574 4370 ·
2610 4344 2735 4411 μηδ’
2760 4345 2838 4405 εἰς
2860 4343 2982 4402 τοὺς
3016 4341 3310 4410 πατρικοὺς
3332 4340 3428 4408 τῆς
3452 4338 3743 4408 καρτερίας
3774 4337 3989 4405 ἐξυϐρί-

2437 4433 2617 4503 ζωμεν
2639 4433 2850 4495 ἄθλους.
2884 4429 3038 4485 Εἶδον
3087 4433 3284 4484 ἐκεῖνοι
3318 4429 3579 4491 θανάτους
3620 4428 3828 4481 παίδων
3849 4443 3862 4455 ⁸
3901 4429 3990 4479 θαι

2435 4523 2651 4585 νάτους,
2684 4523 2781 4591 ούχ
2805 4516 2906 4574 οἷοι
2941 4523 3064 4591 παρ’
3096 4524 3248 4591 ἡμῖν,
3309 4520 3440 4589 μηδέ
3495 4520 3703 4586 γένοιτο
3787 4518 3990 4570 τούτων

2434 4614 2504 4667 τά
2533 4614 2748 4681 ἔκγονα,
2783 4613 2892 4683 πῦρ
2919 4615 3014 4666 καὶ
3044 4611 3186 4680 ὕδωρ
3221 4612 3313 4663 καὶ
3337 4611 3536 4672 λάκκος
3566 4608 3873 4679 ἐμερίζετο,
3899 4610 3988 4661 ml.

2435 4707 2552 4759 τότε
2580 4707 2780 4777 πικρᾶς
2808 4706 2902 4759 καὶ
2948 4705 3169 4774 βαρείας
3187 4704 3281 4772 τῆς
3301 4701 3594 4770 ὑπερορίας
3610 4701 3985 4770 ἐπικειμένης,

2434 4796 2526 4847 καὶ
2555 4796 2733 4863 πάσης
2761 4795 2995 4864 ἐρημίας
3023 4793 3189 4860 φίλων
3233 4791 3506 4858 συγγενῶν
3544 4791 3985 4858 περιεστηκυίας,

2435 4887 2528 4938 καὶ
2553 4888 2769 4942 πάντων
2805 4884 2992 4945 ἁπλῶς
3020 4886 3119 4936 ὅσα
3163 4880 3518 4951 ψυχαγωγίαν
3552 4880 3675 4932 τινὰ
3703 4881 3862 4949 φέρει
3901 4896 3987 4930 πε-

2439 4990 2599 5045 ριῃρη
2608 4964 2801 5044 μένων·
2832 4974 2946 5027 ἀλλ’
2964 4973 3298 5042 εὐχαρίστως
3315 4972 3567 5040 ἦνεγκανο
3598 4968 3710 5021 ἀλλ’
3731 4968 3986 5032 ἐδόξασαν

2434 5067 2524 5118 τὸν
2578 5069 2907 5135 κρείττονα*
2955 5064 2987 5131 ἢ
3033 5063 3172 5114 κατὰ
3225 5062 3513 5128 λογισμοὺς
3569 5058 3873 5128 ἀνθρώπων
3923 5060 3987 5111 τὰ

2436 5159 2750 5226 ἀνθρώπινα
2772 5155 3229 5223 διακυϐερνῶντα.
3257 5153 3626 5221 Ἑννοήσωμεν
3642 5152 3782 5212 τίνες
3797 5152 3982 5219 ἐσμὲν,

2437 5248 2598 5299 πόθεν
2636 5248 2970 5314 γεγόναμεν·
3020 5245 3117 5294 οὐκ
3162 5245 3223 5293 ἐκ
3267 5241 3474 5309 θνητῶν
3502 5240 3720 5308 θνητοί;
3777 5241 3898 5306 οὐχὶ
3932 5238 3984 5300 ἐξ

2433 5341 2531 5390 οὐκ
2558 5339 2722 5390 ὅντων
2753 5339 2869 5404 μετ’
2897 5336 3073 5403 ὀλίγον
3096 5335 3194 5385 οὐκ
3225 5333 3495 5400 ἐσόμενοι;
3525 5330 3626 5380 ποῦ
3657 5347 3744 5398 μοι
3769 5333 3980 5397 πατήρς

2435 5429 2536 5479 ποῦ
2570 5427 2624 5478 δέ
2679 5443 2766 5494 μοι
2807 5426 3021 5494 μήτηρ;
3073 5422 3193 5490 οὐχὶ
3224 5419 3394 5489 μικρὰ
3452 5416 3528 5485 τῷ
3568 5415 3664 5484 βίῳ
3715 5415 3981 5483 προσπαί-

2438 5520 2622 5584 ξαντες
2644 5558 2658 5583 ,
2690 5517 2829 5586 πλὴν
2858 5517 2958 5570 ὅσα
3007 5511 3337 5585 μαρτυρικὸς
3365 5509 3561 5571 αὐτοὺς
3595 5508 3690 5560 καὶ
3720 5506 3820 5574 τῆς
3851 5507 3980 5558 ὑπο-

2039 5671 2271 5728 ῩΑΒΙΛΕ
2324 5674 2721 5731 LECTIONES.

846 5831 874 5861 ιι
915 5820 1188 5891 Ἀτροπός.
1263 5829 1289 5860 ν
1319 5820 1402 5873 ἵσ.
1435 5818 1523 5870 τὸν
1557 5817 1710 5882 Θεὸν,
1747 5818 2011 5885 κρεῖττον.
