4236 6436
221 432 329 501 9Ἱ3

1337 418 1689 483 EPISTOLA
1700 414 1870 477 RUM
1908 414 2138 474 LIBER
2180 415 2293 473 III.

3344 408 3447 470 974

223 547 393 618 μονῆς
410 540 685 611 διεκόσμει
715 537 998 605 στέφανος,
1016 534 1205 588 θᾶττον
1222 532 1467 595 λιπόντες
1486 532 1545 583 τὸ
1564 530 1785 599 θέατρον
1817 526 1865 581 Α
1894 541 1896 593 1

1774 541 1785 575 ο
1817 526 1865 581 Α
1894 524 2129 593 potentia
2162 523 2390 583 fruatur,
2426 520 2550 574 licet
2584 518 2799 588 privati,
2836 532 3015 583 senes,
3043 520 3290 587 juvenes,
3326 521 3447 585 viri,

223 617 460 706 ᾤχοντο;
494 632 557 685 Ol
585 631 641 682 δέ
676 626 913 697 βασιλεῖς
948 624 1044 677 καὶ
1079 622 1350 693 τύραννοι,
1402 621 1451 672 oi
1483 618 1560 687 τῷ
1610 617 1784 689 φρυά-

222 744 393 797 γματι
421 727 515 777 καὶ
542 723 665 782 ταῖς
713 718 942 789 ὀφρύσιν
971 715 1250 776 ἀθάνατοι,
1296 713 1415 780 οὐχὶ
1447 709 1524 779 τῷ
1572 710 1785 776 Θανάτῳ

223 817 566 879 δυναστείαις
592 814 781 875 αὐταῖς
803 810 1157 864 καταδύονται
1181 805 1370 871 ςΠᾶσα
1389 803 1550 872 φύσις
1576 800 1790 869 ἀνθρώ-

228 930 367 978 πων,
390 909 492 962 κᾶν
508 905 895 973 ἐξουσιάζουσα
922 894 978 973 ᾖ,
994 899 1097 951 κᾶν
1120 897 1346 959 ἰδιῶτις,
1362 893 1463 949 κᾶν
1492 894 1785 963 γερόντων,

228 1004 333 1058 κᾶν
367 1004 523 1067 νέων,
554 1000 660 1053 κᾶν
688 995 916 1064 ἀνδρῶν,
950 992 1055 1045 κᾶν
1077 988 1373 1059 γυναικῶν,
1403 985 1618 1057 θανάτῳ
1649 986 1790 1039 πάν-

228 1115 337 1160 τως
364 1096 620 1165 τέμνεται
645 1090 738 1142 τοῦ
774 1088 887 1158 βίου
909 1103 921 1115 ·
958 1084 1053 1138 καὶ
1075 1083 1226 1135 οὐδὲν
1252 1082 1313 1134 ού
1348 1080 1423 1150 μὴ
1453 1078 1691 1148 διαφύγῃ
1726 1077 1787 1129 τὸ

228 1188 439 1242 ἐκείνου
488 1186 787 1255 δρέπανον·
822 1180 975 1232 οὐδὲν
1028 1175 1235 1240 καινὸν,
1282 1173 1404 1225 οὐδὲ
1454 1170 1789 1241 παράδοξον,

230 1280 353 1332 οὐδὲ
416 1278 515 1347 τῆς
575 1275 788 1344 φύσεως
862 1270 1174 1338 ὑπέστημεν
1253 1264 1560 1334 ὑπερόριον.
1610 1260 1790 1331 Θνητὴ

232 1367 598 1439 προελήλυθεν
631 1368 693 1418 ἐκ
737 1362 1057 1429 σπλάγχνων
1103 1356 1309 1427 θνητῶν
1364 1355 1459 1409 κα)⁵
1486 1353 1563 1423 τῷ
1616 1350 1794 1421 θνητῷ

233 1462 335 1529 βίῳ
385 1460 535 1528 νόμῳ
589 1457 806 1526 φύσεως
840 1454 1307 1521 λειτουργήσασα,
1361 1448 1440 1517 τῷ
1486 1444 1635 1513 αὐτῷ
1695 1444 1795 1511 τῆς

232 1550 447 1617 φύσεως
477 1550 625 1617 νόμῳ
653 1548 788 1617 πρὸς
826 1546 924 1615 τὴν
951 1546 1215 1597 ἀθάνατον
1265 1537 1542 1593 πολιτείαν
1594 1537 1796 1605 ἀπεδή-

235 1659 432 1711 μησεν.
462 1640 574 1693 Οὐκ
602 1638 753 1691 ἔλιπε
778 1638 972 1699 παῖδας
1006 1635 1356 1705 ὀδυρομένους
1381 1630 1643 1702 ὀρφανίαν
1665 1646 1678 1657 ο
1698 1628 1798 1680 οὐκ

232 1731 446 1800 ἀπῆλθε
487 1732 576 1782 τὸν
623 1729 847 1799 περὶτά
885 1728 1082 1794 ἔκγονα
1134 1726 1294 1778 πόνον
1331 1722 1653 1791 πικρότερον
1700 1718 1795 1770 τοῦ

236 1821 472 1873 θανάτου
506 1820 938 1887 συνεπιφέρουσα
984 1817 1205 1885 κέντρον
1227 1832 1240 1845 ”
1272 1816 1372 1867 οὐκ
1411 1812 1566 1865 ἔλαϐε
1593 1810 1793 1877 πολλὴν

238 1913 436 1979 πεῖραν
470 1907 577 1959 τῶν
608 1908 841 1977 ἀνιαρῶν
861 1922 874 1935 ·
912 1907 1010 1958 οὐκ
1039 1906 1266 1973 ἐζήτησε
1299 1903 1545 1967 θάνατον⁹
1573 1895 1633 1954 οὗ
1665 1901 1794 1952 πολ-

239 2001 322 2055 λοὶ
344 2003 600 2064 πολλάκις
626 2001 927 2071 συμφοραῖς
958 1998 1218 2066 ἀφύκτοις
1249 1994 1747 2065 περιστοιχηθέντες
1772 2001 1797 2028 κ

241 2090 621 2156 ἐπεθύμησαν.
643 2087 863 2139 Γονεῢσι
883 2083 1289 2155 προσομιλοῦσα
1309 2084 1408 2151 τῆς
1429 2083 1597 2149 ζάλης
1611 2082 1799 2152 ἐξῆλθε

241 2180 353 2232 τῶν
392 2178 768 2249 προσκαίρων·
803 2178 957 2247 χερσὶ
995 2176 1287 2246 μητρικαῖς
1321 2173 1564 2242 ἀπῆλθεν
1595 2174 1801 2242 ὑπηρε-

240 2269 511 2337 τουμένη·
573 2268 730 2337 χερσὶ
787 2266 1052 2318 τεκόντων
1106 2264 1397 2318 ἐναπέθετο
1451 2264 1512 2316 τὸ
1561 2263 1797 2333 πνεῦμα.

255 2358 556 2426 Ἐκηδεύθη
582 2358 643 2411 τὺ
674 2357 863 2427 σῶμαο
907 2354 1174 2426 παρεδόθη
1216 2354 1394 2424 τάφῳ,
1426 2355 1609 2417 καλοῖς
1656 2358 1804 2408 ἐντα-

245 2449 391 2516 φίοις
431 2448 682 2518 εὐσεϐείᾳ
714 2449 806 2501 καὶ
851 2446 1173 2518 σωφροσύνῃ
1205 2447 1299 2498 καὶ
1352 2444 1562 2498 πολλῶν
1619 2446 1805 2513 εὐχαῖς

250 2542 565 2610 ἐλεημένων
620 2539 1053 2608 προπεμπομένη
1076 2555 1089 2566 ’
1117 2537 1357 2607 ἀπῆλθεν
1395 2540 1473 2600 είς
1520 2536 1716 2606 χῶρον,
1746 2536 1805 2600 ἐξ

246 2629 312 2688 οὗ
338 2636 486 2687 πᾶσα
516 2632 661 2701 λύπη
690 2632 783 2683 καὶ
818 2629 1117 2700 στεναγμὸς
1151 2630 1506 2698 ἀπελήλαται.
1537 2629 1602 2680 Τί
1640 2629 1802 2680 πλέον

247 2724 356 2775 ἔδει
382 2740 396 2786 ;
428 2723 507 2783 είς
526 2720 831 2774 τούναντίον
867 2738 955 2789 μοι
977 2722 1165 2790 τρέπει
1200 2720 1261 2772 τὸ
1281 2721 1464 2785 ἄλγος,
1487 2722 1557 2773 τά
1582 2722 1709 2789 περὶ
1747 2719 1806 2771 τὸ

256 2815 526 2883 μακάριον
573 2814 748 2865 ἐκεῖνο
778 2811 1069 2880 θυγάτριον
1097 2810 1539 2880 οίκονομηθένταο
1574 2814 1667 2863 καὶ
1699 2828 1805 2881 μα-

251 2902 461 2973 καρίζω
490 2904 692 2974 ταύτην
741 2905 839 2971 τῆς
872 2903 1201 2971 ἀποδημίας,
1247 2905 1340 2957 καὶ
1390 2904 1481 2956 τὸν
1508 2904 1702 2973 θρῆνον
1730 2908 1808 2967 είς

252 2993 412 3057 δόξαν
464 2994 600 3047 Θεοῦ
651 2995 1007 3063 μεταὸάλλω,
1057 2998 1149 3047 καὶ
1210 2995 1307 3065 τὴν
1364 2996 1671 3065 ἀμηχανίαν
1730 2998 1811 3057 εἰς

254 3090 623 3156 εὐχαριστίαν,
684 3089 855 3152 οὓτως
906 3090 1097 3153 αἰσίως
1156 3091 1251 3143 καὶ
1303 3091 1375 3153 ῶς
1411 3091 1476 3144 ἀν
1515 3109 1596 3153 τις
1657 3091 1809 3159 μόλις

256 3178 473 3241 εὔξαιτο
502 3180 930 3249 ἀπηλλαγμένην
952 3181 1091 3250 ὁρῶν
1114 3180 1223 3233 τῶν
1241 3181 1543 3251 παρόντων.
1578 3182 1714 3233 Ἀλλ’
1742 3184 1802 3235 οὐ

256 3270 424 3324 πολὺν
456 3270 658 3322 ἐπεϐίω
681 3271 868 3341 χρόνον
889 3288 901 3301 ο
934 3274 1027 3323 καὶ
1054 3272 1105 3323 τί
1129 3272 1373 3341 διαφέρει
1395 3274 1459 3325 ἄν
1480 3290 1536 3324 τε
1568 3272 1809 3336 πλείους,

262 3360 328 3413 ἄν
350 3377 409 3412 τε
440 3362 691 3424 ἐλάττους
712 3362 809 3430 τὴν
828 3362 971 3431 ζωὴν
996 3363 1149 3431 ἡμῶν
1178 3363 1566 3432 διαμερίσωσιν
1584 3364 1809 3434 ἡμέραι,

257 3452 347 3503 ὅτε
384 3451 479 3503 καὶ
507 3452 565 3503 τὺ
600 3452 779 3505 πλεῖον
806 3452 897 3505 καὶ
924 3452 984 3505 τὸ
1016 3451 1256 3517 ἔλαττον,
1286 3455 1363 3516 εἰς
1395 3455 1492 3516 τὰς
1521 3456 1689 3517 αύτάς
1718 3455 1810 3507 τοῦ

260 3540 488 3593 θανάτου
520 3540 691 3604 πύλας
716 3541 1060 3607 διαὸιόάζει;
1094 3542 1281 3606 Οὐδεὶς
1316 3543 1506 3611 ἥδεται
1528 3547 1637 3606 τοῖς
1670 3562 1811 3612 παρ-

261 3630 472 3682 ελθοῦσι
502 3673 515 3694 ,
552 3631 610 3683 τὸ
647 3632 837 3701 μέλλον
864 3632 963 3685 οὐκ
997 3632 1132 3697 εστι,
1167 3634 1227 3685 τὸ
1260 3634 1432 3702 παρὸν
1461 3634 1519 3685 ἐν
1553 3627 1597 3699 ᾧ
1628 3635 1693 3687 ἀν
1732 3652 1815 3697 τις

264 3723 356 3773 καὶ
384 3723 443 3774 τδ
473 3722 699 3791 ἥδεσθαι
728 3722 846 3792 θείη
883 3724 1163 3786 παντελῶς
1188 3725 1474 3795 ἀκαριαῖον
1497 3744 1509 3757 ’
1545 3728 1683 3782 ὥστε
1723 3731 1816 3782 καὶ

262 3818 291 3867 ὁ
318 3814 524 3883 μακρὸς
555 3816 648 3866 καὶ
689 3813 893 3883 βραχὺς
923 3815 1016 3867 τοῦ
1057 3814 1173 3883 βίου
1200 3816 1409 3885 χρόνος,
1460 3817 1537 3886 τῷ
1588 3821 1816 3889 παρόντι

268 3906 425 3974 μόνον
454 3905 551 3973 τὴν
585 3905 834 3973 αἴσθησιν
865 3904 974 3959 τῶν
1015 3906 1187 3974 ἡδέων
1220 3907 1567 3973 περικλαίων,
1595 3912 1673 3971 εἰς
1698 3912 1818 3980 ἴσην

266 3998 360 4049 καὶ
396 3997 591 4065 ὁμοίαν
621 3996 947 4061 ἀπόλαυσιν,
980 3997 1071 4049 τόν
1099 4014 1158 4049 τε
1184 3999 1263 4060 είς
1295 3999 1472 4069 γῆρας
1497 4000 1813 4066 βαθύνοντα,

267 4088 362 4141 καὶ
390 4088 481 4139 τὸν
519 4088 896 4157 ἐνακμάζοντα
927 4091 992 4157 τῇ
1023 4088 1239 4156 νεότητι
1280 4091 1521 4157 συνάγει,
1559 4093 1817 4161 ἑκατέρου

272 4180 369 4250 μὲν
400 4178 496 4247 τὴν
552 4179 803 4246 αἴσθησιν
855 4181 921 4247 τῇ
958 4179 1208 4250 παρούσῃ
1255 4180 1443 4249 τέρψει
1490 4182 1816 4248 διαπλανῶν,

267 4272 480 4334 οὐδενὸς
506 4270 581 4331 δέ,
614 4269 737 4322 οὔτε
764 4270 872 4321 τῶν
904 4271 1371 4341 παρεληλυθότων,
1400 4272 1521 4325 οὔτε
1554 4275 1660 4327 τῶν
1692 4278 1819 4344 μελ-

268 4362 489 4424 λόντων,
533 4360 785 4428 οὐδεμιᾶς
815 4360 1025 4429 ἡδονῆς,
1067 4361 1175 4412 οὐδ’
1205 4362 1376 4432 ἑτέρῳ
1419 4364 1664 4433 μετέχειν
1693 4366 1822 4417 ἐνδι-

269 4452 413 4514 δούς.
444 4450 624 4513 Οὕτως
649 4451 938 4519 ἀδιάφορον
966 4450 1185 4519 πολύνῆ
1214 4451 1392 4521 ὀλίγον
1418 4454 1606 4520 χρόνον
1623 4454 1824 4522 ἐμόιῶ-

273 4560 364 4594 ναι
390 4558 403 4572 ·
441 4541 641 4611 μᾶλλον
670 4540 726 4592 δὲ
745 4542 851 4593 οὐδ’
878 4542 1187 4610 ἀδιάφορον.
1209 4543 1270 4593 El
1291 4543 1398 4611 γὰρ
1414 4544 1588 4601 οὐδεὶς
1616 4544 1823 4614 ἀνθρω⁸

271 4652 370 4697 πος
398 4635 504 4688 ἀπὸ
552 4633 727 4703 ῥύπου
759 4632 992 4701 καθαρὸς
1027 4632 1244 4701 εἴρηταί
1269 4651 1349 4698 τε,
1382 4636 1475 4686 καὶ
1504 4637 1613 4697 τοῖς
1645 4636 1823 4703 ἔργοις

272 4727 465 4794 ὁρᾶται
525 4724 913 4792 πιστούμενον,
966 4723 1073 4776 οὐδ’
1113 4724 1178 4776 ἂν
1213 4725 1261 4775 εί
1305 4725 1401 4793 μία
1442 4725 1621 4794 ἡμέρα
1651 4726 1678 4777 ό
1714 4724 1825 4793 βίος

273 4813 446 4882 αὐτῷ,
480 4814 509 4864 ό
557 4814 615 4864 ἐν
643 4813 883 4865 ἐλάττονι
920 4814 1093 4883 χρόνῳ
1123 4816 1184 4866 τὸ
1231 4814 1451 4883 πήλινον
1480 4814 1637 4866 τοῦτο
1699 4816 1826 4883 σκή-

276 4923 430 4973 νωμα
455 4906 789 4969 καταλιπὼν,
817 4906 1032 4957 ἔλαττον
1071 4906 1208 4973 ἔχων
1236 4905 1442 4974 ἀπῆλθε
1472 4906 1565 4959 καὶ
1598 4906 1827 4974 κηλίδων

276 4997 384 5048 τῶν
412 4996 758 5064 σωματικῶν.
796 4996 906 5048 Οὐκ
942 4991 1035 5047 οὖν
1059 4997 1086 5047 ό
1112 4995 1321 5047 πενθῶν
1344 4996 1443 5065 τὴν
1468 4996 1827 5055 ἀπελθοῦσαν.

278 5089 357 5139 ὃτι
391 5087 581 5139 θᾶττον
630 5085 903 5155 ἀπήλλαξε
947 5085 1056 5138 τῶν
1106 5086 1424 5155 παρόντων,
1481 5088 1561 5139 ὄτι
1614 5087 1830 5139 ἔλαττον

284 5179 512 5247 μετέσχε
551 5177 659 5228 τῶν
702 5176 1071 5245 μολυνόντων,
1120 5177 1276 5229 τοῦτο
1302 5178 1537 5248 δάκρυον
1574 5182 1829 5245 ποιεῖται,

279 5272 374 5323 καὶ
402 5272 461 5321 τὸ
491 5268 881 5339 καθαρωτέραν
903 5271 1069 5339 αὐτὴν
1093 5268 1168 5338 τῷ
1195 5270 1398 5321 ἐκεῖθεν
1418 5272 1644 5339 ὀφθῆναι
1675 5271 1827 5340 Νυμ-

280 5361 405 5429 φίῳ,
430 5360 715 5431 νομίζει[ς]
746 5363 1028 5431 συμφοράν
1048 5378 1060 5390 ·
1100 5362 1233 5414 ἀλλά
1265 5363 1371 5432 πρὸ
1401 5362 1546 5432 ὥρας
1573 5365 1826 5432 μετέστη·

284 5455 358 5523 μή
383 5471 472 5522 μοι
496 5455 703 5520 γένοιτο
725 5453 977 5523 τοιαύτην
997 5456 1179 5524 φωνὴν
1195 5455 1439 5507 ἀκοῦσαν
1457 5456 1638 5525 φωνὴν
1656 5456 1827 5524 ῥηθῆ-

1888 616 2161 677 mulieres,
2204 630 2300 683 per
2323 622 2550 667 mortem
2586 611 2654 665 de
2679 611 2783 665 vita
2817 611 3041 674 tollitur,
3068 625 3170 664 nec
3196 620 3280 664 est
3304 612 3449 679 quod

1889 703 2007 771 ejus
2038 702 2228 756 falcem
2256 701 2463 755 evitare
2490 706 2675 768 queat.
2712 697 2921 752 Novum
2951 712 3061 751 non
3090 707 3194 759 est,
3227 709 3321 751 aut
3354 714 3453 766 pa-

1890 792 2172 856 radoxum,
2198 790 2341 860 quod
2363 798 2573 843 natura:
2595 787 2789 842 exsilio
2810 788 3182 855 subjiciamur,
3207 790 3451 841 mortalis
3550 826 3559 831 -

1892 886 1978 939 illa
2005 883 2199 953 prodiit
2230 899 2261 937 e
2286 882 2588 936 visceribus
2616 880 2953 943 mortalibus,
2985 888 3039 931 et
3076 878 3200 933 vita:
3237 879 3451 932 mortali

1892 975 1981 1029 ubi
2010 975 2159 1044 juxta
2183 975 2355 1044 legem
2379 974 2676 1026 naturalem
2708 971 3046 1033 inservisset,
3073 986 3170 1039 per
3202 969 3450 1024 eamdem

1891 1069 2063 1137 legem
2086 1066 2155 1119 ad
2187 1066 2549 1119 immortalem
2584 1074 2785 1118 statum
2818 1063 3227 1133 peregrinatur:
3254 1063 3453 1116 liberos

1892 1160 2040 1213 haud
2078 1159 2295 1226 reliquit
2325 1156 2645 1227 orphaniam
2678 1163 2959 1226 gementes
3003 1170 3193 1218 suam;
3223 1170 3328 1209 non
3360 1170 3454 1206 cx—

1895 1252 2056 1306 cessit
2083 1266 2189 1304 una
2216 1262 2401 1304 secum
2420 1249 2752 1303 desiderium
2772 1248 2915 1301 circa
2935 1248 3138 1316 prolem
3165 1258 3456 1314 asportans

1896 1349 2068 1396 morte
2096 1341 2432 1395 acerbiorem
2462 1341 2767 1404 stimulum,
2798 1338 3189 1407 experientiam
3214 1337 3458 1390 miseria-

1898 1448 2017 1487 rum
2056 1433 2405 1501 multiplicem
2437 1448 2547 1486 non
2561 1432 2776 1492 habuit,
2807 1439 3034 1483 mortem
3064 1443 3171 1481 non
3188 1429 3456 1495 quaesivit,

1897 1542 2060 1596 quam
2125 1525 2283 1579 multi
2354 1525 2629 1579 multotics
2693 1523 2848 1576 malis
2912 1521 3314 1575 inevitabilibus
3356 1534 3458 1587 0p-

1898 1616 2074 1686 pressi
2103 1623 2379 1684 optarunt,
2414 1630 2536 1668 cum
2564 1614 2883 1682 parentibus
2910 1621 3124 1665 versata
3157 1621 3213 1665 et
3256 1622 3461 1678 tempo-

1900 1707 1996 1760 rali
2042 1705 2276 1774 procella
2320 1706 2492 1767 exiit,
2546 1703 2680 1757 exiit
2733 1702 3039 1755 ministerio
3086 1710 3454 1753 maternarum

1905 1814 2184 1859 manuum,
2220 1797 2276 1848 in
2317 1797 2570 1849 manibus
2603 1802 2889 1861 parentum
2924 1792 3106 1845 emisit
3149 1790 3398 1859 spiritum
3448 1809 3459 1840 :

1910 1889 2204 1943 curabatur
2231 1902 2450 1953 corpus,
2484 1884 2841 1939 mandabatur
2870 1882 3121 1951 sepulcro
3152 1881 3331 1935 fasciis
3363 1891 3449 1933 tu-

1903 1977 2200 2031 mularibus
2249 1975 2477 2045 egregiis
2526 1974 2768 2028 involuto
2816 1974 3016 2043 pietate
3063 1980 3118 2025 et
3163 1971 3461 2029 modestia.

1903 2069 2190 2123 multorum
2218 2067 2594 2121 miserantium
2624 2064 2880 2133 precibus
2910 2062 3161 2115 comitata
3196 2062 3248 2113 in
3283 2059 3459 2129 regio-

1902 2176 2028 2213 nem
2064 2159 2213 2223 abiit,
2245 2158 2389 2211 unde
2419 2156 2631 2211 exsulat
2678 2154 2858 2207 luctus
2888 2160 2945 2205 et
2973 2152 3203 2221 gemitus
3231 2150 3451 2203 univer-

1904 2251 2025 2305 sim.
2069 2250 2136 2303 Et
2166 2249 2296 2318 quid
2324 2248 2461 2301 ultra
2489 2245 2788 2301 desiderari
2803 2241 3113 2315 postest?ln
3134 2240 3466 2295 contrarium

1901 2344 2142 2397 dolorem
2172 2356 2258 2395 me
2289 2340 2532 2410 adigunt,
2564 2354 2686 2408 quae
2712 2337 2855 2391 circa
2877 2336 3091 2389 beatam
3118 2334 3262 2386 illam
3296 2332 3459 2385 ﬁliam

1906 2445 2049 2489 tuam
2089 2432 2642 2497 administrabantur;
2671 2442 2953 2484 excessum
2993 2425 3142 2479 hunc
3176 2423 3318 2476 illius
3346 2421 3466 2476 feli-

1905 2542 2020 2581 cem
2047 2525 2313 2596 praedico;
2343 2524 2547 2578 luctum
2578 2522 2633 2574 in
2654 2521 2750 2574 Dei
2782 2519 3004 2589 gloriam
3027 2523 3199 2577 muto,
3234 2514 3461 2567 infortu-

1906 2618 2054 2670 nium
2093 2617 2147 2668 in
2196 2614 2486 2684 gratiarum
2529 2610 2799 2665 actionem
2835 2626 2848 2661 :
2880 2622 3003 2661 cum
3052 2616 3158 2659 tam
3214 2604 3467 2664 feliciter,

1908 2711 1979 2762 ita
2007 2716 2066 2762 ut
2107 2709 2196 2761 vix
2227 2714 2464 2776 optares,
2500 2704 2711 2758 videam
2761 2699 3118 2770 prmsentibus
3164 2697 3465 2749 liberatam.

1908 2802 2103 2853 V'erum
2136 2798 2277 2851 haud
2313 2798 2384 2850 ita
2416 2796 2510 2850 diu
2548 2795 2603 2848 in
2648 2795 2760 2847 vita
2805 2791 2935 2856 fuit;
2974 2789 3100 2857 quid
3153 2788 3381 2840 interest
3426 2786 3471 2838 si

1908 2893 2109 2960 plures,
2150 2904 2219 2942 an
2246 2887 2528 2956 pauciores
2555 2884 2673 2939 dies
2702 2882 2866 2937 vitam
2901 2889 3142 2933 nostram
3177 2877 3461 2933 dividant;

1910 2996 2031 3034 cum
2062 2979 2238 3032 minus
2267 2988 2321 3029 et
2356 2974 2524 3042 magis
2560 2974 2615 3025 in
2662 2971 2876 3024 easdem
2919 2967 3108 3020 mortis
3144 2973 3328 3033 portas
3370 2976 3474 3015 nos

1912 3066 2307 3125 transmittant?
2335 3064 2630 3118 Praeteritis
2660 3074 2821 3115 nemo
2856 3059 3185 3119 delectatur;
3213 3054 3356 3123 quod
3391 3052 3476 3105 fu-

1835 3191 1881 3252 C
1914 3171 2091 3216 turum
2123 3166 2225 3221 est,
2272 3156 2512 3209 nondum
2546 3160 2667 3215 est;
2720 3164 2989 3220 praesens,
3033 3148 3086 3200 in
3138 3161 3244 3215 quo
3290 3144 3473 3198 omnis

1914 3250 2220 3311 oblectatio,
2249 3255 2684 3300 momentaneum
2718 3249 2821 3295 est.
2870 3239 3112 3308 Longum
3156 3251 3284 3303 ergo
3327 3235 3472 3289 vitm.

1916 3348 1967 3393 et
2000 3341 2161 3393 breve
2184 3346 2416 3403 tempus,
2437 3348 2561 3387 cum
2590 3332 3044 3385 delectamentum
3074 3324 3323 3396 praesenti
3358 3333 3473 3378 tan-

1916 3440 2025 3483 tum
2067 3425 2497 3485 circumscribat,
2528 3437 2633 3475 una
2680 3429 2735 3473 et
2775 3420 2965 3473 eadem
3009 3417 3266 3471 fruitione
3303 3414 3473 3474 illum,

1914 3521 2006 3590 qui
2036 3522 2330 3587 longaevam
2373 3514 2551 3583 attigit
2594 3519 2955 3571 senectutem,
3010 3517 3062 3561 et
3108 3506 3199 3574 qui
3252 3507 3475 3573 juventa

1918 3613 2086 3674 ﬂoret,
2118 3606 2469 3674 constringit;
2498 3603 2777 3669 utriusque
2818 3614 3039 3652 sensum
3080 3598 3478 3650 oblectamento

1918 3697 2166 3771 praesenti
2196 3694 2500 3749 errabunde
2535 3691 2835 3755 deﬁniens;
2884 3688 3083 3742 nullius
3109 3696 3288 3739 autem
3330 3685 3413 3737 vel
3448 3700 3478 3735 e

1924 3788 2209 3859 prazteritis
2239 3829 2253 3849 ,
2305 3795 2397 3839 aut
2441 3782 2656 3845 futuris,
2706 3782 2979 3848 voluptate
3027 3778 3257 3847 gaudere
3311 3776 3481 3828 cuivis

1919 3882 2254 3949 permittens,
2275 3876 2410 3929 adeo
2443 3888 2531 3927 res
2552 3870 2867 3926 indin‘erens
2895 3877 2997 3933 est,
3026 3868 3184 3936 longo
3207 3865 3289 3919 vel
3322 3866 3469 3918 brevi

1919 3972 2091 4039 spatio
2120 3983 2424 4037 superesse.
2459 3965 2571 4018 lmo
2602 3963 2780 4031 potius
2816 3960 2959 4014 haud
3003 3968 3085 4012 est
3126 3956 3470 4016 indifferens;

1919 4065 1961 4115 si
1989 4062 2131 4115 enim
2168 4076 2197 4113 a
2229 4058 2454 4112 maculis
2475 4069 2634 4110 nemo
2655 4066 2877 4122 prorsus
2907 4059 2990 4104 est
3020 4046 3297 4110 immunis,
3326 4044 3471 4113 quod

1918 4164 1972 4207 et
2010 4154 2153 4207 dicto
2181 4160 2236 4205 et
2276 4150 2415 4202 facto
2453 4130 2826 4200 conﬁrmatum
2858 4142 3120 4202 videmus,
3170 4154 3236 4191 ne
3276 4138 3322 4190 si
3360 4137 3465 4189 vita

1922 4247 2036 4313 ejus
2081 4245 2150 4298 sit
2188 4242 2346 4296 unius
2370 4238 2497 4301 diei,
2541 4246 2688 4291 certe
2720 4234 2812 4303 qui
2849 4244 2903 4286 et
2942 4230 3256 4284 abbreviato
3301 4226 3470 4295 magis

1923 4346 2161 4403 tempore
2202 4333 2356 4387 istius
2403 4330 2527 4382 vita:
2572 4327 2723 4380 exuit
2770 4321 3176 4378 tabernaculum
3228 4320 3475 4377 luteum,

1924 4439 2044 4477 eum
2092 4420 2434 4491 paucioribus
2476 4416 2719 4484 corporis
2762 4411 3011 4466 sordibus
3065 4408 3192 4461 hinc
3245 4406 3474 4460 excedit.

1854 4515 1901 4573 ι)
1926 4513 2186 4578 Quocirca
2209 4509 2299 4577 qui
2331 4509 2471 4577 luget
2509 4505 2651 4557 illius
2700 4502 2929 4562 obitum,
2976 4512 3040 4551 eo
3089 4496 3230 4565 quod
3276 4510 3305 4547 a
3346 4509 3481 4562 prae~

1928 4605 2167 4660 sentibus
2199 4610 2309 4653 tam
2331 4600 2436 4653 cito
2466 4597 2741 4651 liberatur,
2764 4607 2829 4645 eo
2856 4588 2999 4659 quod
3026 4587 3205 4640 minus
3231 4585 3471 4638 macula—

1930 4711 2047 4749 rum
2078 4690 2435 4762 participavit,
2472 4682 2827 4755 polluentium
2871 4682 3131 4749 lacrymas
3177 4676 3374 4736 fundit,
3425 4688 3479 4727 et.

1931 4790 2070 4842 inter
2089 4787 2421 4839 calamitates
2442 4785 2736 4848 computat,
2756 4776 2898 4843 quod
2921 4772 3254 4841 splendidior
3277 4784 3477 4834 sponsu

1931 4887 2304 4950 praesentetur.
2340 4874 2445 4928 Sed
2474 4869 2704 4925 excessit
2743 4876 2868 4919 ante
2900 4873 3130 4931 tempus.
3172 4860 3308 4926 Quin
3344 4861 3481 4912 hanc

1929 4989 2027 5042 ego
2062 4986 2247 5023 vocem
2275 4967 2454 5021 nullus
2484 4963 2720 5023 audiam,
2751 4960 2897 5014 dictu
2939 4956 3219 5015 audacem,
3246 4951 3481 5019 cogitatu

1930 5063 2291 5119 audaciorem.
2346 5060 2483 5109 Ante
2528 5064 2761 5121 tempus,
2808 5050 2923 5103 ais?
2969 5047 3103 5100 Cum
3145 5052 3478 5101 nasceretur,

1931 5171 2025 5210 cur
2064 5168 2173 5207 non
2206 5150 2403 5205 dicitur
2429 5153 2555 5198 ante
2590 5154 2803 5211 tempus
2863 5141 2917 5192 in
2960 5138 3133 5190 lucem
3169 5133 3346 5187 edita?
3375 5130 3483 5184 Na-

1932 5248 2182 5302 scebatur
2207 5243 2273 5295 de
2307 5238 2488 5293 divino
2536 5244 2669 5288 nutu
2695 5242 2748 5286 et
2783 5228 3118 5298 tempestive.
3151 5226 3229 5277 An
3263 5233 3473 5276 nosmet

1927 5352 2027 5389 nos
2056 5342 2355 5387 statuemus
2375 5327 2608 5381 arbitros
2633 5325 2700 5377 de
2730 5332 2993 5389 tempore,
3024 5317 3167 5385 quod
3196 5314 3262 5367 ad
3289 5314 3479 5366 condi-

1930 5439 2099 5482 torem
2134 5424 2259 5479 hinc
2294 5419 2501 5475 abibit?
2554 5419 2747 5468 Annon
2786 5412 2875 5465 illc
2904 5409 3083 5478 opifex
3126 5404 3382 5476 produxit
3424 5403 3476 5456 iu

284 5506 815 5614 vat‘pévaitpquV'
841 5506 1152 5615 ἐννοηθῆναί
1176 5506 1682 5615 δέῗτολμηρδτέραύ.
1716 5506 1825 5615 ίΙρὸ
1926 5534 1957 5577 υ

1808 5548 1825 5595 5
1926 5534 2190 5591 tempore,
2218 5520 2284 5573 ad
2310 5533 2367 5571 se
2393 5520 2630 5569 assumet
2654 5506 2920 5569 nesciens,
2949 5507 3312 5571 opportunum
3346 5506 3481 5549 tem.

1547 5698 1765 5752 VARIAS
1802 5694 2198 5753 LECTIONES.

370 5851 397 5881 ι
435 5840 830 5911 περιτυχόντες.
