4236 6436
268 392 371 455 977

1405 394 1931 455 EPISTOLARUM
1973 396 2200 455 LIBER
2240 396 2261 453 Ι
2272 396 2355 455 ll.

3388 404 3489 465 978

265 502 436 564 δεινὸς
474 501 566 554 καὶ
592 501 871 571 ἀμήχανος
906 504 1042 571 πρὸς
1082 502 1266 557 ἐκεῖνα
1306 503 1445 574 ἔρως
1482 504 1819 573 ἐπιστρέφει,
1847 503 1938 562 At

1810 543 1819 567 ,
1847 503 1897 562 A
1923 503 2066 572 apud
2103 514 2153 557 te
2186 505 2301 558 haec
2335 505 2413 557 vel
2453 503 2648 557 similia
2684 515 2858 559 tecum
2886 506 3042 561 beata
3070 517 3157 561 tua
3190 507 3350 563 ﬁliola
3373 515 3483 565 col-

266 593 364 647 καὶ
412 593 531 646 οὐδὲ
563 594 624 645 τὸ
667 593 1004 662 βραχύτατον
1038 594 1217 647 αὐτῶν
1266 598 1588 665 παραχωρεῖ
1636 597 1822 663 διηγή-

271 682 488 736 σασθαι.
529 682 755 755 Ἐλεύσῃ
788 684 845 736 δέ
878 701 1007 736 ποτε
1037 685 1131 736 καὶ
1157 683 1317 746 αὐτὸς
1347 686 1522 735 ἐκεῖσε
1558 683 1675 752 ἅμα
1696 683 1824 751 φίλῃ

272 776 461 844 μητρὶ,
496 776 591 827 καὶ
625 774 746 827 τότε
793 774 963 827 πολλά
991 776 1089 844 μὲν
1114 775 1213 844 ἐμὲ
1237 775 1330 827 τοῦ
1368 774 1538 844 μικρά
1570 774 1700 844 περὶ
1728 792 1825 840 τη-

270 865 533 918 λικούτων
583 869 796 920 εἰπεῖν’
860 866 1027 918 πολλά
1087 867 1142 918 δὲ
1204 865 1399 918 σαυτὸν
1455 864 1545 916 τοῦ
1601 864 1826 925 πένθους

273 958 529 1027 αἰτιάσῃ*
563 957 689 1008 οἴων
743 958 921 1010 καλῶν
981 957 1235 1023 κάγαθῶν
1295 959 1426 1026 ἡμῖν
1496 958 1826 1026 κατωδύρου.

287 1047 448 1099 Ἀλλά
488 1065 551 1116 με
579 1048 783 1107 λοιπὸν,
819 1042 862 1099 ὦ
906 1049 1120 1117 φίλτατε
1152 1051 1347 1117 πάτερ.
1384 1050 1587 1117 χαίρων
1628 1048 1689 1099 ἔα
1738 1048 1829 1100 καὶ

279 1140 572 1208 πρόπεμπε
598 1157 610 1168 ·
646 1139 780 1207 μηδὲ
809 1141 966 1192 πλέον
999 1141 1255 1209 κατέχῃς,
1308 1140 1392 1192 ἴνα
1426 1140 1499 1209 μὴ
1540 1141 1699 1191 πλέον
1732 1141 1830 1207 ζη-

286 1228 512 1300 μιώσῃς,
550 1232 641 1281 καὶ
668 1231 754 1282 διά
798 1230 958 1283 τοῦτο
1008 1233 1216 1299 πικρῶς
1271 1231 1517 1299 ἀνιάσῃς.
1549 1231 1611 1281 Εἰ
1663 1230 1833 1282 ταῦτα

282 1318 338 1369 δὲ
370 1318 462 1368 καὶ
498 1320 721 1371 τοιαῦτα
751 1318 915 1386 ἕτερα
942 1320 1002 1370 τὸ
1046 1320 1310 1387 μακάριον
1342 1322 1516 1371 έκεῖνο
1542 1319 1833 1385 θυγάτριον

280 1406 512 1475 διεξῄει,
552 1403 638 1476 ἆρ’
685 1410 783 1459 οὑκ
820 1410 885 1460 ἂν
939 1409 1277 1476 δυσωπηθεὶς
1325 1410 1417 1461 καὶ
1468 1410 1557 1459 τὸν
1608 1410 1835 1477 ὀδυρμὸν

285 1499 487 1550 ἀπέθου
520 1500 612 1551 καὶ
632 1500 837 1568 χαίρων
875 1500 1171 1568 χαίρουσαν
1197 1500 1414 1551 ἀπιέναι
1442 1498 1791 1567 προέπεμπες
1820 1515 1835 1562 ;

284 1580 414 1636 Εἶτα
449 1584 516 1636 ἂν
550 1587 646 1653 μὲν
680 1589 711 1654 ἡ
762 1590 889 1647 παῖς
916 1587 1086 1638 ταῦτα
1129 1587 1282 1657 λέγῃ,
1320 1586 1557 1653 βελτίους
1603 1584 1837 1651 ἐσόμεθα

287 1675 379 1726 καὶ
406 1676 533 1736 τοὺς
562 1675 790 1744 θρήνους
814 1676 1227 1745 ἀπορῤίῲμεπ
1268 1676 1333 1728 ἂν
1359 1676 1403 1727 δ’
1431 1676 1459 1726 ό
1490 1674 1664 1734 κοινὸς
1703 1673 1841 1723 Πλά-

1923 595 2254 663 loqueretur,
2312 610 2491 649 annon
2525 609 2799 663 permotus
2828 598 2953 651 inde
2975 600 3203 669 gemitus
3222 601 3485 670 abigeres,

1923 696 1978 738 et
2013 686 2164 739 hctus
2205 686 2376 738 laetam
2409 685 2557 738 abire
2599 687 2975 753 permitteres?
3021 688 3220 742 Deinde
3267 691 3312 744 si
3367 691 3475 744 ﬁlia

1926 774 2039 827 hmc
2074 775 2294 833 diceret,
2338 790 2402 826 an
2449 775 2651 828 meliori
2700 784 2842 828 statu
2881 778 3103 840 erimus,
3150 785 3203 830 et
3248 778 3477 833 lamenta

1926 865 2266 933 rejicientns?
2315 865 2395 917 sin
2446 866 2745 918 communis
2779 868 3053 929 Conditor,
3111 878 3166 921 et
3222 869 3481 921 Dominus

1929 958 2119 1009 clamet
2152 976 2163 1010 :
2196 955 2294 1020 Qui
2325 958 2481 1007 credit
2517 959 2570 1007 in
2594 975 2690 1017 me,
2714 959 2916 1009 etiamsi
2952 962 3197 1011 morietur
3227 962 3351 1012 vivet
3377 963 3442 990 "'
3471 978 3485 1025 ;

1931 1058 1975 1099 et
2010 1049 2095 1113 qui
2142 1046 2455 1113 prwparavit
2507 1047 2835 1114 diligentibus
2878 1064 2951 1107 se,
2997 1064 3111 1114 qua:
3158 1049 3336 1101 oculus
3386 1065 3486 1100 non

1930 1136 2077 1197 vidit,
2110 1152 2199 1186 nec
2221 1136 2366 1186 auris
2406 1136 2626 1196 audivit,
2669 1152 2756 1187 nec
2798 1139 2849 1187 in
2886 1154 2972 1187 cor
3028 1138 3248 1188 hominis
3306 1156 3488 1191 ascen-

1933 1226 2105 1288 dit“;
2171 1235 2422 1291 tanquam
2461 1225 2700 1277 inﬁdeles
2728 1226 2893 1277 nihilo
2942 1226 3143 1279 erimus
3204 1228 3446 1281 meliores
3472 1271 3485 1290 ,

1935 1325 1988 1368 et
2058 1316 2178 1384 plus
2249 1315 2587 1368 dolebimus?
2647 1316 2736 1367 ubi
2807 1316 3037 1377 bonum,
3095 1316 3328 1383 justum,
3400 1317 3487 1368 ubi

1937 1404 2369 1457 ratiocinationes
2423 1405 2725 1469 cnnjunctae
2767 1420 2887 1457 cum
2932 1406 3139 1458 decenti
3184 1413 3278 1457 aut
3332 1406 3491 1458 tttili‘.’

1938 1496 2194 1557 Ulterius,
2218 1511 2397 1548 nonne
2430 1497 2589 1562 pudet
2615 1496 3009 1548 ornatissimam
3036 1512 3205 1551 meam
3240 1512 3489 1564 sponsam

1937 1585 2142 1637 virilem
2174 1585 2534 1638 conditionem
2570 1585 2619 1639 in
2652 1586 2938 1637 muliebres
2980 1588 3238 1654 laerymas
3292 1587 3490 1639 diffun-

1950 1674 2126 1727 dendo
2181 1684 2234 1728 et
2288 1676 2562 1735 irruendo,
2596 1676 2839 1728 feminczc
2884 1676 3263 1728 imbecillitatis
3310 1691 3491 1729 curam

290 1780 417 1831 στης
448 1766 539 1815 καὶ
564 1767 835 1833 Δεσπότης
867 1766 962 1834 βοᾷ
989 1783 998 1792 ·
1044 1767 1097 1816 ’0
1134 1766 1429 1818 πιστεύων
1461 1768 1547 1828 εἰς
1579 1764 1700 1828 ἐμὲ,
1726 1762 1840 1814 κᾶν
1870 1790 1912 1843 Β
1942 1782 1963 1818 c

1821 1779 1840 1803 ν’
1870 1790 1912 1843 Β
1942 1767 2207 1827 omittere,
2248 1781 2316 1819 ne
2364 1765 2693 1819 rationabilis
2751 1776 2804 1820 et
2846 1767 3155 1820 conducens
3195 1766 3494 1833 compassio

286 1853 552 1919 ἀποθάνῃ
573 1854 807 1920 ζήσεται
832 1871 844 1883 ”
889 1856 984 1907 καὶ
1019 1856 1050 1907 ὅ
1088 1873 1150 1908 τε
1177 1856 1505 1922 ἡτοίμασεν
1540 1854 1663 1918 τοῖς
1693 1855 1840 1920 dra-

290 1944 485 1997 στῶσιν
514 1946 719 2011 αὑτὸν,
753 1945 790 1998 ἂ
826 1947 1127 2014 ὀφθαλμὸς
1160 1948 1270 1999 οὐκ
1293 1942 1432 2009 εἶδε,
1465 1946 1559 1997 καὶ
1588 1940 1695 2008 οὖς
1731 1946 1841 1996 οὐκ

287 2036 539 2103 ἤκουσε,
570 2036 667 2091 καὶ
714 2037 813 2089 ἐπὶ
862 2037 1110 2103 καρδίαν
1156 2035 1466 2101 ἀνθρώπου
1496 2038 1603 2089 οὐκ
1632 2035 1839 2099 ἀνέϐηο

286 2130 360 2189 ὡς
399 2127 751 2189 ἀπιστοῦντες
805 2128 954 2180 οὐδὲν
1006 2128 1229 2196 ἄμεινον
1282 2125 1696 2193 διακεισόμεθα,
1729 2122 1842 2175 ἀλλ’

290 2218 380 2268 ἐπὶ
416 2216 575 2268 πλέον
608 2218 982 2286 θρηνὴσομενς
1021 2218 1127 2270 Καὶ
1164 2216 1265 2268 ποῦ
1293 2215 1453 2268 τοῦτο
1501 2215 1700 2278 καλόν;
1742 2211 1843 2265 ποῦ

289 2308 346 2359 δὲ
380 2308 619 2368 δίκαιονς
653 2306 757 2359 ποῦ
790 2308 846 2360 δὲ
895 2307 1171 2375 λογισμῶν
1220 2308 1386 2374 ἐγγὺς
1417 2307 1722 2373 ἑστηκότων
1751 2303 1843 2354 τοῦ

292 2400 594 2469 πρέποντος
653 2399 685 2467 ἢ
747 2398 1147 2467 συμφέροντοςς
1201 2394 1328 2449 Εἶτα
1381 2398 1500 2449 οὐδὲ
1549 2396 1647 2465 τὴν
1710 2394 1847 2463 ἐμὴν

291 2489 522 2560 αἰσχύνῃ
576 2489 955 2556 κοσμιωτάτην
1010 2487 1248 2556 νύμφην,
1294 2488 1374 2548 εἰς
1401 2486 1467 2537 τὰ
1499 2486 1607 2537 τῶν
1641 2484 1844 2553 θηλέων

292 2580 502 2648 δάκρυα
532 2579 592 2629 τὸ
622 2578 938 2647 ἀρρενωπὸν
966 2576 1195 2645 διαχέων
1246 2576 1337 2627 καὶ
1368 2576 1804 2644 καταφερόμενος
1826 2590 1839 2603 ο

293 2669 411 2723 οὐδὲ
440 2668 595 2741 φείδῃ
647 2668 743 2736 τῆς
780 2666 1091 2733 γυναικείας
1140 2665 1438 2728 ἀσθενείας,
1491 2665 1599 2716 οὐδ’
1655 2664 1843 2732 ἡπερὶ

294 2761 464 2828 αὐτὴν
494 2757 714 2825 εὔλογος
757 2759 1067 2827 συμπάθεια
1117 2757 1209 2810 καὶ
1241 2758 1511 2825 ὠφέλιμος
1540 2756 1635 2825 τὴν
1667 2758 1846 2825 παρά-

295 2849 455 2917 λογον
485 2849 689 2901 διαλύει
722 2849 816 2901 καὶ
852 2848 1189 2918 ἀσύμφορον.
1222 2849 1285 2900 El.
1324 2849 1432 2917 γὰρ
1478 2847 1689 2913 ἄνδρες,
1722 2846 1850 2916 παρ’

299 2934 374 2992 ὦν
400 2942 518 3002 ταῖς
542 2939 785 3004 γυναιξὶν
808 2941 839 3005 ἡ
863 2939 1180 3006 ἀνάκτησις,
1210 2937 1298 2989 ἴσα
1321 2936 1560 3004 γυναίοις
1581 2936 1851 3003 κόψονται⁶

298 3032 350 3083 τί
376 3014 590 3099 τοῦπερὶ
615 3029 780 3090 αὑτάς
808 3029 994 3091 έσταις
1021 3027 1179 3078 πόθεν
1209 3028 1269 3077 τὸ
1292 3026 1637 3095 παραμύθιον
1652 3024 1849 3090 ἓξουσις

1942 1855 2166 1923 dissipet
2224 1854 2595 1908 irrationalcm
2640 1864 2693 1907 et
2717 1855 2980 1908 inutilem.
3009 1854 3063 1907 Si
3097 1855 3219 1918 viri,
3254 1870 3345 1923 per
3362 1869 3496 1922 quos

1942 1938 2152 1992 femina:
2189 1939 2488 2003 ﬁrmantur,
2532 1956 2638 1994 non
2672 1942 2850 1995 minus
2890 1958 3051 2010 quam
3088 1942 3299 1996 feminzr
3347 1944 3496 2010 plan-

1942 2038 2092 2095 gunt,
2122 2030 2260 2083 unde
2287 2030 2388 2082 iilie
2421 2030 2660 2084 solamen
2695 2032 3013 2100 nequirent?
3044 2048 3179 2100 quos
3204 2032 3499 2086 laudandos

1946 2135 2306 2187 proponemus
2346 2120 2415 2172 ob
2460 2123 2836 2176 strenuitatem
2881 2123 3203 2177 imitandos?
3250 2124 3315 2176 ad
3364 2138 3499 2191 quos

1944 2210 2328 2279 respiciemus?
2360 2209 2552 2265 Verum
2585 2212 2693 2265 noli
2739 2222 2794 2266 tu
2844 2214 3134 2283 quidquam
3178 2224 3231 2267 te
3270 2215 3386 2282 ipso
3417 2214 3500 2268 vel

1944 2317 2136 2371 genere
2162 2312 2251 2356 tuo
2282 2303 2557 2373 indignum
2592 2305 2819 2373 perpeti,
2844 2313 2954 2370 aut,
2981 2314 3037 2358 nt
3066 2306 3234 2376 magis
3260 2304 3491 2374 tempori

1946 2409 2241 2463 congruum
2281 2394 2486 2457 dixero,
2523 2393 2887 2448 adulterinum
2920 2414 2933 2448 :
2966 2396 3018 2448 in
3053 2397 3255 2449 luctum
3278 2411 3345 2448 ne
3367 2395 3501 2448 ultra

1946 2486 2198 2537 decorum
2233 2483 2544 2548 eﬁ'eramus,
2597 2500 2697 2539 nec
2742 2502 2863 2539 cum
2910 2486 3009 2540 viri
3062 2502 3269 2550 sumus,
3316 2487 3505 2541 mulie-

1947 2577 2111 2630 briter
2140 2576 2438 2644 passionem
2469 2575 2728 2640 feramus,
2762 2593 2884 2631 eum
2928 2579 3202 2634 multoties
3239 2582 3421 2636 multis
3450 2584 3503 2637 in

1948 2670 2079 2722 locis
2108 2668 2270 2721 fortes
2294 2683 2393 2723 nos
2430 2669 2836 2737 praestiterimus
2864 2687 2876 2722 :
2903 2668 3091 2737 Opifex
3130 2671 3195 2725 ad
3232 2687 3290 2726 se
3326 2681 3504 2727 trans-

1953 2760 2072 2813 tulit
2104 2760 2411 2828 opiﬁcium;
2474 2761 2566 2814 sed
2608 2761 2726 2828 plus
2775 2760 2921 2814 dedit
2965 2777 3124 2829 quam
3157 2762 3420 2817 abstulit:
3456 2776 3510 2818 et

1952 2852 2243 2905 subsistant
2281 2867 2471 2919 precor
2495 2852 2585 2905 diu
2617 2853 2880 2914 viventes,
2930 2862 2983 2906 et
3026 2863 3277 2922 parentes
3315 2854 3509 2924 gaudio

1953 2944 2245 2998 allicientes
2284 2944 2375 2998 ﬁlii
2401 2945 2489 2998 alii
2535 2944 2761 3012 ﬁliaeque
2793 2962 2807 2997 :
2841 2946 2987 2999 dolet
3024 2947 3167 3015 quod
3219 2948 3507 3016 praeteriit;

1954 3036 2137 3089 lzetitia
2161 3034 2393 3088 alliciant
2413 3046 2725 3105 praesentes,
2750 3036 2946 3104 gratias
2970 3037 3035 3091 de
3058 3037 3245 3091 ablatis
3274 3053 3510 3108 agamus.

299 3122 451 3183 τίνας
464 3121 517 3173 δὲ
544 3121 947 3189 παραινέσομεν
977 3119 1055 3178 εἰς
1076 3118 1370 3186 καρτερίαν
1397 3115 1698 3184 μιμεῖσθαι,
1720 3116 1855 3184 πρὸς
1881 3118 1922 3174 C
1959 3144 1972 3180 ι

1840 3118 1922 3176 :C
1959 3137 2014 3180 ut
2043 3127 2300 3181 stabiliter
2330 3127 2571 3180 fruamur
2616 3129 2680 3181 iis
2713 3143 2847 3196 quos
2898 3128 3181 3192 habemus,
3222 3129 3397 3196 deque
3448 3129 3513 3181 iis

299 3213 452 3273 τίνας
472 3211 713 3279 ἀφορᾷνς
745 3208 876 3259 ἀλλά
912 3209 983 3275 μὴ
1014 3209 1077 3259 σύ
1112 3225 1195 3274 γε,
1229 3208 1359 3276 μηδὲ
1386 3205 1607 3258 σεαυτοῦ
1641 3206 1852 3269 ἀνάξιον

302 3304 521 3366 πάθοις,
554 3302 687 3370 μηδὲ
716 3299 808 3352 τοῦ
838 3301 1047 3366 γένους,
1082 3300 1169 3351 ἵνα
1198 3317 1249 3351 τι
1282 3299 1375 3350 καὶ
1404 3297 1496 3350 τοῦ
1537 3296 1727 3367 καιροῦ
1769 3313 1856 3362 cpt-

303 3394 667 3461 λοτιμώτερον
701 3392 859 3450 εἴπω,
894 3391 1045 3441 νόθον
1076 3389 1169 3442 καὶ
1207 3389 1505 3455 ἀλλότριον.
1547 3388 1638 3455 Μὴ
1671 3387 1733 3455 δὴ
1763 3385 1854 3437 τοῦ

306 3483 470 3537 καλοῦ
504 3482 661 3535 πλέον
694 3482 773 3542 εἰς
802 3480 1045 3549 οἰμωγὰς
1076 3477 1455 3546 ἐκφερώμεθα,
1493 3476 1625 3545 μηδὲ
1669 3492 1856 3543 γυναι-

307 3572 587 3643 κιζώμεθα
628 3571 705 3640 τῷ
769 3571 930 3623 πάθει
982 3570 1168 3639 ἀνδρες
1218 3569 1484 3638 πολλαχοῦ
1538 3571 1595 3620 ὲν
1650 3568 1859 3626 πολλοῖς

310 3666 407 3717 καὶ
437 3664 834 3734 χαλεπωτάτοις
881 3662 1202 3729 πειρασμοῖς
1237 3659 1621 3728 ἀναφανέντες.
1664 3658 1859 3710 Ἐλαόε

310 3754 445 3821 πρὸς
502 3752 693 3804 ἑαυτὸν
734 3752 761 3803 ὁ
812 3750 1058 3816 Πλάστης
1106 3748 1166 3800 τὸ
1222 3747 1472 3815 πλάσμαο
1526 3747 1636 3798 ἀλλ’
1696 3746 1860 3797 ἔδωκε

311 3842 525 3902 πλείους
574 3834 648 3893 ὧν
690 3840 873 3907 ἀφεῖλε
913 3839 1028 3908 (καὶ
1060 3838 1248 3907 είησάν
1273 3855 1336 3905 γε
1386 3838 1477 3889 ἐπὶ
1527 3837 1863 3905 μακρότατον

312 3929 373 3985 εὖ
404 3931 659 4001 βιοῦντες,
676 3934 768 3983 καὶ
788 3932 913 3992 τοὺς
929 3930 1179 4001 τεκόντας
1191 3928 1590 3998 εὐφραίνοντες)
1607 3929 1752 3989 υίοὺς
1773 3928 1866 3979 καὶ

316 4026 641 4094 θυγατέρας.
679 4027 855 4078 Δυπεῖ
881 4023 939 4076 τὸ
982 4021 1286 4092 παρελθόν·
1327 4021 1768 4090 εὐφραινέτωσαν
1819 4021 1865 4071 οἱ

318 4119 615 4186 παρόντες·
669 4115 1147 4183 εὐχαριστήσωμεν
1197 4112 1334 4181 ὑπὲρ
1374 4105 1448 4163 ὧν
1506 4112 1744 4179 ἀφεῖλεν,
1783 4111 1867 4162 ἴνα

317 4202 396 4269 οἷς
429 4207 716 4277 ἐχαρίσατο
738 4206 947 4275 χαίρειν
975 4206 1068 4257 καὶ
1097 4202 1454 4270 ἀγαλλιᾶσθαι
1480 4201 1699 4270 βεϐαίαν
1731 4200 1868 4269 ἐχω-

322 4315 422 4367 μεν
474 4299 571 4367 τὴν
611 4296 928 4348 ἀπόλαυσιν.
983 4295 1160 4348 Καλὸν
1217 4295 1360 4364 ἔχειν
1407 4294 1484 4363 τῷ
1539 4294 1634 4363 βίῳ
1680 4296 1869 4362 γένους

318 4388 630 4457 διαδόχους·
678 4388 908 4457 ἔχομεν·
960 4388 1119 4440 καλὸν
1175 4388 1435 4455 παρέχειν
1488 4385 1739 4455 ἀπαρχὰς
1794 4385 1869 4455 τῷ

322 4479 483 4547 κοινῷ
519 4477 773 4550 Πλάστῃ,
825 4478 918 4529 καὶ
950 4476 1056 4529 τῶν
1114 4477 1332 4541 ἀγαθῶν
1388 4477 1640 4528 ἁπάντων
1683 4476 1868 4545 δοτῆρι

323 4567 776 4637 προσηνέγκαμεν
797 4580 810 4594 °
846 4566 972 4635 πρὶν
1010 4567 1106 4634 μὲν
1138 4566 1330 4635 ἄδηλον
1347 4561 1414 4635 ἦν
1441 4566 1585 4627 τίνες
1610 4565 1716 4617 τῶν
1742 4565 1869 4617 παί-

319 4658 424 4709 δων
455 4657 531 4717 εἰς
579 4655 831 4724 ἀπαρχὰς
860 4654 999 4721 Θεῷ,
1031 4656 1172 4717 τίνες
1201 4656 1257 4707 δὲ
1282 4658 1361 4717 είς
1403 4655 1651 4724 διαδοχὴν
1686 4655 1874 4721 γένους

321 4746 750 4814 λογισθήσονται.
794 4745 906 4797 Νῦν
960 4745 1017 4796 δὲ
1052 4746 1117 4798 ἂν
1177 4746 1336 4815 μόνον
1386 4745 1718 4815 εὐχαρίστως
1778 4746 1873 4816 τὴν

322 4834 575 4903 ἀπαρχὴν
619 4835 871 4900 οῖσωμεν,
924 4834 1107 4885 οὐκέτι
1144 4835 1201 4885 ὲν
1252 4833 1467 4903 ἀδήλοις
1506 4835 1601 4896 τὰς
1656 4834 1873 4897 ἐλπίδας

326 4928 677 4997 σαλεύσομεν,
712 4928 826 4979 ἀλλ’
858 4928 916 4980 ὲν
936 4927 1012 4997 τῷ
1044 4927 1242 4997 βεὸαίῳ
1282 4928 1590 4996 πεπηγότες
1617 4928 1873 4996 ἐσόμεθα.

324 5020 458 5071 Οὑδέ
486 5035 614 5070 ποτε
662 5017 836 5070 λαϐὼν
890 5018 950 5069 οὑ
1006 5018 1243 5088 παρέσχε
1297 5020 1703 5090 φιλοτιμότερον
1731 5038 1745 5051 ο
1789 5022 1877 5073 ἀεὶ

322 5109 379 5161 δὲ
422 5109 691 5177 μεγίστοις
723 5109 816 5161 καὶ
862 5107 1201 5170 ἀνελπίστοις
1234 5109 1454 5175 ἀγαθοῖς
1501 5110 1569 5161 τά
1620 5110 1877 5179 ἐλάχιστα

324 5200 684 5268 διαμείϐεται.
736 5200 796 5252 El
839 5201 895 5253 δὲ
950 5201 1186 5271 θρήνοις,
1239 5201 1312 5263 ὼς
1362 5202 1723 5270 ἀδικούμενοι,
1779 5205 1876 5267 τάς

326 5289 579 5355 ἀπαρχὰς
628 5288 1060 5358 καθυϐρίσωμεν,
1112 5289 1225 5340 ἀλλ’
1269 5290 1378 5353 ἐγὼ
1434 5291 1530 5356 μὲν
1576 5291 1724 5343 οὐδὲν
1768 5293 1877 5363 ἐρῶ

326 5379 604 5447 δυσχερὲς,
651 5379 773 5430 ἐπεὶ
810 5379 931 5447 μηδ’
978 5380 1119 5448 ὑμᾶς
1151 5378 1351 5443 ἐλπίζω
1382 5380 1474 5431 τοῦ
1508 5380 1695 5433 λοιποῦ
1742 5382 1876 5453 θρή-

326 5486 449 5530 νους
480 5470 574 5521 καὶ
604 5469 777 5531 λύπας
826 5471 919 5523 καὶ
943 5470 1167 5522 τοιαῦτα
1199 5469 1367 5537 πάθη,
1400 5470 1434 5523 ἃ
1459 5469 1553 5523 τοῦ
1590 5472 1878 5542 δυσχεροῦς

332 5562 477 5612 ἐστιν
508 5560 674 5626 αἰτία,
706 5560 1141 5629 περιϐάλλεσθαι.
1176 5560 1277 5624 Εῐη
1302 5560 1355 5612 δέ
1394 5579 1481 5629 μοι
1518 5565 1611 5616 καὶ
1642 5564 1702 5617 τὸ
1724 5564 1876 5620 Θείον

405 5745 469 5776 ἰ’
496 5742 653 5799 Joan.
680 5758 756 5807 ιι,
790 5741 878 5796 24.
956 5744 998 5775 "
1036 5742 1055 5796 1
1086 5743 1210 5798 Cor.
1246 5762 1305 5813 tt,
1335 5749 1386 5803 9.

1896 4436 1948 4493 D

1954 3220 2203 3287 gaudium
2259 3228 2313 3271 et
2356 3219 2767 3272 exsultationem
2821 3220 3113 3273 habeamus
3163 3237 3176 3272 :
3228 3220 3512 3288 pulchrum

1955 3319 2036 3362 est
2084 3323 2424 3363 successuros
2472 3309 2766 3377 possidere,
2799 3310 3171 3377 possidemus:
3200 3310 3513 3378 prmclarum

1956 3408 2036 3451 est
2072 3398 2335 3467 primitias
2356 3398 2590 3467 largitori
2612 3415 2931 3454 consecrare
2976 3410 3027 3454 et
3051 3401 3293 3453 omnium
3317 3401 3513 3464 datori,

1956 3491 2097 3559 quod
2130 3491 2373 3551 fecimus.
2406 3491 2623 3544 oll'crre.
2650 3490 2919 3545 Incertum
2952 3492 3103 3560 prius
3133 3503 3269 3554 erat,
3314 3509 3448 3561 quos
3486 3509 3515 3545 e

1960 3582 2139 3635 liberis
2176 3581 2281 3635 Deo
2320 3581 2581 3649 primitias
2614 3581 2761 3643 dare,
2802 3597 2938 3649 quos
2988 3584 3202 3650 generis
3240 3583 3516 3636 destinare.

1962 3672 2281 3726 successioni
2315 3680 2606 3740 oporteret.
2669 3673 2818 3727 Nunc
2853 3675 2896 3726 si
2928 3684 3203 3743 gratanter
3256 3674 3519 3742 primitias

1961 3763 2289 3823 dederimus,
2323 3778 2431 3815 non
2481 3763 2619 3816 inter
2676 3763 2880 3816 incerta
2915 3764 3185 3818 vacillabit
3235 3780 3379 3833 spes,
3420 3766 3513 3818 sed

1964 3853 2185 3904 immoto
2211 3852 2265 3903 in
2294 3858 2434 3903 statu
2464 3850 2620 3903 deﬁxi
2663 3850 2867 3903 erimus
2900 3868 2910 3903 :
2941 3849 3081 3903 Deus
3119 3866 3389 3917 nunquam
3434 3866 3521 3904 ac-

1965 3942 2124 4009 cepit,
2153 3940 2282 4009 quin
2325 3940 2551 4008 amplius
2585 3940 2868 4009 largiatur;
2910 3955 3123 4008 semper
3168 3942 3249 3993 vel
3302 3941 3521 3993 minima

1967 4030 2210 4084 maximis
2231 4040 2284 4083 et
2306 4029 2596 4097 insperatis
2616 4029 2775 4083 bonis
2797 4038 3128 4083 remunerat.
3159 4029 3251 4082 Sin
3279 4031 3519 4097 planctu.

1969 4128 2026 4173 ut
2055 4120 2245 4188 injuria
2277 4118 2451 4172 aﬂecti
2482 4119 2743 4186 primitias
2763 4119 3148 4172 dedecoremus
3177 4137 3187 4169 :
3214 4134 3521 4187 quanquam

1969 4211 2103 4263 nihil
2160 4225 2258 4279 ego
2304 4209 2547 4278 proloqui
2604 4209 2894 4262 infaustum
2951 4210 3134 4269 velim,
3177 4210 3377 4276 quippe
3430 4208 3521 4274 qui

1972 4314 2176 4367 sperem
2206 4308 2257 4352 te
2285 4298 2350 4351 de
2379 4307 2571 4351 cmtero
2614 4297 2811 4349 nullam
2860 4297 3015 4349 talem
3068 4296 3403 4365 passionem,
3446 4295 3525 4347 la-

1972 4402 2169 4455 menta,
2205 4405 2485 4445 mmrorem
2514 4388 2874 4442 admissurum
2896 4430 2909 4450 ,
2943 4387 3084 4441 unde
3114 4386 3333 4440 infausti
3368 4387 3525 4454 quid-

1973 4496 2134 4550 quam
2174 4489 2528 4549 procuretur:
2563 4480 2692 4532 mihi
2728 4477 2933 4531 Numen
2969 4486 3021 4529 et
3066 4492 3159 4545 spe
3193 4485 3247 4529 et
3276 4475 3526 4544 suﬁ‘ragio

1969 4572 2175 4635 faveat;
2201 4570 2343 4623 favet
2364 4580 2565 4633 autem,
2594 4579 2649 4621 et
2670 4569 2968 4621 libertatem
2992 4566 3240 4635 loquendi
3258 4567 3526 4628 concedit,

1970 4671 2022 4715 te
2050 4663 2114 4715 ab
2142 4662 2304 4714 animi
2354 4675 2583 4714 maerore
2636 4660 2689 4712 in
2737 4659 3026 4727 gratiarum
3083 4657 3349 4709 actionem
3398 4670 3529 4708 con-

1970 4766 2143 4813 verso,
2178 4750 2402 4819 plurima
2432 4765 2552 4803 cum
2584 4749 2802 4816 antiqua
2856 4761 2968 4800 tum
3004 4746 3239 4799 recentia
3260 4745 3528 4812 exempla,

1971 4859 2089 4912 qua:
2120 4842 2359 4895 solamen
2391 4840 2639 4904 afferant,
2674 4847 3063 4907 reprmsentare
3099 4850 3339 4904 possum.
3388 4833 3529 4898 Quin

1973 4944 2031 4988 ut
2056 4932 2198 5002 quod
2229 4948 2315 4986 res
2347 4941 2428 4986 est
2457 4932 2651 4990 dicam,
2683 4939 2787 4982 tota
2817 4928 3095 4981 hominum
3124 4926 3228 4977 vita
3258 4924 3419 4991 hujus
3444 4932 3529 4975 est

1972 5025 2307 5093 exemplum,
2366 5038 2525 5092 quam
2575 5022 2896 5091 cogitatione
2955 5032 3322 5072 rememorans
3376 5015 3532 5068 facile

1973 5116 2323 5184 dejectionem
2351 5130 2561 5167 omnem
2588 5113 2893 5166 antolietur.
2933 5110 3099 5177 Majas
3125 5107 3298 5161 adhuc
3322 5106 3529 5167 dixero,

1974 5214 2028 5259 ct
2077 5204 2412 5259 tremendum
2466 5203 2624 5266 illud;
2678 5203 2741 5254 ad
2782 5216 2917 5268 quos
2968 5199 3202 5268 pertinet
3240 5195 3525 5250 defunctos

1975 5296 2284 5363 deplorare?
2320 5294 2404 5347 hic
2428 5294 2540 5361 ipse
2568 5308 2672 5345 non
2702 5292 2895 5352 dicam,
2930 5290 3021 5341 sed
3051 5290 3197 5341 orbis
3220 5298 3525 5355 praeconem

1974 5387 2256 5455 compello,
2291 5396 2349 5438 ut
2382 5399 2512 5438 voce
2544 5399 2637 5436 sua
2663 5382 2909 5435 enuntiet
2952 5380 3173 5433 caeleste
3203 5378 3478 5430 decretum
3513 5391 3528 5426 :

1975 5479 2051 5531 De
2098 5477 2468 5531 dormientibus
2516 5476 2632 5529 nolo
2674 5490 2758 5527 vos
2788 5475 3043 5542 ignorare,
3093 5474 3281 5540 fratres
3316 5486 3327 5519 :
3363 5478 3417 5519 ιιι
3471 5480 3533 5517 ιιι

1977 5570 2193 5623 tristitia
2225 5586 2310 5624 vos
2339 5571 2415 5622 ita
2444 5568 2758 5636 aﬂiciemini,
2787 5563 3222 5635 quemadmodum
3254 5570 3299 5611 et
3332 5555 3527 5620 ca'tcri,
