4236 6436
769 393 869 457 979

1884 409 2146 474 PHOTII
2182 413 2685 478 PATRIARCHE
2724 419 2834 483 (ΖΡ.

3895 413 3999 479 980

770 507 859 573 qui
896 521 1034 575 spem
1067 525 1167 562 non
1195 511 1382 566 habent
1406 512 1475 567 “.
1537 512 1736 571 Paulus
1775 516 1970 574 horum
2022 529 2107 576 est
2144 521 2333 577 bucci-
2362 525 2443 581 Δί

2321 551 2333 560 -
2362 525 2408 581 Δ
2436 525 2500 593 τῇ
2528 541 2587 577 τε
2614 525 2801 595 ψήφῳ,
2825 524 2918 578 καί
2944 525 3007 597 τῇ
3032 523 3204 579 ἑλπίδι
3229 524 3703 595 συνεφαπτόμενον
3725 540 3737 554 ·
3765 523 3860 576 καὶ⁵
3882 523 3994 577 εστι

766 606 940 660 nator,
1005 599 1209 654 ccelesti
1269 602 1547 661 institutus
1611 607 2039 674 ludolitterario,
2095 610 2186 681 qui
2253 621 2335 665 to-

769 694 880 737 tum
933 689 1195 743 mundum
1226 692 1397 746 obivit
1446 695 1788 763 praedicando
1826 698 2072 754 :Christi
2125 716 2188 756 os
2230 702 2334 755 cla-

766 785 897 839 mat,
929 777 1176 834 inﬁdeles
1219 779 1434 850 decere,
1473 786 1541 840 de
1570 787 1844 844 defunctis
1890 791 2108 846 tristitia
2151 791 2331 856 allici,

768 870 1184 924 resurrectionis
1207 887 1358 942 spem
1398 878 1762 948 exstinguere,
1792 868 1902 935 non
1928 880 2198 936 credendo
2224 882 2333 936 vir-

769 963 943 1009 tutem
1009 963 1251 1030 mysterii
1313 967 1611 1022 secundum
1681 969 1978 1025 Christum.
2034 968 2331 1027 Tristitiam

767 1046 930 1115 igitur
957 1063 1237 1119 exuamus,
1262 1071 1331 1109 ne
1365 1068 1572 1112 reatum
1601 1062 1982 1117 contrahamus
2000 1063 2134 1116 tanti
2167 1065 2290 1117 mali
2315 1083 2328 1128 ;

766 1152 837 1189 ne
871 1137 1034 1193 ﬁliam
1079 1151 1226 1198 tuam
1267 1162 1397 1200 vero
1433 1149 1636 1205 damno
1664 1151 1991 1218 alliciamur;
2024 1169 2147 1206 nam
2185 1171 2332 1208 nunc

764 1227 1056 1284 Abrahami
1079 1233 1200 1287 sinu
1221 1235 1456 1303 fovetur,
1478 1239 1675 1294 ibidem
1693 1258 1801 1296 non
1823 1242 1894 1295 ita
1920 1243 2078 1314 longo
2093 1245 2332 1312 posthac

767 1329 1010 1389 tempore
1044 1323 1186 1378 illam
1240 1328 1417 1384 laetam
1456 1342 1512 1386 et
1539 1334 1898 1388 exsultantem
1942 1335 2278 1390 intuebimur
2312 1355 2326 1388 :

768 1412 848 1463 sin
895 1425 1080 1470 contra
1128 1420 1343 1476 Domini
1400 1425 1569 1494 legem
1610 1427 1842 1495 puellam
1879 1427 2088 1494 deﬂeo,
2125 1429 2192 1483 ab
2239 1429 2331 1482 illo

767 1505 994 1570 pulchro
1021 1513 1328 1576 spectaculo
1371 1516 1628 1584 expellor.
1684 1516 1849 1572 Visne
1878 1534 2004 1586 ergo
2045 1518 2206 1572 ﬁliam
2251 1521 2330 1573 in-

769 1596 928 1658 tueri,
961 1601 1161 1667 repelle
1205 1602 1433 1668 luctum,
1482 1622 1579 1673 per
1613 1608 1882 1662 actionem
1908 1610 2198 1679 gratiarum
2233 1611 2332 1664 de-

768 1686 909 1739 clara
942 1698 992 1742 te
1014 1691 1232 1759 dignum
1264 1694 1444 1748 lzntitia
1471 1696 1595 1749 illa?
1620 1698 1664 1751 si
1689 1697 1924 1752 luctibus
1947 1699 2126 1753 adhuc
2153 1701 2330 1754 indul-

767 1791 1010 1843 geamus,
1063 1780 1371 1838 desiderato
1425 1802 1525 1841 nos
1581 1788 1880 1856 privamus.
1931 1791 2139 1846 Laetitia
2195 1793 2328 1846 inibi

2438 631 2534 681 γε’
2572 616 2734 678 αὐτός
2771 634 2861 687 μοι
2885 618 2985 688 τὴν
3021 617 3334 688 παρρησίαν
3368 619 3594 687 χορηγεῖ
3643 615 3819 685 ὑμῶν,
3865 616 4000 683 ὅπερ

2436 705 2592 776 ἔφην,
2621 707 2729 760 ἀπὸ
2752 709 2847 778 τῆς
2879 709 3117 778 ἀθυμίας
3158 711 3240 772 είς
3294 707 3643 779 εὐχαριστίαν
3675 706 3996 773 ἀνενεγκόν-

2434 815 2564 865 των,
2596 800 2770 854 πολλά
2807 802 2864 853 δὲ
2899 800 2994 854 καὶ
3034 803 3128 853 νέα
3159 803 3255 853 καὶ
3284 801 3488 853 παλαιὰ
3529 799 3621 851 τοῦ
3659 797 3999 865 συνενεχθέν-

2433 906 2524 952 τος
2551 891 2631 954 είς
2658 893 3017 961 ψυχαγωγίαν
3057 891 3432 960 ὑποδείγματα
3458 909 3473 920 ·
3513 889 3713 959 μᾶλλον
3741 888 3784 942 δ’
3808 887 3998 957 ἀληθέ-

2435 997 2622 1051 στερον
2675 983 2867 1047 εἰπεῖν,
2905 983 3024 1046 ὅλος
3058 984 3086 1035 6
3137 982 3251 1052 βίος
3299 983 3488 1034 τούτου
3521 980 3892 1050 παράδειγμα,
3939 977 3998 1031 ὃν

2433 1077 2545 1136 τοῖς
2569 1077 2848 1144 λογισμοῖς
2883 1073 3272 1140 ὲπιδιελθόντα,
3305 1075 3485 1128 πᾶσαν
3514 1073 3629 1126 ἐστι
3685 1073 3817 1142 ῥᾷον
3862 1073 3996 1124 ἀπο-

2434 1163 2618 1219 θέσθαι
2646 1165 2746 1235 τὴν
2769 1168 3093 1238 κατήφειαν.
3128 1167 3282 1221 Εἴπω
3303 1166 3362 1220 τδ
3390 1165 3596 1236 μεῖξον,
3627 1164 3830 1234 μᾶλλον
3854 1163 3909 1216 δὲ
3935 1163 3998 1215 τδ

2433 1256 2636 1327 φρίκης
2663 1257 2852 1327 γέμον·
2875 1258 3034 1311 τίνων
3061 1258 3181 1311 ἐστὶ
3207 1260 3268 1311 τὸ
3299 1258 3586 1311 λυπεῖσθαι
3617 1258 3742 1319 τοὺς
3769 1258 3996 1324 ἀποιχο-

2437 1348 2662 1415 μένουςς
2698 1347 2897 1416 μᾶλλον
2924 1348 2982 1401 δὲ
3032 1349 3142 1400 οὐδ’
3165 1348 3330 1411 αὐτὸς
3392 1346 3522 1417 ἐρῶ,
3557 1347 3647 1400 τὸν
3695 1347 3913 1416 κήρυκα
3941 1345 3998 1397 δὲ

2431 1437 2528 1504 τῆς
2552 1438 2878 1507 οἰκουμένης
2917 1439 3088 1504 καλῶ,
3119 1439 3206 1491 διὰ
3237 1439 3335 1507 τῆς
3357 1438 3566 1500 οἰκείας
3603 1443 3785 1508 φωνῆς
3815 1441 4001 1504 ἀπαγ-

2432 1525 2608 1591 γεῖλαι
2663 1524 2724 1578 τὸ
2764 1525 3084 1594 ἐπουράνιον
3132 1526 3387 1594 ψήφισμα
3418 1540 3433 1554 ·
3471 1526 3552 1576 Οὐ
3636 1527 3786 1577 θέλω
3843 1522 4000 1591 ὑμᾶς

2431 1616 2688 1682 ἀγνοεῖν,
2725 1616 2995 1684 ἀδελφοί,
3039 1617 3166 1683 περὶ
3211 1616 3328 1668 τῶν
3380 1614 3846 1682 κεκοιμημένων,
3899 1616 3999 1668 ἵνα

2428 1704 2513 1772 μὴ
2536 1703 2819 1772 λυπῆσθε
2841 1705 2939 1759 καὶ
2956 1704 3144 1772 ὑμεῖς,
3168 1704 3362 1770 καθὼς
3392 1703 3490 1756 καὶ
3513 1707 3565 1757 οι
3591 1703 3814 1766 λοιποί,
3833 1704 3886 1755 οι
3910 1705 3997 1770 μὴ

2431 1794 2674 1862 ἔχοντες
2723 1795 2961 1851 ἐλπίδα.
3019 1795 3230 1857 Παῦλός
3264 1796 3409 1848 ἐστιν
3436 1797 3462 1847 6
3499 1792 3770 1856 σαλπίζων
3803 1793 3996 1858 ταῦτα,

767 1863 1010 1930 ploratus
1048 1871 1243 1925 nescit.
1301 1853 1692 1930 Exsultationis
1743 1887 1798 1931 et
1850 1882 2029 1947 gaudii
2073 1883 2331 1951 nuptialis
2362 1853 2440 1937 Bt

2324 1900 2331 1936 ι
2362 1853 2403 1908 Β
2430 1853 2562 1953 δ’τῷ
2592 1853 2824 1956 οὐρανίῳ
2861 1887 3172 1950 παιδευθεὶς
3211 1853 3594 1956 διδασκαλείῳ,
3625 1853 3781 1955 ό-τὴν
3817 1853 3997 1938 οίιιουζ

767 1954 1036 2012 thalamus
1063 1959 1240 2015 locum
1272 1964 1578 2034 lugentibus
1627 1984 1736 2022 non
1774 1972 2069 2037 concedet;
2107 1989 2207 2028 nec
2239 1976 2328 2029 ad-

768 2046 946 2098 mittet
984 2049 1365 2120 laerymantes,
1395 2072 1533 2124 quos
1567 2059 1808 2114 lueredes
1834 2063 2012 2129 gaudii
2039 2064 2329 2132 inexplica-

767 2134 891 2189 bilis
923 2138 1100 2192 babet.
1129 2139 1315 2197 Visum
1359 2153 1443 2199 est
1481 2147 1670 2201 faetori
1702 2149 2016 2219 ﬁgmentum
2069 2154 2331 2224 reﬁngere

766 2226 834 2280 ad
861 2226 1347 2298 immortalitatem;
1378 2235 1519 2290 hanc
1545 2236 1752 2292 felicem
1777 2255 1877 2310 ego
1905 2250 2105 2295 sortem
2141 2244 2331 2312 puella:

767 2331 874 2368 non
934 2317 1166 2386 invideo,
1221 2338 1323 2377 nec
1374 2328 1698 2382 sententiam
1743 2339 1931 2384 contra
1985 2335 2332 2388 murmurabo

765 2423 906 2470 eam,
949 2425 1111 2479 quam
1157 2415 1406 2482 amplecti
1459 2417 1713 2472 deberem
1749 2419 2123 2477 :Dominicam
2169 2425 2330 2496 largi-

767 2509 932 2555 tatem
973 2503 1028 2556 in
1075 2517 1451 2575 argumentum
1499 2511 1899 2580 ingratitudinis
1943 2530 2051 2570 non
2095 2526 2326 2573 traxero.

766 2591 950 2647 Morbo
1011 2596 1305 2665 aliquando
1354 2599 1632 2655 laborabat
1687 2602 1882 2658 ﬁliolus
1938 2611 2118 2677 magni
2190 2611 2332 2679 regis

767 2682 954 2750 David,
988 2688 1210 2742 morbus
1237 2691 1546 2759 sepulcrum
1575 2698 1928 2751 monstrabat.
1960 2697 2051 2753 Ille
2079 2701 2324 2755 morbum

767 2775 1087 2832 calamitatis
1124 2779 1241 2835 loco
1269 2783 1494 2850 habens,
1529 2801 1733 2855 pronus
1759 2791 2041 2855 sternitur,
2067 2792 2332 2864 lacrymas

765 2867 1018 2936 implorat
1046 2885 1269 2938 numen,
1300 2888 1328 2925 a
1363 2875 1484 2928 cibo
1511 2885 1563 2929 et
1588 2878 1735 2930 omni
1759 2883 2003 2950 corporis
2028 2883 2174 2936 cultu
2209 2886 2332 2940 abs—

771 2957 927 3012 tinet.
964 2961 1030 3012 At
1076 2961 1166 3015 ubi
1231 2965 1464 3018 excessit
1517 2969 1750 3034 puellus,
1801 2972 1981 3024 statim
2028 2972 2334 3042 deponebat

768 3047 993 3102 luctum.
1025 3049 1223 3106 Orabat
1253 3055 1400 3122 prius
1421 3064 1480 3109 ut
1507 3056 1771 3112 viscerum
1795 3061 1960 3129 stirps
1987 3064 2328 3128 subsisteret;

2435 1979 2601 2046 μένην
2657 1979 2838 2030 πᾶσαν
2889 1976 3198 2046 περιλαϐὼν
3251 1978 3329 2046 τῷ
3375 1978 3728 2047 κηρύγματι,
3787 1978 3848 2028 τὸ
3903 1976 3996 2028 τοῦ

2430 2067 2666 2135 Χριστοῦ
2693 2066 2888 2134 στόμα,
2922 2065 3169 2116 ἀπίστων
3208 2060 3343 2117 εἶναι
3378 2065 3476 2135 βοᾷ
3514 2067 3612 2135 τὴν
3642 2065 3733 2116 ἐπὶ
3757 2068 3868 2125 τοῖς
3912 2082 3999 2118 τεο

2432 2156 2660 2208 λευτῶσι
2706 2156 2904 2225 λύπην,
2946 2155 3282 2207 σϐεννύντων
3332 2159 3429 2225 τῆς
3504 2157 3852 2219 ἀναστάσεως
3899 2157 3999 2224 τήν

2428 2247 2638 2310 ἐλπίδα,
2672 2247 3047 2299 ἀπιστούντων
3087 2246 3180 2299 τοῦ
3215 2247 3357 2300 κατά
3414 2248 3645 2317 Χριστὸν
3694 2248 3998 2317 μυστηρίου

2428 2337 2526 2406 τὴν
2557 2337 2808 2406 δύναμιν.
2852 2338 2994 2391 Ἀλλ’
3025 2338 3358 2409 ἀποθώμεθα
3410 2339 3507 2406 τὴν
3554 2338 3748 2408 λύπην,
3797 2339 3880 2391 ἵνα
3921 2340 3998 2407 μὴ

2429 2427 2764 2498 τηλικούτοις
2815 2432 3005 2492 κακοῖς
3055 2429 3228 2497 ἔνοχοι
3286 2429 3579 2498 φανῶμεν·
3651 2428 3736 2482 ἵνα
3799 2428 3874 2498 μή
3923 2430 4000 2492 ὡς

2430 2523 2645 2590 ἀληθῶς
2685 2522 2806 2575 τότε
2836 2523 2933 2591 τὴν
2970 2524 3136 2576 παῖδα
3167 2522 3553 2592 ζημιωθῶμεν.
3597 2522 3710 2574 Νῦν
3756 2521 3855 2591 μὲν
3891 2522 3999 2590 γάρ

2432 2611 2621 2664 κόλποι
2656 2610 2951 2663 θάλπουσιν
2986 2613 3156 2680 αὐτὴν
3220 2612 3564 2681 Ἀδραμιαῖοι
3590 2626 3604 2639 '
3658 2613 3820 2663 κάκεῖ
3859 2612 3996 2663 ταύ-

2429 2721 2549 2773 την,
2575 2705 3007 2774 εὐφραινομένην
3030 2706 3121 2756 καὶ
3152 2704 3470 2773 χαίρουσαν,
3511 2705 3625 2772 μετ’
3658 2704 3836 2770 ὀλίγον
3871 2703 3999 2755 θεα-

2433 2794 2656 2861 σόμεθα.
2706 2795 2828 2846 Ἐὰν
2874 2795 2930 2847 δὲ
2976 2794 3126 2864 παρὰ
3175 2794 3300 2856 τοῦς
3343 2795 3707 2856 Δεσποτικοὺς
3761 2794 4000 2862 θεσμοὺς

2429 2884 2540 2951 ἐγὼ
2570 2886 2668 2952 τὴν
2703 2886 2866 2938 παῖδα
2889 2885 3090 2954 θρηνῶ,
3118 2884 3414 2954 ἐλαύνομαι
3463 2885 3556 2937 τοῦ
3597 2885 3762 2938 καλοῦ
3791 2885 4000 2953 θεάμα·

2429 2992 2518 3037 τος
2559 2975 2787 3030 ἐκείνου.
2848 2977 3037 3038 Ποθεῖς
3095 2977 3195 3044 τὴν
3272 2976 3437 3028 παῖδα
3467 2976 3796 3039 θεάσασθαι;
3838 2976 4000 3045 ῥίψον

2431 3065 2539 3116 ἀπὸ
2576 3065 2670 3117 σοῦ
2701 3065 2800 3135 τὴν
2839 3065 3049 3134 λύπην·
3081 3066 3251 3131 δεῖξον
3279 3066 3524 3130 σεαυτὸν,
3559 3066 3624 3117 δι’
3654 3060 3727 3118 ὧν
3770 3067 3995 3135 εὐχαρι-

768 3148 1050 3208 postquam
1086 3143 1218 3197 vidit
1241 3144 1508 3201 Fictorem
1540 3150 1931 3207 determinasse
1972 3155 2199 3222 abitum,
2235 3174 2331 3226 per
2360 3190 2401 3243 C
2436 3176 2441 3203 ι

2324 3175 2331 3186 ·
2360 3190 2401 3243 C
2436 3158 2599 3217 στεῖς,
2634 3156 2780 3221 ἀξιον
2814 3153 2913 3222 τῆς
2960 3155 3170 3207 ἐκεῖθεν
3205 3155 3542 3225 εὐφροσύνης
3565 3172 3577 3183 ·
3637 3155 3751 3208 ἀλλ’
3813 3157 3864 3207 εί
3918 3157 3997 3205 ἔτι

769 3230 972 3284 luctum
1000 3232 1200 3299 judicis
1233 3237 1556 3291 sententiam
1585 3240 1786 3295 violare
1816 3258 1924 3296 non
1962 3254 2080 3298 erat
2126 3262 2290 3301 ausus
2318 3267 2329 3300 :

769 3322 860 3373 sed
882 3323 1250 3378 sublimiorem
1278 3341 1337 3379 se
1366 3328 1513 3380 omni
1541 3329 1842 3396 dejectione
1872 3344 2154 3402 praestans,
2174 3353 2335 3390 voces

768 3411 948 3464 emisit
986 3414 1181 3481 gratias
1225 3429 1465 3485 agentes,
1496 3427 1552 3473 et
1595 3422 1792 3475 usitato
1835 3439 1984 3478 more
2029 3441 2087 3479 se
2123 3427 2330 3481 refecit.

771 3502 846 3554 Ita
874 3518 979 3558 non
1004 3505 1226 3560 allectos
1250 3523 1370 3562 esse
1407 3510 1596 3576 decet;
1640 3517 1684 3566 si
1739 3514 2043 3570 inﬁrmatur
2072 3517 2212 3572 ﬁlius
2241 3535 2333 3573 c0-

769 3605 982 3664 gnatus,
1015 3598 1239 3663 amicus,
1271 3600 1314 3654 si
1341 3602 1563 3656 morbus
1587 3614 1814 3659 mortem
1839 3610 2135 3676 parturiat:
2165 3609 2330 3666 Deum

769 3701 1017 3751 veneror,
1051 3696 1109 3741 ut
1138 3689 1345 3745 auferat
1370 3694 1637 3758 morbum,
1675 3696 1786 3762 det,
1821 3700 1985 3752 donet
2020 3701 2332 3758 desideran-

768 3775 915 3830 tibus
939 3777 1267 3834 desiderium
1306 3797 1464 3837 suum
1497 3803 1512 3836 :
1542 3787 1636 3839 sed
1673 3785 2077 3845 translationem
2107 3793 2196 3847 ille
2229 3797 2334 3850 uti-

769 3866 956 3920 liorem
987 3869 1222 3938 judicat;
1249 3872 1403 3928 decet
1429 3875 1684 3945 deinceps
1711 3879 1778 3933 de
1819 3880 1904 3934 illa
1925 3881 2328 3952 dispensatione

772 3957 970 4024 gratias
1007 3973 1184 4028 agere,
1227 3971 1516 4018 contentos
1565 3980 1706 4032 esse,
1740 3983 1842 4022 nec
1879 3971 2027 4025 luctu
2060 3981 2114 4027 et
2160 3977 2332 4045 gemi-

771 4047 915 4100 tibus
944 4048 1214 4104 Creatoris
1239 4052 1498 4120 judicium
1526 4056 1744 4111 violare.
1779 4059 1832 4112 Si
1861 4063 1982 4130 quis
2009 4065 2166 4118 nobis
2200 4067 2329 4120 insi-

771 4137 946 4190 dietur
969 4138 1199 4203 daamon,
1231 4153 1285 4196 et
1311 4143 1504 4198 Jobum
1533 4162 1722 4202 rursus
1743 4151 2004 4219 deposcit,
2029 4155 2074 4208 si
2099 4137 2330 4212 malevo-

773 4228 882 4281 lum
905 4244 1025 4282 cum
1050 4246 1205 4285 servo
1230 4248 1328 4287 suo
1348 4238 1684 4293 committere
1706 4240 1848 4295 Deus
1873 4244 2018 4307 velit,
2049 4245 2092 4298 si
2119 4248 2330 4315 patien-

773 4319 899 4370 tiam
935 4322 1045 4372 vult
1077 4324 1355 4388 explorare
1389 4324 1456 4380 ad
1491 4330 1882 4385 convictionem
1913 4335 2232 4403 adversarii,
2279 4341 2324 4393 si

772 4408 1007 4463 stadium
1064 4411 1342 4467 certamini
1379 4419 1573 4485 aperit,
1605 4429 1660 4474 ut
1697 4423 2004 4490 pudefaciat
2042 4429 2325 4498 antagoni-

772 4506 931 4557 stam,
981 4499 1236 4554 athletam
1288 4515 1510 4561 coronet

770 4584 990 4638 virtutis
1038 4587 1470 4655 deprecationem
1537 4595 1716 4650 facere
1768 4614 1876 4653 non
1930 4614 2162 4671 oportet,
2229 4622 2330 4662 nec

772 4683 984 4740 tempus
1007 4690 1324 4732 coronarum
1359 4682 1716 4740 lamentorum
1747 4695 1958 4758 tempus
1978 4695 2327 4760 constituere,

771 4779 879 4815 non
916 4769 1225 4823 certaminis
1253 4772 1427 4837 diem,
1471 4776 1612 4830 diem
1654 4780 2048 4850 lacrymarum;
2081 4765 2190 4841 non
2238 4805 2332 4856 per

771 4870 864 4907 eos
886 4872 1019 4923 quos
1047 4865 1325 4916 coronavit
1352 4867 1638 4935 patientia;
1670 4887 1782 4926 non
1811 4889 1908 4942 per
1930 4891 2155 4932 coronas
2187 4880 2329 4948 ipsas

772 4946 1242 5008 immarecscibiles
1260 4964 1313 5009 et
1332 4959 1671 5026 splendidas:
1695 4965 1808 5018 haec
1833 4982 2153 5035 generosum
2180 4946 2327 5026 tuum

771 5040 1008 5093 animum
1035 5044 1319 5111 dedecent,
1347 5050 1607 5117 judicium
1649 5056 1876 5110 solidum
1900 5099 1914 5123 ,
1944 5061 2167 5116 virtutes
2203 5065 2325 5117 reli-

772 5147 925 5198 quas.
945 5135 1222 5203 Quocirca,
1248 5151 1451 5196 stemus
1470 5147 1713 5213 viriliter;
1741 5159 1944 5206 stemus
1965 5154 2318 5220 conﬁdenter,

773 5231 832 5275 ut
865 5224 1060 5279 milites
1093 5231 1326 5285 cwlestis
1382 5235 1520 5304 regis
1545 5252 1668 5291 eum
1699 5240 1852 5296 hoste
1892 5245 2323 5313 congrediamur.

770 5314 1120 5380 Agonothete
1148 5321 1510 5379 testimonium
1536 5343 1602 5381 ne
1629 5331 2030 5397 pudefaciamus
2053 5353 2067 5401 ;
2105 5352 2205 5390 nec
2234 5339 2332 5392 ad-

772 5406 991 5456 versarii
1023 5409 1260 5463 audaciae
1289 5414 1340 5464 in
1369 5415 1734 5474 malefereudo
1762 5425 2150 5492 applaudamus
2182 5445 2194 5480 :
2228 5444 2329 5482 nec

771 5497 812 5542 si
840 5494 968 5558 quid
995 5513 1021 5548 a
1057 5501 1318 5571 principio
1350 5506 1575 5564 viriliter
1623 5515 1907 5582 gessimus,
1939 5520 2330 5586 posterioribus

775 5585 1230 5657 mollclaciamus;
1255 5612 1321 5650 ne
1345 5601 1513 5656 simus
1538 5603 1698 5659 fortes
1723 5606 1786 5660 ad
1812 5610 2125 5665 movendam
2157 5613 2330 5667 hostis

877 5781 919 5809 ’³
959 5782 1192 5838 ΙἸἸΙυδδ.
1229 5805 1300 5848 \‘l,
1343 5792 1422 5844 l2.

2439 3247 2737 3314 στέργομεν
2767 3247 2891 3307 τοὺς
2944 3245 3194 3315 θρήνους,
3247 3248 3475 3310 ἑαυτοὺς
3510 3248 3870 3316 στερίσκομεν
3903 3246 3998 3299 τοῦ

2437 3336 2767 3404 ποθουμένου
2795 3354 2809 3367 ·
2838 3337 2936 3388 οὐκ
2963 3332 3071 3388 οἶδε
3101 3338 3334 3407 θρήνους
3359 3340 3391 3406 ὴ
3419 3338 3625 3390 ἐκεῖθεν
3658 3339 3994 3406 εὐφροσύνη·

2435 3428 2540 3480 οὐδ’
2571 3430 2598 3479 6
2627 3431 2722 3496 τῆς
2771 3428 3144 3493 ἀγαλλιάσεως
3173 3430 3266 3480 καὶ
3291 3431 3464 3500 χαρᾶς
3491 3429 3717 3497 νυμφῶν
3739 3430 3995 3498 ἀνέχεται

2435 3519 2689 3586 γενέσθαι
2717 3520 2915 3589 χωρίον
2947 3520 3284 3573 πενθούντων
3306 3537 3319 3551 ·
3347 3520 3457 3572 οὐδ’
3497 3520 3668 3572 ἐθέλει
3693 3520 3998 3591 παραδέχε-

2437 3611 2561 3664 σθαι
2581 3611 2705 3672 τοὺς
2752 3611 2854 3662 ὑπὸ
2875 3611 3105 3681 δάκρυσι
3136 3611 3380 3674 τιθέντας
3401 3653 3414 3675 ,
3445 3610 3539 3674 οὓς
3570 3612 3731 3675 αὐτὸς
3769 3611 4000 3664 ἀνεκλα-

2434 3701 2598 3770 λήτου
2627 3703 2800 3771 χαρᾶς
2835 3703 2948 3772 ἔχει
2993 3702 3380 3772 κληρονόμους.
3408 3704 3662 3772 Ἐκρινεν
3693 3705 3721 3756 6
3747 3702 4001 3770 Πλάστης

2433 3793 2493 3846 τὸ
2511 3792 2734 3861 πλάσμα
2755 3792 2887 3863 πρὸς
2904 3793 3198 3847 ἀθανασίαν
3217 3793 3582 3863 μεταπλάσαι·
3600 3794 3674 3863 μὴ
3689 3793 4000 3861 βασκαίνω-

2437 3899 2537 3951 μεν
2584 3882 2683 3950 τῆς
2729 3883 3073 3952 εὐδαιμονίας
3107 3885 3209 3953 τὴν
3244 3885 3425 3945 παῖδα,
3461 3883 3596 3953 μηδὲ
3635 3884 3734 3950 τῆς
3764 3881 3998 3951 κρίσεως

2433 3975 2500 4045 ἢν
2529 3975 2632 4027 ἔδει
2655 3973 2952 4043 θαυμάζειν
3003 3976 3500 4043 καταγογγύζωμεν
3521 3991 3535 4004 ·
3586 3975 3718 4043 μηδὲ
3745 3976 3844 4041 τὴν
3897 3975 3997 4024 Aea

2435 4067 2696 4133 σποτικὴν
2773 4065 3083 4135 φιλοτιμίαν
3156 4069 3235 4128 είς
3295 4066 3552 4118 ὑπόθεσιν
3605 4064 3998 4133 ἀγνωμοσύνης

2435 4155 2770 4224 βιαζώμεθα.
2821 4157 3022 4209 Ἐνόσει
3060 4157 3186 4210 ποτὲ
3210 4157 3420 4211 παιδίον
3453 4157 3545 4209 τοῦ
3579 4157 3823 4225 μεγάλου·
3841 4156 3994 4224 βασις

2433 4246 2566 4310 λέως
2586 4247 2767 4310 Δασὶδ,
2804 4249 2900 4302 καὶ
2928 4251 2960 4316 ή
3010 4248 3161 4311 νόσος
3203 4248 3293 4301 τὸν
3325 4249 3494 4316 τάφον
3541 4248 3772 4300 ἐδείκνυ.
3855 4248 3913 4299 'U
3942 4247 3998 4299 δὲ

2434 4339 2718 4408 συμφορὰν
2768 4338 2866 4409 τὴν
2919 4339 3072 4391 νόσον
3123 4339 3466 4408 ποιούμενος,
3515 4338 3727 4408 πρηνὴς
3795 4337 3994 4398 ἔκειτο,

2430 4431 2523 4483 καὶ
2550 4430 2807 4498 δάκρυσιν
2833 4429 3229 4500 ὲξεμειλίσσετο
3273 4433 3332 4483 τὸ
3365 4430 3541 4492 Θείον,
3572 4427 3780 4499 τροφῆς
3810 4445 3873 4480 τε
3903 4427 3996 4480 αὐ-

1565 4523 1579 4559 :
1627 4511 1895 4566 maestitia:
1952 4527 2326 4584 argumentum
2358 4511 2405 4568 D
2430 4521 2527 4590 τῆς
2556 4520 2892 4590 ἀπεχόμενος
2939 4522 3030 4573 καὶ
3063 4521 3163 4589 τῆς
3189 4521 3238 4574 ἀ]

2318 4537 2326 4570 ι
2358 4511 2405 4568 D
2430 4521 2527 4590 τῆς
2556 4520 2892 4590 ἀπεχόμενος
2939 4522 3030 4573 καὶ
3063 4521 3163 4589 τῆς
3189 4520 3354 4587 ἀλλης
3399 4519 3719 4588 ἂπιμελείας
3763 4518 3858 4572 τοῦ
3887 4517 3991 4570 σώδ

2431 4631 2618 4683 ματος,
2659 4613 2775 4666 ἀλλ’
2824 4615 2912 4666 ὅτε
2956 4614 3015 4666 τὸ
3054 4613 3266 4666 παιδίον
3313 4612 3577 4681 ἀπῆλθεν,
3615 4611 3812 4664 αὐτίκα
3867 4628 3994 4663 συν-

2427 4709 2662 4760 απέθετο
2685 4709 2780 4760 καὶ
2807 4708 2906 4778 τὴν
2934 4708 3130 4777 λύπην·
3161 4707 3290 4774 πρὶν
3319 4707 3416 4774 μὲν
3437 4707 3542 4776 γάρ
3575 4706 3782 4758 ἱκέτευε
3809 4723 3986 4774 παρα-

2431 4799 2611 4867 μένειν
2644 4798 2704 4850 τὸ
2747 4799 2878 4866 φυὲν
2910 4797 3017 4850 τῶν
3062 4798 3417 4866 σπλάγχνων·
3455 4798 3576 4848 ἐπεὶ
3621 4797 3677 4848 δὲ
3727 4797 3987 4864 κρίναντα

2426 4889 2525 4956 τὴν
2574 4887 2916 4959 ἀναχώρησιν
2954 4890 3044 4940 τὸν
3077 4890 3328 4957 Πλάστην
3368 4883 3526 4950 εἶδεν,
3581 4889 3678 4939 οὐκ
3723 4888 3989 4955 ἐτόλμησε

2435 4980 2528 5033 τοῦ
2581 4982 2767 5049 κριτοῦ
2804 4982 2902 5047 τὴν
2957 4981 3135 5048 ψῆφον
3191 4980 3587 5046 ὲγκαθυϐρίσαι
3635 4978 3711 5047 τῷ
3770 4978 3992 5030 πένθει’

2433 5071 2546 5123 ἀλλ’
2587 5069 2853 5138 ἀνώτερον
2878 5069 3065 5120 ἑαυτὸν
3097 5070 3275 5138 πάσης
3311 5069 3870 5138 παρασκευασάμενος
3900 5084 3992 5119 κα-

2431 5162 2680 5232 τηφείας,
2715 5160 3166 5230 εὐχαριστηρίους
3201 5161 3351 5228 ἠφίει
3383 5160 3589 5228 φωνὰς,
3621 5160 3715 5211 καὶ
3741 5160 3844 5227 τῆς
3875 5177 3992 5211 συν·

2430 5254 2593 5323 ήθους
2643 5253 2817 5319 είχετο
2864 5252 3113 5320 διαίτης·
3162 5250 3305 5304 οὐτω
3363 5250 3468 5321 χρὴ
3514 5249 3850 5302 διατίθεσθαι
3899 5251 3990 5301 καὶ

2430 5347 2597 5416 ἡμᾶς’
2636 5342 2855 5394 ἀσθενεῖ
2880 5343 3108 5406 παιδίον,
3137 5343 3402 5411 συγγενὴς
3427 5342 3604 5405 ἄλλος,
3628 5342 3659 5410 ἢ
3685 5341 3794 5392 τῶν
3823 5341 3989 5409 φίλων

2426 5452 2533 5497 τις,
2572 5434 2725 5504 καὶή
2777 5434 2928 5495 νόσος
2953 5433 3178 5485 θάνατον
3207 5433 3412 5484 ώδίνει·
3448 5433 3634 5499 δέομαι
3681 5430 3816 5482 Θεοῧ
3850 5447 3988 5498 παρ-

2429 5521 2600 5573 ελθεῖν
2629 5519 2725 5589 τὴν
2773 5520 2924 5572 νόσον
2985 5520 3191 5584 δοῦναι,
3237 5523 3489 5590 παρεῖναι
3539 5519 3602 5572 τὸ
3654 5520 3985 5589 ποθούμενον

2430 5615 2539 5674 τοῖς
2573 5610 2861 5664 ποθοῦσιν·
2899 5609 3012 5662 ἀλλ’
3048 5611 3264 5680 ἄμεινον
3298 5611 3458 5673 αὐτὸς
3506 5609 3604 5681 τὴν
3657 5610 3983 5679 μετάστασιν
