4236 6436
285 404 381 466 981

1410 404 1934 463 EPISTOLARUM
1968 404 2193 462 LIBER
2224 403 2336 463 III.

3355 408 3455 468 982

290 516 503 581 ἡγεῖται
523 529 535 541 ’
586 514 925 580 εὐχαριστεῖν
974 514 1157 564 λοιπὸν
1184 507 1262 573 οἷς
1287 513 1597 579 ᾡκονόμησε
1656 527 1817 579 προσ·
1845 514 1896 573 Α
1922 514 1963 565 in

1781 528 1817 560 r-
1845 514 1896 573 Α
1922 513 2194 573 invidiam,
2233 513 2284 564 in
2318 512 2421 565 fine
2461 520 2636 565 autem
2672 514 2879 565 vincere
2913 512 3107 579 inepti,
3153 524 3206 567 et
3248 515 3454 568 desides

284 604 425 668 ήκει·
451 602 694 669 στέργειν
722 603 780 653 τὸ
810 603 1044 669 πραχθὲν
1064 603 1157 655 καὶ
1187 602 1259 668 μὴ
1283 602 1356 667 τῷ
1386 600 1563 667 θρήνῳ
1597 602 1689 649 καὶ
1712 601 1818 659 τοῖς

283 693 532 759 ὀδυρμοῖς
577 693 985 758 ἐγκαθυϐρίζειν
1021 692 1116 758 τὴν
1161 692 1334 757 κρίσιν
1372 689 1461 740 τοῦ
1509 691 1817 746 κτίσαντος.

285 780 345 828 Εἰ
377 780 428 828 δέ
454 796 535 836 τις
571 784 663 829 καὶ
694 783 837 846 ἡμᾶς
869 781 1130 847 ὲνεδρεύει
1170 779 1393 844 δαίμων,
1438 779 1528 828 καὶ
1577 778 1663 826 τὸν
1707 775 1820 827 Ἰὼϐ

285 869 443 917 πάλιν
473 869 687 929 ἐξαιτεῖ,
719 874 807 919 καὶ
835 870 961 927 Θεὸς
1013 870 1199 933 ἀφίησι
1231 868 1303 932 τῴ
1333 867 1615 933 θεράποντι
1656 864 1820 931 βάσα-

284 973 372 1005 νον
436 958 894 1023 γσυμπλακῆναι,
949 958 1039 1008 καὶ
1070 956 1349 1022 δοκιμάζει
1403 956 1499 1019 τὴν
1552 953 1823 1019 ὑπομονὴν

288 1046 374 1095 ἐπ’
408 1046 612 1114 ἐλέγχῳ
644 1048 735 1097 τοῦ
781 1050 1171 1113 ἀντικειμένου,
1221 1049 1313 1097 καὶ
1363 1045 1584 1111 ἀγώνων
1616 1044 1823 1094 στάδιον

285 1135 510 1197 ἀνοῖγει,
545 1135 898 1200 καταισχῦναι
931 1136 1027 1201 μὲν
1056 1134 1144 1183 τὸν
1172 1133 1589 1198 ἀνταγωνιστὴν,
1633 1147 1824 1195 στεφα-

287 1221 451 1269 νῶσαι
477 1222 530 1270 δὲ
564 1222 650 1270 τὸν
674 1222 908 1289 ἀθλητήν
931 1238 943 1249 ·
975 1222 1082 1273 οὐδ’
1103 1221 1242 1273 οὕτω
1268 1223 1369 1289 χρὴ
1394 1222 1543 1282 ἀνίας
1574 1221 1826 1271 ὑπόθεσιν

285 1306 384 1371 τῆς
417 1307 612 1374 ἀρετῆς
664 1308 758 1375 τὴν
803 1309 1153 1375 ἀνακὴρυξιν,
1207 1310 1266 1359 οὐ
1305 1310 1400 1375 μὲν
1454 1306 1544 1360 οῦν
1582 1307 1825 1374 οὐδαμῶς

288 1397 576 1457 ποιεῖσθαι,
609 1398 728 1447 οὐδὲ
757 1398 940 1465 καιρὸν
960 1398 1171 1465 θρήνων
1195 1398 1510 1462 ἀποφαίνειν
1536 1398 1623 1448 τὸν
1643 1396 1827 1464 καιρὸν

292 1484 398 1534 τῶν
424 1487 698 1553 τροπαίων
725 1504 736 1515 ·
770 1489 887 1538 οὐδὲ
909 1489 1116 1556 ἡμέραν
1138 1488 1406 1556 δακρύων,
1429 1488 1527 1553 τῆς
1556 1486 1829 1554 ἀθλήσεως

1925 608 2307 659 eomineamur
2340 624 2351 657 :
2386 608 2553 658 hostis
2592 608 2839 673 proclivis
2868 607 2932 657 ad
2962 607 3189 673 lapsum,
3226 624 3344 661 eum
3380 610 3457 659 vi-

1924 698 2046 748 deat
2079 698 2217 748 ferre
2260 711 2355 747 nos
2387 698 2648 763 patienter
2687 698 3029 755 tentationes,
3063 696 3212 748 ocius
3250 698 3458 750 absistit

1926 802 1955 834 a
1996 787 2267 846 tentando,
2314 785 2494 835 videns
2529 785 2793 835 hominem
2829 786 3041 835 firmiter
3082 801 3109 835 a
3154 785 3457 839 fortitudine

1928 875 2224 926 fundatum.
2253 875 2304 925 In
2334 875 2573 941 proximo
2593 884 2696 926 stat
2728 875 2815 941 qui
2840 890 3062 926 coronas
3078 876 3256 935 donat,
3286 877 3459 941 splen-

1927 964 2063 1015 (lidis
2094 974 2398 1016 remunerat
2418 965 2704 1031 agonistam
2734 964 3021 1015 coronisad
3050 978 3105 1015 se
3135 974 3457 1030 susceptum,

1927 1066 2026 1103 nec
2056 1051 2278 1102 ulterius
2308 1052 2567 1118 permittit
2602 1067 2722 1103 cum
2754 1052 2904 1103 hoste
2930 1052 3457 1117 itnpctenduut;qnin

1929 1139 2074 1189 illum
2116 1138 2323 1205 longius
2357 1148 2589 1190 amovet.
2626 1139 2775 1201 Quod
2811 1140 2855 1190 si
2886 1137 3245 1204 impudentius
3280 1137 3457 1197 instet,

1930 1238 2068 1281 artes
2102 1229 2217 1295 ejus
2247 1238 2300 1280 et
2320 1228 2534 1281 insidias
2564 1229 2751 1290 dilllat;
2785 1228 3030 1294 patientis
3056 1227 3265 1279 dolores
3290 1242 3464 1279 remu-

1931 1328 2080 1370 norat
2112 1318 2363 1370 felicitate
2395 1327 2448 1370 et
2482 1318 2671 1384 gaudio
2718 1318 3085 1384 multiplicato.
3118 1317 3316 1368 Horum
3350 1332 3466 1368 om-

1932 1406 2076 1456 nium
2127 1406 2425 1472 exemplum
2472 1406 2668 1472 praebet
2697 1406 2883 1456 beatus
2923 1420 3108 1455 rursus
3144 1404 3262 1465 Job,
3312 1404 3465 1469 cujus

1933 1493 2216 1561 participes
2256 1495 2399 1545 velut
2440 1504 2493 1545 et
2534 1494 2801 1561 plagarum
2843 1493 2963 1545 facti
3004 1508 3208 1554 sumus,
3249 1492 3465 1560 gaudii,

289 1575 386 1641 τὴν
418 1576 658 1642 ἡμέρανο
686 1578 748 1627 οὐ
784 1577 858 1643 μά
888 1580 1009 1636 τοὺς
1058 1579 1123 1628 δι’
1166 1577 1436 1643 ὑπομονῆς
1474 1573 1832 1638 στεφανωθὲνο
1934 1597 1962 1641 κ

1794 1592 1832 1623 ν·
1934 1580 2132 1641 gloriae,
2164 1588 2217 1633 et
2244 1581 2667 1645 resplendentim,
2702 1582 2780 1633 vel
2811 1580 2997 1633 ficmus
3032 1582 3254 1643 saltem,
3296 1585 3376 1631 vel
3415 1582 3467 1632 in

290 1678 407 1725 τας,
464 1666 557 1715 καὶ
594 1668 716 1727 τοὺς
763 1668 1158 1735 ἀμαραντίνους
1203 1667 1395 1727 αὐτοὺς
1427 1666 1520 1716 καὶ
1554 1665 1832 1730 λαμπροὺς
1935 1685 1963 1737 p

1798 1680 1832 1722 ις
1935 1670 2209 1737 praesenti,
2242 1670 2322 1721 vel
2373 1669 2423 1720 in
2448 1672 2641 1747 sweulo
2675 1670 3074 1731 interminabili,
3105 1670 3471 1723 intercedente

293 1758 616 1819 στεςάνους·
654 1758 752 1807 οὐκ
780 1758 924 1809 ἔστιν
956 1759 1079 1819 ἄξια
1115 1756 1284 1808 ταῦτα
1325 1757 1423 1823 τῆς
1456 1756 1551 1822 σῆς
1588 1754 1832 1819 γενναίας
1937 1772 1966 1823 g

1797 1770 1832 1813 ις
1937 1755 2309 1823 gloriosissima
2344 1754 2560 1807 Domina
2605 1764 2804 1817 nostra,
2836 1754 3075 1822 Deipara,
3112 1771 3320 1823 semper
3351 1755 3470 1806 Vir-

291 1842 489 1908 ψυχῆς,
542 1844 659 1893 οὐδὲ
706 1845 798 1895 τοῦ
849 1845 1139 1905 εὐσταθοῦς
1185 1846 1544 1913 φρονήματος,
1583 1844 1698 1893 οὐδὲ
1733 1843 1829 1907 τῆς
1862 1844 1901 1894 Β
1931 1859 1964 1910 εκ

1516 1861 1544 1905 ;,
1583 1844 1698 1893 οὐδὲ
1733 1843 1829 1907 τῆς
1862 1844 1901 1894 Β
1931 1842 2051 1910 gine
2080 1842 2258 1903 Maria,
2293 1857 2412 1893 eum
2444 1843 2694 1894 omnibus
2733 1844 2950 1894 sanctis.
2997 1844 3189 1893 Amen.

294 1932 456 1997 ἄλλης
480 1933 697 1999 ἀρετῆς.
730 1934 1027 1999 Τοιγαροῦν
1059 1935 1267 2001 στῶμεν
1294 1934 1548 2001 ἀνδρείως
1572 1948 1586 1960 °
1617 1930 1826 1998 στῶμεν
1867 1931 2163 1997 εὐθαρσῶς,
2193 1932 2265 1991 ὼς
2292 1931 2382 1981 τοῦ
2405 1932 2647 1999 οὐρανίου
2698 1931 3018 1999 στρατιῶται
3077 1931 3331 1999 βασιλέως
3396 1930 3476 1998 τῷ

293 2022 471 2090 ἐχθρῷ
509 2022 1012 2091 προσπλεκώμεθα·
1064 2026 1195 2093 μηδὲ
1255 2024 1692 2092 καταισχύνωμεν
1735 2024 1829 2089 τὴν
1870 2021 2167 2090 μαρτυρίαν
2226 2021 2321 2071 τοῦ
2352 2022 2681 2086 ἀγωνοθέτου
2706 2037 2719 2051 ’
2788 2022 2918 2088 μηδὲ
2956 2021 3049 2071 τοῦ
3073 2021 3358 2072 ἀντιπάλου
3416 2036 3474 2089 τὸ

295 2113 487 2179 θράσος
526 2116 581 2164 ἐν
608 2113 683 2181 τῷ
711 2113 991 2182 δυσφορεῖν
1038 2116 1487 2181 συγκροτήσωμεν
1510 2129 1523 2142 '
1566 2113 1684 2181 μηδ’
1713 2111 1813 2161 εἴτι
1851 2112 2105 2178 πρότερον
2165 2112 2294 2177 ἡμῖν
2354 2110 2599 2176 ἀνδρείας
2635 2119 2656 2145 ι
2692 2109 3041 2178 κατωρθώθη,
3067 2113 3175 2171 τοῖς
3234 2110 3474 2178 ὑστέροις

295 2204 677 2272 ἐκθηλύνωμεν
703 2222 715 2235 ο
748 2205 882 2273 μηδὲ
916 2207 1131 2273 κινῆσαι
1173 2205 1267 2271 μὲν
1295 2203 1485 2270 φθόνον
1561 2202 1751 2270 ἐχθροῦ
1825 2202 2100 2269 γενώμεθα
2163 2201 2390 2265 ἀγαθοί·
2443 2203 2656 2271 νικῆσαι
2686 2202 2739 2252 δὲ
2770 2202 2833 2253 δι’
2888 2203 3157 2269 ὑπομονῆς
3216 2203 3293 2262 είς
3328 2202 3478 2259 τέλος

304 2298 646 2365 ἐλεγχθῶμεν
676 2299 923 2367 όκνγ,ροί’
961 2298 1169 2366 ἕτοιμος
1190 2300 1265 2357 εἰς
1292 2296 1541 2347 πτῶσινὸ
1598 2295 1870 2362 πολέμιος,
1911 2295 2035 2345 ὅταν
2079 2295 2191 2366 είδῃ
2264 2295 2626 2363 μακροθύμως
2659 2298 2888 2363 φέροντα
2944 2297 3067 2356 τοὺς
3119 2299 3473 2364 πειρασμοῦς,

302 2397 492 2446 θᾶττον
545 2395 834 2461 ἀφίσταται
882 2394 976 2459 τῆς
1008 2393 1218 2460 πείρας,
1268 2390 1405 2461 ὁρῶν
1436 2390 1521 2440 τὸν
1567 2389 1848 2458 ἄνθρωπον
1920 2389 2009 2440 ἐπὶ
2048 2392 2275 2459 στερρἄ
2310 2390 2405 2456 τῆς
2472 2390 2762 2457 καρτερίας
2812 2389 3196 2458 ἐδραζόμενονο
3247 2390 3409 2454 ὲγγὺς
3449 2390 3477 2439 ὁ

299 2486 634 2552 στεφοδότης,
682 2484 947 2549 λαμπροῖς
978 2485 1087 2543 τοῖς
1110 2482 1389 2548 στεφάνοις
1411 2481 1529 2531 ἀντὶ
1549 2482 1653 2530 τῶν
1710 2480 1881 2532 ἄθλων
1952 2480 2285 2547 δεξιούμενος
2332 2480 2420 2531 τὸν
2473 2481 2809 2547 ἀγωνιστήν·
2848 2482 2942 2531 καὶ
2985 2480 3163 2530 οὐκέτι
3210 2480 3481 2547 συγχωρεῖ

298 2579 623 2645 προσϐαλεῖν
653 2575 744 2624 τὸν
789 2576 1010 2643 ἐχθρόν·
1080 2575 1265 2642 πόρρω
1307 2574 1361 2623 δὲ
1426 2572 1610 2623 τοῦτον
1658 2574 1867 2625 ἐλαύνει
1895 2590 1908 2603 ·
1952 2574 2053 2625 κᾶν
2102 2572 2179 2624 ἐτι
2223 2575 2344 2642 δόξῃ
2415 2576 2814 2640 ἀναισχυντεῖν,
2866 2576 2959 2626 σὺν
3006 2575 3191 2633 αὑταῖς
3249 2574 3479 2640 ἀπάσαις

297 2675 510 2738 τέχναις
543 2671 634 2721 καὶ
668 2668 972 2726 ἐπιϐουλαῖς
999 2683 1011 2695 ·
1051 2666 1266 2733 ἀμείϐει
1305 2666 1359 2715 δὲ
1398 2668 1490 2715 καὶ
1526 2665 1594 2715 τὰ
1623 2665 1842 2730 ἀλγεινά
1880 2664 2297 2716 πολλαπλασίονι
2323 2668 2387 2733 τῇ
2413 2664 2723 2733 εὐδαιμονίᾳ
2760 2665 2851 2715 καὶ
2883 2666 3047 2733 χαρᾷ,
3120 2664 3213 2716 καὶ
3279 2663 3481 2714 τούτων

305 2767 558 2818 ἁπάντων
588 2763 1020 2831 ἀπαράγραπτος
1062 2759 1290 2828 μάρτυς,
1319 2759 1478 2819 αὐτὸς
1517 2758 1674 2811 πάλιν
1713 2759 1850 2823 Ίὼσ,
1890 2752 1973 2819 οῦ,
2005 2758 2188 2827 ὥσπερ
2249 2763 2363 2819 ταῖς
2409 2758 2638 2827 πληγαῖς
2691 2760 3139 2824 ἐκοινωνήσαμεν,
3212 2754 3351 2807 οὕτω
3390 2766 3484 2816 καὶ

299 2860 398 2926 τῆς
436 2855 789 2923 εὐφροσύνης,
848 2854 942 2904 καὶ
978 2854 1074 2921 τῆς
1104 2852 1281 2920 δόξης,
1329 2852 1421 2903 καὶ
1446 2853 1540 2919 τῆς
1570 2852 1942 2920 λαμπρότητος
2000 2852 2396 2920 ἀπολαύσομεν,
2461 2852 2552 2903 νῦν
2586 2870 2644 2903 τε
2685 2854 2775 2903 καὶ
2820 2853 2897 2911 εἰς
2954 2852 3075 2911 τοὺς
3105 2850 3482 2915 ἀτελευτήτους

301 2947 524 3008 αἰῶνας,
574 2943 975 3013 πρεσϐευούσης
1031 2943 1127 3010 τῆς
1176 2942 1525 3012 ὑπερενδόξου
1567 2942 1857 3010 Δεσποίνης
1930 2940 2083 3011 ἡμῶν
2110 2943 2367 2994 Θεοτόκου
2402 2944 2493 2993 καὶ
2528 2943 2877 3010 ἀειπαρθένου
2939 2942 3174 3010 Μαρίας,
3215 2941 3305 2991 καὶ
3353 2937 3482 2989 πάν-

306 3053 411 3087 των
441 3035 545 3085 τῶν
576 3034 763 3099 ἁγίων.
802 3033 993 3099 Ἀμήν.

897 3149 1117 3198 ΕΠΙΣΤ.
1150 3149 1260 3203 ΞΝ.

726 3240 1146 3302 Κωνσταντίνῳ
1170 3242 1433 3306 νοταρίῳ.

2490 3145 2702 3199 EPIST.
2756 3143 2933 3196 LXIV.

2417 3237 2752 3291 Constantino
2801 3236 3020 3285 notario.

1510 3356 1767 3404 Montacut.
1808 3359 1909 3416 (ep.
1934 3355 2040 3412 259,
2076 3369 2121 3414 ρ.
2159 3353 2285 3410 560).

380 3464 582 3534 Βραδῦς
609 3465 703 3531 μὲν
726 3458 865 3532 ἦσθα
889 3462 1018 3533 πρὸς
1046 3463 1260 3529 μνήμην
1283 3461 1387 3512 τῶν
1411 3463 1816 3529 ἐπεσταλμένων
1832 3476 1843 3488 ’

317 3556 634 3625 βραδύτερος
666 3555 719 3606 δὲ
751 3554 884 3623 πρὸς
914 3552 1109 3621 πρᾶξιν
1150 3553 1254 3604 τῶν
1289 3553 1706 3619 ἐπηγγελμένων
1731 3568 1742 3580 ·
1783 3555 1848 3619 τῇ

320 3649 413 3714 μὲν
443 3642 531 3695 οὖν
564 3642 687 3709 περὶ
715 3630 811 3702 τὰς
847 3641 1061 3700 ἐντολὰς
1090 3640 1247 3707 λήθῃ,
1280 3640 1393 3688 ἔστι
1423 3656 1473 3688 τι
1498 3641 1587 3689 καὶ
1614 3638 1852 3704 συγγνώ-

319 3748 459 3802 μης⁹
508 3734 570 3783 τὸ
609 3734 662 3783 δὲ
696 3731 860 3800 μηδέν
895 3746 948 3780 σε
976 3730 1083 3780 τῶν
1128 3730 1512 3796 ὑπεσχημένων
1560 3728 1851 3789 ἐκτελέσαι,

319 3823 384 3874 ἂν
438 3823 508 3889 μὴ
561 3819 885 3887 προπετείας
923 3814 987 3884 ἦν
1040 3818 1069 3883 ἡ
1115 3816 1399 3883 ὑπόσχεσις
1461 3815 1649 3883 δῶρον,
1693 3816 1854 3885 μόνης

320 3913 467 3964 ἐστὶν
507 3910 783 3978 ἀμελείας.

910 4016 1127 4067 ΕΠΙΣΤ.
1157 4014 1271 4066 EE'.

329 4109 555 4174 [ὶίκήτςι
594 4105 1082 4174 Ἀσπαοαίίῳίκαὶ
1109 4105 1206 4174 ἐπὶ
1230 4104 1333 4155 τοῦ
1354 4102 1541 4174 ίδιξιοῦ
1563 4105 1721 4174 ρπἑρ
1742 4106 1857 4156 τῶν

386 4172 830 4295 μητροπολιτῶν
886 4173 992 4224 τοῦ
1056 4172 1301 4230 Κυζίκου
1355 4172 1452 4223 καί
1513 4172 1621 4238 τῆς
1654 4175 1858 4227 Λαοδι-

389 4263 455 4295 κε
480 4262 568 4295 ac.
1372 4293 1377 4295 _

389 4262 568 4307 κειας.

2018 3459 2223 3510 Tardus
2268 3455 2415 3507 fuisti
2458 3454 2507 3505 in
2548 3452 2800 3505 memoria
2839 3451 3119 3503 missorum
3164 3447 3482 3509 recolenda;

1945 3551 2141 3603 tardior
2171 3549 2235 3601 ad
2270 3548 2524 3614 promissa
2555 3544 2905 3611 exsequenda;
2934 3543 2996 3594 de
3024 3540 3201 3594 oblitis
3228 3539 3487 3591 mandatis

1945 3639 2280 3693 concedenda
2315 3646 2397 3689 est
2429 3635 2521 3687 tibi
2555 3634 2737 3696 venia;
2769 3643 2817 3684 at
2850 3631 2986 3700 quod
3021 3629 3341 3697 promissum
3371 3643 3480 3680 non

1949 3726 2278 3797 praasnteris,
2323 3726 2366 3778 si
2416 3725 2641 3778 fervoris
2685 3722 2957 3789 cujusdam
3011 3721 3209 3773 donum
3246 3726 3380 3781 erat,
3420 3717 3489 3770 ad

1959 3818 2333 3887 negligentiam
2363 3816 2528 3869 solam
2559 3822 2778 3882 spectat.

2508 4022 2719 4076 EI'IST.
2780 4021 2936 4073 LXV.

1957 4118 2151 4171 Nicen:
2184 4116 2502 4184 aspathario,
2532 4124 2579 4165 ct
2610 4115 2670 4164 de
2696 4111 3092 4184 rebus'privatis
3113 4126 3203 4184 pro
3240 4118 3483 4178 metropo-

2285 4185 2388 4235 litis
2415 4182 2583 4249 Cyzici
2612 4191 2658 4233 et
2686 4181 2951 4233 Laodicea:
2978 4181 3169 4246 agenti.

1524 4331 1782 4380 lontacut.
1822 4341 1925 4395 (ep.
1960 4337 2069 4396 2&0,
2104 4352 2154 4400 p.
2192 4336 2322 4397 560).

394 4438 521 4493 Οἶδα
549 4441 642 4508 μὲν
673 4440 771 4505 τὴν
792 4436 1034 4505 φιλόθεόν
1068 4454 1158 4487 σου
1188 4436 1361 4505 ψυχὴν
1389 4438 1857 4508 αὐτοπαράκλητον
1889 4446 1935 4498 D
2030 4445 2067 4496 Α

1821 4459 1857 4493 ιν
1889 4446 1935 4498 D
2030 4444 2276 4496 Animam
2304 4458 2402 4511 ego
2433 4452 2576 4494 tuam
2611 4441 2702 4494 Dei
2738 4445 3002 4491 amantem
3035 4435 3155 4487 novi
3180 4450 3274 4487 sua
3305 4445 3494 4502 sponte

324 4530 483 4585 οὖσαν
521 4531 651 4597 πρὸς
682 4529 741 4580 τὸ
786 4528 1007 4593 ἀγαθὸν,
1048 4528 1139 4577 καὶ
1186 4526 1603 4593 συμπάσχουσαν
1644 4528 1861 4596 ἐμφύτῳ

322 4620 554 4671 διαθέσει
588 4621 696 4677 τοῖς
754 4616 893 4683 ὑπὲρ
946 4614 1179 4682 Χριστοῦ
1228 4616 1293 4664 τὰ
1338 4615 1535 4682 ἔσχατα
1581 4616 1858 4682 πάσχουσι.

325 4710 470 4777 Πλὴν
499 4708 617 4759 ἐπεὶ
650 4706 740 4758 καὶ
771 4708 925 4774 ἡμεῖς
955 4704 1320 4771 ἑγκαυχᾶσθαί
1369 4721 1459 4754 σου
1489 4707 1605 4765 ταῖς
1647 4707 1861 4773 ἀρεταῖς

327 4800 627 4866 ποιούμεθα
657 4796 821 4864 μέγα,
859 4795 951 4846 καὶ
994 4795 1273 4859 συναλγεῖν
1304 4797 1412 4853 τοῖς
1450 4794 1662 4861 μέλεσιν
1706 4796 1859 4863 ἡμῶν

324 4890 419 4941 καὶ
451 4888 693 4953 ἀδελφοῖς
743 4886 897 4953 χρέος
929 4884 1292 4952 ἀπαραίτητον
1318 4883 1547 4951 ὀρῶμεψ
1578 4884 1661 4935 διὰ
1688 4883 1860 4936 ταῦτα

328 4979 425 5046 τὴν
468 4976 704 5027 διάνοιαν
748 4974 852 5040 πρὸ
896 4974 1002 5025 τῶν
1033 4973 1223 5037 λόγων,
1267 4972 1359 5024 καὶ
1409 4974 1512 5041 πρὸ
1546 4976 1643 5040 τῆς
1690 4974 1865 5041 χειρὸς

325 5070 448 5128 τοὺς
479 5066 685 5131 λόγους,
718 5066 808 5115 καὶ
836 5066 930 5115 σῦν
964 5064 1143 5123 αὐτοῖς
1181 5062 1277 5129 τὴν
1303 5064 1458 5130 χεῖρα
1496 5064 1626 5129 πρὸς
1662 5064 1866 5115 ἱκεσίαν

327 5157 607 5223 κινοῦμεν.
654 5154 837 5223 Ἀρκεῖ
866 5154 1034 5203 ταῦτα
1068 5153 1199 5220 πρὸς
1236 5152 1315 5213 σὲ,
1368 5150 1501 5215 οἶδα,
1550 5154 1638 5203 καὶ
1681 5154 1866 5220 δυσχε-

335 5246 533 5312 ραίνεις
568 5246 714 5303 ἴσως,
741 5245 819 5293 ὅτι
858 5242 1097 5309 βραδύνω
1123 5240 1216 5308 τὴν
1248 5242 1477 5309 αἴτησιν,
1506 5243 1595 5293 καὶ
1628 5244 1860 5311 ἀγωνιᾷς

330 5336 427 5402 τὴν
463 5334 821 5400 παράκλησιν,
857 5332 948 5382 καὶ
977 5332 1152 5398 μήπου
1182 5330 1286 5398 ἄρα
1329 5332 1425 5397 τῆς
1472 5331 1569 5399 οῆς
1613 5331 1857 5398 ἐπιλελή-

331 5426 505 5491 σμεθα
553 5422 901 5483 τελειόττκτος,
952 5420 1042 5470 καὶ
1089 5420 1167 5470 ὃτι
1218 5419 1480 5485 πολλαχοῦ
1542 5421 1859 5488 προφθάνων

1960 4534 2016 4587 in
2055 4534 2255 4586 bonum
2306 4533 2471 4595 ferri,
2520 4541 2573 4583 et
2614 4531 2681 4582 ab
2726 4528 2956 4597 ingenita
2992 4524 3338 4593 dispositione
3391 4524 3494 4576 illis

1960 4623 2210 4690 eompati,
2249 4623 2336 4689 qui
2368 4638 2464 4689 pro
2498 4620 2707 4674 Clu-isto
2739 4619 3034 4685 patiuntur.
3072 4616 3174 4668 Scd
3216 4622 3495 4683 propterea

1959 4712 2099 4779 quod
2130 4712 2308 4779 magni
2352 4712 2541 4765 faciam
2575 4710 2641 4762 de
2682 4709 2787 4761 tuis
2821 4706 3107 4760 virtutibus
3150 4703 3403 4773 gloriari,
3441 4713 3497 4756 et

1957 4801 2193 4854 debitum
2218 4817 2247 4853 a
2278 4816 2361 4853 me
2387 4801 2511 4853 illud
2538 4799 2673 4867 exigi
2696 4798 2922 4861 videam,
2956 4806 3014 4849 ut
3033 4794 3406 4849 commembris
3445 4802 3500 4845 et

1962 4890 2217 4942 fratribus
2243 4892 2534 4959 compatiar
2566 4907 2579 4942 :
2613 4887 2838 4947 idcirco,
2867 4893 2990 4938 ante
3031 4884 3325 4936 orationem
3357 4884 3500 4950 cogi-

1962 4978 2209 5041 tationes,
2251 4986 2374 5030 ante
2431 4993 2619 5029 manus
2661 4974 2983 5031 orationem,
3029 4980 3083 5023 et
3119 4984 3223 5021 una
3262 4983 3382 5021 cum
3435 4969 3499 5020 iis

1959 5084 2173 5121 manum
2227 5068 2519 5135 supplicem
2570 5065 2858 5134 prmtcndo.
2908 5062 3029 5114 Haec
3067 5062 3204 5129 apud
3264 5070 3315 5113 te
3353 5061 3499 5112 sulti-

1960 5154 2124 5219 eienl,
2152 5154 2291 5216 scio;
2333 5162 2386 5205 et
2418 5153 2658 5204 fortassis
2693 5150 2799 5203 fers
2831 5148 3128 5215 aegerrime,
3173 5143 3310 5210 quod
3361 5144 3497 5209 peti-

1962 5246 2162 5297 tionem
2202 5258 2307 5295 non
2339 5256 2619 5308 exponam,
2664 5248 2718 5290 et
2764 5237 2971 5289 laboras
3025 5237 3088 5285 de
3135 5231 3497 5284 admonitione

1964 5351 2095 5388 mea:
2136 5332 2555 5393 intercessionis,
2591 5344 2658 5382 ne
2699 5328 2904 5382 scilicet
2949 5324 3189 5378 fortassis
3229 5330 3329 5375 tua:
3372 5335 3497 5389 per-

1962 5423 2207 5476 fectionis
2246 5436 2333 5475 me
2377 5421 2571 5474 oblivio
2616 5416 2837 5486 ceperit,
2862 5428 2984 5467 cum
3020 5422 3073 5466 tu
3106 5411 3377 5465 multotics
3411 5408 3500 5462 iu-

1603 5556 1829 5609 VABIA'J
1868 5552 2262 5609 LECTIONES.

406 5697 426 5733 θ’
465 5687 546 5737 ἵσ.
583 5680 865 5751 βάσκανον.
943 5690 970 5737 ἒ
1000 5681 1083 5732 Io‘.
1115 5679 1389 5749 ἀνδρείως.
