4236 6436
243 395 345 461 985

1372 384 1899 448 EPISTOLARUM
1929 380 2154 441 LIBER
2186 378 2299 438 Ill.

3315 363 3419 431 985

242 508 509 578 πατρίδος,
536 508 625 559 καί
644 507 904 559 πλανᾶται
931 503 1068 555 κατὰ
1086 500 1286 569 τροφῆς
1303 500 1524 565 ζήτησιν
1551 499 1578 548 ὁ
1608 496 1780 562 κέφα-
1811 501 1849 554 Α
1882 510 1913 547 0

1742 512 1780 543 ε-
1811 501 1849 554 Α
1882 494 2093 547 oberrat
2136 489 2310 557 capite
2352 487 2417 540 ad
2458 485 2802 554 quaerendum
2840 484 3048 545 cibum;
3079 496 3251 549 neque
3293 492 3415 535 tunc

240 602 347 662 λος,
378 600 485 651 οὐδ’
518 599 685 658 οὕτως
715 598 863 663 αὐτῷ
893 598 960 646 τὰ
1011 597 1105 663 τῆς
1158 592 1406 659 πατρίδος
1442 588 1773 655 παραλύεται

240 694 466 758 νόμιμα,
507 688 638 739 ἀλλὰ
701 686 794 737 καὶ
827 685 1161 752 μετανάστης
1216 682 1519 745 γενόμενος,
1552 676 1645 728 καὶ
1684 676 1779 741 τῆς

239 781 441 848 τροφῆς
470 779 533 829 ἂν
563 775 703 828 οὓτω
726 776 875 841 τύχοι
923 774 1026 842 πρὸ
1052 772 1157 822 τῶν
1186 768 1473 836 ὀφθαλμῶν
1524 765 1779 825 πολλάκις

243 871 584 936 ἐγκειμένης,
612 868 701 917 καὶ
724 864 811 915 τοῦ
829 864 981 931 λιμοῦ
1013 863 1166 913 λῦσαι
1198 860 1320 920 τοὺς
1335 860 1529 924 νόμους
1546 858 1779 920 ἐπαναγ-

240 958 514 1016 κάζοντος,
542 954 661 1004 οῦτε
683 953 759 1020 τῷ
791 953 1094 1018 φαινομένῳ
1124 949 1448 1010 δελεάζεται,
1482 946 1593 997 οὗθ’
1622 944 1777 995 ὑπεί-

241 1067 324 1099 κει
385 1048 459 1115 τῷ
499 1047 835 1115 βιαζομένην
864 1044 978 1095 ἀλλ’
1018 1043 1091 1103 ὡς
1141 1043 1344 1108 ἔφημεν
1390 1040 1481 1090 καὶ
1537 1038 1641 1105 πρὸ
1683 1037 1779 1102 τῆς

238 1142 411 1207 ὅψεως
453 1140 768 1203 ἐγκειμένου
818 1137 907 1187 τοῦ
943 1134 1271 1203 θηράματος,
1304 1133 1459 1192 αὐτὸς
1497 1131 1778 1197 σωφρονεῖ,

246 1235 339 1283 καὶ
372 1230 528 1298 λιμοῦ
557 1230 650 1280 καὶ
681 1227 911 1295 γαστρὸς
938 1228 1029 1277 καὶ
1062 1225 1152 1276 τοῦ
1185 1222 1451 1283 κινοῦντος
1480 1222 1575 1288 τὴν
1606 1219 1779 1288 ὄρεξιν

239 1321 475 1382 ἔξωθεν,
516 1317 972 1387 ἑπικρατεστὲραν
1028 1316 1123 1383 τὴν
1177 1314 1410 1379 ἔμφυτον
1464 1312 1780 1379 φιλοσοφίαν

240 1413 587 1461 ἐπιδείκνυσι.
622 1411 695 1459 Δι’
720 1409 747 1458 ὃ
784 1409 846 1458 ἂν
887 1408 980 1474 μὲν
1010 1406 1085 1456 ἔτι
1114 1408 1176 1473 ζῇ
1227 1405 1287 1455 τὸ
1320 1404 1694 1471 προκείμενον,
1720 1401 1778 1452 οὐ

242 1500 482 1567 φθείρειν
514 1501 569 1549 τὸ
593 1497 853 1564 ὁμόφυλον
882 1496 1222 1561 ἀνεχόμενος,
1252 1494 1495 1559 οὐδαμῶς
1523 1493 1617 1558 τῆς
1675 1489 1781 1540 θοί-

242 1605 336 1653 νης
358 1587 670 1650 ἐφάπτεται.
702 1587 796 1634 "Av
820 1584 875 1633 δὲ
901 1584 995 1649 τῆς
1021 1582 1158 1647 ζωῆς
1182 1579 1539 1647 ἠρημωμένον
1571 1576 1783 1644 πρόκει-

241 1693 354 1739 ται,
394 1675 467 1742 τῷ
524 1674 715 1741 μηκέτι
779 1674 911 1733 ὄντι,
961 1672 1082 1739 μηδ’
1134 1670 1391 1735 ἀλγηδόνα
1439 1666 1779 1731 λαμϐάνονυ,

245 1769 419 1833 τούτῳ
452 1767 542 1817 τοῦ
576 1765 731 1831 λιμοῦ
766 1767 862 1830 τὴν
889 1764 1006 1830 βίαν
1029 1760 1424 1829 παραμυθεῖται
1459 1758 1550 1809 καὶ
1578 1755 1784 1807 διαλύε-

1887 583 1954 634 ab
1976 595 2041 633 eo
2067 580 2345 631 solvuntur
2372 570 2556 644 patria:
2577 576 2720 643 jura;
2749 589 2932 627 verum
2962 574 3122 626 etiam
3154 571 3325 632 exsul,
3364 580 3418 623 et

1876 683 2017 735 szrpe
2045 666 2317 728 alimento,
2349 666 2390 718 si
2435 664 2507 717 ita
2547 676 2701 715 casus
2749 662 2948 722 tulerit,
2985 660 3053 713 ob
3086 659 3268 712 oculos
3317 672 3419 726 po-

1877 760 1999 819 sito,
2032 773 2093 810 ac
2148 757 2285 809 fame
2313 755 2666 822 compellente
2706 752 2771 804 ad
2816 752 3157 803 violationcm
3205 749 3413 814 legum;

1878 866 2051 918 neque
2090 866 2185 918 per
2226 848 2459 900 oblatum
2523 845 2756 903 illicitur,
2807 858 2977 910 neque
3016 842 3118 893 vim
3167 838 3415 892 inferenti

1880 942 2037 1001 cedit,
2076 940 2167 992 sed
2202 948 2355 1005 prout
2379 937 2627 997 diximus,
2654 935 2811 986 etiam
2842 932 3015 999 prada
3045 931 3096 982 in
3128 937 3417 995 conspectu

1880 1033 2084 1100 posita,
2137 1030 2247 1098 ipse
2304 1028 2570 1089 abstinet,
2632 1026 2949 1090 insitamque
3025 1020 3416 1089 philosophiam

1880 1122 2113 1175 ostendit
2141 1130 2248 1173 tum
2272 1118 2408 1171 fame
2435 1128 2544 1169 tum
2572 1126 2753 1168 ventre
2782 1124 2891 1166 tum
2916 1128 2980 1165 eo
2998 1112 3137 1179 quod
3160 1126 3293 1163 esca:
3321 1110 3419 1162 dc-

1881 1214 2136 1267 siderium
2176 1212 2507 1263 extrinsecus
2538 1216 2718 1259 movet
2752 1207 3042 1258 fortiorem.
3075 1204 3333 1266 Quocirca
3372 1201 3415 1253 si

1882 1305 2055 1357 adhuc
2084 1303 2211 1354 vivit
2230 1302 2366 1369 quod
2390 1316 2507 1355 sese
2534 1298 2745 1360 obtulit,
2773 1312 2880 1349 non
2907 1296 3176 1347 sustinens
3198 1292 3416 1359 perdere

1882 1396 1980 1447 sibi
2012 1408 2298 1463 congener,
2331 1406 2666 1459 nequaquam
2690 1390 2877 1456 dapem
2910 1387 3136 1452 attingit.
3172 1384 3264 1437 Sin
3291 1398 3421 1435 vero

1881 1484 2004 1535 vitae
2036 1497 2227 1550 expers
2254 1482 2409 1544 adsit,
2442 1496 2536 1549 per
2569 1481 2620 1533 id
2646 1479 2784 1547 quod
2824 1493 2926 1529 non
2962 1477 3188 1544 amplius
3212 1483 3294 1527 est
3321 1489 3417 1527 nec

1882 1571 2115 1623 dolorem
2154 1571 2333 1629 sentit,
2373 1569 2675 1621 violentiam
2704 1566 2859 1618 famis
2901 1566 3100 1617 solatur
3141 1578 3203 1616 ac
3230 1563 3419 1616 dissol-

1884 1661 1975 1714 vit.
2004 1661 2187 1727 Capito
2215 1661 2391 1726 itaque
2416 1660 2600 1727 piscis,
2630 1674 2699 1711 ne
2730 1672 2890 1710 sensu
2918 1657 3132 1723 quidem
3162 1654 3418 1707 destituta

1886 1750 2052 1817 tangit
2089 1764 2331 1816 corpora,
2365 1748 2463 1800 nisi
2487 1748 2635 1801 valde
2664 1757 2847 1815 urgeat
2878 1746 3044 1798 fames
3069 1750 3420 1810 naturamque

250 1874 359 1907 ται.
389 1828 445 1905 ;Ο
471 1854 566 1921 μὲν
586 1828 674 1903 οῦν
703 1828 925 1917 κέφαλος
950 1851 976 1899 ὁ
1002 1851 1147 1917 ίχθὺς
1177 1848 1293 1898 οὐδὲ
1316 1846 1418 1895 τῶν
1447 1843 1781 1910 ἀναισθήτων
1815 1828 1854 1881 Β
1880 1838 1923 1891 vi

1746 1859 1781 1892 »ν
1815 1828 1854 1881 Β
1880 1838 2076 1891 vincat.
2098 1837 2175 1889 Tu
2207 1854 2331 1891 vero
2363 1837 2453 1905 qui
2484 1837 2631 1889 vivos
2662 1836 2907 1888 homines
2932 1849 3052 1887 cum
3082 1834 3419 1887 facultatibus

248 1946 528 2010 σωμάτων,
553 1941 617 1992 ἂν
664 1941 734 2007 μὴ
775 1940 891 1989 λίαν
925 1941 952 1989 ὁ
993 1937 1145 2004 λιμὸς
1174 1935 1475 1998 ἐπιτίθηται
1506 1934 1598 1984 καὶ
1650 1934 1774 2000 νικᾷ

245 2036 341 2101 τὴν
390 2033 569 2100 φύσιν,
608 2030 864 2097 οὐμενοῦν
892 2029 948 2079 οὑ
984 2026 1365 2094 προσάπτεται.
1399 2024 1465 2072 Σὺ
1497 2022 1551 2072 δὲ
1581 2020 1784 2083 ζῶντας

246 2120 558 2187 ἀνθρώπους
599 2120 749 2178 δλους
776 2119 961 2177 αὑταῖς
994 2114 1349 2183 περιουσίαις,
1383 2113 1470 2161 καὶ
1510 2112 1625 2161 τότε
1657 2127 1780 2177 τρυ-

251 2210 385 2275 φῶν.
420 2209 602 2276 Τίγάρ
638 2225 701 2274 με
754 2209 831 2258 δεῖ
863 2207 1037 2271 λέγειν
1090 2204 1354 2270 μηδεμιᾶς
1388 2201 1625 2266 ἀνάγκης
1670 2200 1783 2249 ὲπι·

251 2299 506 2364 κειμένης
534 2314 549 2357 ;
586 2294 779 2362 ἀνέδην
808 2294 948 2345 οὕτω
978 2292 1067 2343 καὶ
1097 2291 1228 2357 πρὸς
1260 2288 1425 2353 αὐτῆς
1463 2288 1555 2354 τῆς
1588 2286 1782 2353 πατρί-

251 2388 337 2447 δος
382 2387 691 2453 ὀφθαλμοῖς,
744 2384 934 2453 χανδὸν
984 2380 1291 2434 καταπίνων
1346 2379 1437 2429 κα)⁵
1480 2376 1783 2444 ἀκορέστως

1885 1929 1995 1981 suis
2044 1930 2293 1997 integros,
2336 1930 2493 1995 idque
2533 1929 2669 1981 inter
2706 1928 2921 1980 delicias
2952 1926 3095 1995 (quid
3143 1926 3284 1979 enim
3336 1940 3421 1978 me

1885 2028 2093 2086 oportet
2116 2019 2314 2084 dicere,
2337 2019 2479 2071 nulla
2514 2018 2863 2084 compellcnte
2885 2016 3255 2082 necessitate?)
3288 2015 3422 2067 adeo

1888 2108 2245 2175 impudenter,
2280 2118 2332 2160 et
2361 2124 2539 2162 coram
2571 2108 2737 2175 ipsius
2764 2109 2946 2174 patrita
2977 2107 3163 2166 oculis,
3196 2105 3423 2174 deglutis

1888 2195 2152 2247 inhianter
2173 2203 2331 2262 atque
2354 2195 2767 2247 insaturabiliter
2792 2196 3033 2256 devoras,
3062 2208 3220 2262 quam
3248 2194 3299 2244 in
3322 2192 3421 2244 alia

1890 2287 1996 2338 vita
2049 2286 2445 2337 excusationem
2490 2285 2767 2338 habiturus
2809 2302 2887 2347 es,
2919 2300 3039 2337 cum
3094 2300 3162 2337 ne
3216 2285 3267 2337 in
3323 2284 3423 2337 hac

1889 2382 2103 2448 quidem
2136 2383 2308 2435 locum
2345 2382 2585 2434 invenias
2614 2390 2671 2432 ut
2699 2395 2818 2433 eum
2849 2379 3082 2447 piscibus
3109 2374 3425 2442 conferaris?

250 2478 713 2545 καταὸοσκόμενος
768 2477 842 2545 (Δ)
897 2474 1013 2526 τίνα
1056 2474 1209 2540 λόγον
1258 2470 1461 2522 ἐκεῖθεν
1507 2469 1666 2534 ἔξεις,
1731 2471 1815 2522 ὅτε
1856 2474 1976 2541 μηδ’
2029 2474 2257 2526 ἐνταῦθα
2311 2474 2442 2543 πρὸς
2487 2474 2608 2532 τοὺς
2658 2470 2841 2539 ίχθύας
2901 2467 3172 2535 εὑρίσκεις
3244 2464 3425 2534 χώραν

253 2567 685 2634 παραδάλλεθαι;

841 2671 1057 2725 ΕῘΙΙΣΤ.
1088 2668 1201 2722 ΞΖ’.

257 2767 393 2833 Περὶ
428 2767 529 2820 τοῦ
553 2767 636 2835 μὴ
676 2765 799 2817 δεῖν
848 2762 992 2835 πρνῖς
1044 2762 1111 2835 τὰ
1156 2756 1346 2835 ἑτέ-,ῖῷ
1395 2757 1510 2822 βίῳ
1552 2759 1787 2823 λυπηρά

734 2830 1179 2897 ἐπιστρέφεσθαι
1211 2828 1306 2895 (5).

2433 2668 2643 2723 EPIST.
2686 2667 2889 2722 LXVII.

1962 2757 2108 2823 Quod
2158 2777 2257 2813 non
2285 2773 2512 2830 oporteat
2545 2767 2610 2813 ad
2625 2768 2905 2881 gignentes
2931 2759 3046 2811 vitae
3078 2754 3335 2808 molestias

2516 2840 2622 2881 atte
2694 2847 2795 2881 ere.

2516 2840 2795 2882 attendere.

1540 2933 1756 2985 Coteler.
1781 2935 1835 2997 (1.
1860 2949 1905 2987 c.
1925 2951 1956 3000 ι)
2006 2940 2134 3001 106).

342 3047 562 3114 Ἀγαθὸν
590 3044 855 3112 ἀνθρώπῳ
882 3042 986 3110 βίος
1012 3043 1227 3104 ἄλυπος,
1259 3039 1486 3107 χαλεπὸν
1507 3038 1559 3090 δὲ
1589 3042 1789 3107 τυχεῖν,
1817 3047 1861 3105 c
1961 3046 2015 3098 Gi

1747 3058 1789 3105 ν,
1817 3047 1861 3105 c
1961 3046 2117 3098 Grata
2149 3059 2232 3098 res
2256 3043 2456 3097 homini
2488 3053 2586 3107 est,
2622 3044 2725 3097 vita
2754 3044 2868 3097 sine
2894 3042 3073 3097 dolore
3108 3042 3385 3110 tranquilla
3407 3081 3420 3101 .

262 3140 458 3209 μᾶλλον
488 3138 541 3188 δὲ
596 3138 705 3195 τοῖς
730 3151 791 3199 γε
828 3134 924 3201 τὴν
960 3133 1135 3201 κρίσιν
1163 3132 1236 3200 μὴ
1264 3130 1473 3197 ἔχουσιν
1506 3130 1598 3181 ἀπ’
1623 3130 1789 3200 δρθῆς

257 3230 464 3297 διαίτης
500 3226 801 3294 προϊοῦσαν,
832 3224 1105 3275 ἀδύνατον.
1134 3216 1225 3281 Οἷς
1276 3222 1372 3287 μὲν
1411 3216 1502 3270 οῦν
1533 3220 1787 3289 ἡδόμεθα,

255 3318 334 3383 τῷ
393 3317 652 3368 πλάσαντι
687 3315 778 3366 καὶ
806 3311 1118 3381 χορηγοῦντι
1144 3310 1239 3378 τὴν
1278 3308 1563 3362 ἀνεύθυνον
1605 3310 1791 3379 ἡδονὴν

258 3408 435 3473 χάρις.
464 3408 527 3456 Ἀ
586 3404 641 3455 δὲ
698 3402 991 3469 ἀνιώμεθα,
1032 3403 1087 3451 ὲν
1136 3402 1343 3462 ἑαυτοῖς
1395 3400 1539 3452 ἔστιν
1593 3402 1791 3469 εὑρεῖν,

260 3498 444 3563 ὥσπερ
478 3494 675 3546 τούτων
706 3494 763 3544 τὸ
792 3495 981 3553 αἴτιον,
1014 3490 1154 3543 οὕτω
1185 3492 1275 3545 καὶ
1294 3492 1353 3543 τὸ
1377 3493 1660 3559 φάρμακον
1692 3492 1810 3558 τῆς·

263 3590 473 3646 ἰάσεως.
505 3585 583 3635 Τὰ
615 3585 720 3652 γὰρ
740 3582 967 3649 πλεῖστα
999 3582 1104 3632 τῶν
1139 3581 1411 3649 λυπηρῶν,
1437 3582 1533 3631 οὐκ
1555 3581 1613 3642 ἐξ
1666 3582 1793 3631 ἐαυ-

260 3678 365 3729 τῶν
391 3675 486 3743 τὴν
507 3674 712 3743 πληγὴν
729 3672 937 3738 ἐπάγει,
972 3672 1074 3723 ἀπὸ
1107 3671 1158 3721 δὲ
1173 3673 1267 3736 τῆς
1284 3673 1552 3739 ἡμετέρας
1566 3671 1793 3737 κρίσεως

262 3766 523 3830 λαμεάνει
568 3764 626 3813 τὸ
677 3763 945 3828 πλήττειν.
989 3760 1284 3827 Ἐστερήθη
1314 3777 1392 3821 τις
1437 3759 1660 3811 πλούτου
1694 3776 1707 3820 ;
1742 3760 1791 3810 τί

262 3854 482 3904 δύναται
509 3854 540 3917 ἡ
569 3851 817 3916 στέρησις
836 3848 1066 3912 λυπῆσαι
1094 3865 1107 3910 ;
1140 3847 1250 3898 ἀλλ’
1272 3848 1379 3913 ἐγὼ
1419 3848 1513 3914 τὴν
1544 3848 1792 3913 στέρησιν

264 3942 401 4011 βαρὺ
444 3938 642 4007 νομίζω
675 3952 687 3964 ’
718 3939 871 4003 δῆλον
909 3938 979 3997 ὡς
1027 3937 1186 3996 αὐτὸς
1231 3936 1337 4001 ἐγὼ
1366 3937 1458 3987 καὶ¹
1507 3937 1603 4003 τὴν
1649 3936 1793 3986 οὐδὲν

266 4035 383 4083 κατ’
446 4031 578 4097 ἐμοῦ
653 4027 900 4081 κινοῦσαν
958 4027 1160 4090 ὀπλίξω
1207 4027 1398 4095 πικρὸν
1440 4028 1649 4093 ἀφεῖναί
1706 4042 1792 4093 μοι

266 4121 433 4187 βέλος.
454 4121 508 4169 Ὀ
530 4120 623 4185 μὲν
657 4119 761 4186 γὰρ
782 4118 985 4184 φθόνος,
1005 4117 1035 4183 ἢ
1061 4118 1230 4168 κοινόν
1248 4114 1562 4183 τι
1598 4115 1789 4187 πατρί-

262 4211 348 4269 δος
373 4208 562 4269 πάθος,
591 4208 760 4274 ἧᾶλλο
786 4206 887 4257 τῶν
913 4206 1122 4269 ἔξωθεν,
1155 4205 1333 4273 ἴσχυσέ
1358 4222 1422 4271 με
1456 4206 1545 4255 καὶ
1568 4206 1640 4273 μὴ
1671 4203 1792 4271 βου-

264 4300 488 4365 λόμενον
534 4298 735 4365 πένητα
764 4298 977 4364 ποιῆσαι
1015 4295 1284 4362 ’λυπῆσαι
1321 4295 1375 4346 δὲ
1414 4295 1563 4346 οὐδὲν
1593 4293 1791 4345 τούτων

262 4386 508 4455 οὐδαμῶς
552 4387 647 4439 οὐκ
675 4386 739 4438 ἂν
796 4384 1068 4453 δυνηθείη,
1102 4388 1148 4436 εί
1198 4386 1270 4453 μὴ
1318 4384 1425 4451 ἐγὼ
1483 4383 1783 4452 βουλοίμην.

277 4478 431 4529 Ἀλλὰ
462 4477 699 4543 φίλτατοι
724 4474 908 4536 παῖδες
937 4474 1245 4543 ἀπέστησάν
1286 4492 1372 4543 μοι
1404 4475 1509 4526 τῶν
1556 4474 1785 4536 κόλπων,

268 4568 356 4619 καὶ
385 4566 475 4626 οὓς
500 4565 635 4632 δρῶν
652 4565 852 4634 ηδόμην
877 4564 968 4616 καὶ
991 4565 1084 4625 τὰς
1105 4564 1319 4625 ἐλπίδας
1361 4566 1532 4625 πάσας
1560 4565 1795 4632 ἀνῆπτον

262 4658 355 4707 τοῦ
382 4656 513 4723 βίον,
539 4650 681 4706 οὗτοι
710 4655 767 4706 τὸ
792 4654 962 4722 χρεὼν
980 4654 1169 4723 ἀθρόον
1202 4654 1581 4722 ὑπῆλθον;οὑδ’
1602 4655 1797 4705 ἐκεῖνοι

1893 3138 1983 3191 sed
2014 3138 2233 3191 obtentu
2265 3136 2512 3200 difficilis,
2546 3136 2653 3187 imo
2689 3151 2751 3188 ex
2778 3134 3041 3189 sententia
3074 3150 3255 3187 eorum
3284 3148 3419 3203 quo-

1893 3240 2008 3277 rum
2037 3225 2294 3290 judicium
2329 3240 2354 3276 a
2395 3234 2535 3276 recta
2569 3224 2773 3277 ratione
2812 3239 2918 3276 non
2954 3223 3184 3284 aberrat,
3223 3224 3426 3290 impos-

1892 3316 2077 3370 sibilis.
2106 3315 2185 3369 Ob
2220 3332 2279 3369 ea
2328 3331 2454 3383 ergo
2494 3316 2686 3383 quibus
2720 3316 3063 3377 delectamur,
3106 3315 3341 3367 Creatori
3369 3322 3423 3366 et

1893 3405 2175 3473 voluptatis
2233 3406 2518 3474 inculpata
2555 3406 2788 3474 largitori
2832 3406 3052 3474 gratiam
3098 3405 3420 3467 habeamus;

1891 3496 2029 3549 circa
2077 3497 2345 3551 molestias
2389 3506 2586 3559 autem,
2638 3496 2687 3549 in
2738 3497 2891 3549 nobis
2937 3496 3175 3551 invenire
3232 3505 3332 3559 est,
3367 3506 3427 3548 ut

1890 3599 2072 3637 carum
2116 3600 2351 3645 causam.
2391 3586 2461 3639 ita
2494 3596 2559 3642 et
2608 3586 2898 3639 remedium
2955 3586 3018 3639 ad
3072 3586 3421 3638 curationem.

1890 3672 2020 3725 Nam
2054 3674 2280 3726 tristium
2306 3674 2573 3740 pleraque.
2606 3688 2711 3725 non
2744 3688 2807 3725 ex
2834 3673 3021 3741 scipsis
3048 3674 3247 3741 plagam
3284 3671 3421 3725 infe-

1892 3770 2034 3819 runt,
2071 3761 2161 3812 sed
2190 3776 2215 3812 a
2248 3768 2427 3812 nostra
2458 3760 2706 3828 opinione
2733 3761 3001 3829 accipiunt
3038 3763 3175 3827 quod
3211 3760 3420 3814 feriant.

1893 3849 2135 3902 Privatus
2172 3859 2253 3903 est
2303 3851 2493 3918 aliquis
2536 3851 2935 3914 divitiis?Quid
2977 3861 3151 3919 potest
3198 3852 3423 3919 privatio

1892 3939 2243 3991 contristare?
2280 3940 2345 3992 At
2371 3955 2465 4008 ego
2502 3939 2847 4008 privationem
2879 3954 2987 3991 rem
3022 3954 3230 4008 gravem
3261 3949 3421 4005 puto:

1895 4035 2041 4094 patet
2070 4029 2212 4094 quod
2239 4028 2351 4095 ipse
2385 4044 2482 4097 ego
2526 4030 2656 4082 nihil
2699 4029 2953 4083 adversus
2991 4044 3074 4081 me
3120 4037 3423 4081 moventem

1892 4135 2060 4181 armo,
2087 4130 2144 4172 ut
2174 4120 2226 4171 in
2258 4136 2340 4173 me
2367 4120 2615 4173 acerbum
2638 4122 2844 4174 emittat
2866 4120 3121 4188 jaculum.
3152 4118 3423 4186 Siquidem

1893 4210 1973 4263 vel
2010 4210 2223 4272 invidia,
2259 4210 2337 4261 vel
2361 4223 2640 4262 commune
2660 4210 2891 4262 civitatis
2919 4218 3009 4261 aut
3035 4208 3217 4277 patria:
3254 4206 3424 4261 infor-

1895 4300 2121 4362 tunium,
2151 4299 2228 4351 vel
2264 4314 2325 4351 ex
2360 4298 2597 4352 externis
2634 4297 2776 4350 aliud
2815 4298 3102 4366 quidpiam,
3136 4298 3304 4365 potuit
3337 4311 3426 4349 mc

1895 4388 2054 4439 etiam
2086 4388 2352 4440 nolentem
2383 4387 2447 4441 ad
2474 4397 2837 4455 paupertatem
2868 4388 3137 4455 redigere;
3170 4396 3223 4439 at
3252 4388 3419 4441 tristi-

1896 4477 2019 4529 tiam
2078 4476 2273 4529 inferre
2323 4477 2457 4529 nihil
2507 4477 2696 4530 horum
2736 4477 2998 4529 ullatenus
3043 4477 3268 4544 poterit,
3318 4477 3421 4530 nisi

1888 4565 2003 4634 ipse
2040 4570 2273 4618 voluero.
2318 4563 2513 4618 Verum
2545 4564 2837 4618 charissimi
2869 4564 3017 4619 liberi
3062 4579 3092 4617 e
3138 4565 3254 4617 sinu
3305 4580 3423 4617 meo

1890 4655 2282 4713 abscesserunt,
2308 4662 2363 4707 et
2388 4654 2440 4705 in
2468 4669 2601 4721 quos
2637 4654 2847 4707 intuens
2868 4654 3179 4723 gaudebam,
3205 4671 3421 4709 omnes-

266 4745 518 4811 πλήττειν
556 4744 753 4794 οἴδασιν
800 4744 952 4803 ὅλως,
985 4743 1213 4810 μάλιστά
1248 4759 1311 4808 γε
1361 4743 1570 4809 φύσεως
1616 4744 1799 4811 ὥσπερ
1894 4758 1939 4812 qi

1748 4760 1799 4811 ιρ
1894 4758 1997 4812 que
2034 4743 2154 4795 vita:
2183 4757 2305 4810 spes
2333 4743 2719 4811 appendeham,
2749 4744 2783 4795 ii
2828 4743 3005 4796 subito
3036 4742 3194 4796 fatale
3237 4745 3421 4797 decre-

265 4835 323 4883 ὲν
365 4836 427 4900 τῇ
472 4833 698 4899 γενέσει,
726 4830 864 4883 οὕτω
896 4834 995 4882 κάν
1024 4834 1088 4900 τῇ
1122 4832 1280 4899 ἐξόδῳ
1323 4831 1795 4900 λειτουργήσαντες

265 4926 463 4991 νόμοις.
509 4922 641 4974 Ἀλλ’
668 4923 775 4989 ἐγὼ
805 4923 925 4984 τοὺς
950 4923 1015 4973 τὰ
1038 4922 1231 4990 ἔσχατα
1264 4921 1596 4992 ἠρεμοῦντας
1626 4921 1697 4983 ὼς
1729 4924 1786 4975 ἐν

1896 4841 2004 4884 ιυιη
2045 4830 2362 4883 subierunt?
2408 4829 2589 4898 Neque
2631 4829 2703 4882 illi
2748 4829 2966 4883 omnino
3009 4845 3069 4883 ex
3123 4846 3179 4882 se
3228 4830 3423 4883 habent

1893 4922 2198 4990 percellere,
2228 4936 2349 4976 cum
2381 4921 2673 4989 priesertim
2700 4921 2839 4975 sicut
2873 4920 2925 4973 in
2957 4921 3252 4987 nativitate,
3279 4923 3347 4974 ita
3369 4932 3423 4976 et

1676 5084 1897 5141 NOTE.

344 5245 411 5311 (4)
451 5245 677 5297 Χανόὸν
725 5243 1060 5296 καταπίνων
1096 5243 1189 5294 καὶ
1233 5243 1561 5309 ἀκορέστως
1613 5259 1783 5295 xam-

266 5315 642 5380 ϐοσκόμενος.
679 5312 798 5364 Ilaec
828 5313 986 5363 verba
1016 5325 1113 5363 nos
1141 5311 1657 5380 admouentillorum
1688 5312 1789 5377 Cy-

268 5383 370 5434 rilli
403 5378 457 5433 in
490 5383 735 5433 Habacuc
769 5397 821 5431 tt.
864 5380 948 5435 ιδ.
980 5388 1017 5432 ι.
1050 5380 1138 5434 Ill.
1165 5395 1217 5446 ρ.
1256 5379 1375 5431 550.
1416 5378 1479 5429 Α.
1524 5380 1675 5429 Κατὰ
1706 5383 1791 5430 τὸν

270 5454 380 5501 ῑσον
434 5449 620 5516 ἰχθύσι⁸
646 5452 838 5514 τρόπον
886 5449 1006 5507 τοὺς
1052 5448 1459 5516 ἀσθενεστέρους
1494 5449 1795 5516 ,κατανέμε-

272 5520 412 5575 σθαι.
444 5514 535 5568 καὶ
569 5514 676 5567 οἷον
719 5516 971 5583 ἀλλήλους
1010 5518 1366 5583 καταρροφεῖν
1407 5515 1588 5581 ἁθύρῳ
1616 5531 1672 5565 τε
1707 5517 1798 5567 καὶ

269 5587 523 5651 ἀπλήστῳ
569 5587 827 5651 στόματι,
876 5584 1109 5651 σκληρὰν
1158 5583 1211 5634 δὲ
1258 5583 1397 5634 οὓτω
1446 5585 1535 5633 καὶ
1574 5584 1797 5650 ἄμικτον

271 5656 412 5720 ζωὴν
446 5653 796 5720 ἐπιτηδεύειν,
822 5652 895 5713 ὡς
919 5652 1155 5717 ἑρπετῶν
1183 5652 1286 5701 τῶν
1325 5652 1380 5700 ὲν
1408 5651 1553 5718 ὄρεσι
1586 5653 1677 5703 καὶ
1698 5655 1797 5718 χεῐ⁶

269 5723 420 5781 ὀλίγα
439 5722 742 5786 διενεγκεῖν,
764 5731 819 5772 ιιι
835 5734 1138 5788 premamus
1159 5730 1391 5774 nostram
1412 5720 1794 5786 conjecturam,

1894 5245 2190 5313 χειραμοῖς.
2224 5241 2345 5295 Pari
2374 5258 2486 5313 tam
2517 5241 2731 5313 piscibus
2755 5256 2908 5313 more,
2938 5241 3241 5313 inﬁrmiores
3263 5240 3418 5313 absu-

1895 5309 2124 5372 mere—ct
2151 5328 2233 5363 ore
2266 5311 2443 5378 patulo
2472 5328 2532 5362 ac
2558 5310 2841 5361 insatiabili
2870 5326 2921 5360 se
2954 5319 3127 5359 mutuo
3159 5309 3291 5360 velut
3328 5312 3417 5360 de-

1894 5381 2109 5447 glutire;
2156 5381 2281 5431 adeo
2319 5395 2433 5430 vero
2479 5380 2663 5430 duram
2694 5387 2763 5447 et
2798 5394 2828 5427 α
2862 5378 3156 5447 commercio
3194 5378 3416 5428 alienam

1892 5445 2047 5499 vitam
2081 5450 2332 5515 persequi,
2382 5456 2436 5498 ut
2476 5464 2506 5497 α
2546 5446 2813 5511 reptilibus
2845 5461 2965 5515 qua;
2988 5445 3041 5495 in
3082 5447 3335 5496 montibus
3369 5451 3417 5496 τι

1892 5518 2120 5568 cavernis
2148 5526 2415 5568 versantur
2438 5531 2598 5583 parva
2626 5516 2691 5566 sit
2718 5514 3021 5583 differentia.

1964 5586 2037 5652 (5)
2077 5586 2216 5637 Inter
2237 5580 2485 5653 epistolas
2509 5580 2793 5653 Phogtiana's'
2824 5581 3049 5653 refertur
3081 5580 3131 5633 in
3164 5595 3262 5634 ms.
3294 5592 3413 5633 cum

1892 5649 2021 5707 alias
2050 5649 2408 5707 characterem
2439 5651 2677 5720 epistola:
2709 5665 2815 5705 non
2847 5649 3055 5703 habeat.
