4236 6436
850 378 952 442 987

1984 371 2242 432 ΡΗΟΤΙΙ
2280 372 2774 432 ΡΑΤΒΙΛΒΟΗᾹΞ
2819 373 2926 432 CP.

3946 367 4038 427 988

848 492 907 542 in
964 487 1108 541 exitu
1164 484 1367 552 legibus
1433 492 1637 538 naturae
1694 485 1986 554 paruerint.
2045 487 2142 538 Ast
2195 497 2295 550 ego
2335 481 2521 549 inAp

2360 497 2386 534 η
2415 481 2464 540 Α
2493 481 2707 549 μεγάλῳ
2739 481 2962 532 κλύδωνι
3011 478 3100 531 καὶ
3130 478 3274 548 σάλῳ
3298 478 3886 546 ταλαιπωρουμένους,
3920 476 4033 533 τους

848 592 1054 632 summa
1074 575 1448 643 tranquillitate
1471 575 1742 642 degentes,
1769 581 2017 642 tanquam
2046 589 2234 641 magna
2261 581 2394 624 tem-

850 677 1053 737 pestate
1075 666 1408 734 procellaque
1437 674 1655 717 vexatos
1667 673 1931 730 reputans,
1953 663 2185 728 meisque
2203 662 2394 713 ductus

849 757 1279 826 cogitationibus,
1311 762 1364 807 et
1394 754 1910 807 commiserationem
1950 753 2202 804 conciens
2258 749 2389 801 nihil

852 850 956 902 illis
984 847 1371 908 conferentem,
1417 844 1657 896 mihimet
1687 843 1786 910 ipsi
1831 843 2024 894 vulnus
2056 839 2233 908 inﬂigo
2269 839 2391 890 inn-

851 939 961 990 tilc.
1011 938 1078 989 At
1127 935 1254 988 mihi
1286 934 1519 987 concidit
1555 933 1779 984 domus?
1817 931 1952 996 Quid
2001 931 2167 998 ergo?
2215 928 2270 981 Si
2308 944 2392 980 me

849 1042 1060 1094 quoque
1093 1024 1528 1092 comprehendit,
1571 1022 1698 1074 nihil
1739 1023 1802 1073 ad
1851 1037 1934 1074 me
1977 1040 1989 1072 :
2026 1034 2198 1086 neque
2246 1018 2389 1070 enim

848 1117 1041 1168 sentio.
1091 1114 1241 1178 Quod
1288 1114 1330 1166 si
1392 1113 1572 1164 multis
1640 1113 1988 1172 cadentibus,
2040 1125 2139 1178 ego
2200 1123 2384 1161 casum

847 1210 1013 1272 evasi,
1062 1225 1168 1276 quo
1211 1208 1365 1260 modo
1405 1208 1493 1273 qui
1538 1223 1674 1275 aegre
1720 1207 1832 1259 fero
1867 1206 2093 1273 collapsa
2146 1220 2267 1258 esse
2307 1206 2389 1256 in-

848 1299 1046 1358 anima.
1100 1314 1219 1350 cum
1261 1298 1454 1366 gratias
1495 1313 1651 1365 agere
1700 1297 1950 1349 deberem
1989 1296 2130 1363 quod
2175 1307 2390 1364 ereptus

851 1389 1063 1446 luerim,
1097 1403 1202 1439 non
1235 1389 1345 1455 ipse
1372 1388 1500 1440 mihi
1542 1387 1837 1440 molestiam
1865 1387 2129 1440 concilio?
2161 1387 2233 1439 lta
2262 1401 2390 1438 sane

850 1489 903 1532 ct
943 1479 994 1530 in
1039 1479 1257 1545 reliquis
1311 1479 1573 1531 omnibus.
1627 1477 1758 1530 Nam
1814 1493 1931 1544 quze
1985 1477 2128 1529 velut
2198 1477 2251 1528 in
2308 1476 2390 1528 his

848 1569 1106 1635 exemplis
1135 1569 1332 1634 prolata
1365 1578 1506 1628 sunt,
1533 1567 1834 1620 communia
1876 1577 2000 1619 sunt
2019 1567 2244 1628 cunctis,
2266 1583 2387 1634 erga

849 1673 967 1722 qua:
991 1658 1219 1708 humana
1241 1658 1344 1708 vita
1363 1657 1619 1723 quotidie,
1644 1657 1744 1709 alia
1774 1671 1987 1709 sursum
2012 1657 2113 1707 alia
2137 1656 2387 1708 deorsum

849 1762 1030 1814 agens,
1077 1747 1376 1798 versatilem
1426 1762 1582 1798 suum
1637 1746 1840 1799 volutat
1886 1746 2163 1799 circulum.
2209 1747 2386 1799 Unum

852 1837 1008 1903 igitur
1049 1843 1130 1887 est
1171 1836 1424 1888 duntaxat
1467 1837 1605 1889 inter
1662 1836 1884 1901 hujusce
1915 1836 2034 1888 vita:
2077 1843 2286 1897 cuncta,
2322 1837 2388 1889 de

849 1941 955 1992 quo
1000 1936 1208 1993 oportet
1251 1942 1460 1994 gravem
1501 1926 1737 1979 dolorem
1790 1926 2092 1992 suscipere,
2130 1935 2185 1977 et
2227 1941 2254 1976 a
2286 1940 2391 1992 quo

850 2013 1060 2068 liberari
1101 2016 1443 2084 satagendum
1490 2027 1591 2070 est.
1638 2017 1838 2069 Caetera
1883 2030 2010 2068 vero
2061 2015 2170 2067 fere
2215 2015 2390 2067 omnia

850 2120 1179 2172 qua-cunque
1209 2106 1548 2173 contigeiint,
1577 2105 1821 2172 equidem
1855 2105 1898 2156 si
1929 2105 2065 2156 mala
2097 2119 2216 2156 esse
2247 2104 2389 2171 judi-

850 2208 985 2256 cem,
1020 2204 1269 2260 tanquam
1319 2196 1541 2247 molesta
1570 2195 1694 2246 mihi
1723 2195 2061 2255 incumbent;
2091 2194 2170 2246 sin
2211 2202 2386 2245 autem

849 2284 913 2335 ad
944 2299 1004 2335 ea
1030 2299 1134 2335 non
1162 2285 1497 2347 attenderint,
1529 2300 1712 2337 eorum
1747 2285 1950 2337 nullum
1989 2285 2218 2351 aliquam
2259 2283 2387 2336 mihi

850 2373 993 2424 valet
1020 2373 1226 2440 atligcre
1277 2376 1619 2428 anxietatem.
1646 2375 1909 2439 Quidnam
1933 2391 2060 2441 ergo
2090 2376 2262 2428 estde
2283 2392 2390 2444 quo

853 2479 936 2514 me
967 2473 1178 2529 oportet
1228 2480 1348 2516 esse
1390 2466 1702 2528 sollicitum,
1750 2482 1855 2518 non
1897 2477 2073 2519 autem
2109 2466 2174 2518 de
2208 2467 2391 2520 dolore

850 2567 1030 2604 curam
1087 2557 1299 2620 gi‘l't'l'C?
1352 2555 1594 2607 Animam
1657 2571 1974 2609 conservare
2045 2561 2291 2610 intactam
2338 2566 2392 2610 et

853 2637 1070 2690 liberam
1111 2655 1139 2692 a
1175 2652 1510 2708 peccatorum
1551 2644 1767 2711 spiculis
1804 2655 1895 2697 :et
1935 2645 1976 2695 si
2022 2645 2163 2712 quod
2205 2661 2391 2698 eorum

852 2729 918 2781 ad
961 2730 1098 2782 illam
1140 2733 1431 2801 pet-tigerit,
1467 2735 1776 2802 plagamque
1823 2736 2111 2803 protulerit
2147 2736 2211 2788 ad
2255 2737 2393 2789 cica-

853 2817 1058 2878 tricem,
1085 2823 1301 2871 excitari
1337 2823 1400 2874 ad
1433 2826 1724 2878 curandum
1756 2827 1965 2887 vulnus,
1995 2825 2381 2894 sanitatemque

2493 570 2656 636 ἐμοὺς
2680 572 2846 621 ποιῶν
2885 571 3194 637 λογισμοὺς,
3227 570 3317 620 καὶ
3359 569 3454 636 τὴν
3487 568 3650 635 μηδὲν
3702 567 3887 624 αὐτοῖς
3921 580 4036 612 συν-

2492 659 2811 722 εισάγουσαν
2889 657 3226 725 συμπάθειαν
3297 657 3604 716 ἀνακινῶν,
3674 654 3900 721 ἐμαυτῷ
3949 653 4040 719 τὴν

2494 749 2704 816 πληγὴν
2735 749 2898 818 μηδὲν
2923 749 3143 815 ὠφελῶν
3167 749 3427 817 ἐπιφέρω.
3465 748 3623 797 Οἰκία
3677 745 3732 795 δέ
3788 762 3876 811 μοι
3925 761 4038 792 σνν-

2493 838 2684 900 ἐπεσε;
2722 839 2784 888 Τί
2819 834 2943 900 οὖν;
2980 839 3027 887 εί
3089 839 3188 905 μὲν
3248 836 3621 889 καταλαϐοῦσα
3676 835 3851 898 κάμὲ,
3894 832 4037 882 οὐδὲν

2492 930 2624 997 πρὸς
2661 930 2795 998 ἐμέο
2836 931 2954 982 οὐδὲ
3009 932 3115 998 γὰρ
3155 930 3498 997 αἰσθάνομαι.
3537 929 3595 978 Εἰ
3623 927 3677 978 δὲ
3707 925 3916 975 πολλῶν
3945 941 4031 975 πε-

2494 1022 2713 1084 σόντων,
2761 1022 2869 1088 ἐγὼ
2926 1021 3018 1072 τοῦ
3074 1019 3364 1088 πτώματος
3426 1020 3688 1086 κρείττων
3753 1017 4035 1082 ἐγενόμην.

2492 1112 2604 1173 πῶς
2651 1113 2769 1163 ἀντὶ
2814 1112 2907 1163 τοῦ
2959 1113 3116 1180 χάριν
3150 1111 3290 1180 ἔχειν
3331 1105 3412 1171 οἷς
3461 1107 3752 1176 ὲρῤύσθην,
3775 1107 3914 1172 ὑπὲρ
3970 1097 4037 1155 ὧν

2489 1203 2670 1271 ἄψυχα
2709 1205 2886 1254 κεῖται
2918 1202 3216 1270 δυσφορῶν,
3250 1201 3348 1252 οὐκ
3395 1198 3613 1268 ἐμαυτῷ
3660 1196 3904 1266 προξενὼ
3948 1196 4037 1262 τὴν

2491 1293 2869 1364 λύπην;οὖτω
2917 1294 2980 1363 δὴ
3026 1295 3118 1345 καὶ
3159 1295 3251 1344 ἐπὶ
3303 1293 3409 1344 τῶν
3460 1292 3632 1343 ἄλλων
3662 1292 3937 1342 ἁπάντων.
3977 1291 4037 1338 ’Δ

2489 1386 2596 1457 γὰρ
2642 1385 2714 1446 ὼς
2755 1386 2846 1436 ἐπὶ
2878 1385 3338 1453 παραδειγμάτων
3372 1383 3571 1434 τούτων
3620 1383 3852 1448 εἴρηται,
3892 1381 4040 1428 κοινὰ

2490 1477 2704 1526 πάντων
2732 1477 2875 1527 ἐστὶν
2903 1476 3001 1526 ὅσα
3024 1474 3361 1541 καθεκάστην
3381 1475 3406 1522 ὁ
3431 1472 3539 1540 βίος
3577 1471 3650 1539 (6)
3672 1511 3686 1532 ,
3717 1474 3782 1520 τὰ
3807 1471 3901 1537 μὲν
3935 1469 4038 1519 ἀνω

2490 1567 2659 1634 φέρω,
2685 1566 2751 1617 τὰ
2781 1567 2836 1617 δὲ
2882 1567 3029 1617 κάτω
3073 1567 3148 1632 (7)
3196 1567 3284 1616 τὸν
3319 1562 3510 1615 ἑαυτοῦ
3564 1562 3928 1628 πολύστροφον
3967 1559 4039 1624 (8)

2491 1656 2762 1706 ἑλίσσεται
2797 1654 3013 1707 κύκλον.
3058 1655 3154 1708 ’Ἑν
3177 1654 3268 1705 οὖν
3300 1659 3412 1706 ἐστι
3443 1654 3602 1722 μόνον
3632 1653 3738 1702 τῶν
3759 1653 3815 1701 ἐν
3841 1650 3918 1717 τῷ
3945 1648 4039 1716 βίῳ

2497 1746 2732 1806 πάντων,
2757 1747 2883 1812 περὶ
2912 1738 2972 1799 οὗ
3000 1743 3104 1813 χρὴ
3129 1744 3221 1794 καὶ
3241 1743 3336 1812 τὴν
3361 1743 3624 1809 ἀλγηδόνα
3658 1741 3879 1808 βαρεῖαν
3899 1739 4040 1804 δέχεο

2492 1836 2635 1899 σθαι,
2665 1837 2756 1887 καὶ
2779 1838 3015 1906 σπουδὴν
3037 1837 3277 1898 εἰσάγειν
3297 1837 3499 1903 ταύτης
3526 1833 3942 1886 ἀπαλλάττεθαι.
3963 1832 4002 1879 Τ
4011 1833 4040 1878 .‘1

2488 1925 2531 1976 δ’
2557 1925 2691 1977 ἄλλα
2723 1924 2916 1993 μικροῦ
2948 1925 3123 1976 πάντα
3153 1925 3251 1976 ὅσα
3280 1925 3479 1992 συμϐῇ,
3509 1923 3571 1974 ἀν
3604 1924 3702 1991 μὶν
3727 1921 3836 1985 ἐγὼ
3876 1921 4037 1988 κρῖνω

2494 2015 2672 2082 φαῦλα
2695 2016 2863 2066 ταῦτα
2889 2011 3050 2078 εἶναι,
3071 2015 3146 2076 ὡς
3181 2015 3397 2083 λυπηρά
3428 2031 3516 2081 μοι
3545 2012 3845 2064 ἐπιτίθεται
3868 2029 3879 2038 ·
3902 2011 3964 2061 ἂν
3993 2009 4037 2060 δ’

2490 2107 2589 2157 οὑκ
2641 2105 3056 2172 ὲπιστρὲφωμαι
3106 2104 3241 2171 πρὸς
3269 2104 3425 2165 αὐτὰ,
3461 2103 3611 2154 οὐδὲν
3658 2101 3835 2153 αὐτῶν
3867 2102 4033 2167 ίσχύει

2492 2193 2866 2263 προσάψασθαι
2893 2193 3146 2261 οὐδεμίαν
3172 2210 3260 2261 μοι
3305 2192 3498 2260 θλίψιν.
3542 2193 3606 2243 Τί
3633 2191 3722 2242 οὖν
3757 2193 3869 2242 ἐστι
3916 2191 4038 2257 περὶ

2491 2279 2551 2336 οὗ
2585 2303 2650 2352 με
2672 2286 2750 2336 δεῖ
2784 2284 3110 2352 φροντίζειν,
3139 2284 3232 2334 καὶ
3263 2284 3323 2335 ού
3350 2283 3481 2352 πρὸς
3511 2281 3607 2350 τὴν
3631 2282 3896 2348 ἀλγηδόνα
3921 2283 4037 2331 ἐπι-

2495 2373 2818 2442 στρέφεσθαι
2840 2389 2855 2437 ;
2885 2373 2948 2424 τὸ
2974 2374 3093 2432 ταῖς
3119 2373 3269 2422 ἀκίσι
3295 2371 3402 2422 τῶν
3429 2371 3836 2439 ἁμαρτημάτων
3858 2366 4037 2431 ἀπαθῆ

2491 2464 2586 2528 τὴν
2634 2465 2809 2530 ψυχὴν
2860 2463 2936 2530 (9)
2989 2462 3084 2512 καὶ
3109 2463 3378 2514 ἀνάλωτον
3429 2463 3538 2530 (l0)
3583 2465 3864 2528 συντηρεῖν
3897 2475 3908 2486 °
3937 2458 4037 2508 xiv

2496 2571 2546 2605 τι
2577 2552 2918 2622 προσάψηται
2937 2552 3266 2620 ταύτης,κα“ι
3291 2553 3422 2621 πρὸς
3449 2552 3689 2619 μώλωπα
3713 2552 3809 2618 τὴν
3829 2550 4040 2616 πληγὴν

2490 2643 2725 2710 ἐκτείνῃ,
2777 2642 3146 2693 διανίστασθαι
3196 2642 3257 2692 τὸ
3305 2641 3526 2710 τραῦμα
3579 2639 3899 2708 θεραπεύειν
3951 2640 4041 2688 καὶ

2491 2735 2625 2801 πρὸς
2654 2733 2859 2798 ὑγίειαν
2907 2732 3362 2786 ἀνακαλέσασθαι.
3424 2733 3508 2783 Τά
3548 2732 3594 2784 δ’
3658 2733 3793 2784 ἄλλα
3836 2732 4033 2792 πάντα,

2485 2827 2611 2890 δόξα
2641 2828 2735 2878 καὶ
2787 2825 3033 2891 πλοῦτος,
3065 2825 3256 2889 κάλλος
3294 2827 3390 2878 καὶ
3419 2827 3590 2896 ἰσχὺς,
3623 2828 3908 2879 δυναστεία
3946 2826 4038 2877 καὶ

2382 2999 2608 3055 NOTAE.

924 3176 995 3243 (6)
1028 3175 1111 3248 _’0
1156 3174 1308 3238 βίος.
1370 3173 1540 3248 Locus
1584 3178 1884 3230 communis
1927 3178 1993 3231 de
2043 3179 2384 3231 instabilitatc
2412 3183 2452 3239 C
2486 3179 2538 3231 in
2586 3181 2737 3233 theca
2797 3179 3140 3248 reliquiarum
3199 3179 3423 3233 Joannis
3471 3177 3720 3246 Baptista:
3750 3175 4036 3248 iPcrpinia-

853 3246 975 3298 vita:
1027 3246 1269 3297 humame
1319 3266 1328 3296 ;
1368 3245 1420 3294 in
1472 3260 1576 3312 quo
1626 3248 1875 3312 peculiari
1924 3248 2385 3300 animadversione

853 3317 1007 3381 digna
1043 3314 1171 3365 mihi
1207 3314 1313 3364 visa
1342 3323 1465 3365 sunt
1505 3315 1660 3366 verba
1699 3316 1991 3369 Clementis
2019 3317 2386 3374 Alexandrini,

854 3398 974 3449 quta
1025 3382 1224 3451 nmtila,
1261 3391 1316 3431 ut
1367 3382 1452 3432 hic
1507 3398 1568 3434 ex
1605 3384 1877 3434 verisimili
1913 3401 2003 3451 per
2034 3401 2200 3436 uncos
2245 3400 2390 3436 com-

855 3452 1138 3519 plercntnr.
1175 3450 1261 3501 Sic
1289 3451 1500 3502 inchoat
1536 3467 1775 3503 summus
1806 3453 1882 3503 vir
1915 3450 2126 3512 librmn,
2149 3453 2273 3516 Quis
2297 3455 2386 3503 di-

852 3536 935 3570 ves
975 3521 1190 3570 salutem
1229 3528 1575 3585 consequatur
1620 3538 1630 3570 :
1664 3522 1723 3570 Ui
1758 3522 1850 3587 μὲν
1877 3522 1999 3582 τοὺς
2027 3523 2384 3588 ἐγκωμιαστι-

853 3591 978 3649 κοὺς
1021 3588 1204 3651 λόγους
1232 3590 1338 3658 τοίς
1383 3589 1651 3658 πλουσίοις
1673 3589 2112 3658 δωροφοροῦντες,
2146 3592 2204 3641 ού
2235 3591 2387 3658 μόνον

852 3659 1074 3716 κολακες
1095 3658 1185 3726 καὶ
1216 3655 1548 3726 ἀνελεύθεροι
1572 3657 1783 3717 δικαίως
1815 3655 2082 3725 ἀν’ἕμοιγε
2114 3655 2385 3726 κρίνεσθαι

851 3725 1074 3784 δικοίεν,
1094 3724 1162 3784 ὼς
1183 3727 1269 3774 ἐπὶ
1302 3725 1471 3790 πολλῴ
1502 3724 1940 3793 προσποιούμενοι
1972 3724 2288 3793 χαρίσασθαι
2323 3728 2388 3778 τὰ

852 3794 1141 3862 ἀχάριστα·
1175 3793 1304 3842 ἀλλὰ
1343 3795 1430 3842 καὶ
1471 3794 1679 3853 ἀσεϐεῖς
1712 3795 1802 3844 καὶ
1842 3793 2143 3845 ἐπίϐουλοι·
2178 3796 2387 3856 ἀσεῢεῖς

855 3866 968 3927 μὲν,
1000 3863 1077 3912 ὅτι
1110 3862 1366 3930 παρέντες
1397 3863 1560 3911 αἰνεῖν
1595 3865 1684 3912 καὶ
1702 3862 1954 3930 Αόοξάζειν
1995 3863 2083 3913 τὸν
2121 3865 2274 3930 μόνον
2299 3865 2388 3930 τέτ

851 3925 990 3980 λειον
1023 3931 1110 3980 καὶ
1149 3925 1343 3994 ratio,
1376 3930 1525 3993 Θεὸν,
1571 3931 1626 3994 ἐξ
1669 3925 1729 3983 οὗ
1760 3934 1827 3981 τὰ
1883 3932 2054 3982 πάντα
2102 3925 2190 3982 καὶ
2218 3933 2281 3983 δι’
2327 3928 2386 3982 ού

850 4000 916 4050 τὰ
972 4004 1142 4067 πάντα
1207 3999 1298 4048 καὶ
1347 4000 1421 4058 εἰς
1450 3999 1504 4048 ὃν
1548 4000 1614 4049 τα
1666 4001 1870 4060 πάντα,
1923 4001 2276 4067 περιάπτουσι
2330 4003 2388 4052 τὸ

851 4067 1026 4138 [θεῖον
1048 4066 1060 4132 1
1086 4133 1096 4138 _
1114 4067 1602 4138 yépaeavllptonog
1646 4069 1705 4138 ἐν
1735 4066 2004 4137 ἀστιάτῳ)
2025 4069 2120 4135 βίῳ
2151 4070 2386 4120 κυλινδο-

855 4133 1052 4200 μένοις,
1085 4133 1233 4265 [καὶὸ
1247 4135 1304 4184 τὸ
1337 4137 1646 4199 κεφάλαιον,
1689 4133 2057 4204 ὑποκειμένοις
2102 4140 2182 4257 τῇ)
2212 4139 2387 4205 κρίσει

855 4204 944 4255 τοῦ
994 4206 1143 4254 θεού.
1239 4205 1289 4253 ui
1338 4203 1700 4256 lim-annorum
1747 4221 1958 4256 munera
2007 4206 2150 4257 diviti
2188 4223 2246 4257 us
2295 4207 2387 4256 tri-

851 4204 944 4255 τοῦ
994 4206 1143 4254 (iam).
1192 4203 1289 4257 Qui
1338 4203 1700 4256 lim-annorum
1747 4203 1958 4256 munera
2007 4203 2261 4257 divitibus
2295 4207 2388 4256 tri-

853 4274 1031 4333 buunt,
1061 4274 1095 4322 ii
1129 4288 1244 4323 vero
1298 4274 1420 4322 milii
1459 4289 1559 4322 non
1608 4273 1771 4325 solum
1812 4275 2108 4325 adulatores
2147 4283 2194 4324 et
2224 4276 2388 4325 illibe-

855 4342 1004 4411 rales
1033 4343 1210 4391 merito
1243 4356 1345 4391 esse
1375 4342 1624 4404 videntur,
1662 4343 1747 4408 qui
1792 4359 1973 4411 magno
2017 4360 2071 4394 se
2099 4344 2389 4410 gratiﬁcari

853 4410 1088 4461 simulent
1139 4426 1352 4476 quorum
1405 4410 1546 4460 nulla
1580 4412 1784 4478 gratia;
1826 4410 2000 4461 verum
2050 4415 2205 4462 etiam
2238 4413 2387 4478 impii

2490 3250 2666 3311 neusi,
2709 3247 3051 3317 Πραγμάτων
3084 3249 3274 3311 ἑλίξεις
3303 3259 3429 3300 tant
3459 3249 3712 3316 εἰλήσεις.
3749 3247 3822 3297 Ita
3858 3249 4039 3314 legen-

2489 3321 2638 3379 dum,
2675 3328 2731 3369 ut
2757 3319 2915 3385 paulo
2941 3326 3066 3369 ante
3098 3321 3392 3386 τιμωρεῖν)
3423 3334 3482 3367 τε
3517 3320 3607 3367 καὶ
3643 3317 4034 3386 «praesepia-9.

2561 3387 2633 3451 (9)
2684 3386 2895 3451 Ἀκαυῆ
2923 3386 3039 3450 τὴν
3073 3385 3301 3452 ψυχήν.
3331 3387 3469 3449 Quid
3502 3386 3620 3435 novi
3652 3387 3715 3435 ad
3753 3385 4034 3444 ἀπάθειαν,

2489 3472 2600 3507 rem
2625 3455 2923 3507 innumeris
2947 3456 3353 3507 innumerorum
3379 3456 3778 3506 commemariis
3805 3455 4035 3505 illustra-

2489 3533 2593 3575 tam
2639 3523 2941 3591 proferam?
2989 3523 3091 3574 Pro
3139 3539 3285 3575 more
3343 3523 3556 3574 criticas
3612 3524 4031 3574 observationes.

2490 3593 2666 3644 Primo
2715 3593 2892 3658 itaque
2928 3592 3044 3660 lego
3081 3591 3245 3658 Epist.
3277 3591 3396 3644 186.
3433 3591 3522 3642 lib.
3553 3607 3568 3641 I
3709 3592 3852 3658 ξΜΙὶ,
3891 3592 4033 3650 ὅπως

2491 3663 2563 3728 μὴ
2597 3661 2968 3730 ἀπευδοκήσῃς
2995 3661 3086 3710 τοῦ
3117 3662 3448 3730 χαρίσματος
3476 3662 3571 3725 τῆς
3592 3661 3912 3720 ἀπτοησίας,
3945 3663 4035 3709 καὶ

2488 3731 2580 3796 τῆς
2611 3729 2964 3796 τελειωτάτής
2993 3729 3277 3788 ἀπαθείας.
3309 3730 3372 3779 Et
3406 3737 3576 3787 verto,
3612 3737 3665 3778 nt
3711 3745 3772 3780 nc
3802 3731 4033 3794 desperes

2487 3800 2548 3849 dc
2595 3800 2905 3849 charismate
2932 3798 3318 3864 intrepiditatis,
3351 3809 3398 3847 ct
3429 3798 3811 3864 perfectissima:
3843 3799 4024 3862 imper-

2489 3867 2880 3919 turbabilitatis.
2931 3866 3130 3918 Deinde
3161 3881 3287 3916 vero
3332 3865 3620 3917 Eusebium
3659 3865 3871 3917 Μι-ιιιςίί
3917 3883 4034 3916 cor-

2489 3935 2601 4002 rigo
2661 3937 2713 3986 in
2746 3935 3021 3987 Canticum
3071 3937 3389 3985 canticorum
3424 3949 3475 4000 p.
3514 3935 3600 3985 10.
3650 3933 3908 3984 Τοσοῦτον
3956 3935 4031 3984 δεῖ

2490 4006 2809 4071 καθαρεύειν
2842 4007 2932 4055 τὶν
2974 4004 3298 4070 λαλούμενον
3343 4005 3479 4070 Θεῷ,
3526 4004 3598 4063 ὡς
3627 4003 3724 4062 τὰς
3770 4003 4030 4068 ἐμπαθεῖς

2487 4073 2737 4139 ἀφορμὰς
2762 4072 3000 4140 ἀπαθείᾳ
3022 4073 3382 4123 ὑποτίθεσθαι.
3417 4074 3524 4124 lloc
3553 4081 3654 4133 est,
3687 4073 3825 4122 Adeo
3859 4082 4028 4122 autem

2486 4157 2644 4206 purus
2668 4157 2775 4193 esse
2800 4141 2946 4193 debet
2988 4142 3076 4210 qui
3102 4157 3218 4191 cum
3249 4141 3354 4192 Deo
3379 4142 3626 4210 loquitur,
3667 4149 3723 4192 ut
3757 4141 4030 4206 aﬂ'cctuuan

2486 4212 2704 4275 impetus
2727 4211 2986 4262 vacuitate
3016 4210 3425 4276 perturbationes
3451 4209 3716 4275 subjiciat.

2560 4281 2669 4345 (ιο)
2719 4279 3058 4330 linat-star.
3102 4278 3215 4329 Non
3254 4294 3341 4330 me
3387 4280 3516 4329 latet
3551 4281 3832 4345 plerasque
3884 4293 4029 4330 meas

2489 4345 2650 4398 Notas
2691 4349 2856 4414 magis
2892 4362 3013 4399 esse
3037 4347 3434 4399 observationes
3473 4347 3537 4397 ad
3582 4347 3717 4399 alios
3763 4357 4028 4405 auctores,

2488 4431 2646 4482 quam
2695 4413 3078 4468 elucidatioucs
3109 4416 3174 4466 ad
3217 4430 3384 4467 meos.
3423 4415 3474 4467 Id
3513 4415 3555 4467 si
3593 4416 3715 4482 quis
3752 4417 3877 4466 vitio
3914 4431 4030 4466 vcr-

854 4480 1193 4562 e‘t‘insidiusi‘:
1225 4479 1370 4556 impii
1405 4479 1628 4556 quidem,
1660 4481 1791 4562 quod
1821 4480 2118 4562 posthabitis
2151 4480 2243 4532 Dei
2267 4481 2386 4531 lau—
2421 4495 2470 4554 υ
2494 4479 2636 4562 terit,
2685 4493 2861 4550 potest
2899 4499 2991 4536 eas
3038 4499 3146 4560 non
3192 4484 3386 4562 legere.
3436 4479 3633 4562 _Coat_ra
3671 4498 3771 4562 ego
3798 4499 4024 4545 censeo,

853 4548 998 4598 dibus
1039 4556 1082 4597 ct
1116 4547 1309 4612 gloria,
1355 4548 1440 4612 qui
1477 4563 1605 4598 unus
1646 4549 1898 4614 perfectus
1928 4565 1988 4598 ac
2017 4549 2172 4600 bonus
2195 4559 2299 4612 est;
2330 4567 2391 4601 ea:

854 4632 951 4682 quo
979 4617 1149 4667 omnia
1177 4625 1220 4665 et
1249 4632 1337 4680 per
1367 4632 1511 4680 quem
1544 4618 1716 4666 omnia
1745 4625 1788 4666 et
1822 4617 1873 4666 in
1896 4632 2041 4683 quem
2075 4620 2245 4668 omnia
2264 4659 2276 4680 ,
2311 4620 2391 4669 di-

852 4687 1025 4734 vinum
1053 4686 1290 4734 honorem
1317 4685 1606 4734 attribuunt
1630 4685 1919 4736 hominibus
1951 4687 2003 4734 in
2030 4687 2135 4736 vita
2165 4686 2393 4737 instabili

851 4752 1218 4809 volutantibus,
1253 4765 1297 4803 et
1327 4753 1459 4816 quod
1491 4763 1642 4817 caput
1673 4763 1764 4815 est,
1792 4754 1991 4818 judicio
2023 4753 2114 4804 Dei
2142 4755 2389 4806 obnoxiis.

852 4823 1083 4873 Acoedat
1124 4821 1226 4873 huc
1258 4821 1635 4888 Theophylacti
1667 4822 1885 4888 epistola
1923 4824 2005 4885 Η,
2045 4823 2154 4888 ipsa
2185 4838 2395 4890 quoque

855 4891 1198 4957 Corrigenda,
1253 4891 1428 4939 πᾶσαν
1476 4892 1572 4957 τὴν
1621 4890 1954 4942 ἀστατοῦσαν
2001 4892 2174 4941 κτίσιν
2225 4893 2395 4958 (male

853 4959 1053 5008 editum
1073 4968 1127 5008 ct
1146 4973 1352 5010 versum
1374 4959 1567 5025 κρίσιν)
1589 4960 1680 5009 καὶ
1704 4959 1858 5027 μόνον
1878 4959 2126 5027 ἀκίνητον
2145 4960 2201 5009 τὸ
2219 4961 2394 5011 ἀεικί-

853 5043 1009 5092 νητον
1060 5027 1302 5091 ἔχουσαν.
1335 5023 1739 5078 ΕῑῚύιῖιςιιρδὶἑ
1795 5023 2036 5080 Eucherii
2068 5044 2120 5078 ιι.
2162 5029 2242 5080 10.
2279 5029 2395 5080 Vita

852 5095 956 5145 lucc
988 5098 1167 5157 brevis,
1203 5098 1272 5146 ita
1332 5097 1647 5157 brevissima,
1682 5107 1734 5146 ut
1769 5098 2202 5148 terumnosissima
2231 5114 2247 5157 ς
2283 5114 2395 5164 qua:

852 5166 1070 5230 undique
1088 5166 1524 5215 circumstantium
1553 5166 1785 5215 dolorum
1812 5175 2018 5233 urgetur
2042 5167 2393 5229 incommodis,

851 5242 898 5282 et
947 5235 1287 5293 deﬁcientibus
1329 5236 1426 5296 (an
1463 5234 1893 5299 imlr/iricntilms)
1926 5236 2178 5302 fatigatur
2221 5237 2393 5298 malis,

850 5302 971 5351 dum
993 5304 1327 5352 accidentium
1348 5303 1581 5368 jactatnr
1615 5304 1838 5368 injuriis.
1867 5313 1970 5354 etc.

922 5370 997 5435 (7)
1040 5371 1208 5433 "Arta,
1243 5371 1409 5421 κάτω.
1431 5374 1704 5422 Allit‘luarc
1734 5372 1863 5421 nillil
1890 5373 2074 5423 dubito
2095 5411 2107 5430 .
2135 5372 2184 5423 in
2217 5371 2389 5425 homi-

852 5438 919 5489 lia
947 5440 1150 5489 Leontii
1181 5440 1466 5506 presbyteri
1493 5441 1592 5491 (LP.
1630 5440 1765 5506 apud
1794 5440 2097 5492 Gretserum
2125 5442 2200 5491 lle
2221 5441 2387 5493 Cruce

852 5526 898 5558 c.
945 5509 1091 5558 L387.
1138 5509 1192 5558 l5.
1231 5510 1315 5559 ulu
1347 5510 1412 5560 de
1443 5507 1573 5559 Filio
1610 5509 1696 5558 llci
1724 5510 1914 5574 agitur.
1944 5509 2222 5574 legendum
2245 5525 2383 5571 esse,

853 5579 943 5626 καὶ
980 5578 1088 5626 ἀνω
1122 5580 1206 5626 καὶ
1243 5579 1385 5628 κάτω
1421 5577 1661 5644 μηδαμοῦ
1691 5578 2015 5641 λειπόμενος.
2049 5578 2110 5628 ΙτῙι
2153 5582 2204 5629 in
2232 5595 2383 5645 supc-

856 5647 1071 5695 rioribns
1100 5655 1146 5696 et
1178 5647 1229 5695 in
1261 5647 1584 5712 inferioribus
1622 5645 1914 5694 nullatenus
1947 5663 2049 5695 esse
2075 5649 2328 5700 desinens.

920 5713 994 5781 (8)
1033 5714 1453 5780 Πολύστμοέον
1507 5715 1809 5766 ἑλίσσεται
1862 5715 2103 5766 κύκλον.
2136 5717 2387 5784 Apposilc

2491 4553 2542 4604 in
2579 4554 2676 4605 hoc
2704 4568 2900 4620 genere
2931 4554 3104 4619 operis
3153 4563 3312 4618 atque
3346 4552 3398 4603 in
3437 4554 3534 4604 hac
3568 4552 3686 4604 luce
3712 4553 4027 4608 litterarum,

2491 4637 2655 4688 pauca
2692 4624 3008 4674 declaranda
3038 4635 3154 4672 esse
3187 4638 3200 4670 :
3232 4621 3429 4671 nullam
3465 4631 3643 4672 autem
3672 4623 4030 4672 intermittere

2490 4690 2825 4742 occasionem
2872 4689 3156 4756 adjuvandi
3198 4703 3292 4740 eos
3320 4690 3407 4755 qui
3452 4698 3662 4741 veteres
3714 4690 3880 4741 libros
3911 4705 4030 4740 ver—

2500 4767 2637 4815 sant.
2686 4757 2998 4810 tuendarum
3049 4757 3332 4823 scrupulos
3381 4758 3727 4815 removendo,
3777 4759 3878 4810 hoc
3908 4773 4030 4809 vero

2493 4826 2546 4877 in
2587 4827 2739 4879 laude
2787 4842 2944 4893 pono.
2992 4824 3154 4893 Igitur
3201 4826 3330 4877 Nota
3380 4840 3615 4893 pnesens
3644 4829 3748 4878 erit
3776 4827 3843 4877 ad
3873 4826 4030 4878 Joan-

2493 4911 2615 4947 nem
2644 4895 2888 4948 Calccam
2930 4894 3188 4946 Sermone
3213 4895 3393 4946 habito
3422 4895 3697 4946 Dominica
3729 4907 3855 4947 ante
3885 4896 4030 4946 exal-

2494 4967 2743 5015 tationem
2786 4963 2843 5015 S.
2888 4963 3092 5022 (Li-ocis,
3143 4963 3283 5029 apud
3323 4962 3631 5015 Gretserum
3657 4979 3706 5015 c.
3741 4965 3893 5015 l3'il.
3928 4964 4030 5013 Καὶ

2492 5033 2674 5092 ἁπλῶς
2715 5034 2836 5093 τοὺς
2878 5031 3155 5091 Ἰουδαίους
3195 5032 3431 5098 διήγειρε
3463 5035 3553 5081 καί
3591 5032 3908 5099 πσρὼτρυγε
3939 5049 4029 5081 συ-

2493 5102 2823 5168 κοιραντῆσαι
2863 5101 3049 5150 τοῦτον
3091 5101 3184 5151 καὶ
3225 5101 3575 5168 καταδικάσξι
3611 5099 3684 5160 ὡς
3727 5101 4028 5166 κακοῦργον

2493 5162 2581 5219 καί
2616 5162 2939 5220 θανατῶσαι.
2988 5169 3142 5219 Ἀ).λά
3175 5170 3266 5218 καί
3308 5167 3474 5227 οὕτως
3504 5162 3659 5235 εὗρεν
3707 5171 3871 5219 αὐτον
3898 5162 4029 5234 ἀήτ-

2491 5253 2649 5304 τητον
2683 5241 2771 5288 καὶ
2803 5238 3121 5290 ἀνάλλωτον.
3175 5235 3374 5304 Nempe
3414 5237 3568 5303 longe
3607 5248 4029 5304 prmstantiorem

2491 5305 2605 5358 fore
2633 5308 2934 5364 lectionem.
2965 5306 3233 5358 ἀνάλωτον
3264 5321 3418 5371 quam
3457 5307 3808 5355 ἀναλλοίωτον
3841 5307 4027 5355 immu-

2489 5376 2715 5426 tabilem.
2757 5377 3063 5442 Juda'osque
3103 5376 3381 5425 unirersim
3423 5375 3625 5440 impulit
3660 5375 3927 5433 diabolus,
3979 5387 4026 5424 ιιι

2487 5444 2757 5495 calumniis
2814 5461 2930 5496 eum
2978 5445 3252 5496 Christum
3299 5445 3626 5506 incesserent,
3681 5453 3728 5494 et
3781 5454 4028 5508 tanquam

2486 5513 2777 5578 maleﬁcum
2830 5517 3262 5570 condemnarent,
3315 5511 3570 5578 mortique
3639 5513 4024 5579 adjndicarent.

2491 5580 2668 5633 l'crum
2716 5584 2788 5634 sic
2822 5597 3018 5649 quoque
3058 5580 3302 5632 invictum
3340 5589 3387 5633 et
3435 5581 3888 5649 inexpugnabilem
3950 5596 4026 5631 ττ-

2483 5651 2629 5712 perit.
