4236 6436
266 409 372 475 989
1398 417 1930 480 EPISTOLARUM
1964 420 2194 481 LIBER
2236 421 2350 481 III.
3385 427 3489 491 990

262 523 420 593 ῥώμη
463 523 710 594 σώματος
739 564 753 590 ,
815 524 909 578 καὶ
952 527 1149 597 κράτος
1215 526 1385 595 λόγων
1450 529 1772 598 τιμιώτερον
1802 569 1816 591 ,
1846 531 1935 591 ΑΙ

1812 571 1816 590 ,
1846 531 1897 591 Α
1922 532 2298 586 revocandam.
2332 530 2554 599 Reliqua
2574 544 2702 585 vero
2730 532 2911 587 omnia
2934 571 2949 597 ,
2986 532 3151 603 gloria
3178 545 3233 592 et
3263 536 3485 607 divitia»,

263 615 450 676 παῖδές
520 616 657 667 εἰσιν
705 618 763 669 ὲν
819 616 918 686 βίῳ
974 616 1295 680 παίζοντες·
1349 619 1548 687 μᾶλλον
1589 620 1648 671 δὲ
1702 620 1822 671 οὐδὲ
1920 638 1936 690 ι

1811 636 1822 671 ι
1920 623 2162 690 potentia
2196 633 2252 676 et
2280 624 2440 676 robur
2470 623 2730 690 corporis,
2760 624 3012 692 quodque
3050 628 3341 694 pretiosius
3382 642 3484 695 est,

257 705 467 769 παῖδες,
506 707 679 777 σκηνὴ
706 708 762 761 δὲ
803 709 1011 762 παίδων
1044 708 1446 780 ὑποκρινομένη
1496 709 1701 780 δρᾶμα,
1726 708 1821 763 καὶ
1917 726 1930 764 ι

1811 723 1821 761 ι
1917 710 2132 766 dicendi
2164 712 2411 777 facultas,
2458 715 2606 783 pueri
2653 726 2780 769 sunt
2816 715 2871 768 in
2904 714 3011 769 vita
3050 716 3317 779 ludentes,
3375 721 3484 774 imo

257 796 311 848 ετ
327 813 379 848 τι
399 797 600 851 τούτων
626 800 1053 873 ἁπατηλότερον.
1919 819 1930 873 1

1919 804 2101 873 potius
2143 820 2212 859 ne
2250 807 2404 874 pueri
2434 806 2683 874 quidem,
2726 805 2819 860 sed
2866 821 3028 860 scena
3076 807 3308 862 fabulam
3346 827 3480 879 pue-

1919 908 2103 949 rorum
2138 907 2553 968 repraesentans,
2592 897 2679 952 vel
2723 897 2931 967 siquid
2969 897 3055 953 his
3099 907 3184 955 est
3219 900 3480 957 fallacius.

1094 1197 1323 1273 ANG.
1402 1198 1582 1278 MAI
1662 1203 1830 1279 ANI
1848 1200 2506 1281 MADVERSION
2524 1201 2633 1279 ES

827 1365 917 1423 DE
953 1367 1344 1425 ERBORIBUS
1380 1370 1800 1430 MONTACUTII
1839 1376 1905 1430 IN
1946 1376 2243 1431 EDENDIS
2283 1375 2508 1432 PHOTII
2549 1375 2926 1434 EPISTOLIS.

1356 1542 1637 1614 (Spicileg.
1681 1545 1829 1601 Rom.
1872 1558 1912 1602 t.
1952 1549 2031 1611 Χ,
2077 1565 2132 1618 p.
2175 1550 2365 1617 χχιιι.)

327 1672 427 1728 llic
455 1686 573 1742 ego,
610 1688 707 1741 pro
737 1688 855 1726 meo
886 1675 1129 1730 veritatis
1154 1679 1355 1745 studio,
1385 1681 1563 1738 facere
1592 1701 1698 1739 non
1731 1708 1976 1753 possum,
2007 1688 2139 1753 quin
2171 1686 2291 1739 data
2322 1686 2629 1749 occasione,
2662 1688 2953 1742 nonnullos
2979 1689 3134 1756 Angli
3164 1690 3477 1748 Montacutii

255 1775 491 1846 errores,
527 1761 581 1812 in
615 1760 963 1827 epistolarum
998 1762 1173 1817 Photii
1198 1765 1265 1818 ab
1302 1782 1367 1820 eo
1394 1769 1659 1824 editarum
1695 1772 2004 1840 epigrapliis
2051 1787 2359 1840 coarguam.
2394 1759 2459 1824 1..
2495 1773 2571 1824 Ac
2614 1773 2843 1839 primum
2892 1791 3002 1828 non
3048 1777 3303 1846 jurgabor
3356 1795 3478 1833 cum

257 1845 485 1909 editore,
517 1847 658 1913 quod
689 1849 742 1901 in
796 1848 1089 1903 voluminis
1120 1850 1297 1906 fronte
1341 1853 1529 1909 Latine
1558 1859 1877 1910 sanctissimi
1921 1859 2132 1911 titulum
2187 1859 2506 1926 patriarcha:
2553 1858 2745 1913 Pliotio
2792 1860 3078 1923 addiderit,
3120 1845 3198 1916 est
3237 1866 3381 1917 enim
3425 1867 3478 1920 id

257 1932 413 1985 cilicii
441 1936 619 2001 potius
649 1951 711 1988 ac
745 1937 1043 2005 dignitatis,
1075 1955 1236 2007 quam
1268 1942 1481 1996 virtutis
1520 1944 1838 2012 epithetnm,
1888 1954 1943 1998 et
2002 1945 2219 2013 quidem
2258 1944 2398 2011 apud
2442 1943 2656 1998 Graecos
2701 1946 3245 2015 pervulgatissimum.
3285 1950 3480 2013 Quaero

260 2029 437 2073 tamen
468 2038 564 2075 cur
589 2023 640 2076 in
682 2026 867 2078 eadem
920 2026 1039 2081 libri
1081 2026 1257 2083 fronte
1310 2046 1415 2083 non
1450 2032 1658 2101 legatur
1679 2032 1864 2086 Graece
1917 2031 2257 2096 ἁγιωτάτουῗ
2291 2029 2641 2083 Oblivionene
2693 2031 2893 2099 aliqua,
2961 2048 3028 2085 an
3085 2036 3286 2089 codicis
3336 2036 3479 2092 haud

257 2109 701 2174 reprehendendo
744 2112 958 2166 defectu
999 2114 1197 2168 factum
1225 2118 1346 2170 est?
1395 2118 1449 2170 2.
1495 2118 1551 2171 ln
1586 2120 1788 2188 quinta:
1814 2117 2087 2171 Photianze
2112 2117 2544 2187 epistolae.[nunc
2592 2120 2645 2170 1·
2689 2120 2829 2173 tertii
2878 2120 3020 2191 libri]
3071 2123 3383 2192 epigrapbe,
3427 2137 3481 2179 et

253 2210 395 2262 saepe
421 2196 472 2247 in
501 2196 640 2258 aliis,
673 2196 856 2252 Graece
886 2200 1209 2269 ἁσπαθαρίῳ
1249 2204 1397 2269 ponit
1422 2204 1799 2271 Montacutius,
1832 2207 2021 2260 Latine
2063 2218 2242 2260 autem
2282 2208 2620 2275 aspathario;
2647 2219 2806 2275 atque
2851 2209 2903 2261 in
2940 2210 3182 2276 ejusdem
3232 2214 3473 2280 epistolae

252 2282 689 2369 scholiojudicat
724 2287 971 2339 eumdem
1016 2303 1135 2341 esse
1187 2292 1548 2357 aspalharium
1600 2304 1759 2362 atque
1805 2298 2158 2364 spatharium.
2212 2295 2691 2348 \‘crunienimvero
2734 2297 2852 2364 quis
2904 2313 3136 2366 unquam
3184 2301 3288 2353 nisi
3336 2303 3477 2369 apud

257 2366 646 2422 Montacutium
679 2374 974 2438 ospatharii
1003 2375 1322 2429 vocabulum
1368 2380 1572 2433 audiit?
1594 2380 1671 2433 En
1703 2392 1881 2435 autem
1928 2383 2128 2436 erroris
2177 2397 2415 2435 causam.
2442 2383 2501 2435 ln
2536 2381 2797 2439 Vaticano
2839 2382 3043 2437 Nicolai
3091 2388 3260 2439 nostri
3291 2366 3477 2443 codice

259 2468 347 2522 ep.
380 2455 467 2520 C9,
491 2458 744 2510 scribitur
767 2460 817 2511 in
849 2461 1139 2529 epigraphe
1168 2470 1213 2514 a’
1241 2464 1543 2534 σπαθαρίῳ,
1576 2467 1779 2521 lineola
1807 2470 2149 2537 superposita
2177 2468 2366 2521 litterae
2426 2468 2494 2531 a',
2527 2469 2594 2521 ob
2617 2469 3047 2537 signiﬁcandam,
3078 2481 3137 2524 ut
3169 2473 3281 2526 ﬁeri
3320 2476 3475 2539 solet,

260 2551 445 2595 notam
478 2546 808 2599 numeralem
836 2548 1082 2615 primam.
1114 2550 1207 2603 Est
1236 2550 1393 2620 igitur
1417 2553 1578 2606 David
1602 2555 1950 2609 Camulianus
1971 2557 2438 2623 protospntharius,
2466 2566 2521 2608 ut
2549 2571 2645 2608 nos
2684 2556 2867 2609 Graace
2889 2573 3101 2625 quoque
3129 2560 3474 2627 scripsimus:

252 2630 318 2683 de
354 2646 457 2698 qua
492 2648 549 2685 re
582 2648 649 2685 ne
680 2634 1009 2697 dubitemus,
1043 2637 1217 2690 eidem
1255 2638 1435 2692 Davidi
1464 2640 1515 2692 in
1552 2642 1932 2709 subsequentis
1949 2644 2189 2710 epistolae
2212 2643 2504 2711 epigraphe
2529 2659 2634 2695 non
2663 2659 2755 2710 per
2781 2644 3112 2697 numeralem
3143 2645 3375 2698 litteram
3404 2653 3473 2711 a',

251 2717 346 2770 sed
389 2718 666 2785 explicatis
707 2719 903 2773 litteris
953 2723 1205 2775 tribuitur
1255 2723 1307 2775 in
1348 2726 1535 2778 codice
1576 2726 1761 2779 titulus
1811 2744 1924 2796 ﬁpti.‘

1811 2728 2304 2797 npwtosnaeaplqi.
2354 2728 2560 2782 RUrsus
2615 2730 2665 2781 in
2716 2728 2915 2782 Nicolai
2966 2745 3087 2799 epp.
3140 2730 3207 2784 84
3256 2742 3311 2784 et
3353 2731 3473 2791 l03,

250 2818 403 2871 mque
448 2805 705 2858 scribitur
759 2806 811 2859 in
851 2808 1035 2861 codice
1073 2808 1193 2862 Vat.
1235 2817 1281 2861 a'
1312 2811 1615 2879 σπαθαρίῳ,
1669 2812 1864 2866 lineola
1906 2831 2069 2883 super
2104 2815 2151 2866 α’
2181 2817 2372 2883 posita.
2424 2815 2562 2868 Nihil
2608 2832 2733 2886 ergo
2792 2818 3093 2870 evidentius
3133 2818 3235 2871 dici
3302 2824 3479 2886 potest

251 2902 439 2943 contra
469 2892 715 2945 vitiosam
748 2894 1058 2948 Montacutii
1112 2897 1417 2958 lectionem,
1452 2898 1502 2949 in
1537 2898 1690 2966 cujus
1728 2900 1911 2953 codice
1950 2916 2070 2954 cum
2104 2904 2301 2968 pariter
2338 2903 2665 2955 scriberetur
2712 2910 2758 2954 α’
2794 2903 3097 2971 σπαθαρίῳ,
3132 2906 3242 2971 ipse
3262 2905 3472 2959 incaute

253 2993 421 3030 unum
452 2980 773 3033 vocabulum
808 2982 935 3035 fecit
980 2984 1301 3052 ἁσπαϐαρίῳ
1334 3002 1346 3036 :
1381 3001 1685 3053 quanquam
1745 2987 1811 3039 ab
1852 2986 1970 3040 aliis
2014 2988 2255 3056 ejusdem
2296 2988 2498 3041 codicis
2530 2988 2661 3041 locis
2690 3005 2742 3040 v.
2784 3004 2860 3057 gr.
2912 3004 2999 3056 ep.
3055 2989 3174 3052 110,
3218 3005 3477 3060 coargue-

254 3063 430 3125 batur,
463 3066 550 3118 ubi
596 3067 859 3133 explicate
902 3069 1157 3136 scriptum
1208 3079 1323 3123 erat
1371 3073 1863 3142 πρωτοσπαθαρίῳ.
1912 3073 2080 3127 Nemo
2152 3074 2329 3144 igitur.
2374 3090 2442 3127 ne
2494 3075 2545 3127 in
2590 3075 2962 3127 mixobarbara
3008 3076 3226 3142 quidem
3272 3076 3467 3139 lexica,

253 3150 593 3219 ἀσπαθάριος
619 3154 700 3205 vel
725 3156 1059 3222 (rapat/carius
1086 3158 1341 3210 vocabula
1374 3158 1587 3211 inferat.
1618 3160 1669 3213 3.
1689 3158 1827 3212 Sane
1854 3176 1926 3229 ap

1800 3176 1827 3212 e
1854 3160 1994 3229 apud
2011 3162 2257 3214 eumdem
2282 3160 2667 3213 Montacutium
2689 3161 2849 3213 lectio
2873 3175 3085 3229 quoque
3114 3161 3473 3231 Φιλοπονήσου

253 3247 309 3289 et
339 3235 724 3304 Philoponnesi,
759 3250 863 3293 tam
892 3240 1076 3295 Grtece
1101 3259 1257 3310 quam
1286 3244 1470 3298 Latine
1493 3246 1689 3299 soleca
1730 3257 1832 3312 est,
1858 3263 1954 3315 pro
1972 3248 2367 3315 Πελοποννήσου
2407 3259 2461 3300 ct
2491 3247 2832 3314 Peloponnesi
2861 3263 2877 3299 :
2913 3263 3070 3314 quam
3112 3263 3210 3316 ego
3256 3249 3472 3317 quidem

259 3326 546 3393 typotlietze
597 3328 806 3395 culpam
856 3330 1165 3383 existimare
1216 3333 1550 3393 maluissem,
1599 3334 1701 3385 nisi
1743 3334 1793 3386 in
1846 3336 2052 3389 scholio
2111 3350 2323 3402 quoque
2368 3335 2590 3387 editoris
2653 3335 2731 3387 sic
2786 3335 3053 3402 legeretur
3089 3336 3468 3404 (Peloponnesi

254 3426 451 3479 praeses
479 3423 567 3466 aut
596 3414 722 3474 dux,
754 3417 1071 3483 στρατηγός,
1092 3418 1395 3470 occurritin
1427 3419 1627 3471 Nicolai
1662 3421 1827 3473 nostri
1854 3422 2150 3491 epistolis).
2186 3422 2237 3474 4.
2270 3420 2510 3488 Denique
2540 3421 2593 3472 in
2618 3421 2804 3474 eadem
2836 3421 3186 3475 adnotatione
3210 3424 3467 3478 mendose

251 3500 507 3553 scribitur
534 3501 813 3555 Germania
852 3520 945 3571 pro
978 3504 1305 3557 Cermam‘cia
1340 3504 1569 3559 Nestorii
1615 3508 1782 3575 patria
1809 3509 1904 3577 (α).
1946 3508 1996 3561 5.
2034 3506 2238 3560 Nollem
2275 3507 2400 3559 item
2438 3522 2466 3559 a
2502 3507 2824 3560 Montacutio
2856 3509 3171 3562 vocabulum
3204 3509 3389 3562 Λέοντι
3417 3511 3470 3564 in

250 3586 559 3654 epigraphis
598 3604 737 3656 saepe
770 3598 823 3642 et
852 3591 902 3641 in
929 3591 1147 3645 scholiis
1169 3592 1347 3644 Leonti
1392 3592 1580 3646 Latine
1614 3595 1739 3656 diei,
1758 3595 1850 3648 sed
1872 3597 2051 3663 potius
2082 3596 2259 3648 Leoni.
2296 3594 2347 3647 6.
2381 3594 2468 3655 (Et
2495 3598 2747 3663 quoniam
2775 3596 2840 3649 de
2870 3596 3088 3649 scholiis
3115 3597 3244 3658 dixi,
3271 3598 3467 3650 nollem

251 3674 379 3726 item
408 3692 461 3743 p.
495 3675 581 3738 46,
610 3677 770 3730 scribi
797 3679 862 3729 ab
895 3694 961 3731 eo
994 3681 1337 3747 septimanam
1382 3681 1700 3748 aynodorum
1735 3696 1833 3749 pro
1867 3692 2061 3749 septem
2085 3680 2445 3748 synodorum).
2478 3681 2526 3732 7.
2560 3682 2613 3733 In
2645 3681 2932 3749 epigraphe
2958 3681 3280 3749 epistola-12
3303 3681 3472 3752 [nunc

252 3761 338 3815 69‘
380 3763 502 3817 libri
539 3764 807 3835 secundi].
836 3766 1021 3819 scribit
1051 3765 1408 3820 Montacutius
1452 3766 1732 3835 μονάζοντι
1766 3768 1825 3820 E.
1885 3787 1925 3820 π

1796 3768 1825 3820 Ζ.
1885 3767 2124 3828 πεσόντι,
2176 3765 2365 3820 Latine
2408 3776 2589 3821 autem
2622 3768 2871 3819 monacho
2912 3766 2977 3821 Ε.
3019 3768 3266 3835 collapsa.
3308 3771 3469 3837 Atqui

254 3866 354 3919 ego
380 3852 561 3917 judico
605 3854 949 3906 scribendum
976 3868 1095 3907 esse
1118 3852 1399 3921 μονάζοντι
1432 3854 1713 3905 ἐκπεσόντι
1737 3893 1751 3915 ,
1787 3870 1927 3905 manu

1788 3856 2037 3905 monacho
2066 3852 2231 3920 lapso.
2270 3852 2471 3921 Nempe
2505 3854 2643 3922 apud
2681 3854 2929 3906 eumdem
2959 3853 3207 3906 Photium
3247 3870 3298 3922 p.
3342 3856 3461 3917 ll9,

255 3952 338 4004 ep.
368 3938 433 3991 68
474 3938 640 4009 [nunc
671 3940 755 3992 78'
802 3940 1025 3994 secundi
1075 3940 1239 4009 libri],
1288 3940 1482 4010 legitur
1524 3942 1913 4009 παραπεσόντι,
1947 3941 1999 3993 8.
2049 3940 2301 4007 Epistolas
2326 3940 2394 3991 8?.
2425 3940 2594 4009 [nunc
2629 3940 2768 3992 tertii
2825 3940 2943 3992 libri
2978 3938 3110 4009 29'],
3138 3941 3466 4009 epigraphcn

261 4023 519 4093 Ιίασιλείῳ
552 4026 815 4094 πράκτορι
846 4027 1034 4080 Latine
1061 4028 1221 4081 scribi
1245 4028 1399 4080 video
1423 4026 1620 4079 Basilio
1640 4028 1889 4095 praetori,
1918 4042 2014 4095 pro
2040 4029 2268 4079 exactori
2293 4028 2371 4079 vel
2402 4029 2666 4095 quwstori.
2694 4028 2798 4080 Cur
2824 4026 3149 4095 id.inquam,
3172 4031 3469 4095 praesertim

257 4125 379 4161 cum
414 4112 768 4178 signiﬁcatum
800 4114 1108 4182 πράκτορος
1143 4113 1503 4166 Montacutius
1544 4115 1595 4165 in
1632 4114 1837 4167 scholio
1873 4114 2163 4182 agnoscat?
2195 4112 2334 4166 Sane
2382 4113 2522 4167 idem
2566 4114 2726 4167 homo
2772 4114 2988 4181 inepp.
3020 4115 3085 4167 47
3119 4113 3287 4184 [nunc
3326 4116 3466 4167 tertii

254 4196 375 4248 libri
406 4197 531 4267 lﬂ'],
563 4209 616 4252 et
645 4201 744 4253 154
774 4200 942 4267 [nunc
1002 4200 1141 4254 tertii
1173 4200 1291 4254 libri
1314 4200 1447 4271 48'],
1472 4201 1667 4253 dicitur
1703 4201 1992 4269 κοιάστωρ,
2033 4200 2175 4268 quod
2198 4199 2395 4253 Graecis
2428 4200 2619 4253 litteris
2659 4211 2741 4252 est
2783 4200 3030 4252 Latinum
3066 4211 3309 4269 quwslor.
3334 4202 3386 4256 9.
3412 4202 3468 4254 In

250 4283 562 4352 epigraphis
594 4299 707 4338 voc.
744 4286 1012 4354 ξενόδοχος
1040 4287 1199 4340 modo
1222 4288 1399 4354 hospes
1436 4287 1677 4340 redditur
1703 4288 1861 4341 modo
1907 4287 2305 4355 ltospitalarius.
2341 4285 2520 4338 Malim
2562 4287 2664 4339 hoc
2706 4286 2953 4348 alterum,
2984 4287 3078 4340 sed
3119 4296 3266 4341 certe
3301 4288 3468 4340 inter-

254 4369 419 4435 pretis
458 4371 815 4423 constantiam
852 4372 1089 4440 requiro.
1124 4374 1207 4425 10.
1237 4373 1369 4426 ltem
1397 4373 1451 4425 in
1482 4372 1637 4425 titulo
1670 4374 1909 4441 epistolae
1948 4373 2017 4425 60
2053 4372 2220 4443 [nunc
2268 4373 2409 4425 tertii
2447 4372 2567 4425 libri
2606 4372 2739 4440 22'].
2800 4373 3012 4425 mallem
3063 4374 3131 4427 ab
3174 4375 3468 4441 interprete

252 4454 454 4507 dictum
489 4456 744 4520 Helladis,
780 4473 938 4525 quam
974 4459 1135 4511 nimis
1165 4460 1459 4527 generatim
1486 4458 1719 4513 Grazciaz.
1766 4458 1995 4528 Legatur
2020 4458 2405 4512 Constantinus
2449 4458 2501 4510 in
2547 4458 2891 4511 thematibus.
2941 4457 3025 4509 il.
3055 4458 3188 4510 Nolo
3221 4473 3319 4529 ego
3347 4467 3468 4527 post

252 4542 519 4597 ducentos
563 4560 734 4597 annos
777 4545 1013 4598 scribere
1042 4546 1212 4598 dicam
1251 4544 1578 4598 Montacutio
1611 4562 1623 4597 :
1660 4545 1990 4612 caeteroquin
2023 4559 2130 4597 non
2164 4544 2331 4612 probo
2369 4544 2509 4611 quod
2545 4544 2596 4595 in
2638 4544 2749 4596 suis
2782 4544 2845 4597 ad
2880 4543 3130 4597 Pltotium
3158 4544 3466 4598 adnotatio-

256 4631 413 4684 nibus
472 4647 523 4699 p.
574 4631 641 4684 46
691 4632 978 4686 Diodorum
1028 4634 1347 4687 Tarsensem
1402 4648 1462 4686 ac
1494 4631 1837 4686 Theodorum
1882 4632 2320 4700 Mepsuestenum
2353 4632 2472 4685 labe
2507 4632 2773 4685 hmrescos
2816 4631 3041 4685 infectos
3084 4648 3189 4685 non
3241 4632 3461 4699 judicet,

255 4727 439 4770 contra
468 4734 603 4787 quos
644 4720 840 4787 passim
879 4719 1248 4787 priscilPatres
1305 4720 1624 4783 clamarunt,
1671 4720 2090 4786 nominatimque
2137 4730 2356 4772 sanctus
2398 4717 2624 4787 Cyrillus
2651 4720 2798 4770 Alex.
2850 4718 3059 4787 integro
3104 4734 3265 4784 opere
3320 4734 3465 4773 nunc

255 4804 554 4871 depcrdito,
585 4808 738 4874 cujus
774 4806 1069 4875 fragmenta
1105 4821 1201 4858 nos
1232 4806 1435 4873 aliquot
1458 4806 1718 4863 dedimus,
1756 4815 1915 4873 atque
1953 4807 2053 4858 alia
2084 4805 2333 4872 posthinc
2358 4805 2531 4857 daturi
2564 4820 2765 4857 sumus.
2810 4804 3079 4867 Concedo,
3107 4804 3221 4857 illos
3252 4806 3461 4858 nonnisi

250 4902 374 4961 post
399 4892 602 4945 obitum
629 4893 909 4945 damnatos
934 4893 1123 4954 fuisse;
1155 4907 1342 4944 verum
1377 4894 1425 4944 id
1465 4892 1685 4944 minime
1714 4893 1954 4960 impedit,
1989 4892 2276 4960 quominus
2309 4893 2544 4960 ipsorum
2576 4891 2774 4959 scripta
2797 4892 3059 4943 doctrinis
3086 4891 3367 4952 lizereticis,
3404 4904 3463 4944 ut

252 4981 386 5034 satis
422 4989 653 5043 constat,
687 4980 1128 5032 reduudaverint.
1166 4978 1250 5030 12.
1299 4979 1483 5046 Neque
1518 4980 1641 5031 licet
1680 4978 2007 5033 Montacutio
2050 4979 2422 5032 lconomacliis
2464 4995 2515 5047 p.
2546 4980 2634 5042 97,
2676 4989 2730 5031 ct
2772 4995 2821 5047 p.
2876 4979 2995 5042 ΗΒ,
3026 4988 3209 5046 aperte
3264 4978 3462 5042 lavere,

252 5083 386 5139 quos
410 5084 516 5120 non
553 5068 773 5121 Pliotius
809 5067 953 5120 solus
984 5068 1192 5128 oderat,
1240 5066 1331 5119 sed
1378 5068 1724 5120 uecumenicm
1776 5066 1961 5135 synodi
2012 5065 2241 5119 decretis
2282 5066 2609 5117 solemnibus
2666 5066 3114 5118 condemnarunt.
3150 5064 3232 5116 15.
3279 5061 3462 5130 Neque

253 5172 442 5208 rursus
467 5166 549 5208 est
578 5155 857 5208 ferendum
884 5156 1024 5222 quod
1058 5153 1417 5206 Montacutius
1445 5169 1495 5221 p.
1529 5154 1649 5213 l59,
1685 5154 2053 5207 latrocinalem
2104 5154 2334 5222 appellet
2370 5162 2614 5205 octavam
2664 5153 2927 5220 synodum
2962 5153 3372 5215 aacumenicam,
3407 5152 3460 5203 in

250 5258 355 5312 qua
387 5244 631 5310 deposito
665 5241 858 5295 Pliotio
887 5241 1118 5311 lgnatius
1148 5242 1423 5294 restitutus
1446 5250 1549 5294 est.
1580 5240 1663 5293 ll.
1698 5240 1880 5307 Neque
1914 5241 2208 5309 prudenter
2238 5250 2313 5293 tot
2342 5240 2592 5293 laudibus
2635 5238 2886 5292 Photium
2935 5239 3193 5300 cumulat,
3247 5253 3276 5291 a
3310 5238 3465 5305 cujus

250 5332 544 5383 ambitione
592 5346 653 5384 ac
682 5331 929 5383 violentia
966 5345 1235 5398 magnum,
1267 5329 1408 5395 quod
1445 5328 1619 5381 adhuc
1661 5337 1957 5395 permanet,
1987 5328 2215 5381 schisma
2240 5326 2468 5394 sumpsit
2502 5326 2731 5379 initium.
2786 5325 2868 5379 15.
2919 5326 3115 5380 Contra
3168 5340 3294 5378 vero
3335 5325 3465 5378 dum

252 5418 497 5486 plurimis
541 5417 837 5471 maledictis
878 5416 1166 5469 Baronium
1206 5425 1414 5479 onerat,
1452 5414 1684 5466 alienum
1735 5429 1791 5466 se
1843 5429 1948 5467 non
1986 5416 2236 5482 aaquitate
2276 5413 2467 5475 solum,
2517 5412 2609 5465 sed
2653 5412 2815 5466 etiam
2862 5413 3008 5465 omni
3052 5412 3465 5465 mansuetudine

251 5503 558 5557 Christiana
586 5504 936 5556 demenstrat.
974 5502 1054 5554 16.
1088 5500 1487 5554 lnconsiderate
1510 5500 1694 5561 etiam,
1716 5500 1798 5552 vel
1825 5502 2004 5568 potius
2028 5502 2178 5564 irate,
2210 5500 2477 5554 Anastasii
2500 5500 2894 5553 Bibliotliecarii
2920 5498 3261 5568 biographias
3287 5499 3465 5551 verbis

252 5590 656 5643 contumeliosis
715 5604 1036 5657 summoque
1095 5597 1407 5656 contemptu
1466 5588 1809 5656 persequitur
1846 5603 1899 5656 p.
1952 5589 2078 5651 2H,
2140 5603 2171 5641 a
2211 5603 2319 5655 quo
2365 5597 2540 5640 tamen
2593 5596 2855 5651 auctore,
2913 5585 3209 5640 fatentibus
3263 5584 3461 5655 passim

250 5678 498 5741 eruditis,
527 5679 898 5747 pretiosiorem
934 5692 995 5730 ac
1025 5676 1311 5730 certiorem
1342 5675 1579 5729 historice
1606 5675 1930 5743 pontiﬁcalis
1962 5684 2171 5744 partem
2208 5676 2492 5729 habemus.

324 5816 398 5873 (αὶ
442 5815 745 5870 Montacutii
778 5823 931 5869 notas
958 5823 1015 5868 ut
1045 5827 1253 5869 veneno
1282 5813 1475 5868 tinctas
1515 5812 1795 5868 inutilesve
1826 5812 2131 5883 rcjccimus.
2166 5811 2317 5866 Eutr.
2346 5808 2509 5865 Pun.
