  <div class='ocr_page' id='page_1' title='image "/cluster/home/n/w/nwhite01/storage/ocr_20150623/102/nnc1.0046979620/520.png"; bbox 0 0 4236 6436; ppageno 0'>
   <div class='ocr_carea' id='block_1_1' title="bbox 1517 504 2472 646">
    <p class='ocr_par' dir='ltr' id='par_1_1' title="bbox 1517 504 2472 646">
     <span class='ocr_line' id='line_1_1' title="bbox 1517 504 2472 646; baseline -0.004 -1"><span class='ocrx_word' id='word_1_1' title='bbox 1517 504 2168 645; x_wconf 84' lang='lat' dir='ltr'><strong>ADDEN</strong></span> <span class='ocrx_word' id='word_1_2' title='bbox 2185 506 2472 646; x_wconf 84' lang='lat' dir='ltr'>DA.</span> 
     </span>
    </p>
   </div>
   <div class='ocr_carea' id='block_1_2' title="bbox 1042 792 2903 859">
    <p class='ocr_par' dir='ltr' id='par_1_2' title="bbox 1042 792 2903 859">
     <span class='ocr_line' id='line_1_2' title="bbox 1042 792 2903 859; baseline 0.001 -14"><span class='ocrx_word' id='word_1_3' title='bbox 1042 792 1272 847; x_wconf 86' lang='lat' dir='ltr'>PHOTII</span> <span class='ocrx_word' id='word_1_4' title='bbox 1313 792 1648 847; x_wconf 83' lang='lat' dir='ltr'>EPISTOLA</span> <span class='ocrx_word' id='word_1_5' title='bbox 1696 793 1788 846; x_wconf 80' lang='lat' dir='ltr'>AD</span> <span class='ocrx_word' id='word_1_6' title='bbox 1835 792 2224 846; x_wconf 78' lang='lat' dir='ltr'>ECCLESIAM</span> <span class='ocrx_word' id='word_1_7' title='bbox 2264 792 2765 848; x_wconf 83' lang='lat' dir='ltr'>ANTIOCHENAM</span> <span class='ocrx_word' id='word_1_8' title='bbox 2809 794 2903 859; x_wconf 75' lang='grc' dir='ltr'>(ί).</span> 
     </span>
    </p>
   </div>
   <div class='ocr_carea' id='block_1_3' title="bbox 322 879 1968 950">
    <p class='ocr_par' dir='ltr' id='par_1_3' title="bbox 322 879 1968 950">
     <span class='ocr_line' id='line_1_3' title="bbox 322 879 1968 950; baseline 0.002 -20"><span class='ocrx_word' id='word_1_9' title='bbox 322 880 377 930; x_wconf 82' lang='grc' dir='ltr'><strong><em>Ἠ</em></strong></span> <span class='ocrx_word' id='word_1_10' title='bbox 438 879 821 950; x_wconf 79' lang='grc' dir='ltr'>ἐνθρονιαστικη</span> <span class='ocrx_word' id='word_1_11' title='bbox 892 880 1133 937; x_wconf 76' lang='grc' dir='ltr'>ἐπιστολὴ</span> <span class='ocrx_word' id='word_1_12' title='bbox 1201 889 1293 930; x_wconf 81' lang='grc' dir='ltr'>τοῦ</span> <span class='ocrx_word' id='word_1_13' title='bbox 1363 886 1557 931; x_wconf 74' lang='grc' dir='ltr'>Φωτίου</span> <span class='ocrx_word' id='word_1_14' title='bbox 1625 886 1752 950; x_wconf 80' lang='grc' dir='ltr'>πρὸς</span> <span class='ocrx_word' id='word_1_15' title='bbox 1807 883 1968 933; x_wconf 84' lang='grc' dir='ltr'>τόνΑ</span> 
     </span>
    </p>
   </div>
   <div class='ocr_carea' id='block_1_4' title="bbox 832 952 1386 1021">
    <p class='ocr_par' dir='ltr' id='par_1_4' title="bbox 832 952 1386 1021">
     <span class='ocr_line' id='line_1_4' title="bbox 832 952 1386 1021; baseline 0.004 -20"><span class='ocrx_word' id='word_1_16' title='bbox 832 953 1007 1021; x_wconf 89' lang='grc' dir='ltr'>θρόνον</span> <span class='ocrx_word' id='word_1_17' title='bbox 1040 952 1386 1019; x_wconf 75' lang='grc' dir='ltr'>Ἀντιοχείας.</span> 
     </span>
    </p>
   </div>
   <div class='ocr_carea' id='block_1_5' title="bbox 394 1037 1890 1107">
    <p class='ocr_par' dir='ltr' id='par_1_5' title="bbox 394 1037 1890 1107">
     <span class='ocr_line' id='line_1_5' title="bbox 394 1037 1890 1107; baseline 0.001 -21"><span class='ocrx_word' id='word_1_18' title='bbox 394 1044 510 1096; x_wconf 87' lang='grc' dir='ltr'>Τοῖς</span> <span class='ocrx_word' id='word_1_19' title='bbox 561 1037 979 1106; x_wconf 84' lang='grc' dir='ltr'>θεοφιλεστάτοις,</span> <span class='ocrx_word' id='word_1_20' title='bbox 1038 1040 1314 1096; x_wconf 79' lang='grc' dir='ltr'>θειοτάτοις</span> <span class='ocrx_word' id='word_1_21' title='bbox 1362 1038 1788 1107; x_wconf 68' lang='grc' dir='ltr'>συὶ-λειτουργοῖς,</span> <span class='ocrx_word' id='word_1_22' title='bbox 1823 1045 1890 1105; x_wconf 79' lang='grc' dir='ltr'>τῷ</span> 
     </span>
    </p>
   </div>
   <div class='ocr_carea' id='block_1_6' title="bbox 330 1124 1892 1194">
    <p class='ocr_par' dir='ltr' id='par_1_6' title="bbox 330 1124 1892 1194">
     <span class='ocr_line' id='line_1_6' title="bbox 330 1124 1892 1194; baseline 0.001 -20"><span class='ocrx_word' id='word_1_23' title='bbox 330 1124 701 1193; x_wconf 60' lang='grc' dir='ltr'>θεοσεϐεστάτῳ</span> <span class='ocrx_word' id='word_1_24' title='bbox 741 1125 987 1194; x_wconf 83' lang='grc' dir='ltr'>οἰκονόμῳ</span> <span class='ocrx_word' id='word_1_25' title='bbox 1031 1130 1116 1175; x_wconf 78' lang='grc' dir='ltr'>καὶ</span> <span class='ocrx_word' id='word_1_26' title='bbox 1169 1125 1426 1194; x_wconf 76' lang='grc' dir='ltr'>σνγκελλῳ</span> <span class='ocrx_word' id='word_1_27' title='bbox 1478 1135 1570 1185; x_wconf 86' lang='grc' dir='ltr'>τῆς</span> <span class='ocrx_word' id='word_1_28' title='bbox 1618 1125 1892 1177; x_wconf 88' lang='grc' dir='ltr'>Θεουπολι-</span> 
     </span>
    </p>
   </div>
   <div class='ocr_carea' id='block_1_7' title="bbox 325 1212 1892 1273">
    <p class='ocr_par' dir='ltr' id='par_1_7' title="bbox 325 1212 1892 1273">
     <span class='ocr_line' id='line_1_7' title="bbox 325 1212 1892 1273; baseline 0.001 -12"><span class='ocrx_word' id='word_1_29' title='bbox 325 1220 419 1261; x_wconf 87' lang='grc' dir='ltr'>τῶν</span> <span class='ocrx_word' id='word_1_30' title='bbox 473 1212 797 1273; x_wconf 69' lang='grc' dir='ltr'>Ἐικλησίας,</span> <span class='ocrx_word' id='word_1_31' title='bbox 854 1219 1044 1270; x_wconf 82' lang='grc' dir='ltr'>Φῶτιος</span> <span class='ocrx_word' id='word_1_32' title='bbox 1096 1212 1370 1273; x_wconf 72' lang='grc' dir='ltr'>ἐπίσκοπος</span> <span class='ocrx_word' id='word_1_33' title='bbox 1415 1218 1892 1264; x_wconf 77' lang='grc' dir='ltr'>Κωνσταντινουπὸο</span> 
     </span>
    </p>
   </div>
   <div class='ocr_carea' id='block_1_8' title="bbox 327 1300 830 1369">
    <p class='ocr_par' dir='ltr' id='par_1_8' title="bbox 327 1300 830 1369">
     <span class='ocr_line' id='line_1_8' title="bbox 327 1300 830 1369; baseline 0 -20"><span class='ocrx_word' id='word_1_34' title='bbox 327 1300 444 1357; x_wconf 83' lang='grc' dir='ltr'>λεως</span> <span class='ocrx_word' id='word_1_35' title='bbox 469 1305 580 1359; x_wconf 75' lang='grc' dir='ltr'>νέας</span> <span class='ocrx_word' id='word_1_36' title='bbox 609 1300 772 1369; x_wconf 78' lang='grc' dir='ltr'>Ῥώμη</span> <span class='ocrx_word' id='word_1_37' title='bbox 785 1322 803 1359; x_wconf 87' lang='grc' dir='ltr'>ς</span> <span class='ocrx_word' id='word_1_38' title='bbox 820 1345 830 1355; x_wconf 89' lang='grc'>,</span> 
     </span>
    </p>
   </div>
   <div class='ocr_carea' id='block_1_9' title="bbox 398 1387 1889 1457">
    <p class='ocr_par' dir='ltr' id='par_1_9' title="bbox 398 1387 1889 1457">
     <span class='ocr_line' id='line_1_9' title="bbox 398 1387 1889 1457; baseline 0.001 -19"><span class='ocrx_word' id='word_1_39' title='bbox 398 1392 663 1455; x_wconf 76' lang='grc' dir='ltr'>Μεγίστων</span> <span class='ocrx_word' id='word_1_40' title='bbox 720 1392 807 1456; x_wconf 73' lang='grc' dir='ltr'>μεν</span> <span class='ocrx_word' id='word_1_41' title='bbox 856 1388 1042 1438; x_wconf 77' lang='grc' dir='ltr'>ἄνωθεν</span> <span class='ocrx_word' id='word_1_42' title='bbox 1095 1393 1432 1456; x_wconf 81' lang='grc' dir='ltr'>τετυχηκότες</span> <span class='ocrx_word' id='word_1_43' title='bbox 1480 1387 1705 1457; x_wconf 79' lang='grc' dir='ltr'>ἀγαθῶν,</span> <span class='ocrx_word' id='word_1_44' title='bbox 1755 1391 1820 1437; x_wconf 75' lang='grc' dir='ltr'>ὧν</span> <span class='ocrx_word' id='word_1_45' title='bbox 1865 1391 1889 1439; x_wconf 87' lang='grc' dir='ltr'>ό</span> 
     </span>
    </p>
   </div>
   <div class='ocr_carea' id='block_1_10' title="bbox 324 1471 1890 1545">
    <p class='ocr_par' dir='ltr' id='par_1_10' title="bbox 324 1471 1890 1545">
     <span class='ocr_line' id='line_1_10' title="bbox 324 1471 1890 1545; baseline 0.001 -21"><span class='ocrx_word' id='word_1_46' title='bbox 324 1476 465 1543; x_wconf 81' lang='grc' dir='ltr'>λόγος</span> <span class='ocrx_word' id='word_1_47' title='bbox 490 1480 579 1529; x_wconf 71' lang='grc' dir='ltr'>τὴν</span> <span class='ocrx_word' id='word_1_48' title='bbox 618 1482 715 1523; x_wconf 88' lang='grc' dir='ltr'>τῶν</span> <span class='ocrx_word' id='word_1_49' title='bbox 745 1473 937 1524; x_wconf 75' lang='grc' dir='ltr'>ἐννοιῶν</span> <span class='ocrx_word' id='word_1_50' title='bbox 979 1471 1383 1545; x_wconf 73' lang='grc' dir='ltr'>διαδιδράσκειν</span> <span class='ocrx_word' id='word_1_51' title='bbox 1412 1476 1703 1543; x_wconf 62' lang='grc' dir='ltr'>κατάληψιν</span> <span class='ocrx_word' id='word_1_52' title='bbox 1736 1480 1890 1544; x_wconf 77' lang='grc' dir='ltr'>πέφυ-</span> 
     </span>
    </p>
   </div>
   <div class='ocr_carea' id='block_1_11' title="bbox 325 1557 1890 1632">
    <p class='ocr_par' dir='ltr' id='par_1_11' title="bbox 325 1557 1890 1632">
     <span class='ocr_line' id='line_1_11' title="bbox 325 1557 1890 1632; baseline 0.001 -21"><span class='ocrx_word' id='word_1_53' title='bbox 325 1582 427 1619; x_wconf 84' lang='grc' dir='ltr'>κεν,</span> <span class='ocrx_word' id='word_1_54' title='bbox 496 1564 629 1629; x_wconf 79' lang='grc' dir='ltr'>ὅμως</span> <span class='ocrx_word' id='word_1_55' title='bbox 705 1564 750 1611; x_wconf 81' lang='grc' dir='ltr'>ἐν</span> <span class='ocrx_word' id='word_1_56' title='bbox 804 1561 1119 1632; x_wconf 74' lang='grc' dir='ltr'>εὐχαριστίᾳ</span> <span class='ocrx_word' id='word_1_57' title='bbox 1210 1557 1456 1612; x_wconf 74' lang='grc' dir='ltr'>διατελεῖν</span> <span class='ocrx_word' id='word_1_58' title='bbox 1530 1562 1890 1631; x_wconf 78' lang='grc' dir='ltr'>ἀποτολμώμεν</span> 
     </span>
    </p>
   </div>
   <div class='ocr_carea' id='block_1_12' title="bbox 325 1647 1891 1717">
    <p class='ocr_par' dir='ltr' id='par_1_12' title="bbox 325 1647 1891 1717">
     <span class='ocr_line' id='line_1_12' title="bbox 325 1647 1891 1717; baseline 0.001 -20"><span class='ocrx_word' id='word_1_59' title='bbox 325 1650 556 1708; x_wconf 79' lang='grc' dir='ltr'>ᾶπαντες,</span> <span class='ocrx_word' id='word_1_60' title='bbox 589 1650 657 1704; x_wconf 83' lang='lat' dir='ltr'>oi;</span> <span class='ocrx_word' id='word_1_61' title='bbox 690 1651 736 1697; x_wconf 84' lang='grc' dir='ltr'>οί</span> <span class='ocrx_word' id='word_1_62' title='bbox 767 1659 853 1705; x_wconf 73' lang='grc' dir='ltr'>τῆς</span> <span class='ocrx_word' id='word_1_63' title='bbox 906 1647 1157 1706; x_wconf 76' lang='grc' dir='ltr'>εὐσεϐείας</span> <span class='ocrx_word' id='word_1_64' title='bbox 1208 1652 1481 1717; x_wconf 78' lang='grc' dir='ltr'>σπινθῆρες</span> <span class='ocrx_word' id='word_1_65' title='bbox 1533 1652 1627 1700; x_wconf 65' lang='grc' dir='ltr'>οὐκ</span> <span class='ocrx_word' id='word_1_66' title='bbox 1674 1650 1891 1699; x_wconf 70' lang='grc' dir='ltr'>ἀπεσϐε-</span> 
     </span>
    </p>
   </div>
   <div class='ocr_carea' id='block_1_13' title="bbox 330 1731 1887 1806">
    <p class='ocr_par' dir='ltr' id='par_1_13' title="bbox 330 1731 1887 1806">
     <span class='ocr_line' id='line_1_13' title="bbox 330 1731 1887 1806; baseline -0.001 -20"><span class='ocrx_word' id='word_1_67' title='bbox 330 1738 549 1790; x_wconf 88' lang='grc' dir='ltr'>σθησαν.</span> <span class='ocrx_word' id='word_1_68' title='bbox 606 1731 741 1784; x_wconf 79' lang='grc' dir='ltr'>Ούδε</span> <span class='ocrx_word' id='word_1_69' title='bbox 786 1738 908 1802; x_wconf 81' lang='grc' dir='ltr'>γὰρ,</span> <span class='ocrx_word' id='word_1_70' title='bbox 942 1732 1053 1785; x_wconf 78' lang='grc' dir='ltr'>οὐδ’</span> <span class='ocrx_word' id='word_1_71' title='bbox 1086 1734 1399 1806; x_wconf 77' lang='grc' dir='ltr'>ἀνθρώπινος</span> <span class='ocrx_word' id='word_1_72' title='bbox 1428 1737 1779 1805; x_wconf 71' lang='grc' dir='ltr'>καταλήψεται</span> <span class='ocrx_word' id='word_1_73' title='bbox 1813 1738 1887 1786; x_wconf 87' lang='grc' dir='ltr'>λο-</span> 
     </span>
    </p>
   </div>
   <div class='ocr_carea' id='block_1_14' title="bbox 325 1821 1892 1895">
    <p class='ocr_par' dir='ltr' id='par_1_14' title="bbox 325 1821 1892 1895">
     <span class='ocr_line' id='line_1_14' title="bbox 325 1821 1892 1895; baseline 0 -23"><span class='ocrx_word' id='word_1_74' title='bbox 325 1829 535 1891; x_wconf 82' lang='grc' dir='ltr'>γισμός,</span> <span class='ocrx_word' id='word_1_75' title='bbox 594 1826 620 1877; x_wconf 81' lang='grc' dir='ltr'><em>ἧ</em></span> <span class='ocrx_word' id='word_1_76' title='bbox 663 1822 803 1889; x_wconf 89' lang='grc' dir='ltr'>λόγος</span> <span class='ocrx_word' id='word_1_77' title='bbox 855 1822 1116 1892; x_wconf 74' lang='grc' dir='ltr'>ἐξαρκέσει</span> <span class='ocrx_word' id='word_1_78' title='bbox 1170 1821 1492 1893; x_wconf 77' lang='grc' dir='ltr'>διασημᾶναι</span> <span class='ocrx_word' id='word_1_79' title='bbox 1539 1830 1621 1873; x_wconf 87' lang='grc' dir='ltr'>τὸν</span> <span class='ocrx_word' id='word_1_80' title='bbox 1675 1826 1892 1895; x_wconf 77' lang='grc' dir='ltr'>ὑπεραν-</span> 
     </span>
    </p>
   </div>
   <div class='ocr_carea' id='block_1_15' title="bbox 324 1910 1888 1982">
    <p class='ocr_par' dir='ltr' id='par_1_15' title="bbox 324 1910 1888 1982">
     <span class='ocr_line' id='line_1_15' title="bbox 324 1910 1888 1982; baseline 0.001 -23"><span class='ocrx_word' id='word_1_81' title='bbox 324 1914 602 1977; x_wconf 69' lang='grc' dir='ltr'>ῳκισμένον</span> <span class='ocrx_word' id='word_1_82' title='bbox 638 1910 849 1958; x_wconf 78' lang='grc' dir='ltr'>πλουτον</span> <span class='ocrx_word' id='word_1_83' title='bbox 896 1917 981 1967; x_wconf 84' lang='grc' dir='ltr'>τῆς</span> <span class='ocrx_word' id='word_1_84' title='bbox 1018 1918 1105 1960; x_wconf 81' lang='grc' dir='ltr'>του</span> <span class='ocrx_word' id='word_1_85' title='bbox 1138 1918 1464 1980; x_wconf 75' lang='grc' dir='ltr'>Δημιουργοῦ</span> <span class='ocrx_word' id='word_1_86' title='bbox 1503 1930 1888 1982; x_wconf 86' lang='grc' dir='ltr'>χρηστότητος,</span> 
     </span>
    </p>
   </div>
   <div class='ocr_carea' id='block_1_16' title="bbox 326 1995 1891 2067">
    <p class='ocr_par' dir='ltr' id='par_1_16' title="bbox 326 1995 1891 2067">
     <span class='ocr_line' id='line_1_16' title="bbox 326 1995 1891 2067; baseline 0 -20"><span class='ocrx_word' id='word_1_87' title='bbox 326 1996 704 2067; x_wconf 74' lang='grc' dir='ltr'>ἀνεξερεύνητον</span> <span class='ocrx_word' id='word_1_88' title='bbox 734 2000 820 2064; x_wconf 78' lang='grc' dir='ltr'>μεν</span> <span class='ocrx_word' id='word_1_89' title='bbox 850 2000 970 2045; x_wconf 78' lang='grc' dir='ltr'>ὄντα</span> <span class='ocrx_word' id='word_1_90' title='bbox 1024 2002 1281 2058; x_wconf 64' lang='grc' dir='ltr'>νοήσεσιν,</span> <span class='ocrx_word' id='word_1_91' title='bbox 1318 1995 1604 2065; x_wconf 85' lang='grc' dir='ltr'>ἀδιήγητον</span> <span class='ocrx_word' id='word_1_92' title='bbox 1638 1996 1693 2048; x_wconf 64' lang='grc' dir='ltr'>δε</span> <span class='ocrx_word' id='word_1_93' title='bbox 1719 1998 1891 2066; x_wconf 80' lang='grc' dir='ltr'>γλῶσ-</span> 
     </span>
    </p>
   </div>
   <div class='ocr_carea' id='block_1_17' title="bbox 330 2080 1887 2155">
    <p class='ocr_par' dir='ltr' id='par_1_17' title="bbox 330 2080 1887 2155">
     <span class='ocr_line' id='line_1_17' title="bbox 330 2080 1887 2155; baseline -0.001 -21"><span class='ocrx_word' id='word_1_94' title='bbox 330 2103 445 2143; x_wconf 89' lang='grc' dir='ltr'>σαις</span> <span class='ocrx_word' id='word_1_95' title='bbox 488 2087 829 2153; x_wconf 77' lang='grc' dir='ltr'>τηρούμενον·</span> <span class='ocrx_word' id='word_1_96' title='bbox 879 2083 1009 2133; x_wconf 82' lang='grc' dir='ltr'>ούτω</span> <span class='ocrx_word' id='word_1_97' title='bbox 1057 2080 1123 2139; x_wconf 81' lang='grc' dir='ltr'>δὴ</span> <span class='ocrx_word' id='word_1_98' title='bbox 1173 2084 1363 2133; x_wconf 88' lang='grc' dir='ltr'>πολλῶν</span> <span class='ocrx_word' id='word_1_99' title='bbox 1410 2086 1887 2155; x_wconf 84' lang='grc' dir='ltr'>ύπερανεστηκότων</span> 
     </span>
    </p>
   </div>
   <div class='ocr_carea' id='block_1_18' title="bbox 326 2170 1888 2241">
    <p class='ocr_par' dir='ltr' id='par_1_18' title="bbox 326 2170 1888 2241">
     <span class='ocr_line' id='line_1_18' title="bbox 326 2170 1888 2241; baseline -0.001 -19"><span class='ocrx_word' id='word_1_100' title='bbox 326 2172 645 2239; x_wconf 68' lang='grc' dir='ltr'>εὐεργεσιῶν,</span> <span class='ocrx_word' id='word_1_101' title='bbox 723 2176 808 2220; x_wconf 80' lang='grc' dir='ltr'>καὶ</span> <span class='ocrx_word' id='word_1_102' title='bbox 1028 2170 1230 2239; x_wconf 75' lang='grc' dir='ltr'>ἀλήπτῳ</span> <span class='ocrx_word' id='word_1_103' title='bbox 1318 2174 1732 2241; x_wconf 73' lang='grc' dir='ltr'>θαυμαζομένων,</span> <span class='ocrx_word' id='word_1_104' title='bbox 1801 2176 1888 2221; x_wconf 83' lang='grc' dir='ltr'>καὶ</span> 
     </span>
    </p>
   </div>
   <div class='ocr_carea' id='block_1_19' title="bbox 326 2254 1888 2328">
    <p class='ocr_par' dir='ltr' id='par_1_19' title="bbox 326 2254 1888 2328">
     <span class='ocr_line' id='line_1_19' title="bbox 326 2254 1888 2328; baseline 0.001 -20"><span class='ocrx_word' id='word_1_105' title='bbox 326 2263 488 2327; x_wconf 74' lang='grc' dir='ltr'>ταύτῃ</span> <span class='ocrx_word' id='word_1_106' title='bbox 540 2262 729 2314; x_wconf 90' lang='grc' dir='ltr'>ταύτην</span> <span class='ocrx_word' id='word_1_107' title='bbox 775 2262 863 2314; x_wconf 80' lang='grc' dir='ltr'>τὴν</span> <span class='ocrx_word' id='word_1_108' title='bbox 909 2254 1229 2326; x_wconf 78' lang='grc' dir='ltr'>δοξολογίαν,</span> <span class='ocrx_word' id='word_1_109' title='bbox 1263 2259 1304 2309; x_wconf 78' lang='grc' dir='ltr'>εὶ</span> <span class='ocrx_word' id='word_1_110' title='bbox 1346 2264 1415 2328; x_wconf 78' lang='grc' dir='ltr'>μη</span> <span class='ocrx_word' id='word_1_111' title='bbox 1462 2278 1572 2309; x_wconf 87' lang='grc' dir='ltr'>τινα</span> <span class='ocrx_word' id='word_1_112' title='bbox 1613 2259 1787 2319; x_wconf 74' lang='grc' dir='ltr'>ἀλλην,</span> <span class='ocrx_word' id='word_1_113' title='bbox 1838 2258 1888 2319; x_wconf 82' lang='grc' dir='ltr'>ἐξ</span> 
     </span>
    </p>
   </div>
   <div class='ocr_carea' id='block_1_20' title="bbox 329 2345 1888 2416">
    <p class='ocr_par' dir='ltr' id='par_1_20' title="bbox 329 2345 1888 2416">
     <span class='ocr_line' id='line_1_20' title="bbox 329 2345 1888 2416; baseline 0.001 -22"><span class='ocrx_word' id='word_1_114' title='bbox 329 2350 467 2413; x_wconf 64' lang='grc' dir='ltr'>ἡμῶν</span> <span class='ocrx_word' id='word_1_115' title='bbox 515 2346 683 2403; x_wconf 79' lang='grc' dir='ltr'>αύτοῖς</span> <span class='ocrx_word' id='word_1_116' title='bbox 731 2350 1211 2414; x_wconf 82' lang='grc' dir='ltr'>προσοικειουμένῳ.</span> <span class='ocrx_word' id='word_1_117' title='bbox 1272 2345 1383 2398; x_wconf 52' lang='lat' dir='ltr'><strong>&quot;Eri.</strong></span> <span class='ocrx_word' id='word_1_118' title='bbox 1426 2348 1609 2416; x_wconf 82' lang='grc' dir='ltr'>μᾶλλον</span> <span class='ocrx_word' id='word_1_119' title='bbox 1652 2347 1888 2407; x_wconf 84' lang='grc' dir='ltr'>ἐξαισίως</span> 
     </span>
    </p>
   </div>
   <div class='ocr_carea' id='block_1_21' title="bbox 327 2431 1887 2503">
    <p class='ocr_par' dir='ltr' id='par_1_21' title="bbox 327 2431 1887 2503">
     <span class='ocr_line' id='line_1_21' title="bbox 327 2431 1887 2503; baseline 0.001 -19"><span class='ocrx_word' id='word_1_120' title='bbox 327 2431 677 2501; x_wconf 84' lang='grc' dir='ltr'>διανυμνιίται</span> <span class='ocrx_word' id='word_1_121' title='bbox 747 2439 832 2483; x_wconf 79' lang='grc' dir='ltr'>καὶ</span> <span class='ocrx_word' id='word_1_122' title='bbox 891 2434 1224 2501; x_wconf 85' lang='grc' dir='ltr'>μεγαλύνεται</span> <span class='ocrx_word' id='word_1_123' title='bbox 1292 2438 1349 2484; x_wconf 86' lang='grc' dir='ltr'>τὸ</span> <span class='ocrx_word' id='word_1_124' title='bbox 1414 2443 1501 2493; x_wconf 86' lang='grc' dir='ltr'>τῆς</span> <span class='ocrx_word' id='word_1_125' title='bbox 1573 2437 1684 2485; x_wconf 82' lang='grc' dir='ltr'>καθ’</span> <span class='ocrx_word' id='word_1_126' title='bbox 1752 2437 1887 2503; x_wconf 78' lang='grc' dir='ltr'>ἡμᾶς</span> 
     </span>
    </p>
   </div>
   <div class='ocr_carea' id='block_1_22' title="bbox 328 2521 1888 2593">
    <p class='ocr_par' dir='ltr' id='par_1_22' title="bbox 328 2521 1888 2593">
     <span class='ocr_line' id='line_1_22' title="bbox 328 2521 1888 2593; baseline 0.001 -22"><span class='ocrx_word' id='word_1_127' title='bbox 328 2524 593 2593; x_wconf 82' lang='grc' dir='ltr'>ίεραρχίας</span> <span class='ocrx_word' id='word_1_128' title='bbox 641 2525 948 2590; x_wconf 76' lang='grc' dir='ltr'>μυστήριον,</span> <span class='ocrx_word' id='word_1_129' title='bbox 998 2527 1094 2572; x_wconf 81' lang='grc' dir='ltr'>Καὶ</span> <span class='ocrx_word' id='word_1_130' title='bbox 1131 2524 1227 2590; x_wconf 78' lang='grc' dir='ltr'>γὰρ</span> <span class='ocrx_word' id='word_1_131' title='bbox 1282 2521 1489 2581; x_wconf 83' lang='grc' dir='ltr'>ἀπάσης</span> <span class='ocrx_word' id='word_1_132' title='bbox 1520 2522 1808 2592; x_wconf 71' lang='grc' dir='ltr'>εὐεργεσίας</span> <span class='ocrx_word' id='word_1_133' title='bbox 1839 2541 1888 2573; x_wconf 91' lang='grc' dir='ltr'>τε</span> 
     </span>
    </p>
   </div>
   <div class='ocr_carea' id='block_1_23' title="bbox 324 2609 1887 2679">
    <p class='ocr_par' dir='ltr' id='par_1_23' title="bbox 324 2609 1887 2679">
     <span class='ocr_line' id='line_1_23' title="bbox 324 2609 1887 2679; baseline 0.001 -21"><span class='ocrx_word' id='word_1_134' title='bbox 324 2616 414 2659; x_wconf 85' lang='grc' dir='ltr'>και</span> <span class='ocrx_word' id='word_1_135' title='bbox 466 2609 843 2679; x_wconf 69' lang='grc' dir='ltr'>φιλανθρωπίας</span> <span class='ocrx_word' id='word_1_136' title='bbox 880 2612 966 2658; x_wconf 81' lang='grc' dir='ltr'>καὶ</span> <span class='ocrx_word' id='word_1_137' title='bbox 998 2616 1084 2665; x_wconf 86' lang='grc' dir='ltr'>τῆς</span> <span class='ocrx_word' id='word_1_138' title='bbox 1134 2612 1255 2676; x_wconf 87' lang='grc' dir='ltr'>πρὸς</span> <span class='ocrx_word' id='word_1_139' title='bbox 1303 2611 1439 2677; x_wconf 75' lang='grc' dir='ltr'>ἡμᾶς</span> <span class='ocrx_word' id='word_1_140' title='bbox 1484 2612 1647 2660; x_wconf 84' lang='grc' dir='ltr'>θεόθεν</span> <span class='ocrx_word' id='word_1_141' title='bbox 1697 2611 1887 2678; x_wconf 85' lang='grc' dir='ltr'>φιλοτι-</span> 
     </span>
    </p>
   </div>
   <div class='ocr_carea' id='block_1_24' title="bbox 326 2694 1889 2767">
    <p class='ocr_par' dir='ltr' id='par_1_24' title="bbox 326 2694 1889 2767">
     <span class='ocr_line' id='line_1_24' title="bbox 326 2694 1889 2767; baseline 0 -22"><span class='ocrx_word' id='word_1_142' title='bbox 326 2700 447 2764; x_wconf 91' lang='grc' dir='ltr'>μίας</span> <span class='ocrx_word' id='word_1_143' title='bbox 495 2696 620 2744; x_wconf 87' lang='grc' dir='ltr'>πολύ</span> <span class='ocrx_word' id='word_1_144' title='bbox 660 2698 714 2744; x_wconf 86' lang='grc' dir='ltr'>τό</span> <span class='ocrx_word' id='word_1_145' title='bbox 760 2696 1111 2765; x_wconf 67' lang='grc' dir='ltr'>ὑπερκείμενον</span> <span class='ocrx_word' id='word_1_146' title='bbox 1158 2694 1459 2765; x_wconf 74' lang='grc' dir='ltr'>ἀποφέρεται</span> <span class='ocrx_word' id='word_1_147' title='bbox 1495 2717 1505 2727; x_wconf 78' lang='grc'><strong>”</strong></span> <span class='ocrx_word' id='word_1_148' title='bbox 1550 2700 1755 2767; x_wconf 68' lang='grc' dir='ltr'>φοϐερόν</span> <span class='ocrx_word' id='word_1_149' title='bbox 1801 2700 1889 2765; x_wconf 76' lang='grc' dir='ltr'>μεν</span> 
     </span>
    </p>
   </div>
   <div class='ocr_carea' id='block_1_25' title="bbox 321 2781 1889 2852">
    <p class='ocr_par' dir='ltr' id='par_1_25' title="bbox 321 2781 1889 2852">
     <span class='ocr_line' id='line_1_25' title="bbox 321 2781 1889 2852; baseline 0.002 -22"><span class='ocrx_word' id='word_1_150' title='bbox 321 2785 424 2851; x_wconf 85' lang='grc' dir='ltr'>γάρ</span> <span class='ocrx_word' id='word_1_151' title='bbox 476 2782 585 2831; x_wconf 82' lang='grc' dir='ltr'>ἐστι</span> <span class='ocrx_word' id='word_1_152' title='bbox 628 2784 913 2846; x_wconf 83' lang='grc' dir='ltr'>νοούμενον,</span> <span class='ocrx_word' id='word_1_153' title='bbox 968 2781 1284 2850; x_wconf 70' lang='grc' dir='ltr'>ἐπιθυμητὸν</span> <span class='ocrx_word' id='word_1_154' title='bbox 1335 2781 1391 2833; x_wconf 79' lang='grc' dir='ltr'>δε</span> <span class='ocrx_word' id='word_1_155' title='bbox 1430 2790 1541 2843; x_wconf 87' lang='grc' dir='ltr'>ταῖς</span> <span class='ocrx_word' id='word_1_156' title='bbox 1598 2782 1889 2852; x_wconf 88' lang='grc' dir='ltr'>ἀσωμάτοις</span> 
     </span>
    </p>
   </div>
   <div class='ocr_carea' id='block_1_26' title="bbox 326 2866 1888 2936">
    <p class='ocr_par' dir='ltr' id='par_1_26' title="bbox 326 2866 1888 2936">
     <span class='ocr_line' id='line_1_26' title="bbox 326 2866 1888 2936; baseline 0 -18"><span class='ocrx_word' id='word_1_157' title='bbox 326 2876 413 2919; x_wconf 81' lang='grc' dir='ltr'>καὶ</span> <span class='ocrx_word' id='word_1_158' title='bbox 454 2872 609 2927; x_wconf 83' lang='grc' dir='ltr'>θείαις</span> <span class='ocrx_word' id='word_1_159' title='bbox 656 2866 927 2936; x_wconf 77' lang='grc' dir='ltr'>δυνάμεσι.</span> <span class='ocrx_word' id='word_1_160' title='bbox 978 2874 1075 2919; x_wconf 81' lang='grc' dir='ltr'>Καὶ</span> <span class='ocrx_word' id='word_1_161' title='bbox 1113 2874 1189 2929; x_wconf 85' lang='grc' dir='ltr'>τίς</span> <span class='ocrx_word' id='word_1_162' title='bbox 1229 2872 1287 2919; x_wconf 76' lang='grc' dir='ltr'>ἄν</span> <span class='ocrx_word' id='word_1_163' title='bbox 1326 2869 1498 2921; x_wconf 90' lang='grc' dir='ltr'>ἐννοῶν</span> <span class='ocrx_word' id='word_1_164' title='bbox 1534 2870 1602 2930; x_wconf 86' lang='grc' dir='ltr'>εἰς</span> <span class='ocrx_word' id='word_1_165' title='bbox 1650 2880 1888 2921; x_wconf 83' lang='grc' dir='ltr'>τοσουτον</span> 
     </span>
    </p>
   </div>
   <div class='ocr_carea' id='block_1_27' title="bbox 326 2956 1891 3026">
    <p class='ocr_par' dir='ltr' id='par_1_27' title="bbox 326 2956 1891 3026">
     <span class='ocr_line' id='line_1_27' title="bbox 326 2956 1891 3026; baseline 0.001 -20"><span class='ocrx_word' id='word_1_166' title='bbox 326 2957 457 3024; x_wconf 48' lang='lat' dir='ltr'><strong>tum;</strong></span> <span class='ocrx_word' id='word_1_167' title='bbox 507 2959 837 3025; x_wconf 71' lang='grc' dir='ltr'>ἐπαιρομένην</span> <span class='ocrx_word' id='word_1_168' title='bbox 896 2961 985 3011; x_wconf 84' lang='grc' dir='ltr'>τὴν</span> <span class='ocrx_word' id='word_1_169' title='bbox 1040 2956 1357 3026; x_wconf 82' lang='grc' dir='ltr'>ἀνθρωπίνην</span> <span class='ocrx_word' id='word_1_170' title='bbox 1411 2957 1654 3008; x_wconf 84' lang='grc' dir='ltr'>εύτέλειαν</span> <span class='ocrx_word' id='word_1_171' title='bbox 1704 2964 1773 3026; x_wconf 81' lang='grc' dir='ltr'>μὴ</span> <span class='ocrx_word' id='word_1_172' title='bbox 1807 2956 1891 3007; x_wconf 87' lang='grc' dir='ltr'>ἐκ-</span> 
     </span>
    </p>
   </div>
   <div class='ocr_carea' id='block_1_28' title="bbox 325 3043 1889 3113">
    <p class='ocr_par' dir='ltr' id='par_1_28' title="bbox 325 3043 1889 3113">
     <span class='ocr_line' id='line_1_28' title="bbox 325 3043 1889 3113; baseline 0 -19"><span class='ocrx_word' id='word_1_173' title='bbox 325 3044 541 3111; x_wconf 85' lang='grc' dir='ltr'>πλαγείη</span> <span class='ocrx_word' id='word_1_174' title='bbox 627 3048 708 3092; x_wconf 79' lang='grc' dir='ltr'>τόν</span> <span class='ocrx_word' id='word_1_175' title='bbox 776 3043 1039 3111; x_wconf 80' lang='grc' dir='ltr'>λογισμὸν,</span> <span class='ocrx_word' id='word_1_176' title='bbox 1128 3049 1213 3094; x_wconf 83' lang='grc' dir='ltr'>και</span> <span class='ocrx_word' id='word_1_177' title='bbox 1281 3044 1462 3104; x_wconf 80' lang='grc' dir='ltr'>τάξεως</span> <span class='ocrx_word' id='word_1_178' title='bbox 1525 3044 1889 3113; x_wconf 87' lang='grc' dir='ltr'>ἐπειλημμένην</span> 
     </span>
    </p>
   </div>
   <div class='ocr_carea' id='block_1_29' title="bbox 325 3130 1889 3199">
    <p class='ocr_par' dir='ltr' id='par_1_29' title="bbox 325 3130 1889 3199">
     <span class='ocr_line' id='line_1_29' title="bbox 325 3130 1889 3199; baseline 0.001 -20"><span class='ocrx_word' id='word_1_179' title='bbox 325 3130 599 3199; x_wconf 76' lang='grc' dir='ltr'>ἀγγελικῆς</span> <span class='ocrx_word' id='word_1_180' title='bbox 630 3132 877 3198; x_wconf 81' lang='grc' dir='ltr'>καθορῶν,</span> <span class='ocrx_word' id='word_1_181' title='bbox 922 3130 1013 3179; x_wconf 81' lang='grc' dir='ltr'>ούκ</span> <span class='ocrx_word' id='word_1_182' title='bbox 1067 3132 1124 3178; x_wconf 81' lang='grc' dir='ltr'>οἷν</span> <span class='ocrx_word' id='word_1_183' title='bbox 1172 3133 1384 3186; x_wconf 75' lang='grc' dir='ltr'>ἐκσταίη</span> <span class='ocrx_word' id='word_1_184' title='bbox 1438 3140 1527 3181; x_wconf 83' lang='grc' dir='ltr'>τού</span> <span class='ocrx_word' id='word_1_185' title='bbox 1579 3134 1889 3187; x_wconf 85' lang='grc' dir='ltr'>καθεστηκό-</span> 
     </span>
    </p>
   </div>
   <div class='ocr_carea' id='block_1_30' title="bbox 324 3214 1890 3289">
    <p class='ocr_par' dir='ltr' id='par_1_30' title="bbox 324 3214 1890 3289">
     <span class='ocr_line' id='line_1_30' title="bbox 324 3214 1890 3289; baseline -0.004 -15"><span class='ocrx_word' id='word_1_186' title='bbox 324 3237 407 3276; x_wconf 74' lang='grc' dir='ltr'>τθς</span> <span class='ocrx_word' id='word_1_187' title='bbox 441 3236 453 3277; x_wconf 83' lang='lat'><strong>;</strong></span> <span class='ocrx_word' id='word_1_188' title='bbox 491 3218 702 3275; x_wconf 77' lang='grc' dir='ltr'>Πηλίνας</span> <span class='ocrx_word' id='word_1_189' title='bbox 753 3224 935 3288; x_wconf 84' lang='grc' dir='ltr'>χεῖρας</span> <span class='ocrx_word' id='word_1_190' title='bbox 986 3224 1075 3266; x_wconf 71' lang='grc' dir='ltr'>τού</span> <span class='ocrx_word' id='word_1_191' title='bbox 1123 3216 1369 3268; x_wconf 82' lang='grc' dir='ltr'>ἀστέκτου</span> <span class='ocrx_word' id='word_1_192' title='bbox 1417 3214 1890 3289; x_wconf 74' lang='grc' dir='ltr'>περιδρασσομένας</span> 
     </span>
    </p>
   </div>
   <div class='ocr_carea' id='block_1_31' title="bbox 326 3301 1890 3375">
    <p class='ocr_par' dir='ltr' id='par_1_31' title="bbox 326 3301 1890 3375">
     <span class='ocr_line' id='line_1_31' title="bbox 326 3301 1890 3375; baseline -0.001 -20"><span class='ocrx_word' id='word_1_193' title='bbox 326 3309 505 3373; x_wconf 85' lang='grc' dir='ltr'>πυρός,</span> <span class='ocrx_word' id='word_1_194' title='bbox 561 3310 647 3354; x_wconf 82' lang='grc' dir='ltr'>καὶ</span> <span class='ocrx_word' id='word_1_195' title='bbox 697 3301 866 3363; x_wconf 82' lang='grc' dir='ltr'>πόδας</span> <span class='ocrx_word' id='word_1_196' title='bbox 924 3309 1139 3374; x_wconf 82' lang='grc' dir='ltr'>γεηρούς</span> <span class='ocrx_word' id='word_1_197' title='bbox 1190 3312 1344 3370; x_wconf 81' lang='grc' dir='ltr'>σαρκὶ</span> <span class='ocrx_word' id='word_1_198' title='bbox 1384 3302 1756 3375; x_wconf 73' lang='grc' dir='ltr'>διηρτημένους</span> <span class='ocrx_word' id='word_1_199' title='bbox 1807 3310 1890 3356; x_wconf 87' lang='grc' dir='ltr'>τὸν</span> 
     </span>
    </p>
   </div>
   <div class='ocr_carea' id='block_1_32' title="bbox 326 3391 1885 3463">
    <p class='ocr_par' dir='ltr' id='par_1_32' title="bbox 326 3391 1885 3463">
     <span class='ocr_line' id='line_1_32' title="bbox 326 3391 1885 3463; baseline 0.002 -22"><span class='ocrx_word' id='word_1_200' title='bbox 326 3394 457 3463; x_wconf 80' lang='grc' dir='ltr'>ἱερὸν</span> <span class='ocrx_word' id='word_1_201' title='bbox 486 3396 885 3460; x_wconf 84' lang='grc' dir='ltr'>περιστίχοντας</span> <span class='ocrx_word' id='word_1_202' title='bbox 918 3398 1105 3462; x_wconf 78' lang='grc' dir='ltr'>χῶρον,</span> <span class='ocrx_word' id='word_1_203' title='bbox 1155 3395 1454 3460; x_wconf 78' lang='grc' dir='ltr'>χωροῦντας</span> <span class='ocrx_word' id='word_1_204' title='bbox 1491 3411 1542 3442; x_wconf 92' lang='grc' dir='ltr'>τε</span> <span class='ocrx_word' id='word_1_205' title='bbox 1574 3391 1885 3461; x_wconf 77' lang='grc' dir='ltr'>ἀνθρώπους.</span> 
     </span>
    </p>
   </div>
   <div class='ocr_carea' id='block_1_33' title="bbox 327 3475 1890 3548">
    <p class='ocr_par' dir='ltr' id='par_1_33' title="bbox 327 3475 1890 3548">
     <span class='ocr_line' id='line_1_33' title="bbox 327 3475 1890 3548; baseline 0.001 -21"><span class='ocrx_word' id='word_1_206' title='bbox 327 3479 393 3528; x_wconf 82' lang='grc' dir='ltr'><strong>Ὠ</strong></span> <span class='ocrx_word' id='word_1_207' title='bbox 421 3487 513 3537; x_wconf 84' lang='grc' dir='ltr'>τῆς</span> <span class='ocrx_word' id='word_1_208' title='bbox 568 3484 682 3548; x_wconf 79' lang='grc' dir='ltr'>περὶ</span> <span class='ocrx_word' id='word_1_209' title='bbox 722 3479 855 3544; x_wconf 78' lang='grc' dir='ltr'>ἡμᾶς</span> <span class='ocrx_word' id='word_1_210' title='bbox 911 3485 1001 3527; x_wconf 79' lang='grc' dir='ltr'>τοῦ</span> <span class='ocrx_word' id='word_1_211' title='bbox 1051 3485 1181 3528; x_wconf 78' lang='grc' dir='ltr'>Θεοῦ</span> <span class='ocrx_word' id='word_1_212' title='bbox 1232 3475 1540 3547; x_wconf 79' lang='grc' dir='ltr'>κηδεμονίας</span> <span class='ocrx_word' id='word_1_213' title='bbox 1592 3478 1750 3538; x_wconf 86' lang='grc' dir='ltr'>εἰςτά</span> <span class='ocrx_word' id='word_1_214' title='bbox 1794 3488 1890 3528; x_wconf 87' lang='grc' dir='ltr'>τῶν</span> 
     </span>
    </p>
   </div>
   <div class='ocr_carea' id='block_1_34' title="bbox 327 3561 1890 3634">
    <p class='ocr_par' dir='ltr' id='par_1_34' title="bbox 327 3561 1890 3634">
     <span class='ocr_line' id='line_1_34' title="bbox 327 3561 1890 3634; baseline -0.001 -20"><span class='ocrx_word' id='word_1_215' title='bbox 327 3562 592 3615; x_wconf 73' lang='grc' dir='ltr'>ἀδυνατῶν</span> <span class='ocrx_word' id='word_1_216' title='bbox 640 3561 899 3634; x_wconf 84' lang='grc' dir='ltr'>ἐνδότερα,</span> <span class='ocrx_word' id='word_1_217' title='bbox 953 3570 1039 3613; x_wconf 82' lang='grc' dir='ltr'>καὶ</span> <span class='ocrx_word' id='word_1_218' title='bbox 1070 3571 1155 3620; x_wconf 79' lang='grc' dir='ltr'>την</span> <span class='ocrx_word' id='word_1_219' title='bbox 1187 3562 1419 3633; x_wconf 82' lang='grc' dir='ltr'>φρικώδη</span> <span class='ocrx_word' id='word_1_220' title='bbox 1451 3571 1537 3615; x_wconf 81' lang='grc' dir='ltr'>καὶ</span> <span class='ocrx_word' id='word_1_221' title='bbox 1582 3564 1890 3634; x_wconf 69' lang='grc' dir='ltr'>ἀναίμακτον</span> 
     </span>
    </p>
   </div>
   <div class='ocr_carea' id='block_1_35' title="bbox 328 3650 1889 3721">
    <p class='ocr_par' dir='ltr' id='par_1_35' title="bbox 328 3650 1889 3721">
     <span class='ocr_line' id='line_1_35' title="bbox 328 3650 1889 3721; baseline 0 -20"><span class='ocrx_word' id='word_1_222' title='bbox 328 3654 510 3702; x_wconf 86' lang='grc' dir='ltr'>θυσίαν</span> <span class='ocrx_word' id='word_1_223' title='bbox 560 3650 781 3718; x_wconf 86' lang='grc' dir='ltr'>ἐναίμοις</span> <span class='ocrx_word' id='word_1_224' title='bbox 824 3655 911 3719; x_wconf 79' lang='grc' dir='ltr'>μεν</span> <span class='ocrx_word' id='word_1_225' title='bbox 950 3651 1210 3709; x_wconf 73' lang='grc' dir='ltr'>τελοῦντας</span> <span class='ocrx_word' id='word_1_226' title='bbox 1240 3652 1515 3719; x_wconf 78' lang='grc' dir='ltr'>παλάμαις,</span> <span class='ocrx_word' id='word_1_227' title='bbox 1551 3653 1607 3701; x_wconf 88' lang='grc' dir='ltr'>ού</span> <span class='ocrx_word' id='word_1_228' title='bbox 1652 3652 1889 3721; x_wconf 82' lang='grc' dir='ltr'>καταφλε-</span> 
     </span>
    </p>
   </div>
   <div class='ocr_carea' id='block_1_36' title="bbox 2088 881 3544 1003">
    <p class='ocr_par' dir='ltr' id='par_1_36' title="bbox 2088 881 3544 1003">
     <span class='ocr_line' id='line_1_36' title="bbox 2088 881 3544 1003; baseline 0 -70"><span class='ocrx_word' id='word_1_229' title='bbox 2088 881 2328 948; x_wconf 76' lang='grc' dir='ltr'>Ερίειοία</span> <span class='ocrx_word' id='word_1_230' title='bbox 2358 881 2702 949; x_wconf 69' lang='lat' dir='ltr'><strong>inungui-alis</strong></span> <span class='ocrx_word' id='word_1_231' title='bbox 2726 881 2913 1003; x_wconf 58' lang='lat' dir='ltr'><strong>fhotii&#39;</strong></span> <span class='ocrx_word' id='word_1_232' title='bbox 2938 881 3008 934; x_wconf 74' lang='lat' dir='ltr'>ad</span> <span class='ocrx_word' id='word_1_233' title='bbox 3035 881 3321 935; x_wconf 80' lang='lat' dir='ltr'><strong>Ecclesium</strong></span> <span class='ocrx_word' id='word_1_234' title='bbox 3352 881 3544 933; x_wconf 77' lang='lat' dir='ltr'><strong>Antio—</strong></span> 
     </span>
     <span class='ocr_line' id='line_1_37' title="bbox 2696 967 2915 1003; baseline 0 0"><span class='ocrx_word' id='word_1_235' title='bbox 2696 967 2723 1003; x_wconf 78' lang='grc' dir='ltr'>ο</span> <span class='ocrx_word' id='word_1_236' title='bbox 2761 968 2915 1003; x_wconf 80' lang='lat' dir='ltr'><strong>cnam</strong></span> 
     </span>
    </p>
   </div>
   <div class='ocr_carea' id='block_1_37' title="bbox 2696 967 2915 1004">
    <p class='ocr_par' dir='ltr' id='par_1_37' title="bbox 2696 967 2915 1004">
     <span class='ocr_line' id='line_1_38' title="bbox 2696 967 2915 1004; baseline 0.005 -1"><span class='ocrx_word' id='word_1_237' title='bbox 2696 967 2915 1004; x_wconf 75' lang='lat' dir='ltr'><strong>caenam</strong></span> 
     </span>
    </p>
   </div>
   <div class='ocr_carea' id='block_1_38' title="bbox 2068 1035 3622 1106">
    <p class='ocr_par' dir='ltr' id='par_1_38' title="bbox 2068 1035 3622 1106">
     <span class='ocr_line' id='line_1_39' title="bbox 2068 1035 3622 1106; baseline 0.001 -18"><span class='ocrx_word' id='word_1_238' title='bbox 2068 1037 2161 1089; x_wconf 85' lang='lat' dir='ltr'>Dei</span> <span class='ocrx_word' id='word_1_239' title='bbox 2243 1038 2667 1103; x_wconf 82' lang='lat' dir='ltr'>amantissimis,</span> <span class='ocrx_word' id='word_1_240' title='bbox 2748 1038 3115 1091; x_wconf 79' lang='lat' dir='ltr'>sanctissimis</span> <span class='ocrx_word' id='word_1_241' title='bbox 3189 1037 3435 1106; x_wconf 89' lang='lat' dir='ltr'><strong>co&#39;legis,</strong></span> <span class='ocrx_word' id='word_1_242' title='bbox 3525 1035 3622 1090; x_wconf 80' lang='lat' dir='ltr'><strong>Dei</strong></span> 
     </span>
    </p>
   </div>
   <div class='ocr_carea' id='block_1_39' title="bbox 1997 1122 3619 1193">
    <p class='ocr_par' dir='ltr' id='par_1_39' title="bbox 1997 1122 3619 1193">
     <span class='ocr_line' id='line_1_40' title="bbox 1997 1122 3619 1193; baseline 0.001 -18"><span class='ocrx_word' id='word_1_243' title='bbox 1997 1122 2195 1176; x_wconf 80' lang='lat' dir='ltr'>cultori</span> <span class='ocrx_word' id='word_1_244' title='bbox 2241 1140 2537 1177; x_wconf 76' lang='lat' dir='ltr'><strong>ceconomo</strong></span> <span class='ocrx_word' id='word_1_245' title='bbox 2580 1129 2633 1177; x_wconf 92' lang='lat' dir='ltr'>et</span> <span class='ocrx_word' id='word_1_246' title='bbox 2681 1125 3023 1193; x_wconf 80' lang='lat' dir='ltr'>procuratori</span> <span class='ocrx_word' id='word_1_247' title='bbox 3072 1124 3325 1178; x_wconf 69' lang='lat' dir='ltr'><strong>Ecclesia:</strong></span> <span class='ocrx_word' id='word_1_248' title='bbox 3378 1124 3619 1178; x_wconf 82' lang='lat' dir='ltr'><strong>civitatis</strong></span> 
     </span>
    </p>
   </div>
   <div class='ocr_carea' id='block_1_40' title="bbox 1999 1211 3610 1281">
    <p class='ocr_par' dir='ltr' id='par_1_40' title="bbox 1999 1211 3610 1281">
     <span class='ocr_line' id='line_1_41' title="bbox 1999 1211 3610 1281; baseline 0.001 -19"><span class='ocrx_word' id='word_1_249' title='bbox 1999 1211 2111 1273; x_wconf 90' lang='lat' dir='ltr'><strong>Dei,</strong></span> <span class='ocrx_word' id='word_1_250' title='bbox 2148 1212 2374 1265; x_wconf 85' lang='lat' dir='ltr'><strong>Photius</strong></span> <span class='ocrx_word' id='word_1_251' title='bbox 2415 1212 2929 1280; x_wconf 82' lang='lat' dir='ltr'><strong>Constantinopolis</strong></span> <span class='ocrx_word' id='word_1_252' title='bbox 2962 1228 3119 1265; x_wconf 63' lang='lat' dir='ltr'><strong>novas</strong></span> <span class='ocrx_word' id='word_1_253' title='bbox 3168 1212 3357 1265; x_wconf 67' lang='lat' dir='ltr'><strong>Romae</strong></span> <span class='ocrx_word' id='word_1_254' title='bbox 3411 1214 3610 1281; x_wconf 89' lang='lat' dir='ltr'><strong>episco-</strong></span> 
     </span>
    </p>
   </div>
   <div class='ocr_carea' id='block_1_41' title="bbox 1997 1314 2116 1367">
    <p class='ocr_par' dir='ltr' id='par_1_41' title="bbox 1997 1314 2116 1367">
     <span class='ocr_line' id='line_1_42' title="bbox 1997 1314 2116 1367; baseline -0.017 -16"><span class='ocrx_word' id='word_1_255' title='bbox 1997 1314 2116 1367; x_wconf 90' lang='lat' dir='ltr'><strong>pus.</strong></span> 
     </span>
    </p>
   </div>
   <div class='ocr_carea' id='block_1_42' title="bbox 2067 1386 3616 1455">
    <p class='ocr_par' dir='ltr' id='par_1_42' title="bbox 2067 1386 3616 1455">
     <span class='ocr_line' id='line_1_43' title="bbox 2067 1386 3616 1455; baseline 0.001 -17"><span class='ocrx_word' id='word_1_256' title='bbox 2067 1387 2533 1455; x_wconf 84' lang='lat' dir='ltr'><strong>Quandoquidem</strong></span> <span class='ocrx_word' id='word_1_257' title='bbox 2612 1387 2861 1440; x_wconf 82' lang='lat' dir='ltr'><strong>maxima</strong></span> <span class='ocrx_word' id='word_1_258' title='bbox 2928 1388 3147 1441; x_wconf 82' lang='lat' dir='ltr'><strong>ecelitus</strong></span> <span class='ocrx_word' id='word_1_259' title='bbox 3218 1388 3362 1439; x_wconf 87' lang='lat' dir='ltr'><strong>bona</strong></span> <span class='ocrx_word' id='word_1_260' title='bbox 3433 1386 3616 1439; x_wconf 87' lang='lat' dir='ltr'><strong>sortiti</strong></span> 
     </span>
    </p>
   </div>
   <div class='ocr_carea' id='block_1_43' title="bbox 1997 1475 3619 1543">
    <p class='ocr_par' dir='ltr' id='par_1_43' title="bbox 1997 1475 3619 1543">
     <span class='ocr_line' id='line_1_44' title="bbox 1997 1475 3619 1543; baseline 0.001 -18"><span class='ocrx_word' id='word_1_261' title='bbox 1997 1489 2211 1535; x_wconf 85' lang='lat' dir='ltr'><strong>sumus,</strong></span> <span class='ocrx_word' id='word_1_262' title='bbox 2254 1491 2488 1542; x_wconf 89' lang='lat' dir='ltr'><strong>quorum</strong></span> <span class='ocrx_word' id='word_1_263' title='bbox 2543 1491 2839 1528; x_wconf 84' lang='lat' dir='ltr'><strong>numerum</strong></span> <span class='ocrx_word' id='word_1_264' title='bbox 2885 1491 3064 1543; x_wconf 89' lang='lat' dir='ltr'><strong>neque</strong></span> <span class='ocrx_word' id='word_1_265' title='bbox 3103 1475 3406 1543; x_wconf 85' lang='lat' dir='ltr'><strong>cogitando</strong></span> <span class='ocrx_word' id='word_1_266' title='bbox 3439 1492 3619 1543; x_wconf 90' lang='lat' dir='ltr'><strong>neque</strong></span> 
     </span>
    </p>
   </div>
   <div class='ocr_carea' id='block_1_44' title="bbox 1998 1561 3613 1629">
    <p class='ocr_par' dir='ltr' id='par_1_44' title="bbox 1998 1561 3613 1629">
     <span class='ocr_line' id='line_1_45' title="bbox 1998 1561 3613 1629; baseline 0.002 -18"><span class='ocrx_word' id='word_1_267' title='bbox 1998 1561 2380 1629; x_wconf 86' lang='lat' dir='ltr'><strong>proloquendo</strong></span> <span class='ocrx_word' id='word_1_268' title='bbox 2429 1562 2646 1629; x_wconf 85' lang='lat' dir='ltr'><strong>assequi</strong></span> <span class='ocrx_word' id='word_1_269' title='bbox 2692 1563 2965 1624; x_wconf 89' lang='lat' dir='ltr'><strong>valemus,</strong></span> <span class='ocrx_word' id='word_1_270' title='bbox 3019 1562 3193 1614; x_wconf 89' lang='lat' dir='ltr'><strong>animi</strong></span> <span class='ocrx_word' id='word_1_271' title='bbox 3243 1562 3613 1615; x_wconf 86' lang='lat' dir='ltr'><strong>nihilominus</strong></span> 
     </span>
    </p>
   </div>
   <div class='ocr_carea' id='block_1_45' title="bbox 1996 1649 3614 1717">
    <p class='ocr_par' dir='ltr' id='par_1_45' title="bbox 1996 1649 3614 1717">
     <span class='ocr_line' id='line_1_46' title="bbox 1996 1649 3614 1717; baseline 0.002 -19"><span class='ocrx_word' id='word_1_272' title='bbox 1996 1649 2137 1716; x_wconf 80' lang='lat' dir='ltr'><strong>grati</strong></span> <span class='ocrx_word' id='word_1_273' title='bbox 2166 1649 2425 1700; x_wconf 76' lang='lat' dir='ltr'><strong>affectum</strong></span> <span class='ocrx_word' id='word_1_274' title='bbox 2460 1650 2804 1701; x_wconf 81' lang='lat' dir='ltr'><strong>servabimus</strong></span> <span class='ocrx_word' id='word_1_275' title='bbox 2831 1655 3100 1717; x_wconf 85' lang='lat' dir='ltr'><strong>quotquot</strong></span> <span class='ocrx_word' id='word_1_276' title='bbox 3135 1650 3355 1717; x_wconf 89' lang='lat' dir='ltr'><strong>pietatis</strong></span> <span class='ocrx_word' id='word_1_277' title='bbox 3386 1665 3614 1702; x_wconf 86' lang='lat' dir='ltr'><strong>sensum</strong></span> 
     </span>
    </p>
   </div>
   <div class='ocr_carea' id='block_1_46' title="bbox 1998 1722 3616 1803">
    <p class='ocr_par' dir='ltr' id='par_1_46' title="bbox 1998 1722 3616 1803">
     <span class='ocr_line' id='line_1_47' title="bbox 1998 1722 3616 1803; baseline 0.001 -18"><span class='ocrx_word' id='word_1_278' title='bbox 1998 1748 2107 1785; x_wconf 90' lang='lat' dir='ltr'>non</span> <span class='ocrx_word' id='word_1_279' title='bbox 2151 1735 2477 1803; x_wconf 83' lang='lat' dir='ltr'><strong>abjecimus.</strong></span> <span class='ocrx_word' id='word_1_280' title='bbox 2506 1722 2574 1786; x_wconf 61' lang='grc' dir='ltr'>Ἐἰ</span> <span class='ocrx_word' id='word_1_281' title='bbox 2618 1751 2676 1787; x_wconf 88' lang='lat' dir='ltr'>re</span> <span class='ocrx_word' id='word_1_282' title='bbox 2726 1751 2855 1787; x_wconf 89' lang='lat' dir='ltr'><strong>vera</strong></span> <span class='ocrx_word' id='word_1_283' title='bbox 2898 1734 3120 1802; x_wconf 87' lang='lat' dir='ltr'><strong>quidem</strong></span> <span class='ocrx_word' id='word_1_284' title='bbox 3173 1750 3273 1788; x_wconf 90' lang='lat' dir='ltr'>nec</span> <span class='ocrx_word' id='word_1_285' title='bbox 3316 1752 3475 1787; x_wconf 87' lang='lat' dir='ltr'><strong>mens</strong></span> <span class='ocrx_word' id='word_1_286' title='bbox 3522 1736 3616 1787; x_wconf 88' lang='lat' dir='ltr'><strong>hu-</strong></span> 
     </span>
    </p>
   </div>
   <div class='ocr_carea' id='block_1_47' title="bbox 1998 1820 3619 1891">
    <p class='ocr_par' dir='ltr' id='par_1_47' title="bbox 1998 1820 3619 1891">
     <span class='ocr_line' id='line_1_48' title="bbox 1998 1820 3619 1891; baseline 0 -18"><span class='ocrx_word' id='word_1_287' title='bbox 1998 1836 2164 1873; x_wconf 89' lang='lat' dir='ltr'><strong>mana</strong></span> <span class='ocrx_word' id='word_1_288' title='bbox 2212 1820 2670 1889; x_wconf 86' lang='lat' dir='ltr'><strong>comprehendet,</strong></span> <span class='ocrx_word' id='word_1_289' title='bbox 2724 1838 2821 1874; x_wconf 92' lang='lat' dir='ltr'>nec</span> <span class='ocrx_word' id='word_1_290' title='bbox 2868 1838 2967 1874; x_wconf 78' lang='lat' dir='ltr'>vox</span> <span class='ocrx_word' id='word_1_291' title='bbox 3012 1822 3247 1875; x_wconf 90' lang='lat' dir='ltr'><strong>sufﬁciet</strong></span> <span class='ocrx_word' id='word_1_292' title='bbox 3301 1824 3371 1874; x_wconf 91' lang='lat' dir='ltr'>ad</span> <span class='ocrx_word' id='word_1_293' title='bbox 3422 1822 3619 1891; x_wconf 58' lang='lat' dir='ltr'><strong>pradi-</strong></span> 
     </span>
    </p>
   </div>
   <div class='ocr_carea' id='block_1_48' title="bbox 1996 1908 3611 1978">
    <p class='ocr_par' dir='ltr' id='par_1_48' title="bbox 1996 1908 3611 1978">
     <span class='ocr_line' id='line_1_49' title="bbox 1996 1908 3611 1978; baseline 0.001 -17"><span class='ocrx_word' id='word_1_294' title='bbox 1996 1908 2238 1961; x_wconf 92' lang='lat' dir='ltr'><strong>candum</strong></span> <span class='ocrx_word' id='word_1_295' title='bbox 2293 1908 2571 1963; x_wconf 89' lang='lat' dir='ltr'><strong>Creatoris</strong></span> <span class='ocrx_word' id='word_1_296' title='bbox 2622 1908 2844 1960; x_wconf 88' lang='lat' dir='ltr'><strong>divitias</strong></span> <span class='ocrx_word' id='word_1_297' title='bbox 2898 1909 3182 1971; x_wconf 89' lang='lat' dir='ltr'><strong>bonitatis,</strong></span> <span class='ocrx_word' id='word_1_298' title='bbox 3235 1909 3437 1978; x_wconf 87' lang='lat' dir='ltr'><strong>quippe</strong></span> <span class='ocrx_word' id='word_1_299' title='bbox 3490 1925 3611 1978; x_wconf 66' lang='lat' dir='ltr'><strong>quae</strong></span> 
     </span>
    </p>
   </div>
   <div class='ocr_carea' id='block_1_49' title="bbox 1998 1995 3616 2064">
    <p class='ocr_par' dir='ltr' id='par_1_49' title="bbox 1998 1995 3616 2064">
     <span class='ocr_line' id='line_1_50' title="bbox 1998 1995 3616 2064; baseline 0.002 -17"><span class='ocrx_word' id='word_1_300' title='bbox 1998 1995 2530 2063; x_wconf 73' lang='lat' dir='ltr'><strong>impervestigabiles</strong></span> <span class='ocrx_word' id='word_1_301' title='bbox 2587 1997 2795 2048; x_wconf 71' lang='lat' dir='ltr'><strong>eaedem</strong></span> <span class='ocrx_word' id='word_1_302' title='bbox 2839 2012 2901 2047; x_wconf 89' lang='lat' dir='ltr'>ac</span> <span class='ocrx_word' id='word_1_303' title='bbox 2960 1995 3264 2049; x_wconf 67' lang='lat' dir='ltr'><strong>ineffabiles</strong></span> <span class='ocrx_word' id='word_1_304' title='bbox 3318 2000 3616 2064; x_wconf 86' lang='lat' dir='ltr'><strong>apparent.</strong></span> 
     </span>
    </p>
   </div>
   <div class='ocr_carea' id='block_1_50' title="bbox 1996 2082 3614 2151">
    <p class='ocr_par' dir='ltr' id='par_1_50' title="bbox 1996 2082 3614 2151">
     <span class='ocr_line' id='line_1_51' title="bbox 1996 2082 3614 2151; baseline 0.002 -18"><span class='ocrx_word' id='word_1_305' title='bbox 1996 2082 2172 2147; x_wconf 78' lang='lat' dir='ltr'><strong>Hujus</strong></span> <span class='ocrx_word' id='word_1_306' title='bbox 2225 2082 2301 2134; x_wconf 86' lang='lat' dir='ltr'>rei</span> <span class='ocrx_word' id='word_1_307' title='bbox 2345 2083 2612 2135; x_wconf 89' lang='lat' dir='ltr'><strong>beneﬁcio</strong></span> <span class='ocrx_word' id='word_1_308' title='bbox 2660 2082 3019 2135; x_wconf 84' lang='lat' dir='ltr'><strong>admirationi</strong></span> <span class='ocrx_word' id='word_1_309' title='bbox 3060 2100 3273 2139; x_wconf 86' lang='lat' dir='ltr'><strong>sumus.</strong></span> <span class='ocrx_word' id='word_1_310' title='bbox 3316 2083 3447 2151; x_wconf 87' lang='lat' dir='ltr'><strong>quia</strong></span> <span class='ocrx_word' id='word_1_311' title='bbox 3473 2084 3614 2137; x_wconf 88' lang='lat' dir='ltr'><strong>hanc</strong></span> 
     </span>
    </p>
   </div>
   <div class='ocr_carea' id='block_1_51' title="bbox 1996 2168 3614 2239">
    <p class='ocr_par' dir='ltr' id='par_1_51' title="bbox 1996 2168 3614 2239">
     <span class='ocr_line' id='line_1_52' title="bbox 1996 2168 3614 2239; baseline 0.002 -20"><span class='ocrx_word' id='word_1_312' title='bbox 1996 2168 2217 2230; x_wconf 88' lang='lat' dir='ltr'><strong>saltem,</strong></span> <span class='ocrx_word' id='word_1_313' title='bbox 2252 2168 2295 2222; x_wconf 89' lang='lat' dir='ltr'>si</span> <span class='ocrx_word' id='word_1_314' title='bbox 2337 2185 2447 2222; x_wconf 93' lang='lat' dir='ltr'>non</span> <span class='ocrx_word' id='word_1_315' title='bbox 2510 2170 2702 2231; x_wconf 89' lang='lat' dir='ltr'><strong>aliam,</strong></span> <span class='ocrx_word' id='word_1_316' title='bbox 2766 2170 3002 2239; x_wconf 83' lang='lat' dir='ltr'><strong>gloriam</strong></span> <span class='ocrx_word' id='word_1_317' title='bbox 3064 2171 3344 2223; x_wconf 82' lang='lat' dir='ltr'><strong>consecuti</strong></span> <span class='ocrx_word' id='word_1_318' title='bbox 3400 2187 3614 2223; x_wconf 90' lang='lat' dir='ltr'><strong>sumus.</strong></span> 
     </span>
    </p>
   </div>
   <div class='ocr_carea' id='block_1_52' title="bbox 1994 2256 3616 2326">
    <p class='ocr_par' dir='ltr' id='par_1_52' title="bbox 1994 2256 3616 2326">
     <span class='ocr_line' id='line_1_53' title="bbox 1994 2256 3616 2326; baseline 0.001 -17"><span class='ocrx_word' id='word_1_319' title='bbox 1994 2256 2261 2323; x_wconf 81' lang='lat' dir='ltr'><strong>Maiorem</strong></span> <span class='ocrx_word' id='word_1_320' title='bbox 2304 2262 2489 2310; x_wconf 89' lang='lat' dir='ltr'><strong>autem</strong></span> <span class='ocrx_word' id='word_1_321' title='bbox 2524 2256 2577 2309; x_wconf 92' lang='lat' dir='ltr'>in</span> <span class='ocrx_word' id='word_1_322' title='bbox 2617 2257 2849 2310; x_wconf 91' lang='lat' dir='ltr'><strong>modum</strong></span> <span class='ocrx_word' id='word_1_323' title='bbox 2883 2257 3209 2311; x_wconf 74' lang='lat' dir='ltr'><strong>hierarchite</strong></span> <span class='ocrx_word' id='word_1_324' title='bbox 3255 2264 3460 2312; x_wconf 78' lang='lat' dir='ltr'><strong>nostrae</strong></span> <span class='ocrx_word' id='word_1_325' title='bbox 3494 2276 3616 2326; x_wconf 72' lang='lat' dir='ltr'><strong>my-</strong></span> 
     </span>
    </p>
   </div>
   <div class='ocr_carea' id='block_1_53' title="bbox 1994 2344 3619 2415">
    <p class='ocr_par' dir='ltr' id='par_1_53' title="bbox 1994 2344 3619 2415">
     <span class='ocr_line' id='line_1_54' title="bbox 1994 2344 3619 2415; baseline 0.001 -19"><span class='ocrx_word' id='word_1_326' title='bbox 1994 2344 2224 2397; x_wconf 87' lang='lat' dir='ltr'><strong>sterium</strong></span> <span class='ocrx_word' id='word_1_327' title='bbox 2304 2344 2617 2397; x_wconf 85' lang='lat' dir='ltr'><strong>celebratur</strong></span> <span class='ocrx_word' id='word_1_328' title='bbox 2685 2350 2740 2397; x_wconf 88' lang='lat' dir='ltr'>et</span> <span class='ocrx_word' id='word_1_329' title='bbox 2818 2344 3120 2407; x_wconf 81' lang='lat' dir='ltr'><strong>extollitur,</strong></span> <span class='ocrx_word' id='word_1_330' title='bbox 3184 2346 3386 2415; x_wconf 89' lang='lat' dir='ltr'><strong>quippe</strong></span> <span class='ocrx_word' id='word_1_331' title='bbox 3469 2347 3619 2415; x_wconf 92' lang='lat' dir='ltr'><strong>quod</strong></span> 
     </span>
    </p>
   </div>
   <div class='ocr_carea' id='block_1_54' title="bbox 1996 2431 3620 2500">
    <p class='ocr_par' dir='ltr' id='par_1_54' title="bbox 1996 2431 3620 2500">
     <span class='ocr_line' id='line_1_55' title="bbox 1996 2431 3620 2500; baseline 0 -15"><span class='ocrx_word' id='word_1_332' title='bbox 1996 2447 2157 2485; x_wconf 90' lang='lat' dir='ltr'><strong>omne</strong></span> <span class='ocrx_word' id='word_1_333' title='bbox 2188 2432 2536 2492; x_wconf 82' lang='lat' dir='ltr'><strong>beneficium,</strong></span> <span class='ocrx_word' id='word_1_334' title='bbox 2572 2448 2798 2485; x_wconf 91' lang='lat' dir='ltr'><strong>omnem</strong></span> <span class='ocrx_word' id='word_1_335' title='bbox 2834 2431 2929 2485; x_wconf 91' lang='lat' dir='ltr'><strong>Dei</strong></span> <span class='ocrx_word' id='word_1_336' title='bbox 2960 2448 3088 2500; x_wconf 85' lang='lat' dir='ltr'><strong>erga</strong></span> <span class='ocrx_word' id='word_1_337' title='bbox 3137 2449 3237 2485; x_wconf 91' lang='lat' dir='ltr'>nos</span> <span class='ocrx_word' id='word_1_338' title='bbox 3284 2434 3620 2487; x_wconf 89' lang='lat' dir='ltr'><strong>benevolen-</strong></span> 
     </span>
    </p>
   </div>
   <div class='ocr_carea' id='block_1_55' title="bbox 1994 2518 3615 2589">
    <p class='ocr_par' dir='ltr' id='par_1_55' title="bbox 1994 2518 3615 2589">
     <span class='ocr_line' id='line_1_56' title="bbox 1994 2518 3615 2589; baseline 0 -16"><span class='ocrx_word' id='word_1_339' title='bbox 1994 2520 2130 2573; x_wconf 89' lang='lat' dir='ltr'><strong>tiam</strong></span> <span class='ocrx_word' id='word_1_340' title='bbox 2158 2525 2212 2572; x_wconf 89' lang='lat' dir='ltr'>et</span> <span class='ocrx_word' id='word_1_341' title='bbox 2241 2535 2492 2572; x_wconf 88' lang='lat' dir='ltr'><strong>amorem</strong></span> <span class='ocrx_word' id='word_1_342' title='bbox 2521 2518 2685 2589; x_wconf 88' lang='lat' dir='ltr'><strong>longe</strong></span> <span class='ocrx_word' id='word_1_343' title='bbox 2712 2523 2954 2587; x_wconf 90' lang='lat' dir='ltr'><strong>superat.</strong></span> <span class='ocrx_word' id='word_1_344' title='bbox 2991 2519 3144 2572; x_wconf 90' lang='lat' dir='ltr'><strong>Sicut</strong></span> <span class='ocrx_word' id='word_1_345' title='bbox 3181 2521 3331 2574; x_wconf 92' lang='lat' dir='ltr'><strong>enim</strong></span> <span class='ocrx_word' id='word_1_346' title='bbox 3368 2527 3615 2574; x_wconf 88' lang='lat' dir='ltr'><strong>mentem</strong></span> 
     </span>
    </p>
   </div>
   <div class='ocr_carea' id='block_1_56' title="bbox 1997 2606 3616 2676">
    <p class='ocr_par' dir='ltr' id='par_1_56' title="bbox 1997 2606 3616 2676">
     <span class='ocr_line' id='line_1_57' title="bbox 1997 2606 3616 2676; baseline 0 -16"><span class='ocrx_word' id='word_1_347' title='bbox 1997 2608 2267 2676; x_wconf 89' lang='lat' dir='ltr'><strong>percellit.</strong></span> <span class='ocrx_word' id='word_1_348' title='bbox 2308 2607 2386 2659; x_wconf 91' lang='lat' dir='ltr'>sic</span> <span class='ocrx_word' id='word_1_349' title='bbox 2434 2606 2771 2673; x_wconf 89' lang='lat' dir='ltr'><strong>incorporeis</strong></span> <span class='ocrx_word' id='word_1_350' title='bbox 2810 2611 2862 2659; x_wconf 92' lang='lat' dir='ltr'>et</span> <span class='ocrx_word' id='word_1_351' title='bbox 2894 2607 3094 2659; x_wconf 86' lang='lat' dir='ltr'><strong>divinis</strong></span> <span class='ocrx_word' id='word_1_352' title='bbox 3127 2608 3496 2675; x_wconf 88' lang='lat' dir='ltr'><strong>potestatibus</strong></span> <span class='ocrx_word' id='word_1_353' title='bbox 3530 2625 3616 2661; x_wconf 88' lang='lat' dir='ltr'>res</span> 
     </span>
    </p>
   </div>
   <div class='ocr_carea' id='block_1_57' title="bbox 1996 2692 3614 2755">
    <p class='ocr_par' dir='ltr' id='par_1_57' title="bbox 1996 2692 3614 2755">
     <span class='ocr_line' id='line_1_58' title="bbox 1996 2692 3614 2755; baseline -0.001 -7"><span class='ocrx_word' id='word_1_354' title='bbox 1996 2700 2080 2748; x_wconf 89' lang='lat' dir='ltr'>est</span> <span class='ocrx_word' id='word_1_355' title='bbox 2119 2692 2681 2755; x_wconf 85' lang='lat' dir='ltr'><strong>desiderabilis.0uis</strong></span> <span class='ocrx_word' id='word_1_356' title='bbox 2732 2694 2881 2745; x_wconf 89' lang='lat' dir='ltr'><strong>enim</strong></span> <span class='ocrx_word' id='word_1_357' title='bbox 2938 2693 3099 2746; x_wconf 89' lang='lat' dir='ltr'><strong>vilem</strong></span> <span class='ocrx_word' id='word_1_358' title='bbox 3134 2694 3427 2748; x_wconf 88' lang='lat' dir='ltr'><strong>hominum</strong></span> <span class='ocrx_word' id='word_1_359' title='bbox 3482 2710 3614 2747; x_wconf 84' lang='lat' dir='ltr'><strong>con-</strong></span> 
     </span>
    </p>
   </div>
   <div class='ocr_carea' id='block_1_58' title="bbox 1997 2779 3622 2847">
    <p class='ocr_par' dir='ltr' id='par_1_58' title="bbox 1997 2779 3622 2847">
     <span class='ocr_line' id='line_1_59' title="bbox 1997 2779 3622 2847; baseline 0.001 -13"><span class='ocrx_word' id='word_1_360' title='bbox 1997 2782 2268 2835; x_wconf 87' lang='lat' dir='ltr'><strong>ditionem</strong></span> <span class='ocrx_word' id='word_1_361' title='bbox 2316 2782 2387 2833; x_wconf 90' lang='lat' dir='ltr'>ad</span> <span class='ocrx_word' id='word_1_362' title='bbox 2418 2781 2473 2833; x_wconf 91' lang='lat' dir='ltr'>id</span> <span class='ocrx_word' id='word_1_363' title='bbox 2524 2779 2813 2847; x_wconf 77' lang='lat' dir='ltr'><strong>fastigium</strong></span> <span class='ocrx_word' id='word_1_364' title='bbox 2864 2781 3073 2834; x_wconf 84' lang='lat' dir='ltr'><strong>elatam</strong></span> <span class='ocrx_word' id='word_1_365' title='bbox 3126 2781 3319 2835; x_wconf 91' lang='lat' dir='ltr'><strong>videns</strong></span> <span class='ocrx_word' id='word_1_366' title='bbox 3358 2798 3466 2835; x_wconf 92' lang='lat' dir='ltr'>non</span> <span class='ocrx_word' id='word_1_367' title='bbox 3510 2788 3622 2835; x_wconf 85' lang='lat' dir='ltr'><strong>stu-</strong></span> 
     </span>
    </p>
   </div>
   <div class='ocr_carea' id='block_1_59' title="bbox 1998 2866 3620 2937">
    <p class='ocr_par' dir='ltr' id='par_1_59' title="bbox 1998 2866 3620 2937">
     <span class='ocr_line' id='line_1_60' title="bbox 1998 2866 3620 2937; baseline -0.001 -15"><span class='ocrx_word' id='word_1_368' title='bbox 1998 2867 2231 2937; x_wconf 70' lang='lat' dir='ltr'><strong>pescat?</strong></span> <span class='ocrx_word' id='word_1_369' title='bbox 2257 2867 2378 2935; x_wconf 89' lang='lat' dir='ltr'><strong>quis</strong></span> <span class='ocrx_word' id='word_1_370' title='bbox 2432 2866 2688 2919; x_wconf 88' lang='lat' dir='ltr'><strong>homines</strong></span> <span class='ocrx_word' id='word_1_371' title='bbox 2733 2868 2854 2935; x_wconf 85' lang='lat' dir='ltr'><strong>jam</strong></span> <span class='ocrx_word' id='word_1_372' title='bbox 2900 2867 3129 2935; x_wconf 81' lang='lat' dir='ltr'><strong>angelos</strong></span> <span class='ocrx_word' id='word_1_373' title='bbox 3163 2867 3337 2921; x_wconf 86' lang='lat' dir='ltr'><strong>factos</strong></span> <span class='ocrx_word' id='word_1_374' title='bbox 3370 2884 3481 2921; x_wconf 91' lang='lat' dir='ltr'>non</span> <span class='ocrx_word' id='word_1_375' title='bbox 3518 2868 3620 2921; x_wconf 88' lang='lat' dir='ltr'><strong>mi-</strong></span> 
     </span>
    </p>
   </div>
   <div class='ocr_carea' id='block_1_60' title="bbox 1995 2953 3618 3023">
    <p class='ocr_par' dir='ltr' id='par_1_60' title="bbox 1995 2953 3618 3023">
     <span class='ocr_line' id='line_1_61' title="bbox 1995 2953 3618 3023; baseline -0.001 -15"><span class='ocrx_word' id='word_1_376' title='bbox 1995 2955 2195 3009; x_wconf 84' lang='lat' dir='ltr'><strong>retur?</strong></span> <span class='ocrx_word' id='word_1_377' title='bbox 2218 2954 2411 3007; x_wconf 85' lang='lat' dir='ltr'><strong>Manus</strong></span> <span class='ocrx_word' id='word_1_378' title='bbox 2437 2970 2466 3006; x_wconf 90' lang='lat' dir='ltr'>e</span> <span class='ocrx_word' id='word_1_379' title='bbox 2497 2954 2631 3007; x_wconf 92' lang='lat' dir='ltr'><strong>limo</strong></span> <span class='ocrx_word' id='word_1_380' title='bbox 2677 2953 2938 3007; x_wconf 76' lang='lat' dir='ltr'><strong>formatae</strong></span> <span class='ocrx_word' id='word_1_381' title='bbox 2983 2954 3167 3023; x_wconf 89' lang='lat' dir='ltr'><strong>ignem</strong></span> <span class='ocrx_word' id='word_1_382' title='bbox 3201 2955 3618 3009; x_wconf 87' lang='lat' dir='ltr'><strong>intractabilem</strong></span> 
     </span>
    </p>
   </div>
   <div class='ocr_carea' id='block_1_61' title="bbox 1996 3040 3619 3109">
    <p class='ocr_par' dir='ltr' id='par_1_61' title="bbox 1996 3040 3619 3109">
     <span class='ocr_line' id='line_1_62' title="bbox 1996 3040 3619 3109; baseline 0 -14"><span class='ocrx_word' id='word_1_383' title='bbox 1996 3045 2349 3096; x_wconf 88' lang='lat' dir='ltr'><strong>contrectant</strong></span> <span class='ocrx_word' id='word_1_384' title='bbox 2377 3057 2391 3103; x_wconf 84' lang='lat'><strong>;</strong></span> <span class='ocrx_word' id='word_1_385' title='bbox 2418 3041 2585 3109; x_wconf 88' lang='lat' dir='ltr'><strong>pedes</strong></span> <span class='ocrx_word' id='word_1_386' title='bbox 2629 3040 2875 3109; x_wconf 89' lang='lat' dir='ltr'><strong>argillosi</strong></span> <span class='ocrx_word' id='word_1_387' title='bbox 2909 3046 2963 3093; x_wconf 88' lang='lat' dir='ltr'>et</span> <span class='ocrx_word' id='word_1_388' title='bbox 2991 3057 3158 3095; x_wconf 89' lang='lat' dir='ltr'><strong>carne</strong></span> <span class='ocrx_word' id='word_1_389' title='bbox 3194 3042 3401 3095; x_wconf 78' lang='lat' dir='ltr'><strong>suffulti</strong></span> <span class='ocrx_word' id='word_1_390' title='bbox 3435 3042 3619 3096; x_wconf 89' lang='lat' dir='ltr'><strong>locum</strong></span> 
     </span>
    </p>
   </div>
   <div class='ocr_carea' id='block_1_62' title="bbox 1996 3128 3622 3185">
    <p class='ocr_par' dir='ltr' id='par_1_62' title="bbox 1996 3128 3622 3185">
     <span class='ocr_line' id='line_1_63' title="bbox 1996 3128 3622 3185; baseline 0.001 -2"><span class='ocrx_word' id='word_1_391' title='bbox 1996 3145 2215 3183; x_wconf 82' lang='lat' dir='ltr'><strong>sacrum</strong></span> <span class='ocrx_word' id='word_1_392' title='bbox 2269 3133 2324 3182; x_wconf 88' lang='lat' dir='ltr'>et</span> <span class='ocrx_word' id='word_1_393' title='bbox 2374 3130 2598 3181; x_wconf 89' lang='lat' dir='ltr'><strong>turbam</strong></span> <span class='ocrx_word' id='word_1_394' title='bbox 2653 3128 3020 3182; x_wconf 89' lang='lat' dir='ltr'><strong>circumeunt.</strong></span> <span class='ocrx_word' id='word_1_395' title='bbox 3078 3129 3119 3181; x_wconf 92' lang='grc' dir='ltr'><strong>Ο</strong></span> <span class='ocrx_word' id='word_1_396' title='bbox 3168 3130 3416 3184; x_wconf 89' lang='lat' dir='ltr'><strong>divinam</strong></span> <span class='ocrx_word' id='word_1_397' title='bbox 3474 3132 3622 3185; x_wconf 87' lang='lat' dir='ltr'><strong>circa</strong></span> 
     </span>
    </p>
   </div>
   <div class='ocr_carea' id='block_1_63' title="bbox 1997 3215 3617 3284">
    <p class='ocr_par' dir='ltr' id='par_1_63' title="bbox 1997 3215 3617 3284">
     <span class='ocr_line' id='line_1_64' title="bbox 1997 3215 3617 3284; baseline 0.002 -15"><span class='ocrx_word' id='word_1_398' title='bbox 1997 3233 2099 3269; x_wconf 92' lang='lat' dir='ltr'>nos</span> <span class='ocrx_word' id='word_1_399' title='bbox 2158 3215 2588 3284; x_wconf 85' lang='lat' dir='ltr'><strong>indulgentiam,</strong></span> <span class='ocrx_word' id='word_1_400' title='bbox 2657 3215 2772 3283; x_wconf 88' lang='lat' dir='ltr'><strong>qui,</strong></span> <span class='ocrx_word' id='word_1_401' title='bbox 2850 3216 3056 3268; x_wconf 89' lang='lat' dir='ltr'><strong>mirum</strong></span> <span class='ocrx_word' id='word_1_402' title='bbox 3124 3218 3296 3280; x_wconf 87' lang='lat' dir='ltr'><strong>dictu,</strong></span> <span class='ocrx_word' id='word_1_403' title='bbox 3358 3219 3617 3272; x_wconf 89' lang='lat' dir='ltr'><strong>manibus</strong></span> 
     </span>
    </p>
   </div>
   <div class='ocr_carea' id='block_1_64' title="bbox 1997 3301 3617 3370">
    <p class='ocr_par' dir='ltr' id='par_1_64' title="bbox 1997 3301 3617 3370">
     <span class='ocr_line' id='line_1_65' title="bbox 1997 3301 3617 3370; baseline 0.001 -15"><span class='ocrx_word' id='word_1_404' title='bbox 1997 3303 2240 3356; x_wconf 90' lang='lat' dir='ltr'><strong>cruentis</strong></span> <span class='ocrx_word' id='word_1_405' title='bbox 2311 3302 2647 3355; x_wconf 87' lang='lat' dir='ltr'><strong>sacriﬁcium</strong></span> <span class='ocrx_word' id='word_1_406' title='bbox 2734 3301 3178 3367; x_wconf 91' lang='lat' dir='ltr'><strong>formidandum,</strong></span> <span class='ocrx_word' id='word_1_407' title='bbox 3266 3304 3617 3370; x_wconf 81' lang='lat' dir='ltr'><strong>incruentum</strong></span> 
     </span>
    </p>
   </div>
   <div class='ocr_carea' id='block_1_65' title="bbox 1998 3387 3611 3458">
    <p class='ocr_par' dir='ltr' id='par_1_65' title="bbox 1998 3387 3611 3458">
     <span class='ocr_line' id='line_1_66' title="bbox 1998 3387 3611 3458; baseline 0.001 -16"><span class='ocrx_word' id='word_1_408' title='bbox 1998 3388 2314 3458; x_wconf 88' lang='lat' dir='ltr'><strong>perﬁcimus</strong></span> <span class='ocrx_word' id='word_1_409' title='bbox 2344 3393 2398 3441; x_wconf 88' lang='lat' dir='ltr'>et</span> <span class='ocrx_word' id='word_1_410' title='bbox 2427 3387 2543 3455; x_wconf 83' lang='lat' dir='ltr'><strong>igni</strong></span> <span class='ocrx_word' id='word_1_411' title='bbox 2596 3388 2807 3441; x_wconf 67' lang='lat' dir='ltr'><strong>caelesti</strong></span> <span class='ocrx_word' id='word_1_412' title='bbox 2850 3404 2960 3440; x_wconf 88' lang='lat' dir='ltr'>non</span> <span class='ocrx_word' id='word_1_413' title='bbox 3002 3390 3387 3444; x_wconf 88' lang='lat' dir='ltr'><strong>consumimur</strong></span> <span class='ocrx_word' id='word_1_414' title='bbox 3428 3391 3439 3443; x_wconf 88' lang='lat'><strong>!</strong></span> <span class='ocrx_word' id='word_1_415' title='bbox 3478 3392 3611 3455; x_wconf 88' lang='lat' dir='ltr'><strong>Quis</strong></span> 
     </span>
    </p>
   </div>
   <div class='ocr_carea' id='block_1_66' title="bbox 1998 3475 3619 3545">
    <p class='ocr_par' dir='ltr' id='par_1_66' title="bbox 1998 3475 3619 3545">
     <span class='ocr_line' id='line_1_67' title="bbox 1998 3475 3619 3545; baseline 0.002 -17"><span class='ocrx_word' id='word_1_416' title='bbox 1998 3477 2251 3538; x_wconf 87' lang='lat' dir='ltr'><strong>tandem,</strong></span> <span class='ocrx_word' id='word_1_417' title='bbox 2301 3475 2479 3528; x_wconf 63' lang='lat' dir='ltr'><strong>haece</strong></span> <span class='ocrx_word' id='word_1_418' title='bbox 2542 3475 2754 3538; x_wconf 89' lang='lat' dir='ltr'><strong>videns,</strong></span> <span class='ocrx_word' id='word_1_419' title='bbox 2825 3491 2916 3528; x_wconf 90' lang='lat' dir='ltr'>eos</span> <span class='ocrx_word' id='word_1_420' title='bbox 2982 3477 3076 3545; x_wconf 90' lang='lat' dir='ltr'>qui</span> <span class='ocrx_word' id='word_1_421' title='bbox 3141 3477 3287 3530; x_wconf 89' lang='lat' dir='ltr'><strong>istud</strong></span> <span class='ocrx_word' id='word_1_422' title='bbox 3362 3478 3619 3532; x_wconf 88' lang='lat' dir='ltr'><strong>sacriﬁcii</strong></span> 
     </span>
    </p>
   </div>
   <div class='ocr_carea' id='block_1_67' title="bbox 1999 3562 3615 3635">
    <p class='ocr_par' dir='ltr' id='par_1_67' title="bbox 1999 3562 3615 3635">
     <span class='ocr_line' id='line_1_68' title="bbox 1999 3562 3615 3635; baseline 0.003 -20"><span class='ocrx_word' id='word_1_423' title='bbox 1999 3564 2225 3624; x_wconf 89' lang='lat' dir='ltr'><strong>obeunt,</strong></span> <span class='ocrx_word' id='word_1_424' title='bbox 2258 3578 2370 3615; x_wconf 92' lang='lat' dir='ltr'>non</span> <span class='ocrx_word' id='word_1_425' title='bbox 2412 3578 2623 3632; x_wconf 87' lang='lat' dir='ltr'><strong>magna</strong></span> <span class='ocrx_word' id='word_1_426' title='bbox 2652 3562 2839 3631; x_wconf 87' lang='lat' dir='ltr'><strong>aliqua</strong></span> <span class='ocrx_word' id='word_1_427' title='bbox 2868 3563 3070 3631; x_wconf 88' lang='lat' dir='ltr'><strong>gratia,</strong></span> <span class='ocrx_word' id='word_1_428' title='bbox 3102 3580 3212 3617; x_wconf 92' lang='lat' dir='ltr'>non</span> <span class='ocrx_word' id='word_1_429' title='bbox 3242 3566 3391 3619; x_wconf 93' lang='lat' dir='ltr'><strong>dono</strong></span> <span class='ocrx_word' id='word_1_430' title='bbox 3424 3566 3615 3635; x_wconf 90' lang='lat' dir='ltr'><strong>aliquo</strong></span> 
     </span>
    </p>
   </div>
   <div class='ocr_carea' id='block_1_68' title="bbox 2001 3649 3133 3711">
    <p class='ocr_par' dir='ltr' id='par_1_68' title="bbox 2001 3649 3133 3711">
     <span class='ocr_line' id='line_1_69' title="bbox 2001 3649 3133 3711; baseline 0.001 -9"><span class='ocrx_word' id='word_1_431' title='bbox 2001 3650 2208 3702; x_wconf 71' lang='lat' dir='ltr'><strong>caalesti</strong></span> <span class='ocrx_word' id='word_1_432' title='bbox 2248 3649 2414 3711; x_wconf 88' lang='lat' dir='ltr'><strong>afﬁci,</strong></span> <span class='ocrx_word' id='word_1_433' title='bbox 2456 3649 2571 3701; x_wconf 88' lang='lat' dir='ltr'><strong>alta</strong></span> <span class='ocrx_word' id='word_1_434' title='bbox 2600 3666 2729 3703; x_wconf 92' lang='lat' dir='ltr'><strong>voce</strong></span> <span class='ocrx_word' id='word_1_435' title='bbox 2761 3649 3133 3703; x_wconf 81' lang='lat' dir='ltr'><strong>clamabunt?</strong></span> 
     </span>
    </p>
   </div>
   <div class='ocr_carea' id='block_1_69' title="bbox 324 3735 3622 3810">
    <p class='ocr_par' dir='ltr' id='par_1_69' title="bbox 324 3735 3622 3810">
     <span class='ocr_line' id='line_1_70' title="bbox 324 3735 3622 3810; baseline 0.001 -22"><span class='ocrx_word' id='word_1_436' title='bbox 324 3744 561 3807; x_wconf 83' lang='grc' dir='ltr'>γόμένους</span> <span class='ocrx_word' id='word_1_437' title='bbox 616 3735 672 3787; x_wconf 72' lang='grc' dir='ltr'>δε</span> <span class='ocrx_word' id='word_1_438' title='bbox 715 3747 781 3805; x_wconf 69' lang='grc' dir='ltr'>τῶ</span> <span class='ocrx_word' id='word_1_439' title='bbox 833 3736 1175 3808; x_wconf 71' lang='grc' dir='ltr'>ἐγχειρήματι</span> <span class='ocrx_word' id='word_1_440' title='bbox 1210 3739 1339 3797; x_wconf 68' lang='grc' dir='ltr'>ῙΤίς</span> <span class='ocrx_word' id='word_1_441' title='bbox 1369 3742 1431 3788; x_wconf 81' lang='grc' dir='ltr'>τὰ</span> <span class='ocrx_word' id='word_1_442' title='bbox 1459 3748 1671 3789; x_wconf 81' lang='grc' dir='ltr'>τοιαῦτα</span> <span class='ocrx_word' id='word_1_443' title='bbox 1715 3742 1963 3808; x_wconf 81' lang='grc' dir='ltr'>καθορῶν,</span> <span class='ocrx_word' id='word_1_444' title='bbox 1995 3737 2085 3788; x_wconf 85' lang='grc' dir='ltr'>ούκ</span> <span class='ocrx_word' id='word_1_445' title='bbox 2118 3739 2176 3787; x_wconf 78' lang='grc' dir='ltr'>ἄν</span> <span class='ocrx_word' id='word_1_446' title='bbox 2207 3739 2390 3806; x_wconf 85' lang='grc' dir='ltr'>χάριτι</span> <span class='ocrx_word' id='word_1_447' title='bbox 2438 3742 2708 3807; x_wconf 83' lang='grc' dir='ltr'>κρείττονι,</span> <span class='ocrx_word' id='word_1_448' title='bbox 2761 3744 2846 3787; x_wconf 81' lang='grc' dir='ltr'>καὶ</span> <span class='ocrx_word' id='word_1_449' title='bbox 2909 3746 2967 3806; x_wconf 72' lang='grc' dir='ltr'>τῇ</span> <span class='ocrx_word' id='word_1_450' title='bbox 3024 3740 3209 3789; x_wconf 80' lang='grc' dir='ltr'>ἄνωθεν</span> <span class='ocrx_word' id='word_1_451' title='bbox 3261 3736 3428 3810; x_wconf 85' lang='grc' dir='ltr'>δωρεᾲ</span> <span class='ocrx_word' id='word_1_452' title='bbox 3466 3737 3622 3791; x_wconf 77' lang='grc' dir='ltr'>ἀδιαο</span> 
     </span>
    </p>
   </div>
   <div class='ocr_carea' id='block_1_70' title="bbox 330 3822 3618 3896">
    <p class='ocr_par' dir='ltr' id='par_1_70' title="bbox 330 3822 3618 3896">
     <span class='ocr_line' id='line_1_71' title="bbox 330 3822 3618 3896; baseline 0 -21"><span class='ocrx_word' id='word_1_453' title='bbox 330 3829 547 3896; x_wconf 82' lang='grc' dir='ltr'>φθόρους</span> <span class='ocrx_word' id='word_1_454' title='bbox 595 3822 954 3891; x_wconf 85' lang='grc' dir='ltr'>διατηρεῖσθαι</span> <span class='ocrx_word' id='word_1_455' title='bbox 1010 3830 1127 3884; x_wconf 85' lang='grc' dir='ltr'>τούς</span> <span class='ocrx_word' id='word_1_456' title='bbox 1184 3830 1273 3880; x_wconf 84' lang='grc' dir='ltr'>την</span> <span class='ocrx_word' id='word_1_457' title='bbox 1346 3829 1585 3881; x_wconf 77' lang='grc' dir='ltr'>τοιαύτην</span> <span class='ocrx_word' id='word_1_458' title='bbox 1647 3829 2091 3895; x_wconf 78' lang='grc' dir='ltr'>ἐγχειριζομένους</span> <span class='ocrx_word' id='word_1_459' title='bbox 2140 3824 2459 3893; x_wconf 86' lang='grc' dir='ltr'>λειτουργίαν</span> <span class='ocrx_word' id='word_1_460' title='bbox 2506 3824 2698 3894; x_wconf 81' lang='grc' dir='ltr'>μεγάλη</span> <span class='ocrx_word' id='word_1_461' title='bbox 2762 3832 2823 3894; x_wconf 77' lang='grc' dir='ltr'>τῇ</span> <span class='ocrx_word' id='word_1_462' title='bbox 2882 3833 3015 3894; x_wconf 80' lang='grc' dir='ltr'>φωνῇ</span> <span class='ocrx_word' id='word_1_463' title='bbox 3081 3827 3139 3875; x_wconf 76' lang='grc' dir='ltr'>ἄν</span> <span class='ocrx_word' id='word_1_464' title='bbox 3206 3826 3618 3896; x_wconf 80' lang='grc' dir='ltr'>ὁμολογήσειεν;</span> 
     </span>
    </p>
   </div>
   <div class='ocr_carea' id='block_1_71' title="bbox 398 3912 549 3963">
    <p class='ocr_par' dir='ltr' id='par_1_71' title="bbox 398 3912 549 3963">
     <span class='ocr_line' id='line_1_72' title="bbox 398 3912 549 3963; baseline -0.013 0"><span class='ocrx_word' id='word_1_465' title='bbox 398 3912 549 3963; x_wconf 79' lang='grc' dir='ltr'>Ἀλλά</span> 
     </span>
    </p>
   </div>
   <div class='ocr_carea' id='block_1_72' title="bbox 333 3995 1892 4070">
    <p class='ocr_par' dir='ltr' id='par_1_72' title="bbox 333 3995 1892 4070">
     <span class='ocr_line' id='line_1_73' title="bbox 333 3995 1892 4070; baseline -0.001 -20"><span class='ocrx_word' id='word_1_466' title='bbox 333 3998 721 4070; x_wconf 80' lang='grc' dir='ltr'>διερευνωμένῳ,</span> <span class='ocrx_word' id='word_1_467' title='bbox 784 3995 893 4056; x_wconf 89' lang='grc' dir='ltr'>δέος</span> <span class='ocrx_word' id='word_1_468' title='bbox 931 3998 1069 4053; x_wconf 80' lang='grc' dir='ltr'>ἐπὴει</span> <span class='ocrx_word' id='word_1_469' title='bbox 1120 4004 1206 4048; x_wconf 88' lang='grc' dir='ltr'>καὶ</span> <span class='ocrx_word' id='word_1_470' title='bbox 1257 4005 1393 4068; x_wconf 82' lang='grc' dir='ltr'>μόνῳ</span> <span class='ocrx_word' id='word_1_471' title='bbox 1436 3998 1767 4070; x_wconf 78' lang='grc' dir='ltr'>προσϐάλλειν</span> <span class='ocrx_word' id='word_1_472' title='bbox 1816 4000 1892 4049; x_wconf 89' lang='grc' dir='ltr'>λο-</span> 
     </span>
    </p>
   </div>
   <div class='ocr_carea' id='block_1_73' title="bbox 329 4082 1892 4156">
    <p class='ocr_par' dir='ltr' id='par_1_73' title="bbox 329 4082 1892 4156">
     <span class='ocr_line' id='line_1_74' title="bbox 329 4082 1892 4156; baseline -0.001 -19"><span class='ocrx_word' id='word_1_473' title='bbox 329 4096 503 4156; x_wconf 74' lang='grc' dir='ltr'>γισμῷ</span> <span class='ocrx_word' id='word_1_474' title='bbox 559 4093 617 4155; x_wconf 75' lang='grc' dir='ltr'>τῇ</span> <span class='ocrx_word' id='word_1_475' title='bbox 651 4088 858 4154; x_wconf 83' lang='grc' dir='ltr'>τοιαύτη</span> <span class='ocrx_word' id='word_1_476' title='bbox 908 4082 1144 4155; x_wconf 76' lang='grc' dir='ltr'>διακονίᾳ</span> <span class='ocrx_word' id='word_1_477' title='bbox 1200 4094 1289 4146; x_wconf 87' lang='grc' dir='ltr'>τῆς</span> <span class='ocrx_word' id='word_1_478' title='bbox 1338 4086 1607 4155; x_wconf 78' lang='grc' dir='ltr'>πράξεως·</span> <span class='ocrx_word' id='word_1_479' title='bbox 1672 4087 1892 4154; x_wconf 76' lang='grc' dir='ltr'>μεγάλου</span> 
     </span>
    </p>
   </div>
   <div class='ocr_carea' id='block_1_74' title="bbox 334 4170 1893 4243">
    <p class='ocr_par' dir='ltr' id='par_1_74' title="bbox 334 4170 1893 4243">
     <span class='ocr_line' id='line_1_75' title="bbox 334 4170 1893 4243; baseline -0.001 -20"><span class='ocrx_word' id='word_1_480' title='bbox 334 4170 390 4223; x_wconf 81' lang='grc' dir='ltr'>δε</span> <span class='ocrx_word' id='word_1_481' title='bbox 438 4172 621 4241; x_wconf 84' lang='grc' dir='ltr'>μᾶλλον</span> <span class='ocrx_word' id='word_1_482' title='bbox 660 4178 745 4221; x_wconf 82' lang='grc' dir='ltr'>καὶ</span> <span class='ocrx_word' id='word_1_483' title='bbox 788 4176 902 4230; x_wconf 84' lang='grc' dir='ltr'>τούς</span> <span class='ocrx_word' id='word_1_484' title='bbox 939 4175 1414 4243; x_wconf 83' lang='grc' dir='ltr'>καθυπηρετοὺντας</span> <span class='ocrx_word' id='word_1_485' title='bbox 1446 4173 1617 4233; x_wconf 74' lang='grc' dir='ltr'>ἠξίουν</span> <span class='ocrx_word' id='word_1_486' title='bbox 1645 4182 1733 4223; x_wconf 79' lang='grc' dir='ltr'>τοῦ</span> <span class='ocrx_word' id='word_1_487' title='bbox 1776 4176 1893 4223; x_wconf 82' lang='grc' dir='ltr'>θαύ-</span> 
     </span>
    </p>
   </div>
   <div class='ocr_carea' id='block_1_75' title="bbox 331 4258 1894 4331">
    <p class='ocr_par' dir='ltr' id='par_1_75' title="bbox 331 4258 1894 4331">
     <span class='ocr_line' id='line_1_76' title="bbox 331 4258 1894 4331; baseline 0 -22"><span class='ocrx_word' id='word_1_488' title='bbox 331 4280 509 4329; x_wconf 90' lang='grc' dir='ltr'>ματος,</span> <span class='ocrx_word' id='word_1_489' title='bbox 568 4265 652 4308; x_wconf 80' lang='grc' dir='ltr'>και</span> <span class='ocrx_word' id='word_1_490' title='bbox 684 4261 814 4316; x_wconf 83' lang='grc' dir='ltr'>ὅπως</span> <span class='ocrx_word' id='word_1_491' title='bbox 857 4263 912 4308; x_wconf 84' lang='grc' dir='ltr'>τό</span> <span class='ocrx_word' id='word_1_492' title='bbox 964 4258 1161 4331; x_wconf 77' lang='grc' dir='ltr'>θαρρεῖν</span> <span class='ocrx_word' id='word_1_493' title='bbox 1210 4259 1257 4309; x_wconf 79' lang='grc' dir='ltr'>έν</span> <span class='ocrx_word' id='word_1_494' title='bbox 1297 4263 1498 4319; x_wconf 80' lang='grc' dir='ltr'>τούτοις</span> <span class='ocrx_word' id='word_1_495' title='bbox 1547 4263 1734 4328; x_wconf 77' lang='grc' dir='ltr'>έχουσι</span> <span class='ocrx_word' id='word_1_496' title='bbox 1776 4279 1894 4309; x_wconf 87' lang='grc' dir='ltr'>κατ-</span> 
     </span>
    </p>
   </div>
   <div class='ocr_carea' id='block_1_76' title="bbox 331 4346 1893 4417">
    <p class='ocr_par' dir='ltr' id='par_1_76' title="bbox 331 4346 1893 4417">
     <span class='ocr_line' id='line_1_77' title="bbox 331 4346 1893 4417; baseline 0.001 -22"><span class='ocrx_word' id='word_1_497' title='bbox 331 4347 648 4413; x_wconf 88' lang='grc' dir='ltr'>επληττόμην</span> <span class='ocrx_word' id='word_1_498' title='bbox 674 4367 684 4377; x_wconf 92' lang='grc'>·</span> <span class='ocrx_word' id='word_1_499' title='bbox 745 4346 869 4395; x_wconf 79' lang='grc' dir='ltr'>ἁλλά</span> <span class='ocrx_word' id='word_1_500' title='bbox 898 4349 997 4416; x_wconf 84' lang='grc' dir='ltr'>γὰρ</span> <span class='ocrx_word' id='word_1_501' title='bbox 1052 4350 1106 4396; x_wconf 86' lang='grc' dir='ltr'>τὸ</span> <span class='ocrx_word' id='word_1_502' title='bbox 1137 4346 1342 4417; x_wconf 74' lang='grc' dir='ltr'>φοϐερὸν</span> <span class='ocrx_word' id='word_1_503' title='bbox 1374 4347 1463 4397; x_wconf 82' lang='grc' dir='ltr'>ούκ</span> <span class='ocrx_word' id='word_1_504' title='bbox 1513 4346 1767 4415; x_wconf 82' lang='grc' dir='ltr'>ἐξέφυγον,</span> <span class='ocrx_word' id='word_1_505' title='bbox 1808 4352 1893 4397; x_wconf 77' lang='grc' dir='ltr'>καὶ</span> 
     </span>
    </p>
   </div>
   <div class='ocr_carea' id='block_1_77' title="bbox 330 4433 1894 4503">
    <p class='ocr_par' dir='ltr' id='par_1_77' title="bbox 330 4433 1894 4503">
     <span class='ocr_line' id='line_1_78' title="bbox 330 4433 1894 4503; baseline 0.001 -21"><span class='ocrx_word' id='word_1_506' title='bbox 330 4435 429 4482; x_wconf 81' lang='grc' dir='ltr'>ύπὸ</span> <span class='ocrx_word' id='word_1_507' title='bbox 478 4440 569 4491; x_wconf 85' lang='grc' dir='ltr'>τῆς</span> <span class='ocrx_word' id='word_1_508' title='bbox 623 4433 1099 4503; x_wconf 73' lang='grc' dir='ltr'>προφυλαιτομένης</span> <span class='ocrx_word' id='word_1_509' title='bbox 1153 4433 1372 4501; x_wconf 79' lang='grc' dir='ltr'>ἀνάγκης</span> <span class='ocrx_word' id='word_1_510' title='bbox 1424 4434 1573 4493; x_wconf 86' lang='grc' dir='ltr'>ἀλούς</span> <span class='ocrx_word' id='word_1_511' title='bbox 1608 4434 1777 4501; x_wconf 86' lang='grc' dir='ltr'>λόγοις</span> <span class='ocrx_word' id='word_1_512' title='bbox 1820 4435 1894 4493; x_wconf 83' lang='grc' dir='ltr'>οἷς</span> 
     </span>
    </p>
   </div>
   <div class='ocr_carea' id='block_1_78' title="bbox 331 4519 1895 4589">
    <p class='ocr_par' dir='ltr' id='par_1_78' title="bbox 331 4519 1895 4589">
     <span class='ocr_line' id='line_1_79' title="bbox 331 4519 1895 4589; baseline 0.001 -21"><span class='ocrx_word' id='word_1_513' title='bbox 331 4521 356 4568; x_wconf 87' lang='grc' dir='ltr'>ὁ</span> <span class='ocrx_word' id='word_1_514' title='bbox 384 4524 733 4589; x_wconf 74' lang='grc' dir='ltr'>συγχωρήσας</span> <span class='ocrx_word' id='word_1_515' title='bbox 775 4525 924 4587; x_wconf 86' lang='grc' dir='ltr'>μόνος</span> <span class='ocrx_word' id='word_1_516' title='bbox 966 4519 1252 4570; x_wconf 85' lang='grc' dir='ltr'>ἐπιστατῶν</span> <span class='ocrx_word' id='word_1_517' title='bbox 1294 4523 1713 4589; x_wconf 82' lang='grc' dir='ltr'>προεμηθησατο.</span> <span class='ocrx_word' id='word_1_518' title='bbox 1743 4522 1895 4572; x_wconf 86' lang='grc' dir='ltr'>Ἀθυ-</span> 
     </span>
    </p>
   </div>
   <div class='ocr_carea' id='block_1_79' title="bbox 331 4606 1892 4677">
    <p class='ocr_par' dir='ltr' id='par_1_79' title="bbox 331 4606 1892 4677">
     <span class='ocr_line' id='line_1_80' title="bbox 331 4606 1892 4677; baseline 0.001 -22"><span class='ocrx_word' id='word_1_519' title='bbox 331 4612 426 4675; x_wconf 78' lang='grc' dir='ltr'>μία</span> <span class='ocrx_word' id='word_1_520' title='bbox 454 4626 504 4655; x_wconf 81' lang='grc' dir='ltr'>τε</span> <span class='ocrx_word' id='word_1_521' title='bbox 556 4612 641 4656; x_wconf 79' lang='grc' dir='ltr'>καὶ</span> <span class='ocrx_word' id='word_1_522' title='bbox 695 4607 847 4675; x_wconf 75' lang='grc' dir='ltr'>πολλῇ</span> <span class='ocrx_word' id='word_1_523' title='bbox 882 4614 941 4676; x_wconf 78' lang='grc' dir='ltr'>τῇ</span> <span class='ocrx_word' id='word_1_524' title='bbox 990 4606 1259 4677; x_wconf 80' lang='grc' dir='ltr'>ἀμηχανίᾳ</span> <span class='ocrx_word' id='word_1_525' title='bbox 1304 4609 1565 4675; x_wconf 74' lang='grc' dir='ltr'>πιέζομαι.</span> <span class='ocrx_word' id='word_1_526' title='bbox 1604 4606 1764 4675; x_wconf 79' lang='grc' dir='ltr'>Οἶμαι</span> <span class='ocrx_word' id='word_1_527' title='bbox 1794 4611 1892 4677; x_wconf 76' lang='grc' dir='ltr'>γὰρ</span> 
     </span>
    </p>
   </div>
   <div class='ocr_carea' id='block_1_80' title="bbox 332 4696 1891 4765">
    <p class='ocr_par' dir='ltr' id='par_1_80' title="bbox 332 4696 1891 4765">
     <span class='ocr_line' id='line_1_81' title="bbox 332 4696 1891 4765; baseline 0.001 -22"><span class='ocrx_word' id='word_1_528' title='bbox 332 4702 418 4743; x_wconf 83' lang='grc' dir='ltr'>και</span> <span class='ocrx_word' id='word_1_529' title='bbox 460 4698 571 4750; x_wconf 85' lang='grc' dir='ltr'>τούς</span> <span class='ocrx_word' id='word_1_530' title='bbox 621 4699 715 4759; x_wconf 83' lang='grc' dir='ltr'>προ</span> <span class='ocrx_word' id='word_1_531' title='bbox 764 4698 939 4765; x_wconf 90' lang='grc' dir='ltr'>πείρας</span> <span class='ocrx_word' id='word_1_532' title='bbox 989 4698 1201 4765; x_wconf 84' lang='grc' dir='ltr'>ἐρῶντας</span> <span class='ocrx_word' id='word_1_533' title='bbox 1247 4701 1470 4749; x_wconf 81' lang='grc' dir='ltr'>ταυτησὶ</span> <span class='ocrx_word' id='word_1_534' title='bbox 1521 4703 1614 4755; x_wconf 75' lang='grc' dir='ltr'>τῆς</span> <span class='ocrx_word' id='word_1_535' title='bbox 1670 4696 1891 4765; x_wconf 86' lang='grc' dir='ltr'>λειτουρ-</span> 
     </span>
    </p>
   </div>
   <div class='ocr_carea' id='block_1_81' title="bbox 330 4778 1891 4851">
    <p class='ocr_par' dir='ltr' id='par_1_81' title="bbox 330 4778 1891 4851">
     <span class='ocr_line' id='line_1_82' title="bbox 330 4778 1891 4851; baseline 0.001 -21"><span class='ocrx_word' id='word_1_536' title='bbox 330 4787 461 4849; x_wconf 82' lang='grc' dir='ltr'>γίας,</span> <span class='ocrx_word' id='word_1_537' title='bbox 516 4778 719 4830; x_wconf 73' lang='grc' dir='ltr'>ἐπειδὰν</span> <span class='ocrx_word' id='word_1_538' title='bbox 772 4781 840 4839; x_wconf 84' lang='grc' dir='ltr'>εἰς</span> <span class='ocrx_word' id='word_1_539' title='bbox 891 4785 1043 4849; x_wconf 84' lang='grc' dir='ltr'>μέσον</span> <span class='ocrx_word' id='word_1_540' title='bbox 1074 4781 1245 4839; x_wconf 71' lang='grc' dir='ltr'>αὐτοῖς</span> <span class='ocrx_word' id='word_1_541' title='bbox 1292 4790 1388 4831; x_wconf 90' lang='grc' dir='ltr'>τῶν</span> <span class='ocrx_word' id='word_1_542' title='bbox 1433 4785 1587 4851; x_wconf 80' lang='grc' dir='ltr'>ἔργων</span> <span class='ocrx_word' id='word_1_543' title='bbox 1639 4791 1891 4839; x_wconf 65' lang='grc' dir='ltr'>καταστῆι</span> 
     </span>
    </p>
   </div>
   <div class='ocr_carea' id='block_1_82' title="bbox 330 4867 1893 4938">
    <p class='ocr_par' dir='ltr' id='par_1_82' title="bbox 330 4867 1893 4938">
     <span class='ocr_line' id='line_1_83' title="bbox 330 4867 1893 4938; baseline 0.002 -22"><span class='ocrx_word' id='word_1_544' title='bbox 330 4889 411 4917; x_wconf 88' lang='grc' dir='ltr'>ναι</span> <span class='ocrx_word' id='word_1_545' title='bbox 479 4870 856 4938; x_wconf 73' lang='grc' dir='ltr'>παραχωρηθῇ,</span> <span class='ocrx_word' id='word_1_546' title='bbox 930 4867 1183 4918; x_wconf 83' lang='grc' dir='ltr'>ἀπονεύειν</span> <span class='ocrx_word' id='word_1_547' title='bbox 1244 4887 1294 4918; x_wconf 90' lang='grc' dir='ltr'>τε</span> <span class='ocrx_word' id='word_1_548' title='bbox 1350 4874 1437 4919; x_wconf 84' lang='grc' dir='ltr'>καὶ</span> <span class='ocrx_word' id='word_1_549' title='bbox 1502 4870 1893 4937; x_wconf 87' lang='grc' dir='ltr'>μεταμελείσθαι</span> 
     </span>
    </p>
   </div>
   <div class='ocr_carea' id='block_1_83' title="bbox 335 4953 1890 5025">
    <p class='ocr_par' dir='ltr' id='par_1_83' title="bbox 335 4953 1890 5025">
     <span class='ocr_line' id='line_1_84' title="bbox 335 4953 1890 5025; baseline 0.001 -21"><span class='ocrx_word' id='word_1_550' title='bbox 335 4955 408 5023; x_wconf 81' lang='grc' dir='ltr'>ἐφ’</span> <span class='ocrx_word' id='word_1_551' title='bbox 463 4956 536 5013; x_wconf 84' lang='grc' dir='ltr'>οἷς</span> <span class='ocrx_word' id='word_1_552' title='bbox 585 4954 937 5010; x_wconf 68' lang='grc' dir='ltr'>ἠϐουλήθησαν</span> <span class='ocrx_word' id='word_1_553' title='bbox 981 4960 1241 5025; x_wconf 87' lang='grc' dir='ltr'>πρότερον.</span> <span class='ocrx_word' id='word_1_554' title='bbox 1287 4954 1443 5005; x_wconf 83' lang='grc' dir='ltr'>’Ὀταν</span> <span class='ocrx_word' id='word_1_555' title='bbox 1482 4953 1538 5006; x_wconf 80' lang='grc' dir='ltr'>δε</span> <span class='ocrx_word' id='word_1_556' title='bbox 1586 4962 1640 5006; x_wconf 86' lang='grc' dir='ltr'>τό</span> <span class='ocrx_word' id='word_1_557' title='bbox 1681 4961 1765 5006; x_wconf 79' lang='grc' dir='ltr'>καὶ</span> <span class='ocrx_word' id='word_1_558' title='bbox 1794 4960 1890 5025; x_wconf 86' lang='grc' dir='ltr'>πρὸ</span> 
     </span>
    </p>
   </div>
   <div class='ocr_carea' id='block_1_84' title="bbox 332 5040 1890 5112">
    <p class='ocr_par' dir='ltr' id='par_1_84' title="bbox 332 5040 1890 5112">
     <span class='ocr_line' id='line_1_85' title="bbox 332 5040 1890 5112; baseline -0.001 -20"><span class='ocrx_word' id='word_1_559' title='bbox 332 5050 421 5101; x_wconf 78' lang='grc' dir='ltr'>τῆς</span> <span class='ocrx_word' id='word_1_560' title='bbox 454 5048 627 5111; x_wconf 89' lang='grc' dir='ltr'>πείρας</span> <span class='ocrx_word' id='word_1_561' title='bbox 662 5049 751 5091; x_wconf 85' lang='grc' dir='ltr'>τοῦ</span> <span class='ocrx_word' id='word_1_562' title='bbox 782 5044 1080 5111; x_wconf 74' lang='grc' dir='ltr'>πράγματος</span> <span class='ocrx_word' id='word_1_563' title='bbox 1121 5040 1257 5112; x_wconf 86' lang='grc' dir='ltr'>βαρύ</span> <span class='ocrx_word' id='word_1_564' title='bbox 1299 5061 1349 5093; x_wconf 90' lang='grc' dir='ltr'>τε</span> <span class='ocrx_word' id='word_1_565' title='bbox 1380 5048 1466 5093; x_wconf 84' lang='grc' dir='ltr'>καὶ</span> <span class='ocrx_word' id='word_1_566' title='bbox 1494 5040 1890 5093; x_wconf 77' lang='grc' dir='ltr'>δυσϐάστακτον</span> 
     </span>
    </p>
   </div>
   <div class='ocr_carea' id='block_1_85' title="bbox 334 5126 1890 5199">
    <p class='ocr_par' dir='ltr' id='par_1_85' title="bbox 334 5126 1890 5199">
     <span class='ocr_line' id='line_1_86' title="bbox 334 5126 1890 5199; baseline 0.003 -22"><span class='ocrx_word' id='word_1_567' title='bbox 334 5128 664 5195; x_wconf 76' lang='grc' dir='ltr'>ἐκλογίζοιτο,</span> <span class='ocrx_word' id='word_1_568' title='bbox 690 5127 834 5196; x_wconf 78' lang='grc' dir='ltr'>φόϐοι</span> <span class='ocrx_word' id='word_1_569' title='bbox 880 5147 929 5178; x_wconf 91' lang='grc' dir='ltr'>τε</span> <span class='ocrx_word' id='word_1_570' title='bbox 978 5134 1064 5178; x_wconf 84' lang='grc' dir='ltr'>καὶ</span> <span class='ocrx_word' id='word_1_571' title='bbox 1117 5126 1337 5196; x_wconf 86' lang='grc' dir='ltr'>δείματα</span> <span class='ocrx_word' id='word_1_572' title='bbox 1371 5138 1459 5180; x_wconf 82' lang='grc' dir='ltr'>τοῦ</span> <span class='ocrx_word' id='word_1_573' title='bbox 1489 5135 1684 5199; x_wconf 82' lang='grc' dir='ltr'>μήποτε</span> <span class='ocrx_word' id='word_1_574' title='bbox 1711 5132 1810 5198; x_wconf 78' lang='grc' dir='ltr'>ἄρα</span> <span class='ocrx_word' id='word_1_575' title='bbox 1836 5134 1890 5181; x_wconf 84' lang='grc' dir='ltr'>τό</span> 
     </span>
    </p>
   </div>
   <div class='ocr_carea' id='block_1_86' title="bbox 621 3911 1972 3981">
    <p class='ocr_par' dir='ltr' id='par_1_86' title="bbox 621 3911 1972 3981">
     <span class='ocr_line' id='line_1_87' title="bbox 621 3911 1972 3981; baseline 0.001 -20"><span class='ocrx_word' id='word_1_576' title='bbox 621 3920 784 3961; x_wconf 81' lang='grc' dir='ltr'>ταῦτα</span> <span class='ocrx_word' id='word_1_577' title='bbox 848 3917 933 3980; x_wconf 79' lang='grc' dir='ltr'>μεν</span> <span class='ocrx_word' id='word_1_578' title='bbox 985 3911 1095 3979; x_wconf 75' lang='grc' dir='ltr'>ἐμοὶ</span> <span class='ocrx_word' id='word_1_579' title='bbox 1166 3913 1448 3981; x_wconf 85' lang='grc' dir='ltr'>μελετῶντι,</span> <span class='ocrx_word' id='word_1_580' title='bbox 1508 3919 1594 3961; x_wconf 79' lang='grc' dir='ltr'>καὶ</span> <span class='ocrx_word' id='word_1_581' title='bbox 1655 3912 1890 3970; x_wconf 84' lang='grc' dir='ltr'>πολλάκις</span> <span class='ocrx_word' id='word_1_582' title='bbox 1934 3912 1972 3964; x_wconf 87' lang='lat' dir='ltr'>C</span> 
     </span>
    </p>
   </div>
   <div class='ocr_carea' id='block_1_87' title="bbox 2069 3909 3616 3980">
    <p class='ocr_par' dir='ltr' id='par_1_87' title="bbox 2069 3909 3616 3980">
     <span class='ocr_line' id='line_1_88' title="bbox 2069 3909 3616 3980; baseline 0.001 -17"><span class='ocrx_word' id='word_1_583' title='bbox 2069 3910 2223 3963; x_wconf 88' lang='lat' dir='ltr'><strong>Talia</strong></span> <span class='ocrx_word' id='word_1_584' title='bbox 2265 3909 2401 3963; x_wconf 89' lang='lat' dir='ltr'><strong>mihi</strong></span> <span class='ocrx_word' id='word_1_585' title='bbox 2434 3910 2810 3963; x_wconf 89' lang='lat' dir='ltr'><strong>consideranti</strong></span> <span class='ocrx_word' id='word_1_586' title='bbox 2843 3916 2895 3963; x_wconf 92' lang='lat' dir='ltr'>et</span> <span class='ocrx_word' id='word_1_587' title='bbox 2941 3912 3134 3965; x_wconf 92' lang='lat' dir='ltr'><strong>animo</strong></span> <span class='ocrx_word' id='word_1_588' title='bbox 3174 3929 3319 3980; x_wconf 74' lang='lat' dir='ltr'><strong>saepe</strong></span> <span class='ocrx_word' id='word_1_589' title='bbox 3367 3913 3616 3967; x_wconf 88' lang='lat' dir='ltr'><strong>volventi</strong></span> 
     </span>
    </p>
   </div>
   <div class='ocr_carea' id='block_1_88' title="bbox 2000 3997 3618 4069">
    <p class='ocr_par' dir='ltr' id='par_1_88' title="bbox 2000 3997 3618 4069">
     <span class='ocr_line' id='line_1_89' title="bbox 2000 3997 3618 4069; baseline 0.002 -19"><span class='ocrx_word' id='word_1_590' title='bbox 2000 3997 2198 4051; x_wconf 87' lang='lat' dir='ltr'><strong>accidit</strong></span> <span class='ocrx_word' id='word_1_591' title='bbox 2228 4002 2287 4049; x_wconf 91' lang='lat' dir='ltr'>ut</span> <span class='ocrx_word' id='word_1_592' title='bbox 2325 4013 2390 4049; x_wconf 93' lang='lat' dir='ltr'>ea</span> <span class='ocrx_word' id='word_1_593' title='bbox 2447 3998 2639 4049; x_wconf 89' lang='lat' dir='ltr'><strong>omnia</strong></span> <span class='ocrx_word' id='word_1_594' title='bbox 2693 3997 2773 4049; x_wconf 86' lang='lat' dir='ltr'>vel</span> <span class='ocrx_word' id='word_1_595' title='bbox 2805 3998 2920 4049; x_wconf 89' lang='lat' dir='ltr'><strong>sola</strong></span> <span class='ocrx_word' id='word_1_596' title='bbox 2971 3998 3310 4067; x_wconf 88' lang='lat' dir='ltr'><strong>cogitatione</strong></span> <span class='ocrx_word' id='word_1_597' title='bbox 3360 4000 3618 4069; x_wconf 86' lang='lat' dir='ltr'><strong>prosequi</strong></span> 
     </span>
    </p>
   </div>
   <div class='ocr_carea' id='block_1_89' title="bbox 2001 4083 3612 4152">
    <p class='ocr_par' dir='ltr' id='par_1_89' title="bbox 2001 4083 3612 4152">
     <span class='ocr_line' id='line_1_90' title="bbox 2001 4083 3612 4152; baseline 0.002 -16"><span class='ocrx_word' id='word_1_598' title='bbox 2001 4088 2331 4149; x_wconf 89' lang='lat' dir='ltr'><strong>metuerem,</strong></span> <span class='ocrx_word' id='word_1_599' title='bbox 2378 4083 2612 4136; x_wconf 88' lang='lat' dir='ltr'><strong>miratus</strong></span> <span class='ocrx_word' id='word_1_600' title='bbox 2644 4099 2735 4137; x_wconf 91' lang='lat' dir='ltr'>eos</span> <span class='ocrx_word' id='word_1_601' title='bbox 2767 4084 2860 4152; x_wconf 87' lang='lat' dir='ltr'>qui</span> <span class='ocrx_word' id='word_1_602' title='bbox 2900 4084 2994 4137; x_wconf 89' lang='lat' dir='ltr'><strong>tali</strong></span> <span class='ocrx_word' id='word_1_603' title='bbox 3030 4102 3261 4139; x_wconf 87' lang='lat' dir='ltr'><strong>munere</strong></span> <span class='ocrx_word' id='word_1_604' title='bbox 3294 4092 3449 4140; x_wconf 90' lang='lat' dir='ltr'><strong>tanto</strong></span> <span class='ocrx_word' id='word_1_605' title='bbox 3484 4103 3612 4140; x_wconf 92' lang='lat' dir='ltr'>cum</span> 
     </span>
    </p>
   </div>
   <div class='ocr_carea' id='block_1_90' title="bbox 1999 4170 3618 4239">
    <p class='ocr_par' dir='ltr' id='par_1_90' title="bbox 1999 4170 3618 4239">
     <span class='ocr_line' id='line_1_91' title="bbox 1999 4170 3618 4239; baseline 0.004 -17"><span class='ocrx_word' id='word_1_606' title='bbox 1999 4171 2200 4223; x_wconf 92' lang='lat' dir='ltr'><strong>ardore</strong></span> <span class='ocrx_word' id='word_1_607' title='bbox 2221 4170 2605 4239; x_wconf 82' lang='lat' dir='ltr'><strong>fungerentur.</strong></span> <span class='ocrx_word' id='word_1_608' title='bbox 2640 4186 2943 4239; x_wconf 90' lang='lat' dir='ltr'><strong>vocemque</strong></span> <span class='ocrx_word' id='word_1_609' title='bbox 2983 4172 3247 4226; x_wconf 89' lang='lat' dir='ltr'><strong>antistitis</strong></span> <span class='ocrx_word' id='word_1_610' title='bbox 3274 4190 3339 4227; x_wconf 79' lang='lat' dir='ltr'><strong>ex</strong></span> <span class='ocrx_word' id='word_1_611' title='bbox 3380 4174 3618 4228; x_wconf 84' lang='lat' dir='ltr'><strong>necessi-</strong></span> 
     </span>
    </p>
   </div>
   <div class='ocr_carea' id='block_1_91' title="bbox 2000 4256 3616 4329">
    <p class='ocr_par' dir='ltr' id='par_1_91' title="bbox 2000 4256 3616 4329">
     <span class='ocr_line' id='line_1_92' title="bbox 2000 4256 3616 4329; baseline 0.003 -21"><span class='ocrx_word' id='word_1_612' title='bbox 2000 4262 2115 4309; x_wconf 84' lang='lat' dir='ltr'><strong>tate</strong></span> <span class='ocrx_word' id='word_1_613' title='bbox 2148 4256 2449 4325; x_wconf 84' lang='lat' dir='ltr'><strong>prolatam.</strong></span> <span class='ocrx_word' id='word_1_614' title='bbox 2506 4258 2639 4309; x_wconf 84' lang='lat' dir='ltr'><strong>Hinc</strong></span> <span class='ocrx_word' id='word_1_615' title='bbox 2697 4258 2871 4309; x_wconf 86' lang='lat' dir='ltr'><strong>animi</strong></span> <span class='ocrx_word' id='word_1_616' title='bbox 2916 4257 3055 4311; x_wconf 90' lang='lat' dir='ltr'><strong>vires</strong></span> <span class='ocrx_word' id='word_1_617' title='bbox 3120 4260 3381 4329; x_wconf 58' lang='lat' dir='ltr'><strong>collapsa</strong></span> <span class='ocrx_word' id='word_1_618' title='bbox 3443 4261 3616 4314; x_wconf 90' lang='lat' dir='ltr'><strong>dubio</strong></span> 
     </span>
    </p>
   </div>
   <div class='ocr_carea' id='block_1_92' title="bbox 2000 4343 3617 4415">
    <p class='ocr_par' dir='ltr' id='par_1_92' title="bbox 2000 4343 3617 4415">
     <span class='ocr_line' id='line_1_93' title="bbox 2000 4343 3617 4415; baseline 0.004 -20"><span class='ocrx_word' id='word_1_619' title='bbox 2000 4345 2325 4397; x_wconf 90' lang='lat' dir='ltr'><strong>succedunt.</strong></span> <span class='ocrx_word' id='word_1_620' title='bbox 2364 4343 2618 4395; x_wconf 83' lang='lat' dir='ltr'><strong>Arbitror</strong></span> <span class='ocrx_word' id='word_1_621' title='bbox 2678 4344 2827 4397; x_wconf 90' lang='lat' dir='ltr'><strong>enim</strong></span> <span class='ocrx_word' id='word_1_622' title='bbox 2874 4343 2991 4399; x_wconf 87' lang='lat' dir='ltr'><strong>fore</strong></span> <span class='ocrx_word' id='word_1_623' title='bbox 3018 4350 3079 4398; x_wconf 88' lang='lat' dir='ltr'>ut</span> <span class='ocrx_word' id='word_1_624' title='bbox 3129 4347 3221 4415; x_wconf 90' lang='lat' dir='ltr'>qui</span> <span class='ocrx_word' id='word_1_625' title='bbox 3262 4348 3390 4400; x_wconf 86' lang='lat' dir='ltr'><strong>huic</strong></span> <span class='ocrx_word' id='word_1_626' title='bbox 3442 4347 3617 4401; x_wconf 86' lang='lat' dir='ltr'><strong>divini</strong></span> 
     </span>
    </p>
   </div>
   <div class='ocr_carea' id='block_1_93' title="bbox 2002 4429 3618 4501">
    <p class='ocr_par' dir='ltr' id='par_1_93' title="bbox 2002 4429 3618 4501">
     <span class='ocr_line' id='line_1_94' title="bbox 2002 4429 3618 4501; baseline 0.002 -17"><span class='ocrx_word' id='word_1_627' title='bbox 2002 4430 2181 4484; x_wconf 91' lang='lat' dir='ltr'><strong>cultus</strong></span> <span class='ocrx_word' id='word_1_628' title='bbox 2209 4430 2399 4498; x_wconf 83' lang='lat' dir='ltr'><strong>generi</strong></span> <span class='ocrx_word' id='word_1_629' title='bbox 2432 4429 2633 4493; x_wconf 88' lang='lat' dir='ltr'><strong>favent,</strong></span> <span class='ocrx_word' id='word_1_630' title='bbox 2678 4429 2722 4483; x_wconf 91' lang='lat' dir='ltr'>si</span> <span class='ocrx_word' id='word_1_631' title='bbox 2755 4431 2825 4483; x_wconf 92' lang='lat' dir='ltr'>ad</span> <span class='ocrx_word' id='word_1_632' title='bbox 2862 4433 3211 4498; x_wconf 90' lang='lat' dir='ltr'><strong>operandum</strong></span> <span class='ocrx_word' id='word_1_633' title='bbox 3244 4448 3618 4501; x_wconf 88' lang='lat' dir='ltr'><strong>provocaren-</strong></span> 
     </span>
    </p>
   </div>
   <div class='ocr_carea' id='block_1_94' title="bbox 2002 4517 3615 4588">
    <p class='ocr_par' dir='ltr' id='par_1_94' title="bbox 2002 4517 3615 4588">
     <span class='ocr_line' id='line_1_95' title="bbox 2002 4517 3615 4588; baseline 0.004 -18"><span class='ocrx_word' id='word_1_634' title='bbox 2002 4525 2107 4583; x_wconf 85' lang='lat' dir='ltr'><strong>tur,</strong></span> <span class='ocrx_word' id='word_1_635' title='bbox 2134 4520 2259 4588; x_wconf 83' lang='lat' dir='ltr'><strong>jam</strong></span> <span class='ocrx_word' id='word_1_636' title='bbox 2304 4517 2537 4579; x_wconf 90' lang='lat' dir='ltr'><strong>nollent,</strong></span> <span class='ocrx_word' id='word_1_637' title='bbox 2562 4517 2678 4569; x_wconf 91' lang='lat' dir='ltr'>imo</span> <span class='ocrx_word' id='word_1_638' title='bbox 2720 4517 3089 4573; x_wconf 88' lang='lat' dir='ltr'><strong>factainfecta</strong></span> <span class='ocrx_word' id='word_1_639' title='bbox 3126 4522 3359 4575; x_wconf 89' lang='lat' dir='ltr'><strong>reddere</strong></span> <span class='ocrx_word' id='word_1_640' title='bbox 3386 4522 3615 4577; x_wconf 87' lang='lat' dir='ltr'><strong>vellent.</strong></span> 
     </span>
    </p>
   </div>
   <div class='ocr_carea' id='block_1_95' title="bbox 2002 4604 3617 4673">
    <p class='ocr_par' dir='ltr' id='par_1_95' title="bbox 2002 4604 3617 4673">
     <span class='ocr_line' id='line_1_96' title="bbox 2002 4604 3617 4673; baseline 0.003 -16"><span class='ocrx_word' id='word_1_641' title='bbox 2002 4605 2076 4657; x_wconf 89' lang='lat' dir='ltr'><strong>Ea</strong></span> <span class='ocrx_word' id='word_1_642' title='bbox 2108 4621 2193 4657; x_wconf 89' lang='lat' dir='ltr'>res</span> <span class='ocrx_word' id='word_1_643' title='bbox 2223 4605 2267 4657; x_wconf 90' lang='lat' dir='ltr'>si</span> <span class='ocrx_word' id='word_1_644' title='bbox 2301 4604 2477 4672; x_wconf 90' lang='lat' dir='ltr'><strong>primo</strong></span> <span class='ocrx_word' id='word_1_645' title='bbox 2504 4605 2698 4657; x_wconf 88' lang='lat' dir='ltr'><strong>obtutu</strong></span> <span class='ocrx_word' id='word_1_646' title='bbox 2732 4621 2828 4673; x_wconf 88' lang='lat' dir='ltr'>per</span> <span class='ocrx_word' id='word_1_647' title='bbox 2846 4622 2903 4659; x_wconf 90' lang='lat' dir='ltr'>se</span> <span class='ocrx_word' id='word_1_648' title='bbox 2922 4606 3165 4660; x_wconf 89' lang='lat' dir='ltr'><strong>difﬁcilis</strong></span> <span class='ocrx_word' id='word_1_649' title='bbox 3194 4608 3468 4665; x_wconf 89' lang='lat' dir='ltr'><strong>videatur.</strong></span> <span class='ocrx_word' id='word_1_650' title='bbox 3487 4608 3617 4662; x_wconf 86' lang='lat' dir='ltr'><strong>ani-</strong></span> 
     </span>
    </p>
   </div>
   <div class='ocr_carea' id='block_1_96' title="bbox 2002 4693 3617 4763">
    <p class='ocr_par' dir='ltr' id='par_1_96' title="bbox 2002 4693 3617 4763">
     <span class='ocr_line' id='line_1_97' title="bbox 2002 4693 3617 4763; baseline 0.004 -20"><span class='ocrx_word' id='word_1_651' title='bbox 2002 4708 2126 4744; x_wconf 90' lang='lat' dir='ltr'>mus</span> <span class='ocrx_word' id='word_1_652' title='bbox 2157 4708 2281 4745; x_wconf 88' lang='lat' dir='ltr'>eam</span> <span class='ocrx_word' id='word_1_653' title='bbox 2337 4693 2654 4760; x_wconf 91' lang='lat' dir='ltr'><strong>ponderans</strong></span> <span class='ocrx_word' id='word_1_654' title='bbox 2706 4698 2917 4745; x_wconf 88' lang='lat' dir='ltr'><strong>metuet</strong></span> <span class='ocrx_word' id='word_1_655' title='bbox 2957 4710 3025 4746; x_wconf 91' lang='lat' dir='ltr'>ne</span> <span class='ocrx_word' id='word_1_656' title='bbox 3066 4693 3469 4763; x_wconf 90' lang='lat' dir='ltr'><strong>impedimenta</strong></span> <span class='ocrx_word' id='word_1_657' title='bbox 3497 4696 3617 4749; x_wconf 90' lang='lat' dir='ltr'><strong>im-</strong></span> 
     </span>
    </p>
   </div>
   <div class='ocr_carea' id='block_1_97' title="bbox 2002 4778 3611 4851">
    <p class='ocr_par' dir='ltr' id='par_1_97' title="bbox 2002 4778 3611 4851">
     <span class='ocr_line' id='line_1_98' title="bbox 2002 4778 3611 4851; baseline 0.003 -20"><span class='ocrx_word' id='word_1_658' title='bbox 2002 4779 2221 4848; x_wconf 88' lang='lat' dir='ltr'><strong>provisa</strong></span> <span class='ocrx_word' id='word_1_659' title='bbox 2248 4778 2506 4831; x_wconf 90' lang='lat' dir='ltr'><strong>accidant</strong></span> <span class='ocrx_word' id='word_1_660' title='bbox 2531 4784 2585 4832; x_wconf 90' lang='lat' dir='ltr'>et</span> <span class='ocrx_word' id='word_1_661' title='bbox 2620 4778 2701 4831; x_wconf 89' lang='lat' dir='ltr'>rei</span> <span class='ocrx_word' id='word_1_662' title='bbox 2734 4779 3033 4833; x_wconf 90' lang='lat' dir='ltr'><strong>discrimen</strong></span> <span class='ocrx_word' id='word_1_663' title='bbox 3066 4787 3308 4851; x_wconf 87' lang='lat' dir='ltr'><strong>augeant</strong></span> <span class='ocrx_word' id='word_1_664' title='bbox 3362 4784 3437 4836; x_wconf 89' lang='lat' dir='ltr'><strong>Ea</strong></span> <span class='ocrx_word' id='word_1_665' title='bbox 3461 4782 3611 4836; x_wconf 92' lang='lat' dir='ltr'><strong>enim</strong></span> 
     </span>
    </p>
   </div>
   <div class='ocr_carea' id='block_1_98' title="bbox 2000 4865 3620 4938">
    <p class='ocr_par' dir='ltr' id='par_1_98' title="bbox 2000 4865 3620 4938">
     <span class='ocr_line' id='line_1_99' title="bbox 2000 4865 3620 4938; baseline 0.002 -19"><span class='ocrx_word' id='word_1_666' title='bbox 2000 4872 2085 4919; x_wconf 89' lang='lat' dir='ltr'>est</span> <span class='ocrx_word' id='word_1_667' title='bbox 2114 4865 2289 4917; x_wconf 91' lang='lat' dir='ltr'><strong>animi</strong></span> <span class='ocrx_word' id='word_1_668' title='bbox 2348 4870 2548 4917; x_wconf 85' lang='lat' dir='ltr'><strong>natura</strong></span> <span class='ocrx_word' id='word_1_669' title='bbox 2598 4871 2657 4917; x_wconf 90' lang='lat' dir='ltr'>ut</span> <span class='ocrx_word' id='word_1_670' title='bbox 2685 4882 2873 4918; x_wconf 90' lang='lat' dir='ltr'><strong>rerum</strong></span> <span class='ocrx_word' id='word_1_671' title='bbox 2926 4865 3263 4931; x_wconf 87' lang='lat' dir='ltr'><strong>futurarum,</strong></span> <span class='ocrx_word' id='word_1_672' title='bbox 3305 4885 3368 4922; x_wconf 88' lang='lat' dir='ltr'>ac</span> <span class='ocrx_word' id='word_1_673' title='bbox 3401 4870 3454 4922; x_wconf 89' lang='lat' dir='ltr'>in</span> <span class='ocrx_word' id='word_1_674' title='bbox 3507 4870 3620 4938; x_wconf 89' lang='lat' dir='ltr'><strong>pri-</strong></span> 
     </span>
    </p>
   </div>
   <div class='ocr_carea' id='block_1_99' title="bbox 2000 4951 3610 5023">
    <p class='ocr_par' dir='ltr' id='par_1_99' title="bbox 2000 4951 3610 5023">
     <span class='ocr_line' id='line_1_100' title="bbox 2000 4951 3610 5023; baseline 0.005 -18"><span class='ocrx_word' id='word_1_675' title='bbox 2000 4952 2106 5005; x_wconf 91' lang='lat' dir='ltr'>mis</span> <span class='ocrx_word' id='word_1_676' title='bbox 2132 4951 2549 5005; x_wconf 86' lang='lat' dir='ltr'><strong>fastidiosarum</strong></span> <span class='ocrx_word' id='word_1_677' title='bbox 2582 4951 2952 5021; x_wconf 88' lang='lat' dir='ltr'><strong>tristiumque,</strong></span> <span class='ocrx_word' id='word_1_678' title='bbox 2987 4956 3285 5023; x_wconf 68' lang='lat' dir='ltr'><strong>praesagiat</strong></span> <span class='ocrx_word' id='word_1_679' title='bbox 3322 4962 3610 5013; x_wconf 87' lang='lat' dir='ltr'><strong>eventum.</strong></span> 
     </span>
    </p>
   </div>
   <div class='ocr_carea' id='block_1_100' title="bbox 2000 5038 3619 5111">
    <p class='ocr_par' dir='ltr' id='par_1_100' title="bbox 2000 5038 3619 5111">
     <span class='ocr_line' id='line_1_101' title="bbox 2000 5038 3619 5111; baseline 0.003 -20"><span class='ocrx_word' id='word_1_680' title='bbox 2000 5040 2135 5101; x_wconf 65' lang='lat' dir='ltr'><strong>Qua:</strong></span> <span class='ocrx_word' id='word_1_681' title='bbox 2185 5039 2249 5103; x_wconf 90' lang='lat' dir='ltr'>si,</span> <span class='ocrx_word' id='word_1_682' title='bbox 2300 5038 2695 5091; x_wconf 90' lang='lat' dir='ltr'><strong>tantummodo</strong></span> <span class='ocrx_word' id='word_1_683' title='bbox 2757 5045 2943 5093; x_wconf 89' lang='lat' dir='ltr'><strong>mente</strong></span> <span class='ocrx_word' id='word_1_684' title='bbox 2972 5047 3373 5111; x_wconf 61' lang='lat' dir='ltr'><strong>praeconcepta,</strong></span> <span class='ocrx_word' id='word_1_685' title='bbox 3402 5043 3619 5097; x_wconf 85' lang='lat' dir='ltr'><strong>intelle-</strong></span> 
     </span>
    </p>
   </div>
   <div class='ocr_carea' id='block_1_101' title="bbox 1999 5126 3617 5198">
    <p class='ocr_par' dir='ltr' id='par_1_101' title="bbox 1999 5126 3617 5198">
     <span class='ocr_line' id='line_1_102' title="bbox 1999 5126 3617 5198; baseline 0.001 -18"><span class='ocrx_word' id='word_1_686' title='bbox 1999 5132 2151 5181; x_wconf 84' lang='lat' dir='ltr'><strong>ctum</strong></span> <span class='ocrx_word' id='word_1_687' title='bbox 2204 5126 2546 5194; x_wconf 89' lang='lat' dir='ltr'><strong>perturbant,</strong></span> <span class='ocrx_word' id='word_1_688' title='bbox 2599 5130 2942 5193; x_wconf 87' lang='lat' dir='ltr'><strong>quantopere</strong></span> <span class='ocrx_word' id='word_1_689' title='bbox 2986 5133 3144 5195; x_wconf 88' lang='lat' dir='ltr'><strong>putas</strong></span> <span class='ocrx_word' id='word_1_690' title='bbox 3192 5133 3245 5181; x_wconf 87' lang='lat' dir='ltr'>te</span> <span class='ocrx_word' id='word_1_691' title='bbox 3302 5128 3617 5198; x_wconf 85' lang='lat' dir='ltr'><strong>permoveri</strong></span> 
     </span>
    </p>
   </div>
   <div class='ocr_carea' id='block_1_102' title="bbox 333 5210 1968 5286">
    <p class='ocr_par' dir='ltr' id='par_1_102' title="bbox 333 5214 1967 5286">
     <span class='ocr_line' id='line_1_103' title="bbox 333 5214 1967 5286; baseline 0.001 -21"><span class='ocrx_word' id='word_1_692' title='bbox 333 5224 555 5266; x_wconf 79' lang='grc' dir='ltr'>τοιούτον</span> <span class='ocrx_word' id='word_1_693' title='bbox 613 5214 908 5285; x_wconf 86' lang='grc' dir='ltr'>ἀπροόπτως</span> <span class='ocrx_word' id='word_1_694' title='bbox 989 5214 1349 5266; x_wconf 83' lang='grc' dir='ltr'>ἐπελεύσεσθαι</span> <span class='ocrx_word' id='word_1_695' title='bbox 1398 5223 1458 5285; x_wconf 78' lang='grc' dir='ltr'>τῇ</span> <span class='ocrx_word' id='word_1_696' title='bbox 1522 5217 1671 5286; x_wconf 62' lang='grc' dir='ltr'>ψυχῇ</span> <span class='ocrx_word' id='word_1_697' title='bbox 1736 5236 1891 5285; x_wconf 87' lang='grc' dir='ltr'>προσ·</span> <span class='ocrx_word' id='word_1_698' title='bbox 1926 5223 1967 5276; x_wconf 89' lang='lat' dir='ltr'>D</span> 
     </span>
    </p>
   </div>
   <div class='ocr_carea' id='block_1_103' title="bbox 1998 5210 3617 5286">
    <p class='ocr_par' dir='ltr' id='par_1_103' title="bbox 2001 5210 3617 5285">
     <span class='ocr_line' id='line_1_104' title="bbox 2001 5210 3617 5285; baseline 0.002 -18"><span class='ocrx_word' id='word_1_699' title='bbox 2001 5231 2117 5267; x_wconf 92' lang='lat' dir='ltr'>rem</span> <span class='ocrx_word' id='word_1_700' title='bbox 2173 5212 2353 5281; x_wconf 89' lang='lat' dir='ltr'><strong>ipsam</strong></span> <span class='ocrx_word' id='word_1_701' title='bbox 2403 5216 2686 5280; x_wconf 81' lang='lat' dir='ltr'><strong>expertum</strong></span> <span class='ocrx_word' id='word_1_702' title='bbox 2720 5210 2903 5275; x_wconf 65' lang='lat' dir='ltr'><strong>7Quae</strong></span> <span class='ocrx_word' id='word_1_703' title='bbox 2955 5214 3105 5267; x_wconf 91' lang='lat' dir='ltr'><strong>enim</strong></span> <span class='ocrx_word' id='word_1_704' title='bbox 3162 5216 3314 5284; x_wconf 91' lang='lat' dir='ltr'><strong>prius</strong></span> <span class='ocrx_word' id='word_1_705' title='bbox 3366 5218 3617 5285; x_wconf 88' lang='lat' dir='ltr'><strong>cogitare</strong></span> 
     </span>
    </p>
   </div>
   <div class='ocr_carea' id='block_1_104' title="bbox 332 5299 1891 5374">
    <p class='ocr_par' dir='ltr' id='par_1_104' title="bbox 332 5299 1891 5374">
     <span class='ocr_line' id='line_1_105' title="bbox 332 5299 1891 5374; baseline 0.001 -22"><span class='ocrx_word' id='word_1_706' title='bbox 332 5309 676 5373; x_wconf 81' lang='grc' dir='ltr'>ἀρασσόμενα,</span> <span class='ocrx_word' id='word_1_707' title='bbox 712 5299 830 5352; x_wconf 78' lang='grc' dir='ltr'>ούδέ</span> <span class='ocrx_word' id='word_1_708' title='bbox 879 5306 999 5373; x_wconf 86' lang='grc' dir='ltr'>πρὸς</span> <span class='ocrx_word' id='word_1_709' title='bbox 1035 5302 1193 5359; x_wconf 67' lang='grc' dir='ltr'>αὐτὴν</span> <span class='ocrx_word' id='word_1_710' title='bbox 1226 5308 1315 5359; x_wconf 81' lang='grc' dir='ltr'>τὴν</span> <span class='ocrx_word' id='word_1_711' title='bbox 1345 5303 1552 5372; x_wconf 82' lang='grc' dir='ltr'>μελέτην</span> <span class='ocrx_word' id='word_1_712' title='bbox 1596 5308 1891 5374; x_wconf 79' lang='grc' dir='ltr'>παρέχουσι</span> 
     </span>
    </p>
   </div>
   <div class='ocr_carea' id='block_1_105' title="bbox 332 5389 1891 5461">
    <p class='ocr_par' dir='ltr' id='par_1_105' title="bbox 332 5389 1891 5461">
     <span class='ocr_line' id='line_1_106' title="bbox 332 5389 1891 5461; baseline 0.001 -22"><span class='ocrx_word' id='word_1_713' title='bbox 332 5394 388 5439; x_wconf 91' lang='grc' dir='ltr'>τό</span> <span class='ocrx_word' id='word_1_714' title='bbox 441 5389 722 5459; x_wconf 78' lang='grc' dir='ltr'>ἀτάραχον.</span> <span class='ocrx_word' id='word_1_715' title='bbox 781 5394 934 5457; x_wconf 82' lang='grc' dir='ltr'>Ψυχὴ</span> <span class='ocrx_word' id='word_1_716' title='bbox 985 5392 1083 5458; x_wconf 86' lang='grc' dir='ltr'>γάρ</span> <span class='ocrx_word' id='word_1_717' title='bbox 1139 5409 1245 5450; x_wconf 89' lang='grc' dir='ltr'>πως</span> <span class='ocrx_word' id='word_1_718' title='bbox 1298 5394 1484 5461; x_wconf 86' lang='grc' dir='ltr'>πέφυκε</span> <span class='ocrx_word' id='word_1_719' title='bbox 1514 5400 1611 5441; x_wconf 85' lang='grc' dir='ltr'>τῶν</span> <span class='ocrx_word' id='word_1_720' title='bbox 1642 5392 1891 5459; x_wconf 84' lang='grc' dir='ltr'>ἐσομένων</span> 
     </span>
    </p>
   </div>
   <div class='ocr_carea' id='block_1_106' title="bbox 332 5475 1888 5550">
    <p class='ocr_par' dir='ltr' id='par_1_106' title="bbox 332 5475 1888 5550">
     <span class='ocr_line' id='line_1_107' title="bbox 332 5475 1888 5550; baseline 0.001 -24"><span class='ocrx_word' id='word_1_721' title='bbox 332 5478 766 5546; x_wconf 76' lang='grc' dir='ltr'>προμαντεύεσθαι</span> <span class='ocrx_word' id='word_1_722' title='bbox 836 5480 926 5530; x_wconf 78' lang='grc' dir='ltr'>τὴν</span> <span class='ocrx_word' id='word_1_723' title='bbox 1001 5475 1271 5539; x_wconf 79' lang='grc' dir='ltr'>ἀποϐασιν,</span> <span class='ocrx_word' id='word_1_724' title='bbox 1339 5480 1563 5545; x_wconf 87' lang='grc' dir='ltr'>μάλιστά</span> <span class='ocrx_word' id='word_1_725' title='bbox 1624 5497 1680 5545; x_wconf 89' lang='grc' dir='ltr'>γε</span> <span class='ocrx_word' id='word_1_726' title='bbox 1754 5481 1888 5550; x_wconf 83' lang='grc' dir='ltr'>εἰπερ</span> 
     </span>
    </p>
   </div>
   <div class='ocr_carea' id='block_1_107' title="bbox 332 5561 1889 5634">
    <p class='ocr_par' dir='ltr' id='par_1_107' title="bbox 332 5561 1889 5634">
     <span class='ocr_line' id='line_1_108' title="bbox 332 5561 1889 5634; baseline 0 -21"><span class='ocrx_word' id='word_1_727' title='bbox 332 5584 427 5613; x_wconf 82' lang='grc' dir='ltr'>των</span> <span class='ocrx_word' id='word_1_728' title='bbox 483 5561 653 5618; x_wconf 68' lang='grc' dir='ltr'>ἀηδῶν</span> <span class='ocrx_word' id='word_1_729' title='bbox 687 5568 771 5611; x_wconf 82' lang='grc' dir='ltr'>και</span> <span class='ocrx_word' id='word_1_730' title='bbox 825 5562 1113 5613; x_wconf 85' lang='grc' dir='ltr'>λυπούντων</span> <span class='ocrx_word' id='word_1_731' title='bbox 1144 5566 1217 5620; x_wconf 87' lang='grc' dir='ltr'>εἰη</span> <span class='ocrx_word' id='word_1_732' title='bbox 1265 5569 1327 5615; x_wconf 82' lang='grc' dir='ltr'>τὰ</span> <span class='ocrx_word' id='word_1_733' title='bbox 1366 5568 1680 5634; x_wconf 86' lang='grc' dir='ltr'>ύφορῶμενα.</span> <span class='ocrx_word' id='word_1_734' title='bbox 1736 5564 1889 5615; x_wconf 84' lang='grc' dir='ltr'>Ὀταν</span> 
     </span>
    </p>
   </div>
   <div class='ocr_carea' id='block_1_108' title="bbox 333 5647 1889 5721">
    <p class='ocr_par' dir='ltr' id='par_1_108' title="bbox 333 5647 1889 5721">
     <span class='ocr_line' id='line_1_109' title="bbox 333 5647 1889 5721; baseline 0.001 -22"><span class='ocrx_word' id='word_1_735' title='bbox 333 5647 418 5699; x_wconf 67' lang='grc' dir='ltr'>οὖν</span> <span class='ocrx_word' id='word_1_736' title='bbox 447 5669 540 5699; x_wconf 92' lang='grc' dir='ltr'>τινι</span> <span class='ocrx_word' id='word_1_737' title='bbox 590 5669 751 5698; x_wconf 82' lang='grc' dir='ltr'>ταντα</span> <span class='ocrx_word' id='word_1_738' title='bbox 799 5654 885 5699; x_wconf 81' lang='grc' dir='ltr'>καὶ</span> <span class='ocrx_word' id='word_1_739' title='bbox 931 5655 1441 5720; x_wconf 76' lang='grc' dir='ltr'>προεπισκοπούμενα</span> <span class='ocrx_word' id='word_1_740' title='bbox 1496 5652 1626 5702; x_wconf 75' lang='grc' dir='ltr'>οὕτω</span> <span class='ocrx_word' id='word_1_741' title='bbox 1680 5655 1889 5721; x_wconf 86' lang='grc' dir='ltr'>συστρέ-</span> 
     </span>
    </p>
   </div>
   <div class='ocr_carea' id='block_1_109' title="bbox 1998 5298 3617 5371">
    <p class='ocr_par' dir='ltr' id='par_1_109' title="bbox 1998 5298 3617 5371">
     <span class='ocr_line' id='line_1_110' title="bbox 1998 5298 3617 5371; baseline 0.003 -19"><span class='ocrx_word' id='word_1_742' title='bbox 1998 5299 2275 5354; x_wconf 89' lang='lat' dir='ltr'><strong>recusavit</strong></span> <span class='ocrx_word' id='word_1_743' title='bbox 2322 5298 2563 5363; x_wconf 88' lang='lat' dir='ltr'><strong>animus,</strong></span> <span class='ocrx_word' id='word_1_744' title='bbox 2607 5314 2672 5351; x_wconf 89' lang='lat' dir='ltr'>ea</span> <span class='ocrx_word' id='word_1_745' title='bbox 2713 5298 2895 5353; x_wconf 88' lang='lat' dir='ltr'><strong>facere</strong></span> <span class='ocrx_word' id='word_1_746' title='bbox 2935 5303 3282 5371; x_wconf 87' lang='lat' dir='ltr'><strong>manusjam</strong></span> <span class='ocrx_word' id='word_1_747' title='bbox 3321 5304 3447 5356; x_wconf 89' lang='lat' dir='ltr'><strong>totis</strong></span> <span class='ocrx_word' id='word_1_748' title='bbox 3473 5303 3617 5357; x_wconf 89' lang='lat' dir='ltr'><strong>viri-</strong></span> 
     </span>
    </p>
   </div>
   <div class='ocr_carea' id='block_1_110' title="bbox 1999 5386 3620 5455">
    <p class='ocr_par' dir='ltr' id='par_1_110' title="bbox 1999 5386 3620 5455">
     <span class='ocr_line' id='line_1_111' title="bbox 1999 5386 3620 5455; baseline 0.001 -14"><span class='ocrx_word' id='word_1_749' title='bbox 1999 5389 2100 5441; x_wconf 89' lang='lat' dir='ltr'>bus</span> <span class='ocrx_word' id='word_1_750' title='bbox 2129 5386 2351 5455; x_wconf 86' lang='lat' dir='ltr'><strong>refugit.</strong></span> <span class='ocrx_word' id='word_1_751' title='bbox 2391 5390 2649 5438; x_wconf 82' lang='lat' dir='ltr'><strong>Attamen</strong></span> <span class='ocrx_word' id='word_1_752' title='bbox 2678 5386 2748 5437; x_wconf 90' lang='lat' dir='ltr'>ad</span> <span class='ocrx_word' id='word_1_753' title='bbox 2780 5386 3135 5440; x_wconf 90' lang='lat' dir='ltr'><strong>sanctitatem</strong></span> <span class='ocrx_word' id='word_1_754' title='bbox 3186 5394 3429 5443; x_wconf 89' lang='lat' dir='ltr'><strong>vestram</strong></span> <span class='ocrx_word' id='word_1_755' title='bbox 3488 5392 3620 5444; x_wconf 87' lang='lat' dir='ltr'><strong>scri-</strong></span> 
     </span>
    </p>
   </div>
   <div class='ocr_carea' id='block_1_111' title="bbox 2001 5473 3621 5544">
    <p class='ocr_par' dir='ltr' id='par_1_111' title="bbox 2001 5473 3621 5544">
     <span class='ocr_line' id='line_1_112' title="bbox 2001 5473 3621 5544; baseline 0.001 -15"><span class='ocrx_word' id='word_1_756' title='bbox 2001 5478 2130 5529; x_wconf 91' lang='lat' dir='ltr'><strong>bere</strong></span> <span class='ocrx_word' id='word_1_757' title='bbox 2161 5474 2216 5527; x_wconf 91' lang='lat' dir='ltr'>in</span> <span class='ocrx_word' id='word_1_758' title='bbox 2239 5473 2428 5527; x_wconf 88' lang='lat' dir='ltr'><strong>animo</strong></span> <span class='ocrx_word' id='word_1_759' title='bbox 2458 5476 2559 5532; x_wconf 85' lang='lat' dir='ltr'><strong>est,</strong></span> <span class='ocrx_word' id='word_1_760' title='bbox 2617 5488 2685 5525; x_wconf 89' lang='lat' dir='ltr'>ne</span> <span class='ocrx_word' id='word_1_761' title='bbox 2724 5473 2855 5541; x_wconf 89' lang='lat' dir='ltr'><strong>quid</strong></span> <span class='ocrx_word' id='word_1_762' title='bbox 2885 5489 3078 5526; x_wconf 89' lang='lat' dir='ltr'><strong>eorum</strong></span> <span class='ocrx_word' id='word_1_763' title='bbox 3110 5492 3230 5544; x_wconf 70' lang='lat' dir='ltr'><strong>quae</strong></span> <span class='ocrx_word' id='word_1_764' title='bbox 3273 5478 3343 5530; x_wconf 91' lang='lat' dir='ltr'>ad</span> <span class='ocrx_word' id='word_1_765' title='bbox 3395 5483 3621 5531; x_wconf 89' lang='lat' dir='ltr'><strong>nosmet</strong></span> 
     </span>
    </p>
   </div>
   <div class='ocr_carea' id='block_1_112' title="bbox 2000 5558 3621 5634">
    <p class='ocr_par' dir='ltr' id='par_1_112' title="bbox 2000 5558 3621 5634">
     <span class='ocr_line' id='line_1_113' title="bbox 2000 5558 3621 5634; baseline 0.001 -19"><span class='ocrx_word' id='word_1_766' title='bbox 2000 5566 2271 5631; x_wconf 90' lang='lat' dir='ltr'><strong>spectant,</strong></span> <span class='ocrx_word' id='word_1_767' title='bbox 2332 5559 2596 5628; x_wconf 87' lang='lat' dir='ltr'><strong>ignoretis</strong></span> <span class='ocrx_word' id='word_1_768' title='bbox 2639 5575 2650 5622; x_wconf 92' lang='lat'>;</span> <span class='ocrx_word' id='word_1_769' title='bbox 2695 5558 2892 5627; x_wconf 89' lang='lat' dir='ltr'><strong>quibus</strong></span> <span class='ocrx_word' id='word_1_770' title='bbox 2965 5563 3201 5631; x_wconf 90' lang='lat' dir='ltr'><strong>cognitis</strong></span> <span class='ocrx_word' id='word_1_771' title='bbox 3254 5569 3308 5617; x_wconf 90' lang='lat' dir='ltr'>et</span> <span class='ocrx_word' id='word_1_772' title='bbox 3363 5564 3621 5634; x_wconf 81' lang='lat' dir='ltr'><strong>precibus</strong></span> 
     </span>
    </p>
   </div>
   <div class='ocr_carea' id='block_1_113' title="bbox 2001 5646 3058 5713">
    <p class='ocr_par' dir='ltr' id='par_1_113' title="bbox 2001 5646 3058 5713">
     <span class='ocr_line' id='line_1_114' title="bbox 2001 5646 3058 5713; baseline 0.001 -14"><span class='ocrx_word' id='word_1_773' title='bbox 2001 5648 2204 5702; x_wconf 89' lang='lat' dir='ltr'><strong>vacetis</strong></span> <span class='ocrx_word' id='word_1_774' title='bbox 2232 5653 2287 5701; x_wconf 89' lang='lat' dir='ltr'>et</span> <span class='ocrx_word' id='word_1_775' title='bbox 2305 5648 2493 5699; x_wconf 91' lang='lat' dir='ltr'><strong>animo</strong></span> <span class='ocrx_word' id='word_1_776' title='bbox 2523 5646 2764 5713; x_wconf 90' lang='lat' dir='ltr'><strong>quietem</strong></span> <span class='ocrx_word' id='word_1_777' title='bbox 2796 5647 3058 5700; x_wconf 91' lang='lat' dir='ltr'><strong>reddatis.</strong></span> 
     </span>
    </p>
   </div>
   <div class='ocr_carea' id='block_1_114' title="bbox 336 5732 3619 5808">
    <p class='ocr_par' dir='ltr' id='par_1_114' title="bbox 336 5732 3619 5808">
     <span class='ocr_line' id='line_1_115' title="bbox 336 5732 3619 5808; baseline 0.001 -23"><span class='ocrx_word' id='word_1_778' title='bbox 336 5757 398 5805; x_wconf 72' lang='grc' dir='ltr'>φη</span> <span class='ocrx_word' id='word_1_779' title='bbox 442 5743 525 5786; x_wconf 85' lang='grc' dir='ltr'>και</span> <span class='ocrx_word' id='word_1_780' title='bbox 554 5733 770 5805; x_wconf 73' lang='grc' dir='ltr'>διαδονῇ</span> <span class='ocrx_word' id='word_1_781' title='bbox 804 5742 893 5792; x_wconf 83' lang='grc' dir='ltr'>τὴν</span> <span class='ocrx_word' id='word_1_782' title='bbox 922 5732 1172 5797; x_wconf 87' lang='grc' dir='ltr'>διάνοιαν,</span> <span class='ocrx_word' id='word_1_783' title='bbox 1203 5743 1250 5787; x_wconf 91' lang='grc' dir='ltr'>τί</span> <span class='ocrx_word' id='word_1_784' title='bbox 1277 5740 1367 5788; x_wconf 77' lang='grc' dir='ltr'>οὐκ</span> <span class='ocrx_word' id='word_1_785' title='bbox 1408 5738 1465 5789; x_wconf 81' lang='grc' dir='ltr'>ἂν</span> <span class='ocrx_word' id='word_1_786' title='bbox 1498 5738 1651 5798; x_wconf 85' lang='grc' dir='ltr'>αύτός</span> <span class='ocrx_word' id='word_1_787' title='bbox 1694 5740 1847 5787; x_wconf 87' lang='grc' dir='ltr'>πάθοι</span> <span class='ocrx_word' id='word_1_788' title='bbox 1900 5744 2061 5786; x_wconf 83' lang='grc' dir='ltr'>ταῦτα</span> <span class='ocrx_word' id='word_1_789' title='bbox 2106 5743 2164 5805; x_wconf 75' lang='grc' dir='ltr'>τῇ</span> <span class='ocrx_word' id='word_1_790' title='bbox 2215 5740 2365 5803; x_wconf 80' lang='grc' dir='ltr'>πείρᾳ</span> <span class='ocrx_word' id='word_1_791' title='bbox 2408 5736 2778 5801; x_wconf 77' lang='grc' dir='ltr'>καρπούμενος,</span> <span class='ocrx_word' id='word_1_792' title='bbox 2830 5734 2893 5781; x_wconf 81' lang='grc' dir='ltr'>ὦν</span> <span class='ocrx_word' id='word_1_793' title='bbox 2925 5736 2951 5788; x_wconf 78' lang='grc' dir='ltr'>ἡ</span> <span class='ocrx_word' id='word_1_794' title='bbox 3009 5736 3184 5803; x_wconf 85' lang='grc' dir='ltr'>μελέτη</span> <span class='ocrx_word' id='word_1_795' title='bbox 3235 5744 3477 5808; x_wconf 90' lang='grc' dir='ltr'>πρότερον</span> <span class='ocrx_word' id='word_1_796' title='bbox 3534 5741 3619 5789; x_wconf 83' lang='grc' dir='ltr'>τὸν</span> 
     </span>
    </p>
   </div>
   <div class='ocr_carea' id='block_1_115' title="bbox 336 5818 3621 5898">
    <p class='ocr_par' dir='ltr' id='par_1_115' title="bbox 336 5818 3621 5898">
     <span class='ocr_line' id='line_1_116' title="bbox 336 5818 3621 5898; baseline 0.001 -27"><span class='ocrx_word' id='word_1_797' title='bbox 336 5826 578 5891; x_wconf 71' lang='grc' dir='ltr'>ὶογισμόν</span> <span class='ocrx_word' id='word_1_798' title='bbox 612 5822 1028 5892; x_wconf 77' lang='grc' dir='ltr'>ἐκταράσσουσα,</span> <span class='ocrx_word' id='word_1_799' title='bbox 1077 5828 1200 5893; x_wconf 87' lang='grc' dir='ltr'>πρὸς</span> <span class='ocrx_word' id='word_1_800' title='bbox 1248 5830 1338 5881; x_wconf 76' lang='grc' dir='ltr'>τὴν</span> <span class='ocrx_word' id='word_1_801' title='bbox 1368 5826 1683 5898; x_wconf 88' lang='grc' dir='ltr'>λειτουργίαν</span> <span class='ocrx_word' id='word_1_802' title='bbox 1723 5832 1810 5874; x_wconf 80' lang='grc' dir='ltr'><em>τοὺ</em></span> <span class='ocrx_word' id='word_1_803' title='bbox 1859 5826 2152 5896; x_wconf 82' lang='grc' dir='ltr'>πράγματος</span> <span class='ocrx_word' id='word_1_804' title='bbox 2198 5822 2447 5879; x_wconf 86' lang='grc' dir='ltr'>παντελῶς</span> <span class='ocrx_word' id='word_1_805' title='bbox 2496 5819 2788 5889; x_wconf 75' lang='grc' dir='ltr'>ἀνεχαίτιζε</span> <span class='ocrx_word' id='word_1_806' title='bbox 2820 5836 2831 5883; x_wconf 90' lang='grc'><strong>;</strong></span> <span class='ocrx_word' id='word_1_807' title='bbox 2860 5827 2941 5871; x_wconf 88' lang='grc' dir='ltr'>Δεῖ</span> <span class='ocrx_word' id='word_1_808' title='bbox 2970 5818 3018 5871; x_wconf 88' lang='grc' dir='ltr'>δ’</span> <span class='ocrx_word' id='word_1_809' title='bbox 3050 5819 3133 5872; x_wconf 83' lang='grc' dir='ltr'>οὖν</span> <span class='ocrx_word' id='word_1_810' title='bbox 3166 5826 3299 5893; x_wconf 82' lang='grc' dir='ltr'>ὅμως</span> <span class='ocrx_word' id='word_1_811' title='bbox 3347 5828 3469 5893; x_wconf 87' lang='grc' dir='ltr'>πρὸς</span> <span class='ocrx_word' id='word_1_812' title='bbox 3522 5828 3621 5880; x_wconf 74' lang='grc' dir='ltr'>τὴν</span> 
     </span>
    </p>
   </div>
   <div class='ocr_carea' id='block_1_116' title="bbox 398 5904 1968 5982">
    <p class='ocr_par' dir='ltr' id='par_1_116' title="bbox 398 5910 1968 5982">
     <span class='ocr_line' id='line_1_117' title="bbox 398 5910 1968 5982; baseline 0 -21"><span class='ocrx_word' id='word_1_813' title='bbox 398 5913 471 5973; x_wconf 86' lang='lat' dir='ltr'><strong>(t)</strong></span> <span class='ocrx_word' id='word_1_814' title='bbox 502 5910 697 5963; x_wconf 64' lang='lat' dir='ltr'><strong>Graace</strong></span> <span class='ocrx_word' id='word_1_815' title='bbox 749 5910 905 5963; x_wconf 87' lang='lat' dir='ltr'><strong>edita</strong></span> <span class='ocrx_word' id='word_1_816' title='bbox 955 5911 1013 5963; x_wconf 89' lang='lat' dir='ltr'>in</span> <span class='ocrx_word' id='word_1_817' title='bbox 1045 5912 1188 5965; x_wconf 86' lang='lat' dir='ltr'><strong>libro</strong></span> <span class='ocrx_word' id='word_1_818' title='bbox 1231 5912 1325 5967; x_wconf 89' lang='lat' dir='ltr'><strong>cui</strong></span> <span class='ocrx_word' id='word_1_819' title='bbox 1378 5913 1621 5967; x_wconf 89' lang='lat' dir='ltr'><strong>titulus:</strong></span> <span class='ocrx_word' id='word_1_820' title='bbox 1680 5917 1841 5981; x_wconf 80' lang='grc' dir='ltr'>Τόμος</span> <span class='ocrx_word' id='word_1_821' title='bbox 1874 5929 1968 5982; x_wconf 71' lang='grc' dir='ltr'>χαρ</span> 
     </span>
    </p>
   </div>
   <div class='ocr_carea' id='block_1_117' title="bbox 1998 5904 3622 5982">
    <p class='ocr_par' dir='ltr' id='par_1_117' title="bbox 1998 5904 3622 5979">
     <span class='ocr_line' id='line_1_118' title="bbox 1998 5904 3622 5979; baseline 0.001 -19"><span class='ocrx_word' id='word_1_822' title='bbox 1998 5929 2065 5969; x_wconf 78' lang='grc' dir='ltr'>ις.</span> <span class='ocrx_word' id='word_1_823' title='bbox 2122 5909 2201 5960; x_wconf 89' lang='grc' dir='ltr'>Ἐν</span> <span class='ocrx_word' id='word_1_824' title='bbox 2232 5908 2485 5979; x_wconf 80' lang='grc' dir='ltr'>Ῥημνίκῳ</span> <span class='ocrx_word' id='word_1_825' title='bbox 2529 5904 2658 5977; x_wconf 61' lang='grc' dir='ltr'>ἀφί</span> <span class='ocrx_word' id='word_1_826' title='bbox 2688 5906 2888 5975; x_wconf 80' lang='grc'>(1705),</span> <span class='ocrx_word' id='word_1_827' title='bbox 2920 5906 3021 5962; x_wconf 90' lang='lat' dir='ltr'><strong>fol.</strong></span> <span class='ocrx_word' id='word_1_828' title='bbox 3062 5910 3203 5963; x_wconf 79' lang='lat' dir='ltr'><strong>Alibi</strong></span> <span class='ocrx_word' id='word_1_829' title='bbox 3247 5926 3363 5965; x_wconf 92' lang='lat' dir='ltr'>non</span> <span class='ocrx_word' id='word_1_830' title='bbox 3406 5915 3622 5965; x_wconf 80' lang='lat' dir='ltr'><strong>exstat.</strong></span> 
     </span>
    </p>
   </div>
  </div>
