  <div class='ocr_page' id='page_1' title='image "/cluster/home/n/w/nwhite01/storage/ocr_20150623/102/nnc1.0046979620/521.png"; bbox 0 0 4236 6436; ppageno 0'>
   <div class='ocr_carea' id='block_1_1' title="bbox 682 320 3981 391">
    <p class='ocr_par' dir='ltr' id='par_1_1' title="bbox 682 320 3981 391">
     <span class='ocr_line' id='line_1_1' title="bbox 682 320 3981 391; baseline 0 -15"><span class='ocrx_word' id='word_1_1' title='bbox 682 320 822 376; x_wconf 78' lang='grc' dir='ltr'>ιοιο</span> <span class='ocrx_word' id='word_1_2' title='bbox 2143 320 2505 380; x_wconf 78' lang='grc' dir='ltr'>ΑΟΒΕΝΒΑ.</span> <span class='ocrx_word' id='word_1_3' title='bbox 3846 334 3981 391; x_wconf 68' lang='lat' dir='ltr'><strong>mo</strong></span> 
     </span>
    </p>
   </div>
   <div class='ocr_carea' id='block_1_2' title="bbox 678 436 3978 527">
    <p class='ocr_par' dir='ltr' id='par_1_2' title="bbox 678 436 3978 527">
     <span class='ocr_line' id='line_1_2' title="bbox 678 436 3978 527; baseline 0.004 -35"><span class='ocrx_word' id='word_1_4' title='bbox 678 442 923 511; x_wconf 77' lang='grc' dir='ltr'>ὑμετέραν</span> <span class='ocrx_word' id='word_1_5' title='bbox 961 441 1209 527; x_wconf 71' lang='grc' dir='ltr'>ὁσιότητα</span> <span class='ocrx_word' id='word_1_6' title='bbox 1254 441 1463 510; x_wconf 88' lang='grc' dir='ltr'>γράφειν</span> <span class='ocrx_word' id='word_1_7' title='bbox 1512 437 1888 509; x_wconf 79' lang='grc' dir='ltr'>ἀπαρχόμενον,</span> <span class='ocrx_word' id='word_1_8' title='bbox 1942 436 2103 509; x_wconf 78' lang='grc' dir='ltr'>μηδεν</span> <span class='ocrx_word' id='word_1_9' title='bbox 2149 450 2249 493; x_wconf 73' lang='grc' dir='ltr'>τῶν</span> <span class='ocrx_word' id='word_1_10' title='bbox 2303 443 2415 495; x_wconf 85' lang='grc' dir='ltr'>καθ’</span> <span class='ocrx_word' id='word_1_11' title='bbox 2474 446 2611 514; x_wconf 76' lang='grc' dir='ltr'>ἡμᾶς</span> <span class='ocrx_word' id='word_1_12' title='bbox 2670 446 3091 520; x_wconf 76' lang='grc' dir='ltr'>ἀποκρύψασθαι,</span> <span class='ocrx_word' id='word_1_13' title='bbox 3150 453 3219 512; x_wconf 82' lang='grc' dir='ltr'>ὡς</span> <span class='ocrx_word' id='word_1_14' title='bbox 3271 454 3332 505; x_wconf 78' lang='grc' dir='ltr'><strong><em>ἄν</em></strong></span> <span class='ocrx_word' id='word_1_15' title='bbox 3387 462 3550 506; x_wconf 85' lang='grc' dir='ltr'>ταῦτα</span> <span class='ocrx_word' id='word_1_16' title='bbox 3591 454 3978 527; x_wconf 77' lang='grc' dir='ltr'>έκμανθάνουσα</span> 
     </span>
    </p>
   </div>
   <div class='ocr_carea' id='block_1_3' title="bbox 676 524 3575 611">
    <p class='ocr_par' dir='ltr' id='par_1_3' title="bbox 676 524 3575 611">
     <span class='ocr_line' id='line_1_3' title="bbox 676 524 3575 611; baseline 0.003 -31"><span class='ocrx_word' id='word_1_17' title='bbox 676 528 861 598; x_wconf 88' lang='grc' dir='ltr'>εύχαῖς</span> <span class='ocrx_word' id='word_1_18' title='bbox 896 546 949 578; x_wconf 90' lang='grc' dir='ltr'>τε</span> <span class='ocrx_word' id='word_1_19' title='bbox 978 532 1047 597; x_wconf 83' lang='grc' dir='ltr'>μὴ</span> <span class='ocrx_word' id='word_1_20' title='bbox 1082 524 1295 597; x_wconf 77' lang='grc' dir='ltr'>διαλίπη</span> <span class='ocrx_word' id='word_1_21' title='bbox 1324 526 1681 597; x_wconf 72' lang='grc' dir='ltr'>ἐπαλείφουσα,</span> <span class='ocrx_word' id='word_1_22' title='bbox 1719 532 1807 577; x_wconf 81' lang='grc' dir='ltr'>καὶ</span> <span class='ocrx_word' id='word_1_23' title='bbox 1831 531 1914 577; x_wconf 90' lang='grc' dir='ltr'>τόν</span> <span class='ocrx_word' id='word_1_24' title='bbox 1939 527 2089 577; x_wconf 87' lang='grc' dir='ltr'>πολύν</span> <span class='ocrx_word' id='word_1_25' title='bbox 2116 532 2347 599; x_wconf 79' lang='grc' dir='ltr'>τάραχον</span> <span class='ocrx_word' id='word_1_26' title='bbox 2369 539 2461 591; x_wconf 84' lang='grc' dir='ltr'>τῆς</span> <span class='ocrx_word' id='word_1_27' title='bbox 2487 532 2671 602; x_wconf 72' lang='grc' dir='ltr'>ψυχῆς</span> <span class='ocrx_word' id='word_1_28' title='bbox 2692 540 3099 594; x_wconf 83' lang='grc' dir='ltr'>κατευνασθῆναι</span> <span class='ocrx_word' id='word_1_29' title='bbox 3118 545 3575 611; x_wconf 86' lang='grc' dir='ltr'>παρασκευάσειεν.</span> 
     </span>
    </p>
   </div>
   <div class='ocr_carea' id='block_1_4' title="bbox 749 613 2258 703">
    <p class='ocr_par' dir='ltr' id='par_1_4' title="bbox 749 613 2258 685">
     <span class='ocr_line' id='line_1_4' title="bbox 749 613 2258 685; baseline 0.001 -17"><span class='ocrx_word' id='word_1_30' title='bbox 749 617 939 685; x_wconf 79' lang='lat' dir='ltr'>Itaque</span> <span class='ocrx_word' id='word_1_31' title='bbox 970 631 1002 668; x_wconf 89' lang='lat' dir='ltr'>a</span> <span class='ocrx_word' id='word_1_32' title='bbox 1034 615 1215 683; x_wconf 90' lang='lat' dir='ltr'><strong>prima</strong></span> <span class='ocrx_word' id='word_1_33' title='bbox 1242 614 1622 667; x_wconf 79' lang='lat' dir='ltr'>adolescentia</span> <span class='ocrx_word' id='word_1_34' title='bbox 1669 613 1792 668; x_wconf 63' lang='lat' dir='ltr'><strong>vitae</strong></span> <span class='ocrx_word' id='word_1_35' title='bbox 1831 614 2093 669; x_wconf 62' lang='lat' dir='ltr'><strong>solitariae</strong></span> <span class='ocrx_word' id='word_1_36' title='bbox 2143 633 2258 669; x_wconf 79' lang='lat' dir='ltr'>amc</span> 
     </span>
    </p>
   </div>
   <div class='ocr_carea' id='block_1_5' title="bbox 2325 613 3977 703">
    <p class='ocr_par' dir='ltr' id='par_1_5' title="bbox 2333 620 3977 703">
     <span class='ocr_line' id='line_1_5' title="bbox 2333 620 3977 703; baseline 0.007 -31"><span class='ocrx_word' id='word_1_37' title='bbox 2333 623 2375 672; x_wconf 86' lang='lat' dir='ltr'><strong>A</strong></span> <span class='ocrx_word' id='word_1_38' title='bbox 2479 627 2677 690; x_wconf 83' lang='grc' dir='ltr'>Νεαράς</span> <span class='ocrx_word' id='word_1_39' title='bbox 2723 628 2810 691; x_wconf 82' lang='grc' dir='ltr'>μεν</span> <span class='ocrx_word' id='word_1_40' title='bbox 2853 620 2938 674; x_wconf 86' lang='grc' dir='ltr'>οὑν</span> <span class='ocrx_word' id='word_1_41' title='bbox 2978 629 3050 677; x_wconf 83' lang='grc' dir='ltr'>ἔτι</span> <span class='ocrx_word' id='word_1_42' title='bbox 3097 635 3185 686; x_wconf 84' lang='grc' dir='ltr'>τῆς</span> <span class='ocrx_word' id='word_1_43' title='bbox 3228 627 3431 687; x_wconf 80' lang='grc' dir='ltr'>ἡλικίας</span> <span class='ocrx_word' id='word_1_44' title='bbox 3486 634 3668 691; x_wconf 79' lang='grc' dir='ltr'>οὔσης,</span> <span class='ocrx_word' id='word_1_45' title='bbox 3733 634 3859 703; x_wconf 78' lang='grc' dir='ltr'>ἔρως</span> <span class='ocrx_word' id='word_1_46' title='bbox 3888 641 3977 683; x_wconf 74' lang='grc' dir='ltr'>τοῦ</span> 
     </span>
    </p>
   </div>
   <div class='ocr_carea' id='block_1_6' title="bbox 675 702 2297 770">
    <p class='ocr_par' dir='ltr' id='par_1_6' title="bbox 675 702 2297 770">
     <span class='ocr_line' id='line_1_6' title="bbox 675 702 2297 770; baseline -0.001 -12"><span class='ocrx_word' id='word_1_47' title='bbox 675 704 926 767; x_wconf 90' lang='lat' dir='ltr'><strong>incaluit,</strong></span> <span class='ocrx_word' id='word_1_48' title='bbox 955 719 1017 756; x_wconf 91' lang='lat' dir='ltr'>ac</span> <span class='ocrx_word' id='word_1_49' title='bbox 1056 703 1184 756; x_wconf 90' lang='lat' dir='ltr'><strong>licet</strong></span> <span class='ocrx_word' id='word_1_50' title='bbox 1227 720 1446 756; x_wconf 91' lang='lat' dir='ltr'><strong>morum</strong></span> <span class='ocrx_word' id='word_1_51' title='bbox 1493 702 1793 770; x_wconf 89' lang='lat' dir='ltr'><strong>disparitas</strong></span> <span class='ocrx_word' id='word_1_52' title='bbox 1830 704 2083 756; x_wconf 79' lang='lat' dir='ltr'>resistere</span> <span class='ocrx_word' id='word_1_53' title='bbox 2151 704 2297 757; x_wconf 88' lang='lat' dir='ltr'><strong>vide-</strong></span> 
     </span>
    </p>
   </div>
   <div class='ocr_carea' id='block_1_7' title="bbox 674 788 2298 853">
    <p class='ocr_par' dir='ltr' id='par_1_7' title="bbox 674 788 2298 853">
     <span class='ocr_line' id='line_1_7' title="bbox 674 788 2298 853; baseline -0.001 -8"><span class='ocrx_word' id='word_1_54' title='bbox 674 792 857 853; x_wconf 80' lang='lat' dir='ltr'>batur,</span> <span class='ocrx_word' id='word_1_55' title='bbox 920 790 1089 843; x_wconf 88' lang='lat' dir='ltr'><strong>studii</strong></span> <span class='ocrx_word' id='word_1_56' title='bbox 1155 789 1300 842; x_wconf 90' lang='lat' dir='ltr'><strong>illius</strong></span> <span class='ocrx_word' id='word_1_57' title='bbox 1365 788 1655 843; x_wconf 78' lang='lat' dir='ltr'>sinceritas</span> <span class='ocrx_word' id='word_1_58' title='bbox 1733 788 1880 851; x_wconf 84' lang='lat' dir='ltr'><strong>vicit,</strong></span> <span class='ocrx_word' id='word_1_59' title='bbox 1924 794 1977 842; x_wconf 90' lang='lat' dir='ltr'>et</span> <span class='ocrx_word' id='word_1_60' title='bbox 2040 789 2298 844; x_wconf 80' lang='lat' dir='ltr'>voluntas</span> 
     </span>
    </p>
   </div>
   <div class='ocr_carea' id='block_1_8' title="bbox 676 876 2295 948">
    <p class='ocr_par' dir='ltr' id='par_1_8' title="bbox 676 876 2295 948">
     <span class='ocr_line' id='line_1_8' title="bbox 676 876 2295 948; baseline -0.001 -17"><span class='ocrx_word' id='word_1_61' title='bbox 676 879 879 948; x_wconf 88' lang='lat' dir='ltr'><strong>(multa</strong></span> <span class='ocrx_word' id='word_1_62' title='bbox 926 879 1074 931; x_wconf 90' lang='lat' dir='ltr'><strong>enim</strong></span> <span class='ocrx_word' id='word_1_63' title='bbox 1120 878 1383 946; x_wconf 90' lang='lat' dir='ltr'><strong>variaque</strong></span> <span class='ocrx_word' id='word_1_64' title='bbox 1441 878 1917 945; x_wconf 74' lang='lat' dir='ltr'>proponebantur)</span> <span class='ocrx_word' id='word_1_65' title='bbox 1972 894 2001 929; x_wconf 87' lang='lat' dir='ltr'>a</span> <span class='ocrx_word' id='word_1_66' title='bbox 2044 876 2155 931; x_wconf 89' lang='lat' dir='ltr'><strong>fine</strong></span> <span class='ocrx_word' id='word_1_67' title='bbox 2195 894 2295 930; x_wconf 92' lang='lat' dir='ltr'>suo</span> 
     </span>
    </p>
   </div>
   <div class='ocr_carea' id='block_1_9' title="bbox 678 964 2296 1032">
    <p class='ocr_par' dir='ltr' id='par_1_9' title="bbox 678 964 2296 1032">
     <span class='ocr_line' id='line_1_9' title="bbox 678 964 2296 1032; baseline -0.002 -12"><span class='ocrx_word' id='word_1_68' title='bbox 678 965 829 1020; x_wconf 87' lang='lat' dir='ltr'><strong>haud</strong></span> <span class='ocrx_word' id='word_1_69' title='bbox 871 966 1167 1018; x_wconf 89' lang='lat' dir='ltr'><strong>aberravit.</strong></span> <span class='ocrx_word' id='word_1_70' title='bbox 1205 967 1281 1017; x_wconf 84' lang='lat' dir='ltr'><strong>Ac</strong></span> <span class='ocrx_word' id='word_1_71' title='bbox 1307 964 1549 1032; x_wconf 92' lang='lat' dir='ltr'><strong>primum</strong></span> <span class='ocrx_word' id='word_1_72' title='bbox 1612 965 1836 1032; x_wconf 89' lang='lat' dir='ltr'>quidem</span> <span class='ocrx_word' id='word_1_73' title='bbox 1886 964 2060 1031; x_wconf 88' lang='lat' dir='ltr'><strong>patris</strong></span> <span class='ocrx_word' id='word_1_74' title='bbox 2103 980 2296 1018; x_wconf 91' lang='lat' dir='ltr'><strong>exem-</strong></span> 
     </span>
    </p>
   </div>
   <div class='ocr_carea' id='block_1_10' title="bbox 675 1052 2295 1123">
    <p class='ocr_par' dir='ltr' id='par_1_10' title="bbox 675 1052 2295 1123">
     <span class='ocr_line' id='line_1_10' title="bbox 675 1052 2295 1123; baseline -0.001 -16"><span class='ocrx_word' id='word_1_75' title='bbox 675 1053 828 1123; x_wconf 90' lang='lat' dir='ltr'><strong>plum</strong></span> <span class='ocrx_word' id='word_1_76' title='bbox 864 1054 930 1105; x_wconf 90' lang='lat' dir='ltr'>ad</span> <span class='ocrx_word' id='word_1_77' title='bbox 957 1053 1215 1105; x_wconf 79' lang='lat' dir='ltr'>virtutem</span> <span class='ocrx_word' id='word_1_78' title='bbox 1243 1053 1583 1120; x_wconf 82' lang='lat' dir='ltr'><strong>prepellebat</strong></span> <span class='ocrx_word' id='word_1_79' title='bbox 1607 1074 1615 1113; x_wconf 90' lang='lat'><strong>;</strong></span> <span class='ocrx_word' id='word_1_80' title='bbox 1642 1052 1735 1120; x_wconf 90' lang='lat' dir='ltr'><strong>qui</strong></span> <span class='ocrx_word' id='word_1_81' title='bbox 1764 1052 2000 1104; x_wconf 87' lang='lat' dir='ltr'><strong>utfidem</strong></span> <span class='ocrx_word' id='word_1_82' title='bbox 2017 1069 2207 1105; x_wconf 91' lang='lat' dir='ltr'><strong>veram</strong></span> <span class='ocrx_word' id='word_1_83' title='bbox 2229 1069 2295 1106; x_wconf 93' lang='lat' dir='ltr'>ac</span> 
     </span>
    </p>
   </div>
   <div class='ocr_carea' id='block_1_11' title="bbox 673 1139 2294 1211">
    <p class='ocr_par' dir='ltr' id='par_1_11' title="bbox 673 1139 2294 1211">
     <span class='ocr_line' id='line_1_11' title="bbox 673 1139 2294 1211; baseline -0.001 -17"><span class='ocrx_word' id='word_1_84' title='bbox 673 1157 871 1211; x_wconf 91' lang='lat' dir='ltr'><strong>puram</strong></span> <span class='ocrx_word' id='word_1_85' title='bbox 903 1142 1351 1209; x_wconf 78' lang='lat' dir='ltr'><strong>amplecteretur,</strong></span> <span class='ocrx_word' id='word_1_86' title='bbox 1380 1140 1584 1193; x_wconf 87' lang='lat' dir='ltr'>divitiis</span> <span class='ocrx_word' id='word_1_87' title='bbox 1610 1146 1664 1191; x_wconf 91' lang='lat' dir='ltr'>et</span> <span class='ocrx_word' id='word_1_88' title='bbox 1706 1139 1969 1192; x_wconf 89' lang='lat' dir='ltr'><strong>omnibus</strong></span> <span class='ocrx_word' id='word_1_89' title='bbox 1992 1141 2294 1193; x_wconf 84' lang='lat' dir='ltr'><strong>mundanis</strong></span> 
     </span>
    </p>
   </div>
   <div class='ocr_carea' id='block_1_12' title="bbox 678 1227 2293 1294">
    <p class='ocr_par' dir='ltr' id='par_1_12' title="bbox 678 1227 2293 1294">
     <span class='ocr_line' id='line_1_12' title="bbox 678 1227 2293 1294; baseline -0.001 -12"><span class='ocrx_word' id='word_1_90' title='bbox 678 1229 989 1282; x_wconf 87' lang='lat' dir='ltr'><strong>honoribus</strong></span> <span class='ocrx_word' id='word_1_91' title='bbox 1041 1229 1327 1291; x_wconf 82' lang='lat' dir='ltr'><strong>valedixit,</strong></span> <span class='ocrx_word' id='word_1_92' title='bbox 1380 1233 1452 1289; x_wconf 88' lang='lat' dir='ltr'>et,</span> <span class='ocrx_word' id='word_1_93' title='bbox 1511 1229 1685 1279; x_wconf 91' lang='lat' dir='ltr'><strong>multa</strong></span> <span class='ocrx_word' id='word_1_94' title='bbox 1719 1243 2029 1294; x_wconf 88' lang='lat' dir='ltr'><strong>perpessus,</strong></span> <span class='ocrx_word' id='word_1_95' title='bbox 2060 1244 2127 1279; x_wconf 94' lang='lat' dir='ltr'>ne</span> <span class='ocrx_word' id='word_1_96' title='bbox 2177 1227 2293 1280; x_wconf 90' lang='lat' dir='ltr'><strong>sin-</strong></span> 
     </span>
    </p>
   </div>
   <div class='ocr_carea' id='block_1_13' title="bbox 674 1315 2293 1386">
    <p class='ocr_par' dir='ltr' id='par_1_13' title="bbox 674 1315 2293 1386">
     <span class='ocr_line' id='line_1_13' title="bbox 674 1315 2293 1386; baseline 0.001 -19"><span class='ocrx_word' id='word_1_97' title='bbox 674 1317 807 1386; x_wconf 80' lang='lat' dir='ltr'><strong>gula</strong></span> <span class='ocrx_word' id='word_1_98' title='bbox 837 1332 1185 1377; x_wconf 85' lang='lat' dir='ltr'><strong>enumerem,</strong></span> <span class='ocrx_word' id='word_1_99' title='bbox 1220 1315 1474 1384; x_wconf 82' lang='lat' dir='ltr'><strong>martyrii</strong></span> <span class='ocrx_word' id='word_1_100' title='bbox 1496 1317 1738 1382; x_wconf 88' lang='lat' dir='ltr'><strong>palmam</strong></span> <span class='ocrx_word' id='word_1_101' title='bbox 1766 1315 2085 1382; x_wconf 78' lang='lat' dir='ltr'><strong>reportavit.</strong></span> <span class='ocrx_word' id='word_1_102' title='bbox 2116 1315 2293 1368; x_wconf 88' lang='lat' dir='ltr'><strong>Mater</strong></span> 
     </span>
    </p>
   </div>
   <div class='ocr_carea' id='block_1_14' title="bbox 608 1401 2287 1474">
    <p class='ocr_par' dir='ltr' id='par_1_14' title="bbox 608 1401 2287 1474">
     <span class='ocr_line' id='line_1_14' title="bbox 608 1401 2287 1474; baseline -0.001 -18"><span class='ocrx_word' id='word_1_103' title='bbox 608 1467 610 1470; x_wconf 21' lang='grc'>,</span> <span class='ocrx_word' id='word_1_104' title='bbox 674 1420 895 1474; x_wconf 92' lang='lat' dir='ltr'><strong>quoque</strong></span> <span class='ocrx_word' id='word_1_105' title='bbox 935 1404 1029 1456; x_wconf 92' lang='lat' dir='ltr'><strong>Dei</strong></span> <span class='ocrx_word' id='word_1_106' title='bbox 1077 1408 1133 1455; x_wconf 90' lang='lat' dir='ltr'>et</span> <span class='ocrx_word' id='word_1_107' title='bbox 1178 1403 1391 1455; x_wconf 89' lang='lat' dir='ltr'><strong>virtutis</strong></span> <span class='ocrx_word' id='word_1_108' title='bbox 1442 1401 1829 1454; x_wconf 89' lang='lat' dir='ltr'><strong>amantissima</strong></span> <span class='ocrx_word' id='word_1_109' title='bbox 1883 1402 2069 1454; x_wconf 90' lang='lat' dir='ltr'><strong>mariti</strong></span> <span class='ocrx_word' id='word_1_110' title='bbox 2099 1418 2287 1455; x_wconf 85' lang='lat' dir='ltr'><strong>exem-</strong></span> 
     </span>
    </p>
   </div>
   <div class='ocr_carea' id='block_1_15' title="bbox 673 1488 2290 1563">
    <p class='ocr_par' dir='ltr' id='par_1_15' title="bbox 673 1488 2290 1563">
     <span class='ocr_line' id='line_1_15' title="bbox 673 1488 2290 1563; baseline -0.001 -20"><span class='ocrx_word' id='word_1_111' title='bbox 673 1494 828 1563; x_wconf 87' lang='lat' dir='ltr'><strong>plum</strong></span> <span class='ocrx_word' id='word_1_112' title='bbox 872 1492 1017 1544; x_wconf 89' lang='lat' dir='ltr'><strong>circa</strong></span> <span class='ocrx_word' id='word_1_113' title='bbox 1059 1492 1247 1543; x_wconf 84' lang='lat' dir='ltr'><strong>omnia</strong></span> <span class='ocrx_word' id='word_1_114' title='bbox 1290 1490 1498 1543; x_wconf 85' lang='lat' dir='ltr'><strong>imitari</strong></span> <span class='ocrx_word' id='word_1_115' title='bbox 1542 1489 1737 1541; x_wconf 83' lang='lat' dir='ltr'><strong>honori</strong></span> <span class='ocrx_word' id='word_1_116' title='bbox 1782 1488 1883 1540; x_wconf 90' lang='lat' dir='ltr'><strong>sibi</strong></span> <span class='ocrx_word' id='word_1_117' title='bbox 1931 1489 2104 1541; x_wconf 84' lang='lat' dir='ltr'><strong>duxit.</strong></span> <span class='ocrx_word' id='word_1_118' title='bbox 2163 1490 2290 1542; x_wconf 65' lang='lat' dir='ltr'><strong>Haec</strong></span> 
     </span>
    </p>
   </div>
   <div class='ocr_carea' id='block_1_16' title="bbox 667 1575 2287 1649">
    <p class='ocr_par' dir='ltr' id='par_1_16' title="bbox 667 1575 2287 1649">
     <span class='ocr_line' id='line_1_16' title="bbox 667 1575 2287 1649; baseline -0.005 -14"><span class='ocrx_word' id='word_1_119' title='bbox 667 1581 839 1649; x_wconf 81' lang='lat' dir='ltr'><strong>igitur</strong></span> <span class='ocrx_word' id='word_1_120' title='bbox 862 1587 914 1632; x_wconf 91' lang='lat' dir='ltr'>et</span> <span class='ocrx_word' id='word_1_121' title='bbox 956 1578 1163 1630; x_wconf 87' lang='lat' dir='ltr'><strong>similia</strong></span> <span class='ocrx_word' id='word_1_122' title='bbox 1194 1577 1365 1629; x_wconf 85' lang='lat' dir='ltr'><strong>vitam</strong></span> <span class='ocrx_word' id='word_1_123' title='bbox 1396 1575 1764 1627; x_wconf 87' lang='lat' dir='ltr'><strong>monasticam</strong></span> <span class='ocrx_word' id='word_1_124' title='bbox 1808 1576 2122 1627; x_wconf 88' lang='lat' dir='ltr'><strong>suadebant</strong></span> <span class='ocrx_word' id='word_1_125' title='bbox 2149 1592 2162 1637; x_wconf 91' lang='lat'><strong>;</strong></span> <span class='ocrx_word' id='word_1_126' title='bbox 2190 1576 2287 1628; x_wconf 90' lang='lat' dir='ltr'>sed</span> 
     </span>
    </p>
   </div>
   <div class='ocr_carea' id='block_1_17' title="bbox 665 1663 2285 1732">
    <p class='ocr_par' dir='ltr' id='par_1_17' title="bbox 665 1663 2285 1732">
     <span class='ocr_line' id='line_1_17' title="bbox 665 1663 2285 1732; baseline -0.003 -12"><span class='ocrx_word' id='word_1_127' title='bbox 665 1683 812 1721; x_wconf 66' lang='lat' dir='ltr'><strong>curre</strong></span> <span class='ocrx_word' id='word_1_128' title='bbox 850 1668 1148 1717; x_wconf 63' lang='lat' dir='ltr'><strong>mundanae</strong></span> <span class='ocrx_word' id='word_1_129' title='bbox 1192 1670 1245 1717; x_wconf 92' lang='lat' dir='ltr'>et</span> <span class='ocrx_word' id='word_1_130' title='bbox 1269 1664 1603 1732; x_wconf 80' lang='lat' dir='ltr'><strong>dignitatum</strong></span> <span class='ocrx_word' id='word_1_131' title='bbox 1651 1663 1998 1715; x_wconf 87' lang='lat' dir='ltr'><strong>terrestrium</strong></span> <span class='ocrx_word' id='word_1_132' title='bbox 2046 1678 2171 1730; x_wconf 82' lang='lat' dir='ltr'><strong>spes</strong></span> <span class='ocrx_word' id='word_1_133' title='bbox 2216 1664 2285 1715; x_wconf 89' lang='lat' dir='ltr'>ab</span> 
     </span>
    </p>
   </div>
   <div class='ocr_carea' id='block_1_18' title="bbox 663 1748 2280 1821">
    <p class='ocr_par' dir='ltr' id='par_1_18' title="bbox 663 1748 2280 1821">
     <span class='ocr_line' id='line_1_18' title="bbox 663 1748 2280 1821; baseline -0.002 -16"><span class='ocrx_word' id='word_1_134' title='bbox 663 1753 1004 1821; x_wconf 88' lang='lat' dir='ltr'><strong>imperatore</strong></span> <span class='ocrx_word' id='word_1_135' title='bbox 1049 1753 1166 1820; x_wconf 93' lang='lat' dir='ltr'><strong>ipso</strong></span> <span class='ocrx_word' id='word_1_136' title='bbox 1211 1750 1412 1803; x_wconf 71' lang='lat' dir='ltr'><strong>oblatae</strong></span> <span class='ocrx_word' id='word_1_137' title='bbox 1445 1750 1744 1802; x_wconf 86' lang='lat' dir='ltr'><strong>trahebant</strong></span> <span class='ocrx_word' id='word_1_138' title='bbox 1790 1748 2280 1817; x_wconf 89' lang='lat' dir='ltr'><strong>retrahebantque.</strong></span> 
     </span>
    </p>
   </div>
   <div class='ocr_carea' id='block_1_19' title="bbox 660 1837 2280 1907">
    <p class='ocr_par' dir='ltr' id='par_1_19' title="bbox 660 1837 2280 1907">
     <span class='ocr_line' id='line_1_19' title="bbox 660 1837 2280 1907; baseline -0.002 -14"><span class='ocrx_word' id='word_1_139' title='bbox 660 1841 766 1894; x_wconf 93' lang='lat' dir='ltr'><strong>Sed</strong></span> <span class='ocrx_word' id='word_1_140' title='bbox 833 1856 919 1892; x_wconf 91' lang='lat' dir='ltr'>res</span> <span class='ocrx_word' id='word_1_141' title='bbox 986 1838 1291 1907; x_wconf 66' lang='lat' dir='ltr'><strong>praeteritas</strong></span> <span class='ocrx_word' id='word_1_142' title='bbox 1357 1837 1619 1890; x_wconf 85' lang='lat' dir='ltr'><strong>oblivioni</strong></span> <span class='ocrx_word' id='word_1_143' title='bbox 1685 1838 1934 1896; x_wconf 90' lang='lat' dir='ltr'><strong>tradens,</strong></span> <span class='ocrx_word' id='word_1_144' title='bbox 2000 1851 2093 1888; x_wconf 92' lang='lat' dir='ltr'>eas</span> <span class='ocrx_word' id='word_1_145' title='bbox 2158 1852 2280 1903; x_wconf 63' lang='lat' dir='ltr'><strong>qua:</strong></span> 
     </span>
    </p>
   </div>
   <div class='ocr_carea' id='block_1_20' title="bbox 662 1922 2277 1997">
    <p class='ocr_par' dir='ltr' id='par_1_20' title="bbox 662 1922 2277 1997">
     <span class='ocr_line' id='line_1_20' title="bbox 662 1922 2277 1997; baseline -0.002 -18"><span class='ocrx_word' id='word_1_146' title='bbox 662 1928 918 1997; x_wconf 91' lang='lat' dir='ltr'><strong>proximo</strong></span> <span class='ocrx_word' id='word_1_147' title='bbox 977 1932 1227 1993; x_wconf 88' lang='lat' dir='ltr'><strong>tempore</strong></span> <span class='ocrx_word' id='word_1_148' title='bbox 1271 1925 1606 1984; x_wconf 88' lang='lat' dir='ltr'><strong>acciderunt,</strong></span> <span class='ocrx_word' id='word_1_149' title='bbox 1663 1924 1919 1991; x_wconf 83' lang='lat' dir='ltr'><strong>quamvis</strong></span> <span class='ocrx_word' id='word_1_150' title='bbox 1972 1922 2277 1975; x_wconf 86' lang='lat' dir='ltr'><strong>tristissimi</strong></span> 
     </span>
    </p>
   </div>
   <div class='ocr_carea' id='block_1_21' title="bbox 657 2010 2131 2081">
    <p class='ocr_par' dir='ltr' id='par_1_21' title="bbox 657 2010 2131 2081">
     <span class='ocr_line' id='line_1_21' title="bbox 657 2010 2131 2081; baseline -0.005 -14"><span class='ocrx_word' id='word_1_151' title='bbox 657 2015 770 2067; x_wconf 85' lang='lat' dir='ltr'><strong>sint</strong></span> <span class='ocrx_word' id='word_1_152' title='bbox 790 2014 1051 2081; x_wconf 81' lang='lat' dir='ltr'><strong>exempli,</strong></span> <span class='ocrx_word' id='word_1_153' title='bbox 1084 2030 1148 2065; x_wconf 87' lang='lat' dir='ltr'>ea</span> <span class='ocrx_word' id='word_1_154' title='bbox 1178 2030 1286 2081; x_wconf 91' lang='lat' dir='ltr'>qua</span> <span class='ocrx_word' id='word_1_155' title='bbox 1316 2018 1505 2079; x_wconf 88' lang='lat' dir='ltr'><strong>potero</strong></span> <span class='ocrx_word' id='word_1_156' title='bbox 1536 2010 1807 2063; x_wconf 83' lang='lat' dir='ltr'><strong>brevitate</strong></span> <span class='ocrx_word' id='word_1_157' title='bbox 1838 2026 2131 2078; x_wconf 83' lang='lat' dir='ltr'><strong>exsequar.</strong></span> 
     </span>
    </p>
   </div>
   <div class='ocr_carea' id='block_1_22' title="bbox 657 2096 2210 2171">
    <p class='ocr_par' dir='ltr' id='par_1_22' title="bbox 657 2096 2210 2171">
     <span class='ocr_line' id='line_1_22' title="bbox 657 2096 2210 2171; baseline -0.003 -20"><span class='ocrx_word' id='word_1_158' title='bbox 657 2100 719 2161; x_wconf 79' lang='grc' dir='ltr'>ἃς</span> <span class='ocrx_word' id='word_1_159' title='bbox 766 2101 875 2169; x_wconf 74' lang='grc' dir='ltr'>ἐμοὶ</span> <span class='ocrx_word' id='word_1_160' title='bbox 936 2099 1180 2171; x_wconf 79' lang='grc' dir='ltr'>βασιλικὴ</span> <span class='ocrx_word' id='word_1_161' title='bbox 1267 2108 1403 2170; x_wconf 86' lang='grc' dir='ltr'>χειρ,</span> <span class='ocrx_word' id='word_1_162' title='bbox 1452 2107 1535 2147; x_wconf 79' lang='grc' dir='ltr'>καί</span> <span class='ocrx_word' id='word_1_163' title='bbox 1595 2097 1863 2166; x_wconf 79' lang='grc' dir='ltr'>βασιλικὸν</span> <span class='ocrx_word' id='word_1_164' title='bbox 1943 2096 2210 2151; x_wconf 77' lang='grc' dir='ltr'>ἑπανετίθη</span> 
     </span>
    </p>
   </div>
   <div class='ocr_carea' id='block_1_23' title="bbox 654 2181 3954 2261">
    <p class='ocr_par' dir='ltr' id='par_1_23' title="bbox 654 2181 3954 2261">
     <span class='ocr_line' id='line_1_23' title="bbox 654 2181 3954 2261; baseline 0.001 -20"><span class='ocrx_word' id='word_1_165' title='bbox 654 2194 1045 2261; x_wconf 82' lang='grc' dir='ltr'>παρατρέχομεν</span> <span class='ocrx_word' id='word_1_166' title='bbox 1081 2208 1092 2219; x_wconf 89' lang='grc'><strong>·</strong></span> <span class='ocrx_word' id='word_1_167' title='bbox 1147 2191 1209 2237; x_wconf 87' lang='grc' dir='ltr'>τά</span> <span class='ocrx_word' id='word_1_168' title='bbox 1239 2185 1295 2237; x_wconf 83' lang='grc' dir='ltr'>δε</span> <span class='ocrx_word' id='word_1_169' title='bbox 1346 2196 1431 2236; x_wconf 82' lang='grc' dir='ltr'>νυν</span> <span class='ocrx_word' id='word_1_170' title='bbox 1483 2184 1836 2255; x_wconf 79' lang='grc' dir='ltr'>επισυμϐάντα</span> <span class='ocrx_word' id='word_1_171' title='bbox 1894 2184 2082 2243; x_wconf 86' lang='grc' dir='ltr'>πολλῆς</span> <span class='ocrx_word' id='word_1_172' title='bbox 2132 2187 2221 2253; x_wconf 79' lang='grc' dir='ltr'>μεν</span> <span class='ocrx_word' id='word_1_173' title='bbox 2275 2181 2573 2252; x_wconf 76' lang='grc' dir='ltr'>έπεδεομενά</span> <span class='ocrx_word' id='word_1_174' title='bbox 2623 2194 2716 2245; x_wconf 82' lang='grc' dir='ltr'>τῆς</span> <span class='ocrx_word' id='word_1_175' title='bbox 2769 2184 3082 2257; x_wconf 74' lang='grc' dir='ltr'>διηγήσεως,</span> <span class='ocrx_word' id='word_1_176' title='bbox 3133 2197 3227 2250; x_wconf 80' lang='grc' dir='ltr'>τῆς</span> <span class='ocrx_word' id='word_1_177' title='bbox 3275 2195 3483 2259; x_wconf 81' lang='grc' dir='ltr'>μνήμης</span> <span class='ocrx_word' id='word_1_178' title='bbox 3537 2189 3594 2243; x_wconf 85' lang='grc' dir='ltr'>δε</span> <span class='ocrx_word' id='word_1_179' title='bbox 3643 2211 3742 2242; x_wconf 90' lang='grc' dir='ltr'>των</span> <span class='ocrx_word' id='word_1_180' title='bbox 3798 2192 3954 2250; x_wconf 81' lang='grc' dir='ltr'>λυπη-</span> 
     </span>
    </p>
   </div>
   <div class='ocr_carea' id='block_1_24' title="bbox 655 2269 3775 2349">
    <p class='ocr_par' dir='ltr' id='par_1_24' title="bbox 655 2269 3775 2349">
     <span class='ocr_line' id='line_1_24' title="bbox 655 2269 3775 2349; baseline 0.002 -24"><span class='ocrx_word' id='word_1_181' title='bbox 655 2284 753 2349; x_wconf 79' lang='grc' dir='ltr'>ρων</span> <span class='ocrx_word' id='word_1_182' title='bbox 781 2276 991 2326; x_wconf 77' lang='grc' dir='ltr'>ἐπιπολὺ</span> <span class='ocrx_word' id='word_1_183' title='bbox 1019 2273 1296 2347; x_wconf 79' lang='grc' dir='ltr'>διατρίϐειν</span> <span class='ocrx_word' id='word_1_184' title='bbox 1327 2277 1521 2331; x_wconf 78' lang='grc' dir='ltr'>τούτοις</span> <span class='ocrx_word' id='word_1_185' title='bbox 1549 2274 1638 2323; x_wconf 70' lang='grc' dir='ltr'>οὐκ</span> <span class='ocrx_word' id='word_1_186' title='bbox 1670 2269 2002 2337; x_wconf 79' lang='grc' dir='ltr'>ἐνδιδούσης,</span> <span class='ocrx_word' id='word_1_187' title='bbox 2026 2274 2089 2331; x_wconf 82' lang='grc' dir='ltr'>ὡς</span> <span class='ocrx_word' id='word_1_188' title='bbox 2118 2271 2221 2320; x_wconf 81' lang='grc' dir='ltr'>οἶόν</span> <span class='ocrx_word' id='word_1_189' title='bbox 2247 2275 2298 2321; x_wconf 88' lang='grc' dir='ltr'>τέ</span> <span class='ocrx_word' id='word_1_190' title='bbox 2328 2274 2437 2321; x_wconf 74' lang='grc' dir='ltr'>ἔστι</span> <span class='ocrx_word' id='word_1_191' title='bbox 2469 2280 2630 2322; x_wconf 79' lang='grc' dir='ltr'>ταυτα</span> <span class='ocrx_word' id='word_1_192' title='bbox 2653 2270 2988 2344; x_wconf 86' lang='grc' dir='ltr'>διηγούμενος</span> <span class='ocrx_word' id='word_1_193' title='bbox 3012 2274 3346 2348; x_wconf 73' lang='grc' dir='ltr'>βραχυλογίᾳ</span> <span class='ocrx_word' id='word_1_194' title='bbox 3381 2278 3775 2347; x_wconf 77' lang='grc' dir='ltr'>ἀποχοήσοααι.</span> 
     </span>
    </p>
   </div>
   <div class='ocr_carea' id='block_1_25' title="bbox 728 2358 2258 2436">
    <p class='ocr_par' dir='ltr' id='par_1_25' title="bbox 728 2359 2258 2431">
     <span class='ocr_line' id='line_1_25' title="bbox 728 2359 2258 2431; baseline -0.004 -16"><span class='ocrx_word' id='word_1_195' title='bbox 728 2364 1030 2431; x_wconf 89' lang='lat' dir='ltr'><strong>Postquam</strong></span> <span class='ocrx_word' id='word_1_196' title='bbox 1064 2362 1109 2415; x_wconf 89' lang='lat' dir='ltr'><strong>is</strong></span> <span class='ocrx_word' id='word_1_197' title='bbox 1147 2362 1237 2430; x_wconf 91' lang='lat' dir='ltr'>qui</span> <span class='ocrx_word' id='word_1_198' title='bbox 1284 2360 1534 2414; x_wconf 70' lang='lat' dir='ltr'><strong>Ecclesiae</strong></span> <span class='ocrx_word' id='word_1_199' title='bbox 1563 2368 1766 2413; x_wconf 71' lang='lat' dir='ltr'><strong>nostra:</strong></span> <span class='ocrx_word' id='word_1_200' title='bbox 1817 2359 2067 2412; x_wconf 87' lang='lat' dir='ltr'><strong>habenas</strong></span> <span class='ocrx_word' id='word_1_201' title='bbox 2091 2374 2258 2426; x_wconf 79' lang='lat' dir='ltr'><strong>gesse</strong></span> 
     </span>
    </p>
   </div>
   <div class='ocr_carea' id='block_1_26' title="bbox 2325 2358 3958 2436">
    <p class='ocr_par' dir='ltr' id='par_1_26' title="bbox 2450 2358 3958 2436">
     <span class='ocr_line' id='line_1_26' title="bbox 2450 2358 3958 2436; baseline 0.005 -25"><span class='ocrx_word' id='word_1_202' title='bbox 2450 2358 2596 2428; x_wconf 63' lang='grc' dir='ltr'>⁴Αρτι</span> <span class='ocrx_word' id='word_1_203' title='bbox 2644 2364 2740 2432; x_wconf 87' lang='grc' dir='ltr'>γάρ</span> <span class='ocrx_word' id='word_1_204' title='bbox 2792 2371 2882 2412; x_wconf 82' lang='grc' dir='ltr'>τοῦ</span> <span class='ocrx_word' id='word_1_205' title='bbox 2931 2368 3027 2433; x_wconf 89' lang='grc' dir='ltr'>πρό</span> <span class='ocrx_word' id='word_1_206' title='bbox 3077 2365 3219 2432; x_wconf 77' lang='grc' dir='ltr'>ἡμῶν</span> <span class='ocrx_word' id='word_1_207' title='bbox 3281 2367 3552 2435; x_wconf 72' lang='grc' dir='ltr'>ἱερατεύειν</span> <span class='ocrx_word' id='word_1_208' title='bbox 3580 2367 3826 2436; x_wconf 75' lang='grc' dir='ltr'>λαχόντος</span> <span class='ocrx_word' id='word_1_209' title='bbox 3863 2377 3958 2428; x_wconf 72' lang='grc' dir='ltr'>τῆς</span> 
     </span>
    </p>
   </div>
   <div class='ocr_carea' id='block_1_27' title="bbox 653 2449 2269 2519">
    <p class='ocr_par' dir='ltr' id='par_1_27' title="bbox 653 2449 2269 2519">
     <span class='ocr_line' id='line_1_27' title="bbox 653 2449 2269 2519; baseline -0.005 -14"><span class='ocrx_word' id='word_1_210' title='bbox 653 2456 759 2512; x_wconf 90' lang='lat' dir='ltr'><strong>rat,</strong></span> <span class='ocrx_word' id='word_1_211' title='bbox 796 2450 1066 2519; x_wconf 80' lang='lat' dir='ltr'><strong>dignitate</strong></span> <span class='ocrx_word' id='word_1_212' title='bbox 1115 2466 1215 2501; x_wconf 90' lang='lat' dir='ltr'>sua</span> <span class='ocrx_word' id='word_1_213' title='bbox 1245 2449 1465 2509; x_wconf 83' lang='lat' dir='ltr'><strong>excidit,</strong></span> <span class='ocrx_word' id='word_1_214' title='bbox 1496 2455 1551 2500; x_wconf 93' lang='lat' dir='ltr'>et</span> <span class='ocrx_word' id='word_1_215' title='bbox 1586 2449 1707 2517; x_wconf 83' lang='lat' dir='ltr'><strong>jam</strong></span> <span class='ocrx_word' id='word_1_216' title='bbox 1740 2462 1936 2499; x_wconf 90' lang='lat' dir='ltr'><strong>omnes</strong></span> <span class='ocrx_word' id='word_1_217' title='bbox 1984 2451 2269 2514; x_wconf 87' lang='lat' dir='ltr'><strong>pastorem</strong></span> 
     </span>
    </p>
   </div>
   <div class='ocr_carea' id='block_1_28' title="bbox 653 2533 2271 2606">
    <p class='ocr_par' dir='ltr' id='par_1_28' title="bbox 653 2533 2271 2606">
     <span class='ocr_line' id='line_1_28' title="bbox 653 2533 2271 2606; baseline -0.006 -13"><span class='ocrx_word' id='word_1_218' title='bbox 653 2539 1109 2606; x_wconf 73' lang='lat' dir='ltr'><strong>circumspicnunt</strong></span> <span class='ocrx_word' id='word_1_219' title='bbox 1151 2538 1242 2606; x_wconf 90' lang='lat' dir='ltr'>qui</span> <span class='ocrx_word' id='word_1_220' title='bbox 1291 2538 1543 2589; x_wconf 90' lang='lat' dir='ltr'><strong>membra</strong></span> <span class='ocrx_word' id='word_1_221' title='bbox 1586 2534 1836 2587; x_wconf 72' lang='lat' dir='ltr'><strong>Ecclesiae</strong></span> <span class='ocrx_word' id='word_1_222' title='bbox 1867 2533 2100 2603; x_wconf 87' lang='lat' dir='ltr'><strong>disjecta</strong></span> <span class='ocrx_word' id='word_1_223' title='bbox 2141 2548 2271 2585; x_wconf 87' lang='lat' dir='ltr'><strong>coa-</strong></span> 
     </span>
    </p>
   </div>
   <div class='ocr_carea' id='block_1_29' title="bbox 653 2621 2271 2689">
    <p class='ocr_par' dir='ltr' id='par_1_29' title="bbox 653 2621 2271 2689">
     <span class='ocr_line' id='line_1_29' title="bbox 653 2621 2271 2689; baseline -0.004 -11"><span class='ocrx_word' id='word_1_224' title='bbox 653 2628 868 2679; x_wconf 83' lang='lat' dir='ltr'><strong>dunure</strong></span> <span class='ocrx_word' id='word_1_225' title='bbox 904 2630 958 2677; x_wconf 92' lang='lat' dir='ltr'>et</span> <span class='ocrx_word' id='word_1_226' title='bbox 996 2641 1080 2677; x_wconf 90' lang='lat' dir='ltr'>res</span> <span class='ocrx_word' id='word_1_227' title='bbox 1139 2625 1390 2676; x_wconf 87' lang='lat' dir='ltr'><strong>turbatas</strong></span> <span class='ocrx_word' id='word_1_228' title='bbox 1442 2629 1759 2676; x_wconf 87' lang='lat' dir='ltr'><strong>restaurare</strong></span> <span class='ocrx_word' id='word_1_229' title='bbox 1815 2622 1999 2673; x_wconf 88' lang='lat' dir='ltr'><strong>valeat</strong></span> <span class='ocrx_word' id='word_1_230' title='bbox 2040 2621 2271 2689; x_wconf 90' lang='lat' dir='ltr'><strong>(magna</strong></span> 
     </span>
    </p>
   </div>
   <div class='ocr_carea' id='block_1_30' title="bbox 652 2708 2271 2781">
    <p class='ocr_par' dir='ltr' id='par_1_30' title="bbox 652 2708 2271 2781">
     <span class='ocr_line' id='line_1_30' title="bbox 652 2708 2271 2781; baseline -0.005 -16"><span class='ocrx_word' id='word_1_231' title='bbox 652 2713 802 2767; x_wconf 89' lang='lat' dir='ltr'><strong>enim</strong></span> <span class='ocrx_word' id='word_1_232' title='bbox 835 2712 1077 2781; x_wconf 84' lang='lat' dir='ltr'><strong>undique</strong></span> <span class='ocrx_word' id='word_1_233' title='bbox 1104 2716 1409 2779; x_wconf 87' lang='lat' dir='ltr'><strong>tempestas</strong></span> <span class='ocrx_word' id='word_1_234' title='bbox 1439 2716 1493 2763; x_wconf 94' lang='lat' dir='ltr'>et</span> <span class='ocrx_word' id='word_1_235' title='bbox 1526 2712 1687 2762; x_wconf 65' lang='lat' dir='ltr'><strong>undae</strong></span> <span class='ocrx_word' id='word_1_236' title='bbox 1722 2708 2044 2777; x_wconf 70' lang='lat' dir='ltr'><strong>perniciosae</strong></span> <span class='ocrx_word' id='word_1_237' title='bbox 2076 2712 2271 2759; x_wconf 89' lang='lat' dir='ltr'><strong>contra</strong></span> 
     </span>
    </p>
   </div>
   <div class='ocr_carea' id='block_1_31' title="bbox 652 2793 2270 2866">
    <p class='ocr_par' dir='ltr' id='par_1_31' title="bbox 652 2793 2270 2866">
     <span class='ocr_line' id='line_1_31' title="bbox 652 2793 2270 2866; baseline -0.006 -13"><span class='ocrx_word' id='word_1_238' title='bbox 652 2800 955 2853; x_wconf 85' lang='lat' dir='ltr'><strong>Ecclesiam</strong></span> <span class='ocrx_word' id='word_1_239' title='bbox 1002 2800 1337 2863; x_wconf 83' lang='lat' dir='ltr'><strong>alliserunt),</strong></span> <span class='ocrx_word' id='word_1_240' title='bbox 1405 2797 1644 2866; x_wconf 85' lang='lat' dir='ltr'><strong>indignis</strong></span> <span class='ocrx_word' id='word_1_241' title='bbox 1695 2796 1854 2848; x_wconf 91' lang='lat' dir='ltr'><strong>nobis</strong></span> <span class='ocrx_word' id='word_1_242' title='bbox 1894 2800 1947 2847; x_wconf 91' lang='lat' dir='ltr'>et</span> <span class='ocrx_word' id='word_1_243' title='bbox 1996 2793 2270 2845; x_wconf 86' lang='lat' dir='ltr'><strong>debilibus</strong></span> 
     </span>
    </p>
   </div>
   <div class='ocr_carea' id='block_1_32' title="bbox 652 2879 2270 2955">
    <p class='ocr_par' dir='ltr' id='par_1_32' title="bbox 652 2879 2270 2955">
     <span class='ocr_line' id='line_1_32' title="bbox 652 2879 2270 2955; baseline -0.005 -16"><span class='ocrx_word' id='word_1_244' title='bbox 652 2887 961 2955; x_wconf 88' lang='lat' dir='ltr'><strong>imperator</strong></span> <span class='ocrx_word' id='word_1_245' title='bbox 1000 2891 1053 2939; x_wconf 91' lang='lat' dir='ltr'>et</span> <span class='ocrx_word' id='word_1_246' title='bbox 1096 2887 1451 2939; x_wconf 86' lang='lat' dir='ltr'><strong>sacerdotum</strong></span> <span class='ocrx_word' id='word_1_247' title='bbox 1496 2884 1790 2937; x_wconf 89' lang='lat' dir='ltr'><strong>concilium</strong></span> <span class='ocrx_word' id='word_1_248' title='bbox 1847 2897 2048 2934; x_wconf 90' lang='lat' dir='ltr'><strong>munus</strong></span> <span class='ocrx_word' id='word_1_249' title='bbox 2092 2879 2270 2932; x_wconf 90' lang='lat' dir='ltr'><strong>archi-</strong></span> 
     </span>
    </p>
   </div>
   <div class='ocr_carea' id='block_1_33' title="bbox 650 2966 2267 3041">
    <p class='ocr_par' dir='ltr' id='par_1_33' title="bbox 650 2966 2267 3041">
     <span class='ocr_line' id='line_1_33' title="bbox 650 2966 2267 3041; baseline -0.007 -13"><span class='ocrx_word' id='word_1_250' title='bbox 650 2974 964 3041; x_wconf 85' lang='lat' dir='ltr'><strong>episcopale</strong></span> <span class='ocrx_word' id='word_1_251' title='bbox 993 2973 1180 3025; x_wconf 91' lang='lat' dir='ltr'><strong>invitis</strong></span> <span class='ocrx_word' id='word_1_252' title='bbox 1208 2973 1528 3040; x_wconf 87' lang='lat' dir='ltr'><strong>imponunt.</strong></span> <span class='ocrx_word' id='word_1_253' title='bbox 1583 2975 1657 3023; x_wconf 79' lang='lat' dir='ltr'><strong>Ac</strong></span> <span class='ocrx_word' id='word_1_254' title='bbox 1698 2986 1797 3022; x_wconf 90' lang='lat' dir='ltr'>nos</span> <span class='ocrx_word' id='word_1_255' title='bbox 1836 2968 2061 3037; x_wconf 86' lang='lat' dir='ltr'><strong>quidem</strong></span> <span class='ocrx_word' id='word_1_256' title='bbox 2094 2966 2267 3034; x_wconf 85' lang='lat' dir='ltr'><strong>lacry-</strong></span> 
     </span>
    </p>
   </div>
   <div class='ocr_carea' id='block_1_34' title="bbox 652 3053 2268 3127">
    <p class='ocr_par' dir='ltr' id='par_1_34' title="bbox 652 3053 2268 3127">
     <span class='ocr_line' id='line_1_34' title="bbox 652 3053 2268 3127; baseline -0.005 -14"><span class='ocrx_word' id='word_1_257' title='bbox 652 3061 760 3114; x_wconf 91' lang='lat' dir='ltr'>mis</span> <span class='ocrx_word' id='word_1_258' title='bbox 820 3068 874 3111; x_wconf 92' lang='lat' dir='ltr'>et</span> <span class='ocrx_word' id='word_1_259' title='bbox 930 3060 1181 3127; x_wconf 82' lang='lat' dir='ltr'><strong>precibus</strong></span> <span class='ocrx_word' id='word_1_260' title='bbox 1218 3060 1321 3121; x_wconf 92' lang='lat' dir='ltr'><strong>usi,</strong></span> <span class='ocrx_word' id='word_1_261' title='bbox 1364 3064 1418 3110; x_wconf 92' lang='lat' dir='ltr'>ut</span> <span class='ocrx_word' id='word_1_262' title='bbox 1462 3074 1495 3110; x_wconf 89' lang='lat' dir='ltr'>a</span> <span class='ocrx_word' id='word_1_263' title='bbox 1535 3056 1817 3126; x_wconf 87' lang='lat' dir='ltr'><strong>proposito</strong></span> <span class='ocrx_word' id='word_1_264' title='bbox 1881 3056 2002 3107; x_wconf 91' lang='lat' dir='ltr'><strong>illos</strong></span> <span class='ocrx_word' id='word_1_265' title='bbox 2058 3053 2268 3105; x_wconf 84' lang='lat' dir='ltr'><strong>dissua-</strong></span> 
     </span>
    </p>
   </div>
   <div class='ocr_carea' id='block_1_35' title="bbox 650 3139 2268 3215">
    <p class='ocr_par' dir='ltr' id='par_1_35' title="bbox 650 3139 2268 3215">
     <span class='ocr_line' id='line_1_35' title="bbox 650 3139 2268 3215; baseline -0.006 -16"><span class='ocrx_word' id='word_1_266' title='bbox 650 3148 930 3209; x_wconf 89' lang='lat' dir='ltr'><strong>deremus,</strong></span> <span class='ocrx_word' id='word_1_267' title='bbox 977 3162 1171 3215; x_wconf 90' lang='lat' dir='ltr'><strong>parum</strong></span> <span class='ocrx_word' id='word_1_268' title='bbox 1217 3146 1591 3213; x_wconf 80' lang='lat' dir='ltr'><strong>profecimus;</strong></span> <span class='ocrx_word' id='word_1_269' title='bbox 1633 3144 1726 3197; x_wconf 89' lang='lat' dir='ltr'><strong>alii</strong></span> <span class='ocrx_word' id='word_1_270' title='bbox 1779 3142 1929 3195; x_wconf 91' lang='lat' dir='ltr'><strong>enim</strong></span> <span class='ocrx_word' id='word_1_271' title='bbox 1981 3157 2048 3193; x_wconf 91' lang='lat' dir='ltr'>ne</span> <span class='ocrx_word' id='word_1_272' title='bbox 2080 3139 2268 3193; x_wconf 90' lang='lat' dir='ltr'><strong>tantil-</strong></span> 
     </span>
    </p>
   </div>
   <div class='ocr_carea' id='block_1_36' title="bbox 650 3231 2268 3301">
    <p class='ocr_par' dir='ltr' id='par_1_36' title="bbox 650 3231 2268 3301">
     <span class='ocr_line' id='line_1_36' title="bbox 650 3231 2268 3301; baseline -0.006 -13"><span class='ocrx_word' id='word_1_273' title='bbox 650 3235 770 3288; x_wconf 90' lang='lat' dir='ltr'>lum</span> <span class='ocrx_word' id='word_1_274' title='bbox 800 3236 1024 3301; x_wconf 88' lang='lat' dir='ltr'><strong>quidem</strong></span> <span class='ocrx_word' id='word_1_275' title='bbox 1094 3251 1124 3285; x_wconf 90' lang='lat' dir='ltr'>a</span> <span class='ocrx_word' id='word_1_276' title='bbox 1194 3233 1495 3301; x_wconf 90' lang='lat' dir='ltr'><strong>proposito.</strong></span> <span class='ocrx_word' id='word_1_277' title='bbox 1551 3236 1809 3299; x_wconf 88' lang='lat' dir='ltr'><strong>provecta</strong></span> <span class='ocrx_word' id='word_1_278' title='bbox 1839 3234 2006 3282; x_wconf 68' lang='lat' dir='ltr'><strong>tetate</strong></span> <span class='ocrx_word' id='word_1_279' title='bbox 2074 3231 2268 3280; x_wconf 88' lang='lat' dir='ltr'><strong>nostra</strong></span> 
     </span>
    </p>
   </div>
   <div class='ocr_carea' id='block_1_37' title="bbox 650 3314 2267 3385">
    <p class='ocr_par' dir='ltr' id='par_1_37' title="bbox 650 3314 2267 3385">
     <span class='ocr_line' id='line_1_37' title="bbox 650 3314 2267 3385; baseline -0.006 -11"><span class='ocrx_word' id='word_1_280' title='bbox 650 3321 812 3382; x_wconf 89' lang='lat' dir='ltr'><strong>moti,</strong></span> <span class='ocrx_word' id='word_1_281' title='bbox 837 3320 930 3373; x_wconf 91' lang='lat' dir='ltr'><strong>alii</strong></span> <span class='ocrx_word' id='word_1_282' title='bbox 961 3337 992 3373; x_wconf 90' lang='lat' dir='ltr'>a</span> <span class='ocrx_word' id='word_1_283' title='bbox 1018 3320 1067 3372; x_wconf 91' lang='lat' dir='ltr'>vi</span> <span class='ocrx_word' id='word_1_284' title='bbox 1096 3320 1387 3373; x_wconf 80' lang='lat' dir='ltr'><strong>inferenda</strong></span> <span class='ocrx_word' id='word_1_285' title='bbox 1417 3320 1673 3371; x_wconf 89' lang='lat' dir='ltr'><strong>recedere</strong></span> <span class='ocrx_word' id='word_1_286' title='bbox 1728 3320 2069 3385; x_wconf 83' lang='lat' dir='ltr'><strong>sategerunt,</strong></span> <span class='ocrx_word' id='word_1_287' title='bbox 2104 3314 2181 3366; x_wconf 90' lang='lat' dir='ltr'>ita</span> <span class='ocrx_word' id='word_1_288' title='bbox 2206 3316 2267 3366; x_wconf 90' lang='lat' dir='ltr'>ut</span> 
     </span>
    </p>
   </div>
   <div class='ocr_carea' id='block_1_38' title="bbox 648 3403 2259 3475">
    <p class='ocr_par' dir='ltr' id='par_1_38' title="bbox 648 3403 2259 3475">
     <span class='ocr_line' id='line_1_38' title="bbox 648 3403 2259 3475; baseline -0.006 -14"><span class='ocrx_word' id='word_1_289' title='bbox 648 3408 1024 3461; x_wconf 89' lang='lat' dir='ltr'><strong>multitudinis</strong></span> <span class='ocrx_word' id='word_1_290' title='bbox 1063 3408 1330 3475; x_wconf 80' lang='lat' dir='ltr'><strong>suffragia</strong></span> <span class='ocrx_word' id='word_1_291' title='bbox 1373 3408 1673 3465; x_wconf 81' lang='lat' dir='ltr'><strong>vincerent,</strong></span> <span class='ocrx_word' id='word_1_292' title='bbox 1708 3403 2024 3456; x_wconf 83' lang='lat' dir='ltr'><strong>resistentia</strong></span> <span class='ocrx_word' id='word_1_293' title='bbox 2066 3406 2259 3454; x_wconf 85' lang='lat' dir='ltr'><strong>nostra</strong></span> 
     </span>
    </p>
   </div>
   <div class='ocr_carea' id='block_1_39' title="bbox 648 3493 1935 3560">
    <p class='ocr_par' dir='ltr' id='par_1_39' title="bbox 648 3493 1935 3560">
     <span class='ocr_line' id='line_1_39' title="bbox 648 3493 1935 3560; baseline -0.005 -12"><span class='ocrx_word' id='word_1_294' title='bbox 648 3495 871 3548; x_wconf 85' lang='lat' dir='ltr'><strong>illorum</strong></span> <span class='ocrx_word' id='word_1_295' title='bbox 900 3495 1337 3547; x_wconf 88' lang='lat' dir='ltr'><strong>obstinationem</strong></span> <span class='ocrx_word' id='word_1_296' title='bbox 1368 3494 1422 3544; x_wconf 90' lang='lat' dir='ltr'>in</span> <span class='ocrx_word' id='word_1_297' title='bbox 1463 3493 1645 3560; x_wconf 87' lang='lat' dir='ltr'><strong>majus</strong></span> <span class='ocrx_word' id='word_1_298' title='bbox 1678 3495 1935 3560; x_wconf 81' lang='lat' dir='ltr'><strong>augente.</strong></span> 
     </span>
    </p>
   </div>
   <div class='ocr_carea' id='block_1_40' title="bbox 642 3573 3937 3654">
    <p class='ocr_par' dir='ltr' id='par_1_40' title="bbox 642 3573 3937 3654">
     <span class='ocr_line' id='line_1_40' title="bbox 642 3573 3937 3654; baseline 0.001 -23"><span class='ocrx_word' id='word_1_299' title='bbox 642 3601 733 3654; x_wconf 87' lang='grc' dir='ltr'>ρας</span> <span class='ocrx_word' id='word_1_300' title='bbox 791 3584 930 3649; x_wconf 81' lang='grc' dir='ltr'>ἡμων</span> <span class='ocrx_word' id='word_1_301' title='bbox 983 3585 1069 3651; x_wconf 71' lang='grc' dir='ltr'>μὲν</span> <span class='ocrx_word' id='word_1_302' title='bbox 1120 3580 1526 3649; x_wconf 74' lang='grc' dir='ltr'>ἀναϐαλλομένων</span> <span class='ocrx_word' id='word_1_303' title='bbox 1592 3583 1719 3647; x_wconf 85' lang='grc' dir='ltr'>πρὸς</span> <span class='ocrx_word' id='word_1_304' title='bbox 1768 3582 1851 3631; x_wconf 82' lang='grc' dir='ltr'>τὴν</span> <span class='ocrx_word' id='word_1_305' title='bbox 1905 3575 2224 3647; x_wconf 75' lang='grc' dir='ltr'>ἐγχείρησιν,</span> <span class='ocrx_word' id='word_1_306' title='bbox 2286 3573 2480 3625; x_wconf 75' lang='grc' dir='ltr'><strong><em>ἐκείνων</em></strong></span> <span class='ocrx_word' id='word_1_307' title='bbox 2540 3573 2596 3627; x_wconf 83' lang='grc' dir='ltr'>δε</span> <span class='ocrx_word' id='word_1_308' title='bbox 2647 3583 2717 3645; x_wconf 79' lang='grc' dir='ltr'>μὴ</span> <span class='ocrx_word' id='word_1_309' title='bbox 2777 3580 3044 3647; x_wconf 72' lang='grc' dir='ltr'><strong><em>μεθιέντων</em></strong></span> <span class='ocrx_word' id='word_1_310' title='bbox 3102 3588 3190 3629; x_wconf 83' lang='grc' dir='ltr'>τού</span> <span class='ocrx_word' id='word_1_311' title='bbox 3246 3578 3547 3649; x_wconf 71' lang='grc' dir='ltr'>βιάζεσθαι,</span> <span class='ocrx_word' id='word_1_312' title='bbox 3613 3592 3789 3653; x_wconf 88' lang='grc' dir='ltr'>κρατεῖ</span> <span class='ocrx_word' id='word_1_313' title='bbox 3835 3594 3937 3635; x_wconf 81' lang='grc' dir='ltr'>τῶν</span> 
     </span>
    </p>
   </div>
   <div class='ocr_carea' id='block_1_41' title="bbox 641 3663 3573 3737">
    <p class='ocr_par' dir='ltr' id='par_1_41' title="bbox 641 3663 3573 3737">
     <span class='ocr_line' id='line_1_41' title="bbox 641 3663 3573 3737; baseline 0 -17"><span class='ocrx_word' id='word_1_314' title='bbox 641 3670 879 3720; x_wconf 90' lang='grc' dir='ltr'>πλειονων</span> <span class='ocrx_word' id='word_1_315' title='bbox 909 3672 962 3718; x_wconf 78' lang='grc' dir='ltr'>τό</span> <span class='ocrx_word' id='word_1_316' title='bbox 988 3667 1226 3737; x_wconf 77' lang='grc' dir='ltr'>βούλημα</span> <span class='ocrx_word' id='word_1_317' title='bbox 1255 3685 1265 3695; x_wconf 66' lang='grc' dir='ltr'>ο</span> <span class='ocrx_word' id='word_1_318' title='bbox 1295 3667 1411 3717; x_wconf 89' lang='grc' dir='ltr'>ὁσον</span> <span class='ocrx_word' id='word_1_319' title='bbox 1437 3670 1535 3736; x_wconf 76' lang='grc' dir='ltr'>γὰρ</span> <span class='ocrx_word' id='word_1_320' title='bbox 1564 3668 1705 3735; x_wconf 69' lang='grc' dir='ltr'>ἡμεις</span> <span class='ocrx_word' id='word_1_321' title='bbox 1738 3663 2063 3731; x_wconf 82' lang='grc' dir='ltr'>ἑνιστάμεθα,</span> <span class='ocrx_word' id='word_1_322' title='bbox 2094 3669 2336 3711; x_wconf 81' lang='grc' dir='ltr'>τοσοῦτον</span> <span class='ocrx_word' id='word_1_323' title='bbox 2368 3663 2541 3721; x_wconf 67' lang='grc' dir='ltr'>αὐτοῖς</span> <span class='ocrx_word' id='word_1_324' title='bbox 2573 3666 2600 3719; x_wconf 80' lang='grc' dir='ltr'><strong>ἠ</strong></span> <span class='ocrx_word' id='word_1_325' title='bbox 2632 3663 2853 3722; x_wconf 81' lang='grc' dir='ltr'>ἐπίθεσις</span> <span class='ocrx_word' id='word_1_326' title='bbox 2883 3664 3123 3725; x_wconf 78' lang='grc' dir='ltr'>επηύξετό</span> <span class='ocrx_word' id='word_1_327' title='bbox 3150 3685 3201 3718; x_wconf 87' lang='grc' dir='ltr'>τε</span> <span class='ocrx_word' id='word_1_328' title='bbox 3231 3672 3318 3717; x_wconf 81' lang='grc' dir='ltr'>καὶ</span> <span class='ocrx_word' id='word_1_329' title='bbox 3348 3668 3573 3737; x_wconf 78' lang='grc' dir='ltr'>ἐξηρετο.</span> 
     </span>
    </p>
   </div>
   <div class='ocr_carea' id='block_1_42' title="bbox 710 3726 2258 3826">
    <p class='ocr_par' dir='ltr' id='par_1_42' title="bbox 710 3748 2255 3822">
     <span class='ocr_line' id='line_1_42' title="bbox 710 3748 2255 3822; baseline -0.004 -15"><span class='ocrx_word' id='word_1_330' title='bbox 710 3757 833 3808; x_wconf 89' lang='lat' dir='ltr'><strong>Jam</strong></span> <span class='ocrx_word' id='word_1_331' title='bbox 870 3772 995 3809; x_wconf 90' lang='lat' dir='ltr'><strong>vero</strong></span> <span class='ocrx_word' id='word_1_332' title='bbox 1032 3762 1221 3807; x_wconf 91' lang='lat' dir='ltr'><strong>votum</strong></span> <span class='ocrx_word' id='word_1_333' title='bbox 1276 3754 1617 3822; x_wconf 89' lang='lat' dir='ltr'><strong>signantium</strong></span> <span class='ocrx_word' id='word_1_334' title='bbox 1654 3757 1711 3805; x_wconf 92' lang='lat' dir='ltr'>et</span> <span class='ocrx_word' id='word_1_335' title='bbox 1774 3750 2029 3819; x_wconf 67' lang='lat' dir='ltr'><strong>pretiosa:</strong></span> <span class='ocrx_word' id='word_1_336' title='bbox 2077 3748 2255 3803; x_wconf 86' lang='lat' dir='ltr'><strong>crucis</strong></span> 
     </span>
    </p>
   </div>
   <div class='ocr_carea' id='block_1_43' title="bbox 2325 3726 3934 3826">
    <p class='ocr_par' dir='ltr' id='par_1_43' title="bbox 2430 3726 3934 3826">
     <span class='ocr_line' id='line_1_43' title="bbox 2430 3726 3934 3826; baseline 0.004 -24"><span class='ocrx_word' id='word_1_337' title='bbox 2430 3748 2566 3806; x_wconf 79' lang='grc' dir='ltr'>Ἤδη</span> <span class='ocrx_word' id='word_1_338' title='bbox 2621 3754 2719 3820; x_wconf 81' lang='grc' dir='ltr'>γὰρ</span> <span class='ocrx_word' id='word_1_339' title='bbox 2762 3757 2848 3802; x_wconf 78' lang='grc' dir='ltr'>καὶ</span> <span class='ocrx_word' id='word_1_340' title='bbox 2898 3754 2925 3807; x_wconf 81' lang='grc' dir='ltr'><strong>ἠ</strong></span> <span class='ocrx_word' id='word_1_341' title='bbox 2967 3752 3133 3823; x_wconf 71' lang='grc' dir='ltr'>ψῆφος</span> <span class='ocrx_word' id='word_1_342' title='bbox 3162 3726 3654 3826; x_wconf 30' lang='grc' dir='ltr'>χειρογραιφούντων,</span> <span class='ocrx_word' id='word_1_343' title='bbox 3708 3765 3791 3809; x_wconf 78' lang='grc' dir='ltr'>καὶ</span> <span class='ocrx_word' id='word_1_344' title='bbox 3847 3766 3934 3810; x_wconf 85' lang='grc' dir='ltr'>τόν</span> 
     </span>
    </p>
   </div>
   <div class='ocr_carea' id='block_1_44' title="bbox 637 3836 2258 3915">
    <p class='ocr_par' dir='ltr' id='par_1_44' title="bbox 637 3836 2254 3912">
     <span class='ocr_line' id='line_1_44' title="bbox 637 3836 2254 3912; baseline -0.006 -15"><span class='ocrx_word' id='word_1_345' title='bbox 637 3843 861 3912; x_wconf 86' lang='lat' dir='ltr'><strong>signum</strong></span> <span class='ocrx_word' id='word_1_346' title='bbox 890 3842 1274 3896; x_wconf 85' lang='lat' dir='ltr'><strong>exhibentium</strong></span> <span class='ocrx_word' id='word_1_347' title='bbox 1306 3842 1659 3893; x_wconf 88' lang='lat' dir='ltr'><strong>sacerdotum</strong></span> <span class='ocrx_word' id='word_1_348' title='bbox 1707 3843 1761 3891; x_wconf 92' lang='lat' dir='ltr'>et</span> <span class='ocrx_word' id='word_1_349' title='bbox 1815 3836 2254 3905; x_wconf 81' lang='lat' dir='ltr'><strong>archipresbyte-</strong></span> 
     </span>
    </p>
   </div>
   <div class='ocr_carea' id='block_1_45' title="bbox 2325 3836 3931 3915">
    <p class='ocr_par' dir='ltr' id='par_1_45' title="bbox 2360 3840 3931 3915">
     <span class='ocr_line' id='line_1_45' title="bbox 2360 3840 3931 3915; baseline 0.006 -29"><span class='ocrx_word' id='word_1_350' title='bbox 2360 3840 2515 3887; x_wconf 85' lang='grc' dir='ltr'>τύπον</span> <span class='ocrx_word' id='word_1_351' title='bbox 2554 3845 2642 3887; x_wconf 80' lang='grc' dir='ltr'>τού</span> <span class='ocrx_word' id='word_1_352' title='bbox 2688 3844 2859 3907; x_wconf 79' lang='grc' dir='ltr'>τιμίου</span> <span class='ocrx_word' id='word_1_353' title='bbox 2903 3842 3237 3910; x_wconf 76' lang='grc' dir='ltr'>προτιθέντων</span> <span class='ocrx_word' id='word_1_354' title='bbox 3270 3850 3511 3909; x_wconf 80' lang='grc' dir='ltr'>σταυροῦ,</span> <span class='ocrx_word' id='word_1_355' title='bbox 3563 3848 3702 3915; x_wconf 89' lang='grc' dir='ltr'>παρά</span> <span class='ocrx_word' id='word_1_356' title='bbox 3731 3849 3931 3896; x_wconf 84' lang='grc' dir='ltr'>πάντων</span> 
     </span>
    </p>
   </div>
   <div class='ocr_carea' id='block_1_46' title="bbox 633 3924 2251 3995">
    <p class='ocr_par' dir='ltr' id='par_1_46' title="bbox 633 3924 2251 3995">
     <span class='ocr_line' id='line_1_46' title="bbox 633 3924 2251 3995; baseline -0.006 -11"><span class='ocrx_word' id='word_1_357' title='bbox 633 3947 825 3985; x_wconf 92' lang='lat' dir='ltr'><strong>rorum</strong></span> <span class='ocrx_word' id='word_1_358' title='bbox 868 3932 1064 3982; x_wconf 88' lang='lat' dir='ltr'><strong>aderat</strong></span> <span class='ocrx_word' id='word_1_359' title='bbox 1093 3933 1366 3981; x_wconf 88' lang='lat' dir='ltr'><strong>statutum</strong></span> <span class='ocrx_word' id='word_1_360' title='bbox 1412 3933 1648 3995; x_wconf 90' lang='lat' dir='ltr'><strong>tempus.</strong></span> <span class='ocrx_word' id='word_1_361' title='bbox 1689 3926 1831 3987; x_wconf 87' lang='lat' dir='ltr'><strong>Ouid</strong></span> <span class='ocrx_word' id='word_1_362' title='bbox 1898 3924 2047 3976; x_wconf 92' lang='lat' dir='ltr'><strong>enim</strong></span> <span class='ocrx_word' id='word_1_363' title='bbox 2114 3938 2251 3991; x_wconf 81' lang='lat' dir='ltr'><strong>Opus</strong></span> 
     </span>
    </p>
   </div>
   <div class='ocr_carea' id='block_1_47' title="bbox 2407 711 3975 790">
    <p class='ocr_par' dir='ltr' id='par_1_47' title="bbox 2407 711 3975 790">
     <span class='ocr_line' id='line_1_47' title="bbox 2407 711 3975 790; baseline 0.008 -33"><span class='ocrx_word' id='word_1_364' title='bbox 2407 715 2659 780; x_wconf 77' lang='grc' dir='ltr'>μονὴρους</span> <span class='ocrx_word' id='word_1_365' title='bbox 2699 713 2996 781; x_wconf 75' lang='grc' dir='ltr'>συνήκμαζε</span> <span class='ocrx_word' id='word_1_366' title='bbox 3047 711 3188 783; x_wconf 87' lang='grc' dir='ltr'>βίου,</span> <span class='ocrx_word' id='word_1_367' title='bbox 3248 716 3290 766; x_wconf 77' lang='grc' dir='ltr'>εἱ</span> <span class='ocrx_word' id='word_1_368' title='bbox 3342 722 3565 767; x_wconf 78' lang='grc' dir='ltr'>καὶτῶν</span> <span class='ocrx_word' id='word_1_369' title='bbox 3619 718 3816 769; x_wconf 74' lang='grc' dir='ltr'>οἰκείων</span> <span class='ocrx_word' id='word_1_370' title='bbox 3864 728 3975 790; x_wconf 87' lang='grc' dir='ltr'>τρο-</span> 
     </span>
    </p>
   </div>
   <div class='ocr_carea' id='block_1_48' title="bbox 2409 792 3977 873">
    <p class='ocr_par' dir='ltr' id='par_1_48' title="bbox 2409 792 3977 873">
     <span class='ocr_line' id='line_1_48' title="bbox 2409 792 3977 873; baseline 0.008 -34"><span class='ocrx_word' id='word_1_371' title='bbox 2409 810 2510 840; x_wconf 91' lang='grc' dir='ltr'>πων</span> <span class='ocrx_word' id='word_1_372' title='bbox 2558 798 2680 862; x_wconf 84' lang='grc' dir='ltr'>πρὸς</span> <span class='ocrx_word' id='word_1_373' title='bbox 2720 793 2869 843; x_wconf 78' lang='grc' dir='ltr'>αὐτόν</span> <span class='ocrx_word' id='word_1_374' title='bbox 2904 796 2929 851; x_wconf 76' lang='grc' dir='ltr'><em>ἡ</em></span> <span class='ocrx_word' id='word_1_375' title='bbox 2961 792 3213 866; x_wconf 82' lang='grc' dir='ltr'>διαφωνία</span> <span class='ocrx_word' id='word_1_376' title='bbox 3261 807 3359 849; x_wconf 84' lang='grc' dir='ltr'>τῶν</span> <span class='ocrx_word' id='word_1_377' title='bbox 3413 804 3655 851; x_wconf 81' lang='grc' dir='ltr'>τοιούτων</span> <span class='ocrx_word' id='word_1_378' title='bbox 3700 801 3977 873; x_wconf 78' lang='grc' dir='ltr'>ἀντιπράτο</span> 
     </span>
    </p>
   </div>
   <div class='ocr_carea' id='block_1_49' title="bbox 2404 882 3972 957">
    <p class='ocr_par' dir='ltr' id='par_1_49' title="bbox 2404 882 3972 957">
     <span class='ocr_line' id='line_1_49' title="bbox 2404 882 3972 957; baseline 0.008 -30"><span class='ocrx_word' id='word_1_379' title='bbox 2404 896 2565 928; x_wconf 89' lang='grc' dir='ltr'>τουσα</span> <span class='ocrx_word' id='word_1_380' title='bbox 2589 882 2754 948; x_wconf 80' lang='grc' dir='ltr'>ἔρωτι,</span> <span class='ocrx_word' id='word_1_381' title='bbox 2788 886 2948 950; x_wconf 86' lang='grc' dir='ltr'>μέχρι</span> <span class='ocrx_word' id='word_1_382' title='bbox 2998 884 3183 935; x_wconf 84' lang='grc' dir='ltr'>πολλοῦ</span> <span class='ocrx_word' id='word_1_383' title='bbox 3221 889 3284 936; x_wconf 82' lang='grc' dir='ltr'>τὰ</span> <span class='ocrx_word' id='word_1_384' title='bbox 3308 893 3399 947; x_wconf 79' lang='grc' dir='ltr'>τῆς</span> <span class='ocrx_word' id='word_1_385' title='bbox 3454 888 3731 957; x_wconf 74' lang='grc' dir='ltr'>ἐπιθυμίας</span> <span class='ocrx_word' id='word_1_386' title='bbox 3771 886 3972 946; x_wconf 86' lang='grc' dir='ltr'>διετίθη</span> 
     </span>
    </p>
   </div>
   <div class='ocr_carea' id='block_1_50' title="bbox 2403 966 3970 1045">
    <p class='ocr_par' dir='ltr' id='par_1_50' title="bbox 2403 966 3970 1045">
     <span class='ocr_line' id='line_1_50' title="bbox 2403 966 3970 1045; baseline 0.009 -32"><span class='ocrx_word' id='word_1_387' title='bbox 2403 966 2707 1037; x_wconf 72' lang='grc' dir='ltr'>ἀνενέργητα</span> <span class='ocrx_word' id='word_1_388' title='bbox 2741 986 2752 998; x_wconf 90' lang='grc'><strong>·</strong></span> <span class='ocrx_word' id='word_1_389' title='bbox 2803 975 2974 1020; x_wconf 87' lang='grc' dir='ltr'>καίτοι</span> <span class='ocrx_word' id='word_1_390' title='bbox 3021 971 3214 1022; x_wconf 82' lang='grc' dir='ltr'>πολλῶν</span> <span class='ocrx_word' id='word_1_391' title='bbox 3270 974 3620 1045; x_wconf 75' lang='grc' dir='ltr'>ὑπαρχουσῶν</span> <span class='ocrx_word' id='word_1_392' title='bbox 3662 977 3970 1040; x_wconf 86' lang='grc' dir='ltr'>ὑποθέσεων,</span> 
     </span>
    </p>
   </div>
   <div class='ocr_carea' id='block_1_51' title="bbox 2402 1052 3973 1133">
    <p class='ocr_par' dir='ltr' id='par_1_51' title="bbox 2402 1052 3973 1133">
     <span class='ocr_line' id='line_1_51' title="bbox 2402 1052 3973 1133; baseline 0.008 -32"><span class='ocrx_word' id='word_1_393' title='bbox 2402 1052 2452 1112; x_wconf 72' lang='grc' dir='ltr'>ἐξ</span> <span class='ocrx_word' id='word_1_394' title='bbox 2480 1054 2544 1102; x_wconf 84' lang='grc' dir='ltr'>ὧν</span> <span class='ocrx_word' id='word_1_395' title='bbox 2570 1055 2732 1122; x_wconf 71' lang='grc' dir='ltr'>ἐχρῆν</span> <span class='ocrx_word' id='word_1_396' title='bbox 2778 1059 2843 1106; x_wconf 80' lang='grc' dir='ltr'>τὰ</span> <span class='ocrx_word' id='word_1_397' title='bbox 2872 1065 2957 1116; x_wconf 84' lang='grc' dir='ltr'>τῆς</span> <span class='ocrx_word' id='word_1_398' title='bbox 2998 1056 3295 1127; x_wconf 80' lang='grc' dir='ltr'>βουλήσεως</span> <span class='ocrx_word' id='word_1_399' title='bbox 3341 1058 3471 1131; x_wconf 84' lang='grc' dir='ltr'>μηδ’</span> <span class='ocrx_word' id='word_1_400' title='bbox 3524 1060 3837 1133; x_wconf 84' lang='grc' dir='ltr'>ἀφαμαρτεῖν</span> <span class='ocrx_word' id='word_1_401' title='bbox 3883 1072 3973 1114; x_wconf 77' lang='grc' dir='ltr'>τοὺ</span> 
     </span>
    </p>
   </div>
   <div class='ocr_carea' id='block_1_52' title="bbox 2402 1140 3972 1220">
    <p class='ocr_par' dir='ltr' id='par_1_52' title="bbox 2402 1140 3972 1220">
     <span class='ocr_line' id='line_1_52' title="bbox 2402 1140 3972 1220; baseline 0.007 -32"><span class='ocrx_word' id='word_1_402' title='bbox 2402 1140 2589 1200; x_wconf 82' lang='grc' dir='ltr'>τέλους,</span> <span class='ocrx_word' id='word_1_403' title='bbox 2620 1141 2715 1195; x_wconf 70' lang='grc' dir='ltr'>Ἠν</span> <span class='ocrx_word' id='word_1_404' title='bbox 2760 1147 2860 1214; x_wconf 82' lang='grc' dir='ltr'>γὰρ</span> <span class='ocrx_word' id='word_1_405' title='bbox 2905 1150 2991 1195; x_wconf 80' lang='grc' dir='ltr'>καὶ</span> <span class='ocrx_word' id='word_1_406' title='bbox 3048 1152 3215 1217; x_wconf 84' lang='grc' dir='ltr'>πατὴρ</span> <span class='ocrx_word' id='word_1_407' title='bbox 3265 1152 3321 1198; x_wconf 85' lang='grc' dir='ltr'>τό</span> <span class='ocrx_word' id='word_1_408' title='bbox 3375 1151 3595 1219; x_wconf 87' lang='grc' dir='ltr'>πρόσθεν</span> <span class='ocrx_word' id='word_1_409' title='bbox 3664 1149 3739 1199; x_wconf 72' lang='grc' dir='ltr'>ἐπ’</span> <span class='ocrx_word' id='word_1_410' title='bbox 3788 1151 3972 1220; x_wconf 82' lang='grc' dir='ltr'>ἀρετην</span> 
     </span>
    </p>
   </div>
   <div class='ocr_carea' id='block_1_53' title="bbox 2387 1229 3969 1305">
    <p class='ocr_par' dir='ltr' id='par_1_53' title="bbox 2387 1229 3969 1305">
     <span class='ocr_line' id='line_1_53' title="bbox 2387 1229 3969 1305; baseline 0.009 -30"><span class='ocrx_word' id='word_1_411' title='bbox 2387 1229 2857 1297; x_wconf 72' lang='grc' dir='ltr'>προσκαλούμενος,</span> <span class='ocrx_word' id='word_1_412' title='bbox 2902 1232 2955 1291; x_wconf 86' lang='grc' dir='ltr'>ὃς</span> <span class='ocrx_word' id='word_1_413' title='bbox 2993 1234 3135 1283; x_wconf 77' lang='grc' dir='ltr'>ἕνεκα</span> <span class='ocrx_word' id='word_1_414' title='bbox 3176 1230 3328 1294; x_wconf 79' lang='grc' dir='ltr'>δόξης</span> <span class='ocrx_word' id='word_1_415' title='bbox 3383 1235 3557 1305; x_wconf 82' lang='grc' dir='ltr'>ὀρθῆς.</span> <span class='ocrx_word' id='word_1_416' title='bbox 3611 1244 3697 1287; x_wconf 76' lang='grc' dir='ltr'>καὶ</span> <span class='ocrx_word' id='word_1_417' title='bbox 3747 1244 3969 1301; x_wconf 84' lang='grc' dir='ltr'>πίστεως</span> 
     </span>
    </p>
   </div>
   <div class='ocr_carea' id='block_1_54' title="bbox 2401 1305 4000 1395">
    <p class='ocr_par' dir='ltr' id='par_1_54' title="bbox 2401 1314 3967 1395">
     <span class='ocr_line' id='line_1_54' title="bbox 2401 1314 3967 1395; baseline 0.009 -34"><span class='ocrx_word' id='word_1_418' title='bbox 2401 1314 2633 1383; x_wconf 74' lang='grc' dir='ltr'>ἀληθοῦς³</span> <span class='ocrx_word' id='word_1_419' title='bbox 2683 1316 2882 1386; x_wconf 80' lang='grc' dir='ltr'>πλούτῳ</span> <span class='ocrx_word' id='word_1_420' title='bbox 2920 1323 3007 1386; x_wconf 67' lang='grc' dir='ltr'>μὲν</span> <span class='ocrx_word' id='word_1_421' title='bbox 3063 1326 3149 1370; x_wconf 86' lang='grc' dir='ltr'>καὶ</span> <span class='ocrx_word' id='word_1_422' title='bbox 3200 1328 3315 1379; x_wconf 89' lang='grc' dir='ltr'>ταῖς</span> <span class='ocrx_word' id='word_1_423' title='bbox 3362 1332 3459 1371; x_wconf 83' lang='grc' dir='ltr'>τών</span> <span class='ocrx_word' id='word_1_424' title='bbox 3490 1322 3793 1393; x_wconf 78' lang='grc' dir='ltr'>ἀξιωμάτων</span> <span class='ocrx_word' id='word_1_425' title='bbox 3824 1344 3967 1395; x_wconf 80' lang='grc' dir='ltr'>περι-</span> 
     </span>
    </p>
   </div>
   <div class='ocr_carea' id='block_1_55' title="bbox 2400 1406 3963 1475">
    <p class='ocr_par' dir='ltr' id='par_1_55' title="bbox 2400 1406 3963 1475">
     <span class='ocr_line' id='line_1_55' title="bbox 2400 1406 3963 1475; baseline 0.007 -26"><span class='ocrx_word' id='word_1_426' title='bbox 2400 1406 2622 1468; x_wconf 86' lang='grc' dir='ltr'>φανείαις</span> <span class='ocrx_word' id='word_1_427' title='bbox 2676 1407 2848 1471; x_wconf 88' lang='grc' dir='ltr'>μακρά</span> <span class='ocrx_word' id='word_1_428' title='bbox 2902 1411 3106 1475; x_wconf 79' lang='grc' dir='ltr'>χαίρειν</span> <span class='ocrx_word' id='word_1_429' title='bbox 3177 1407 3347 1469; x_wconf 81' lang='grc' dir='ltr'>εἰπὼν,</span> <span class='ocrx_word' id='word_1_430' title='bbox 3406 1416 3493 1460; x_wconf 77' lang='grc' dir='ltr'>καί</span> <span class='ocrx_word' id='word_1_431' title='bbox 3546 1414 3713 1460; x_wconf 82' lang='grc' dir='ltr'>πάντα</span> <span class='ocrx_word' id='word_1_432' title='bbox 3766 1415 3963 1471; x_wconf 78' lang='grc' dir='ltr'>παθὼν,</span> 
     </span>
    </p>
   </div>
   <div class='ocr_carea' id='block_1_56' title="bbox 2398 1489 3970 1569">
    <p class='ocr_par' dir='ltr' id='par_1_56' title="bbox 2398 1489 3970 1569">
     <span class='ocr_line' id='line_1_56' title="bbox 2398 1489 3970 1569; baseline 0.007 -32"><span class='ocrx_word' id='word_1_433' title='bbox 2398 1489 2478 1537; x_wconf 82' lang='grc' dir='ltr'>ἵνα</span> <span class='ocrx_word' id='word_1_434' title='bbox 2549 1493 2618 1556; x_wconf 81' lang='grc' dir='ltr'>μὴ</span> <span class='ocrx_word' id='word_1_435' title='bbox 2669 1494 2801 1540; x_wconf 88' lang='grc' dir='ltr'>κατά</span> <span class='ocrx_word' id='word_1_436' title='bbox 2864 1496 3007 1562; x_wconf 68' lang='grc' dir='ltr'>μέρος</span> <span class='ocrx_word' id='word_1_437' title='bbox 3056 1492 3201 1560; x_wconf 80' lang='grc' dir='ltr'>λέγω,</span> <span class='ocrx_word' id='word_1_438' title='bbox 3281 1494 3327 1543; x_wconf 77' lang='grc' dir='ltr'><strong><em>ἐν</em></strong></span> <span class='ocrx_word' id='word_1_439' title='bbox 3380 1495 3514 1563; x_wconf 77' lang='grc' dir='ltr'>αύτῷ</span> <span class='ocrx_word' id='word_1_440' title='bbox 3575 1505 3646 1564; x_wconf 82' lang='grc' dir='ltr'>τῲ</span> <span class='ocrx_word' id='word_1_441' title='bbox 3700 1503 3970 1569; x_wconf 60' lang='grc' dir='ltr'>μαρτυρίᾳ»</span> 
     </span>
    </p>
   </div>
   <div class='ocr_carea' id='block_1_57' title="bbox 2395 1575 3967 1652">
    <p class='ocr_par' dir='ltr' id='par_1_57' title="bbox 2395 1575 3967 1652">
     <span class='ocr_line' id='line_1_57' title="bbox 2395 1575 3967 1652; baseline 0.008 -30"><span class='ocrx_word' id='word_1_442' title='bbox 2395 1575 2746 1645; x_wconf 81' lang='grc' dir='ltr'>ὑπερορισθείς</span> <span class='ocrx_word' id='word_1_443' title='bbox 2813 1580 3143 1641; x_wconf 86' lang='grc' dir='ltr'>τετελείωται,</span> <span class='ocrx_word' id='word_1_444' title='bbox 3222 1586 3309 1630; x_wconf 83' lang='grc' dir='ltr'>καὶ</span> <span class='ocrx_word' id='word_1_445' title='bbox 3386 1588 3557 1651; x_wconf 74' lang='grc' dir='ltr'>μήτηρ</span> <span class='ocrx_word' id='word_1_446' title='bbox 3620 1584 3850 1652; x_wconf 82' lang='grc' dir='ltr'>φιλόθεος</span> <span class='ocrx_word' id='word_1_447' title='bbox 3915 1604 3967 1635; x_wconf 89' lang='grc' dir='ltr'>τε</span> 
     </span>
    </p>
   </div>
   <div class='ocr_carea' id='block_1_58' title="bbox 2394 1662 3961 1740">
    <p class='ocr_par' dir='ltr' id='par_1_58' title="bbox 2394 1662 3961 1740">
     <span class='ocr_line' id='line_1_58' title="bbox 2394 1662 3961 1740; baseline 0.007 -30"><span class='ocrx_word' id='word_1_448' title='bbox 2394 1667 2480 1711; x_wconf 77' lang='grc' dir='ltr'>καὶ</span> <span class='ocrx_word' id='word_1_449' title='bbox 2519 1662 2782 1733; x_wconf 89' lang='grc' dir='ltr'>φιλάρετος</span> <span class='ocrx_word' id='word_1_450' title='bbox 2811 1669 2898 1714; x_wconf 81' lang='grc' dir='ltr'>καὶ</span> <span class='ocrx_word' id='word_1_451' title='bbox 2933 1674 3023 1715; x_wconf 83' lang='grc' dir='ltr'>τοῦ</span> <span class='ocrx_word' id='word_1_452' title='bbox 3065 1664 3253 1737; x_wconf 80' lang='grc' dir='ltr'>ἀνδρὸς</span> <span class='ocrx_word' id='word_1_453' title='bbox 3281 1668 3637 1736; x_wconf 84' lang='grc' dir='ltr'>φιλονεικουσα</span> <span class='ocrx_word' id='word_1_454' title='bbox 3688 1676 3819 1721; x_wconf 84' lang='grc' dir='ltr'>κατά</span> <span class='ocrx_word' id='word_1_455' title='bbox 3857 1691 3961 1740; x_wconf 86' lang='grc' dir='ltr'>μη-</span> 
     </span>
    </p>
   </div>
   <div class='ocr_carea' id='block_1_59' title="bbox 2394 1744 3968 1826">
    <p class='ocr_par' dir='ltr' id='par_1_59' title="bbox 2394 1744 3968 1826">
     <span class='ocr_line' id='line_1_59' title="bbox 2394 1744 3968 1826; baseline 0.007 -28"><span class='ocrx_word' id='word_1_456' title='bbox 2394 1744 2478 1798; x_wconf 79' lang='grc' dir='ltr'>δεν</span> <span class='ocrx_word' id='word_1_457' title='bbox 2533 1748 2579 1797; x_wconf 71' lang='grc' dir='ltr'>ἐν</span> <span class='ocrx_word' id='word_1_458' title='bbox 2636 1754 2836 1809; x_wconf 81' lang='grc' dir='ltr'>τούτοις</span> <span class='ocrx_word' id='word_1_459' title='bbox 2884 1750 3355 1822; x_wconf 82' lang='grc' dir='ltr'>ἀπολιμπάνεσθαι.</span> <span class='ocrx_word' id='word_1_460' title='bbox 3406 1755 3557 1807; x_wconf 79' lang='grc' dir='ltr'>Ἀλλὰ</span> <span class='ocrx_word' id='word_1_461' title='bbox 3592 1762 3715 1826; x_wconf 86' lang='grc' dir='ltr'>πρός</span> <span class='ocrx_word' id='word_1_462' title='bbox 3754 1765 3842 1826; x_wconf 74' lang='grc' dir='ltr'>μεν</span> <span class='ocrx_word' id='word_1_463' title='bbox 3871 1765 3968 1814; x_wconf 71' lang='grc' dir='ltr'>τήν</span> 
     </span>
    </p>
   </div>
   <div class='ocr_carea' id='block_1_60' title="bbox 2389 1838 3963 1903">
    <p class='ocr_par' dir='ltr' id='par_1_60' title="bbox 2389 1838 3963 1903">
     <span class='ocr_line' id='line_1_60' title="bbox 2389 1838 3963 1903; baseline 0.008 -20"><span class='ocrx_word' id='word_1_464' title='bbox 2389 1841 2680 1903; x_wconf 68' lang='grc' dir='ltr'>μοναχικῆν</span> <span class='ocrx_word' id='word_1_465' title='bbox 2754 1838 3012 1889; x_wconf 88' lang='grc' dir='ltr'>πολιτείαν</span> <span class='ocrx_word' id='word_1_466' title='bbox 3069 1844 3226 1890; x_wconf 82' lang='grc' dir='ltr'>ταύτά</span> <span class='ocrx_word' id='word_1_467' title='bbox 3288 1861 3338 1892; x_wconf 88' lang='grc' dir='ltr'>τε</span> <span class='ocrx_word' id='word_1_468' title='bbox 3392 1849 3479 1892; x_wconf 80' lang='grc' dir='ltr'>καί</span> <span class='ocrx_word' id='word_1_469' title='bbox 3542 1853 3757 1893; x_wconf 67' lang='grc' dir='ltr'>τοιαῦτα</span> <span class='ocrx_word' id='word_1_470' title='bbox 3818 1846 3963 1895; x_wconf 77' lang='grc' dir='ltr'>ἓτεοα</span> 
     </span>
    </p>
   </div>
   <div class='ocr_carea' id='block_1_61' title="bbox 2388 1903 3962 2000">
    <p class='ocr_par' dir='ltr' id='par_1_61' title="bbox 2388 1922 3962 2000">
     <span class='ocr_line' id='line_1_61' title="bbox 2388 1922 3962 2000; baseline 0.007 -30"><span class='ocrx_word' id='word_1_471' title='bbox 2388 1931 2585 1991; x_wconf 80' lang='grc' dir='ltr'>προσῆν</span> <span class='ocrx_word' id='word_1_472' title='bbox 2637 1922 2952 1993; x_wconf 72' lang='grc' dir='ltr'>ἐφελκόμενα,</span> <span class='ocrx_word' id='word_1_473' title='bbox 3009 1928 3264 1977; x_wconf 77' lang='grc' dir='ltr'>ἀνθεῖλκον</span> <span class='ocrx_word' id='word_1_474' title='bbox 3316 1926 3374 1979; x_wconf 73' lang='grc' dir='ltr'>δε</span> <span class='ocrx_word' id='word_1_475' title='bbox 3424 1935 3609 1999; x_wconf 77' lang='grc' dir='ltr'>καὶμὴ</span> <span class='ocrx_word' id='word_1_476' title='bbox 3653 1929 3962 2000; x_wconf 78' lang='grc' dir='ltr'>βουλόμενον</span> 
     </span>
    </p>
   </div>
   <div class='ocr_carea' id='block_1_62' title="bbox 2310 2010 3956 2088">
    <p class='ocr_par' dir='ltr' id='par_1_62' title="bbox 2310 2010 3956 2088">
     <span class='ocr_line' id='line_1_62' title="bbox 2310 2010 3956 2088; baseline 0.007 -30"><span class='ocrx_word' id='word_1_477' title='bbox 2310 2011 2351 2063; x_wconf 87' lang='grc' dir='ltr'>Β</span> <span class='ocrx_word' id='word_1_478' title='bbox 2387 2016 2633 2078; x_wconf 82' lang='grc' dir='ltr'>κοσμικαὶ</span> <span class='ocrx_word' id='word_1_479' title='bbox 2681 2010 2965 2083; x_wconf 86' lang='grc' dir='ltr'>φροντίδες,</span> <span class='ocrx_word' id='word_1_480' title='bbox 2999 2020 3086 2064; x_wconf 84' lang='grc' dir='ltr'>καὶ</span> <span class='ocrx_word' id='word_1_481' title='bbox 3136 2016 3407 2066; x_wconf 75' lang='grc' dir='ltr'>πολιτικῶν</span> <span class='ocrx_word' id='word_1_482' title='bbox 3454 2016 3754 2086; x_wconf 79' lang='grc' dir='ltr'>ἀξιωμάτων</span> <span class='ocrx_word' id='word_1_483' title='bbox 3785 2026 3956 2088; x_wconf 80' lang='grc' dir='ltr'>τιμαὶ,</span> 
     </span>
    </p>
   </div>
   <div class='ocr_carea' id='block_1_63' title="bbox 2294 2096 3962 2176">
    <p class='ocr_par' dir='ltr' id='par_1_63' title="bbox 2294 2096 3962 2176">
     <span class='ocr_line' id='line_1_63' title="bbox 2294 2096 3962 2176; baseline 0.007 -29"><span class='ocrx_word' id='word_1_484' title='bbox 2294 2096 2502 2165; x_wconf 79' lang='grc' dir='ltr'>θέλημα.</span> <span class='ocrx_word' id='word_1_485' title='bbox 2547 2097 2685 2150; x_wconf 80' lang='grc' dir='ltr'>Ἀλλ’</span> <span class='ocrx_word' id='word_1_486' title='bbox 2739 2098 2900 2150; x_wconf 73' lang='grc' dir='ltr'>ἐκεῖνα</span> <span class='ocrx_word' id='word_1_487' title='bbox 2951 2105 3039 2170; x_wconf 81' lang='grc' dir='ltr'>μεν</span> <span class='ocrx_word' id='word_1_488' title='bbox 3093 2102 3473 2174; x_wconf 84' lang='grc' dir='ltr'>παρεληλυθότα</span> <span class='ocrx_word' id='word_1_489' title='bbox 3526 2111 3613 2155; x_wconf 83' lang='grc' dir='ltr'>καί</span> <span class='ocrx_word' id='word_1_490' title='bbox 3681 2112 3962 2176; x_wconf 72' lang='grc' dir='ltr'>γράφοντες</span> 
     </span>
    </p>
   </div>
   <div class='ocr_carea' id='block_1_64' title="bbox 2381 2446 3959 2524">
    <p class='ocr_par' dir='ltr' id='par_1_64' title="bbox 2381 2446 3959 2524">
     <span class='ocr_line' id='line_1_64' title="bbox 2381 2446 3959 2524; baseline 0.006 -30"><span class='ocrx_word' id='word_1_491' title='bbox 2381 2448 2621 2506; x_wconf 88' lang='grc' dir='ltr'>τοιαύτης</span> <span class='ocrx_word' id='word_1_492' title='bbox 2646 2446 2792 2507; x_wconf 81' lang='grc' dir='ltr'>ἀξίας</span> <span class='ocrx_word' id='word_1_493' title='bbox 2818 2449 3182 2511; x_wconf 80' lang='grc' dir='ltr'>ὑπεκστάντος,</span> <span class='ocrx_word' id='word_1_494' title='bbox 3212 2456 3449 2519; x_wconf 85' lang='grc' dir='ltr'>ποιμένος</span> <span class='ocrx_word' id='word_1_495' title='bbox 3482 2448 3539 2503; x_wconf 85' lang='grc' dir='ltr'>δε</span> <span class='ocrx_word' id='word_1_496' title='bbox 3564 2457 3691 2524; x_wconf 86' lang='grc' dir='ltr'>πρὸς</span> <span class='ocrx_word' id='word_1_497' title='bbox 3720 2454 3959 2512; x_wconf 73' lang='grc' dir='ltr'>ἀπάντων</span> 
     </span>
    </p>
   </div>
   <div class='ocr_carea' id='block_1_65' title="bbox 2379 2531 3957 2609">
    <p class='ocr_par' dir='ltr' id='par_1_65' title="bbox 2379 2531 3957 2609">
     <span class='ocr_line' id='line_1_65' title="bbox 2379 2531 3957 2609; baseline 0.001 -27"><span class='ocrx_word' id='word_1_498' title='bbox 2379 2531 2772 2604; x_wconf 80' lang='grc' dir='ltr'>έπιζητουμένου</span> <span class='ocrx_word' id='word_1_499' title='bbox 2800 2545 2890 2586; x_wconf 76' lang='grc' dir='ltr'>του</span> <span class='ocrx_word' id='word_1_500' title='bbox 2921 2542 3008 2587; x_wconf 81' lang='grc' dir='ltr'>καὶ</span> <span class='ocrx_word' id='word_1_501' title='bbox 3045 2541 3109 2587; x_wconf 84' lang='grc' dir='ltr'>τὰ</span> <span class='ocrx_word' id='word_1_502' title='bbox 3137 2534 3500 2607; x_wconf 83' lang='grc' dir='ltr'>διεσπασμένα</span> <span class='ocrx_word' id='word_1_503' title='bbox 3542 2541 3665 2609; x_wconf 84' lang='grc' dir='ltr'>μέλη</span> <span class='ocrx_word' id='word_1_504' title='bbox 3711 2551 3800 2602; x_wconf 74' lang='grc' dir='ltr'>τῆς</span> <span class='ocrx_word' id='word_1_505' title='bbox 3847 2544 3957 2594; x_wconf 73' lang='grc' dir='ltr'>Ἐκ-</span> 
     </span>
    </p>
   </div>
   <div class='ocr_carea' id='block_1_66' title="bbox 2378 2619 3954 2699">
    <p class='ocr_par' dir='ltr' id='par_1_66' title="bbox 2378 2619 3954 2699">
     <span class='ocr_line' id='line_1_66' title="bbox 2378 2619 3954 2699; baseline 0.007 -31"><span class='ocrx_word' id='word_1_506' title='bbox 2378 2619 2590 2679; x_wconf 82' lang='grc' dir='ltr'>κλησίας</span> <span class='ocrx_word' id='word_1_507' title='bbox 2630 2622 2855 2691; x_wconf 73' lang='grc' dir='ltr'>συνάψαι</span> <span class='ocrx_word' id='word_1_508' title='bbox 2913 2620 3215 2692; x_wconf 83' lang='grc' dir='ltr'>δυναμένου,</span> <span class='ocrx_word' id='word_1_509' title='bbox 3249 2632 3336 2677; x_wconf 80' lang='grc' dir='ltr'>καί</span> <span class='ocrx_word' id='word_1_510' title='bbox 3361 2631 3453 2683; x_wconf 76' lang='grc' dir='ltr'>την</span> <span class='ocrx_word' id='word_1_511' title='bbox 3484 2636 3582 2677; x_wconf 83' lang='grc' dir='ltr'>τῶν</span> <span class='ocrx_word' id='word_1_512' title='bbox 3633 2632 3954 2699; x_wconf 76' lang='grc' dir='ltr'>πραγμάτων</span> 
     </span>
    </p>
   </div>
   <div class='ocr_carea' id='block_1_67' title="bbox 2378 2708 3951 2784">
    <p class='ocr_par' dir='ltr' id='par_1_67' title="bbox 2378 2708 3951 2784">
     <span class='ocr_line' id='line_1_67' title="bbox 2378 2708 3951 2784; baseline 0.007 -27"><span class='ocrx_word' id='word_1_513' title='bbox 2378 2712 2685 2759; x_wconf 89' lang='grc' dir='ltr'>κατευνάσαι</span> <span class='ocrx_word' id='word_1_514' title='bbox 2725 2716 2956 2780; x_wconf 77' lang='grc' dir='ltr'>ταραχήν</span> <span class='ocrx_word' id='word_1_515' title='bbox 3008 2708 3170 2781; x_wconf 80' lang='grc' dir='ltr'>(ἦσαν</span> <span class='ocrx_word' id='word_1_516' title='bbox 3218 2715 3339 2784; x_wconf 83' lang='grc' dir='ltr'>γὰρ,</span> <span class='ocrx_word' id='word_1_517' title='bbox 3369 2710 3500 2769; x_wconf 76' lang='grc' dir='ltr'>ἦσαν</span> <span class='ocrx_word' id='word_1_518' title='bbox 3530 2717 3752 2766; x_wconf 85' lang='grc' dir='ltr'>ποικίλοι</span> <span class='ocrx_word' id='word_1_519' title='bbox 3784 2736 3837 2767; x_wconf 91' lang='grc' dir='ltr'>τε</span> <span class='ocrx_word' id='word_1_520' title='bbox 3864 2724 3951 2769; x_wconf 76' lang='grc' dir='ltr'>καὶ</span> 
     </span>
    </p>
   </div>
   <div class='ocr_carea' id='block_1_68' title="bbox 2376 2793 3953 2862">
    <p class='ocr_par' dir='ltr' id='par_1_68' title="bbox 2376 2793 3953 2862">
     <span class='ocr_line' id='line_1_68' title="bbox 2376 2793 3953 2862; baseline 0.007 -18"><span class='ocrx_word' id='word_1_521' title='bbox 2376 2793 2699 2847; x_wconf 79' lang='grc' dir='ltr'>παντοδαποὶ</span> <span class='ocrx_word' id='word_1_522' title='bbox 2758 2801 2891 2847; x_wconf 85' lang='grc' dir='ltr'>κατὰ</span> <span class='ocrx_word' id='word_1_523' title='bbox 2938 2806 3029 2853; x_wconf 79' lang='grc' dir='ltr'>τῆν</span> <span class='ocrx_word' id='word_1_524' title='bbox 3071 2799 3375 2855; x_wconf 80' lang='grc' dir='ltr'>Ἐκκλησίαν</span> <span class='ocrx_word' id='word_1_525' title='bbox 3427 2801 3593 2862; x_wconf 82' lang='grc' dir='ltr'>σάλοι,</span> <span class='ocrx_word' id='word_1_526' title='bbox 3629 2809 3717 2853; x_wconf 76' lang='grc' dir='ltr'>καὶ</span> <span class='ocrx_word' id='word_1_527' title='bbox 3754 2802 3953 2855; x_wconf 88' lang='grc' dir='ltr'>κλύδω-</span> 
     </span>
    </p>
   </div>
   <div class='ocr_carea' id='block_1_69' title="bbox 2376 2884 3952 2959">
    <p class='ocr_par' dir='ltr' id='par_1_69' title="bbox 2376 2884 3952 2959">
     <span class='ocr_line' id='line_1_69' title="bbox 2376 2884 3952 2959; baseline 0.006 -29"><span class='ocrx_word' id='word_1_528' title='bbox 2376 2884 2498 2946; x_wconf 88' lang='grc' dir='ltr'>νες),</span> <span class='ocrx_word' id='word_1_529' title='bbox 2533 2884 2571 2931; x_wconf 85' lang='grc' dir='ltr'><em>ὦ</em></span> <span class='ocrx_word' id='word_1_530' title='bbox 2619 2892 2711 2942; x_wconf 87' lang='grc' dir='ltr'>τῆς</span> <span class='ocrx_word' id='word_1_531' title='bbox 2750 2884 2819 2942; x_wconf 79' lang='grc' dir='ltr'>εἰς</span> <span class='ocrx_word' id='word_1_532' title='bbox 2873 2886 3008 2948; x_wconf 77' lang='grc' dir='ltr'>ἡμᾶς</span> <span class='ocrx_word' id='word_1_533' title='bbox 3060 2884 3325 2955; x_wconf 89' lang='grc' dir='ltr'>φιλοτίμου</span> <span class='ocrx_word' id='word_1_534' title='bbox 3365 2888 3649 2959; x_wconf 69' lang='grc' dir='ltr'>έπορείαςῐ</span> <span class='ocrx_word' id='word_1_535' title='bbox 3699 2898 3757 2958; x_wconf 77' lang='grc' dir='ltr'>τῇ</span> <span class='ocrx_word' id='word_1_536' title='bbox 3806 2893 3952 2957; x_wconf 77' lang='grc' dir='ltr'>ἡμῶν</span> 
     </span>
    </p>
   </div>
   <div class='ocr_carea' id='block_1_70' title="bbox 2378 2966 3950 3043">
    <p class='ocr_par' dir='ltr' id='par_1_70' title="bbox 2378 2971 3950 3043">
     <span class='ocr_line' id='line_1_70' title="bbox 2378 2971 3950 3043; baseline 0.008 -26"><span class='ocrx_word' id='word_1_537' title='bbox 2378 2971 2611 3037; x_wconf 76' lang='grc' dir='ltr'>ἀσθενείᾳ</span> <span class='ocrx_word' id='word_1_538' title='bbox 2640 2976 2725 3021; x_wconf 81' lang='grc' dir='ltr'>καὶ</span> <span class='ocrx_word' id='word_1_539' title='bbox 2751 2989 3063 3041; x_wconf 84' lang='grc' dir='ltr'>μετριότητι,</span> <span class='ocrx_word' id='word_1_540' title='bbox 3097 2972 3121 3021; x_wconf 89' lang='grc' dir='ltr'><strong>ὃ</strong></span> <span class='ocrx_word' id='word_1_541' title='bbox 3146 2991 3199 3023; x_wconf 88' lang='grc' dir='ltr'>τε</span> <span class='ocrx_word' id='word_1_542' title='bbox 3230 2972 3473 3043; x_wconf 80' lang='grc' dir='ltr'>βασιλεὺς</span> <span class='ocrx_word' id='word_1_543' title='bbox 3502 2976 3655 3034; x_wconf 86' lang='grc' dir='ltr'>αύτός</span> <span class='ocrx_word' id='word_1_544' title='bbox 3688 2984 3775 3028; x_wconf 78' lang='grc' dir='ltr'>καὶ</span> <span class='ocrx_word' id='word_1_545' title='bbox 3807 2981 3830 3027; x_wconf 82' lang='grc' dir='ltr'>ο</span> <span class='ocrx_word' id='word_1_546' title='bbox 3852 2988 3950 3029; x_wconf 79' lang='grc' dir='ltr'>τῶν</span> 
     </span>
    </p>
   </div>
   <div class='ocr_carea' id='block_1_71' title="bbox 2379 3057 3945 3134">
    <p class='ocr_par' dir='ltr' id='par_1_71' title="bbox 2379 3057 3945 3134">
     <span class='ocr_line' id='line_1_71' title="bbox 2379 3057 3945 3134; baseline 0.007 -30"><span class='ocrx_word' id='word_1_547' title='bbox 2379 3057 2543 3125; x_wconf 78' lang='grc' dir='ltr'>ἱερέων</span> <span class='ocrx_word' id='word_1_548' title='bbox 2594 3060 2874 3108; x_wconf 73' lang='grc' dir='ltr'>ἐπιτίθεται</span> <span class='ocrx_word' id='word_1_549' title='bbox 2931 3058 3172 3127; x_wconf 92' lang='grc' dir='ltr'>σύλλογος</span> <span class='ocrx_word' id='word_1_550' title='bbox 3216 3058 3580 3130; x_wconf 78' lang='grc' dir='ltr'>ἀπαραιτήτως</span> <span class='ocrx_word' id='word_1_551' title='bbox 3610 3061 3664 3112; x_wconf 83' lang='grc' dir='ltr'>έκ</span> <span class='ocrx_word' id='word_1_552' title='bbox 3693 3063 3945 3134; x_wconf 75' lang='grc' dir='ltr'>βιαζομε-</span> 
     </span>
    </p>
   </div>
   <div class='ocr_carea' id='block_1_72' title="bbox 2374 3142 3945 3220">
    <p class='ocr_par' dir='ltr' id='par_1_72' title="bbox 2374 3142 3945 3220">
     <span class='ocr_line' id='line_1_72' title="bbox 2374 3142 3945 3220; baseline 0.007 -29"><span class='ocrx_word' id='word_1_553' title='bbox 2374 3161 2451 3191; x_wconf 91' lang='grc' dir='ltr'>νοι</span> <span class='ocrx_word' id='word_1_554' title='bbox 2482 3147 2566 3192; x_wconf 87' lang='grc' dir='ltr'>τὸν</span> <span class='ocrx_word' id='word_1_555' title='bbox 2610 3153 2697 3202; x_wconf 82' lang='grc' dir='ltr'>τῆς</span> <span class='ocrx_word' id='word_1_556' title='bbox 2727 3142 3118 3216; x_wconf 77' lang='grc' dir='ltr'>ἀρχιερωσύνης</span> <span class='ocrx_word' id='word_1_557' title='bbox 3172 3147 3328 3215; x_wconf 73' lang='grc' dir='ltr'>ζυγὸν</span> <span class='ocrx_word' id='word_1_558' title='bbox 3376 3146 3742 3209; x_wconf 79' lang='grc' dir='ltr'>ἀναδέξασθαι.</span> <span class='ocrx_word' id='word_1_559' title='bbox 3777 3151 3945 3220; x_wconf 80' lang='grc' dir='ltr'>Ἠμῶν</span> 
     </span>
    </p>
   </div>
   <div class='ocr_carea' id='block_1_73' title="bbox 2377 3224 3947 3304">
    <p class='ocr_par' dir='ltr' id='par_1_73' title="bbox 2377 3224 3947 3304">
     <span class='ocr_line' id='line_1_73' title="bbox 2377 3224 3947 3304; baseline 0.007 -26"><span class='ocrx_word' id='word_1_560' title='bbox 2377 3224 2434 3279; x_wconf 67' lang='grc' dir='ltr'>δι</span> <span class='ocrx_word' id='word_1_561' title='bbox 2500 3226 2727 3300; x_wconf 86' lang='grc' dir='ltr'>δάκρυσι</span> <span class='ocrx_word' id='word_1_562' title='bbox 2802 3237 2887 3281; x_wconf 80' lang='grc' dir='ltr'>καί</span> <span class='ocrx_word' id='word_1_563' title='bbox 2960 3233 3177 3293; x_wconf 79' lang='grc' dir='ltr'>ἱκεσίαις</span> <span class='ocrx_word' id='word_1_564' title='bbox 3243 3233 3642 3304; x_wconf 83' lang='grc' dir='ltr'>έκλιπαρούντων</span> <span class='ocrx_word' id='word_1_565' title='bbox 3716 3237 3947 3289; x_wconf 81' lang='grc' dir='ltr'>πλείοσιν</span> 
     </span>
    </p>
   </div>
   <div class='ocr_carea' id='block_1_74' title="bbox 2375 3311 3943 3391">
    <p class='ocr_par' dir='ltr' id='par_1_74' title="bbox 2375 3311 3943 3391">
     <span class='ocr_line' id='line_1_74' title="bbox 2375 3311 3943 3391; baseline 0.008 -28"><span class='ocrx_word' id='word_1_566' title='bbox 2375 3311 2607 3365; x_wconf 71' lang='grc' dir='ltr'>ἐνδοῦναι</span> <span class='ocrx_word' id='word_1_567' title='bbox 2636 3321 2724 3385; x_wconf 83' lang='grc' dir='ltr'>μεν</span> <span class='ocrx_word' id='word_1_568' title='bbox 2771 3324 2860 3375; x_wconf 87' lang='grc' dir='ltr'>τῆς</span> <span class='ocrx_word' id='word_1_569' title='bbox 2888 3317 3029 3386; x_wconf 78' lang='grc' dir='ltr'>βίας,</span> <span class='ocrx_word' id='word_1_570' title='bbox 3058 3319 3251 3388; x_wconf 69' lang='grc' dir='ltr'>ἑτέροις</span> <span class='ocrx_word' id='word_1_571' title='bbox 3290 3316 3348 3371; x_wconf 67' lang='grc' dir='ltr'>δι</span> <span class='ocrx_word' id='word_1_572' title='bbox 3375 3327 3466 3377; x_wconf 75' lang='grc' dir='ltr'>τὴν</span> <span class='ocrx_word' id='word_1_573' title='bbox 3495 3321 3665 3391; x_wconf 70' lang='grc' dir='ltr'>ψῆφον</span> <span class='ocrx_word' id='word_1_574' title='bbox 3694 3323 3943 3376; x_wconf 71' lang='grc' dir='ltr'>ἐπιθεῖναι</span> 
     </span>
    </p>
   </div>
   <div class='ocr_carea' id='block_1_75' title="bbox 2376 3400 3941 3483">
    <p class='ocr_par' dir='ltr' id='par_1_75' title="bbox 2376 3400 3941 3483">
     <span class='ocr_line' id='line_1_75' title="bbox 2376 3400 3941 3483; baseline 0.009 -34"><span class='ocrx_word' id='word_1_575' title='bbox 2376 3400 2523 3467; x_wconf 87' lang='grc' dir='ltr'>(ἀλλά</span> <span class='ocrx_word' id='word_1_576' title='bbox 2560 3412 2661 3461; x_wconf 82' lang='grc' dir='ltr'>πῶς</span> <span class='ocrx_word' id='word_1_577' title='bbox 2706 3408 2760 3452; x_wconf 79' lang='grc' dir='ltr'>τὸ</span> <span class='ocrx_word' id='word_1_578' title='bbox 2814 3404 2924 3464; x_wconf 73' lang='grc' dir='ltr'>ἑξῆς</span> <span class='ocrx_word' id='word_1_579' title='bbox 2954 3403 3281 3474; x_wconf 81' lang='grc' dir='ltr'>διηγήσομαι</span> <span class='ocrx_word' id='word_1_580' title='bbox 3327 3415 3387 3471; x_wconf 73' lang='grc' dir='ltr'>ς),</span> <span class='ocrx_word' id='word_1_581' title='bbox 3442 3405 3563 3458; x_wconf 83' lang='grc' dir='ltr'>ούδε</span> <span class='ocrx_word' id='word_1_582' title='bbox 3600 3416 3730 3479; x_wconf 88' lang='grc' dir='ltr'>πρός</span> <span class='ocrx_word' id='word_1_583' title='bbox 3758 3409 3941 3483; x_wconf 80' lang='grc' dir='ltr'>βραχύ</span> 
     </span>
    </p>
   </div>
   <div class='ocr_carea' id='block_1_76' title="bbox 2297 3486 3939 3567">
    <p class='ocr_par' dir='ltr' id='par_1_76' title="bbox 2297 3486 3939 3567">
     <span class='ocr_line' id='line_1_76' title="bbox 2297 3486 3939 3567; baseline 0.008 -30"><span class='ocrx_word' id='word_1_584' title='bbox 2297 3486 2336 3537; x_wconf 89' lang='lat' dir='ltr'>C</span> <span class='ocrx_word' id='word_1_585' title='bbox 2374 3496 2485 3548; x_wconf 89' lang='grc' dir='ltr'>ταῖς</span> <span class='ocrx_word' id='word_1_586' title='bbox 2539 3491 2755 3549; x_wconf 82' lang='grc' dir='ltr'>ἱκεσίαις</span> <span class='ocrx_word' id='word_1_587' title='bbox 2811 3492 3235 3560; x_wconf 76' lang='grc' dir='ltr'>έπικάμπτονται,</span> <span class='ocrx_word' id='word_1_588' title='bbox 3283 3493 3364 3544; x_wconf 75' lang='grc' dir='ltr'>ἐπὶ</span> <span class='ocrx_word' id='word_1_589' title='bbox 3394 3494 3581 3555; x_wconf 85' lang='grc' dir='ltr'>πολλὰς</span> <span class='ocrx_word' id='word_1_590' title='bbox 3611 3493 3667 3547; x_wconf 80' lang='grc' dir='ltr'>δε</span> <span class='ocrx_word' id='word_1_591' title='bbox 3699 3501 3787 3556; x_wconf 80' lang='grc' dir='ltr'>τὰς</span> <span class='ocrx_word' id='word_1_592' title='bbox 3818 3502 3939 3567; x_wconf 75' lang='grc' dir='ltr'>ὴμέ-</span> 
     </span>
    </p>
   </div>
   <div class='ocr_carea' id='block_1_77' title="bbox 2362 3923 3926 4001">
    <p class='ocr_par' dir='ltr' id='par_1_77' title="bbox 2362 3923 3926 4001">
     <span class='ocr_line' id='line_1_77' title="bbox 2362 3923 3926 4001; baseline 0.007 -29"><span class='ocrx_word' id='word_1_593' title='bbox 2362 3926 2525 3995; x_wconf 82' lang='grc' dir='ltr'>ίερέων</span> <span class='ocrx_word' id='word_1_594' title='bbox 2573 3944 2624 3975; x_wconf 91' lang='grc' dir='ltr'>τε</span> <span class='ocrx_word' id='word_1_595' title='bbox 2674 3931 2758 3975; x_wconf 78' lang='grc' dir='ltr'>καὶ</span> <span class='ocrx_word' id='word_1_596' title='bbox 2807 3924 3085 3996; x_wconf 78' lang='grc' dir='ltr'>ἀρχιερέων</span> <span class='ocrx_word' id='word_1_597' title='bbox 3140 3923 3468 3996; x_wconf 87' lang='grc' dir='ltr'>διεπράττετο</span> <span class='ocrx_word' id='word_1_598' title='bbox 3514 3930 3652 3989; x_wconf 90' lang='grc' dir='ltr'>τέλος</span> <span class='ocrx_word' id='word_1_599' title='bbox 3685 3948 3698 3961; x_wconf 82' lang='grc'><strong>”</strong></span> <span class='ocrx_word' id='word_1_600' title='bbox 3735 3938 3785 3982; x_wconf 89' lang='grc' dir='ltr'>τί</span> <span class='ocrx_word' id='word_1_601' title='bbox 3826 3938 3926 4001; x_wconf 77' lang='grc' dir='ltr'>γὰο</span> 
     </span>
    </p>
   </div>
   <div class='ocr_carea' id='block_1_78' title="bbox 635 4011 2248 4082">
    <p class='ocr_par' dir='ltr' id='par_1_78' title="bbox 635 4011 2248 4082">
     <span class='ocr_line' id='line_1_78' title="bbox 635 4011 2248 4082; baseline -0.006 -12"><span class='ocrx_word' id='word_1_602' title='bbox 635 4023 759 4071; x_wconf 89' lang='lat' dir='ltr'><strong>erat</strong></span> <span class='ocrx_word' id='word_1_603' title='bbox 784 4022 844 4070; x_wconf 90' lang='lat' dir='ltr'>ut</span> <span class='ocrx_word' id='word_1_604' title='bbox 874 4016 970 4069; x_wconf 89' lang='lat' dir='ltr'><strong>illa</strong></span> <span class='ocrx_word' id='word_1_605' title='bbox 1006 4016 1197 4068; x_wconf 91' lang='lat' dir='ltr'><strong>concio</strong></span> <span class='ocrx_word' id='word_1_606' title='bbox 1226 4031 1313 4068; x_wconf 88' lang='lat' dir='ltr'>me</span> <span class='ocrx_word' id='word_1_607' title='bbox 1358 4015 1412 4067; x_wconf 90' lang='lat' dir='ltr'>in</span> <span class='ocrx_word' id='word_1_608' title='bbox 1464 4015 1741 4082; x_wconf 84' lang='lat' dir='ltr'><strong>lacrymas</strong></span> <span class='ocrx_word' id='word_1_609' title='bbox 1778 4011 1973 4072; x_wconf 89' lang='lat' dir='ltr'><strong>effuso,</strong></span> <span class='ocrx_word' id='word_1_610' title='bbox 2032 4018 2248 4077; x_wconf 88' lang='lat' dir='ltr'><strong>tempus</strong></span> 
     </span>
    </p>
   </div>
   <div class='ocr_carea' id='block_1_79' title="bbox 635 4096 2246 4171">
    <p class='ocr_par' dir='ltr' id='par_1_79' title="bbox 635 4096 2246 4171">
     <span class='ocr_line' id='line_1_79' title="bbox 635 4096 2246 4171; baseline -0.006 -13"><span class='ocrx_word' id='word_1_611' title='bbox 635 4103 887 4158; x_wconf 75' lang='lat' dir='ltr'><strong>tereret?</strong></span> <span class='ocrx_word' id='word_1_612' title='bbox 920 4103 1185 4171; x_wconf 90' lang='lat' dir='ltr'><strong>Equidem</strong></span> <span class='ocrx_word' id='word_1_613' title='bbox 1241 4103 1426 4155; x_wconf 89' lang='lat' dir='ltr'><strong>nescio</strong></span> <span class='ocrx_word' id='word_1_614' title='bbox 1472 4118 1603 4153; x_wconf 90' lang='lat' dir='ltr'>num</span> <span class='ocrx_word' id='word_1_615' title='bbox 1649 4100 1743 4152; x_wconf 80' lang='lat' dir='ltr'><strong>Dei</strong></span> <span class='ocrx_word' id='word_1_616' title='bbox 1780 4096 2131 4167; x_wconf 86' lang='lat' dir='ltr'><strong>providentia</strong></span> <span class='ocrx_word' id='word_1_617' title='bbox 2175 4112 2246 4148; x_wconf 92' lang='lat' dir='ltr'>an</span> 
     </span>
    </p>
   </div>
   <div class='ocr_carea' id='block_1_80' title="bbox 631 4182 2247 4260">
    <p class='ocr_par' dir='ltr' id='par_1_80' title="bbox 631 4182 2247 4260">
     <span class='ocr_line' id='line_1_80' title="bbox 631 4182 2247 4260; baseline -0.007 -15"><span class='ocrx_word' id='word_1_618' title='bbox 631 4193 700 4245; x_wconf 95' lang='lat' dir='ltr'>ob</span> <span class='ocrx_word' id='word_1_619' title='bbox 732 4196 957 4260; x_wconf 90' lang='lat' dir='ltr'><strong>peccata</strong></span> <span class='ocrx_word' id='word_1_620' title='bbox 1013 4207 1136 4243; x_wconf 91' lang='lat' dir='ltr'>mea</span> <span class='ocrx_word' id='word_1_621' title='bbox 1184 4189 1692 4256; x_wconf 87' lang='lat' dir='ltr'><strong>archiepiscopatus</strong></span> <span class='ocrx_word' id='word_1_622' title='bbox 1729 4187 1931 4255; x_wconf 84' lang='lat' dir='ltr'><strong>jugum</strong></span> <span class='ocrx_word' id='word_1_623' title='bbox 1977 4182 2114 4235; x_wconf 89' lang='lat' dir='ltr'><strong>mihi</strong></span> <span class='ocrx_word' id='word_1_624' title='bbox 2146 4182 2247 4235; x_wconf 88' lang='lat' dir='ltr'>im-</span> 
     </span>
    </p>
   </div>
   <div class='ocr_carea' id='block_1_81' title="bbox 629 4272 2244 4347">
    <p class='ocr_par' dir='ltr' id='par_1_81' title="bbox 629 4272 2244 4347">
     <span class='ocr_line' id='line_1_81' title="bbox 629 4272 2244 4347; baseline -0.006 -18"><span class='ocrx_word' id='word_1_625' title='bbox 629 4279 916 4347; x_wconf 89' lang='lat' dir='ltr'><strong>posuerint</strong></span> <span class='ocrx_word' id='word_1_626' title='bbox 978 4278 1090 4338; x_wconf 86' lang='lat' dir='ltr'><strong>uni,</strong></span> <span class='ocrx_word' id='word_1_627' title='bbox 1146 4277 1235 4346; x_wconf 94' lang='lat' dir='ltr'>qui</span> <span class='ocrx_word' id='word_1_628' title='bbox 1319 4276 1537 4328; x_wconf 91' lang='lat' dir='ltr'><strong>nonnisi</strong></span> <span class='ocrx_word' id='word_1_629' title='bbox 1593 4272 1954 4326; x_wconf 86' lang='lat' dir='ltr'><strong>desolationis</strong></span> <span class='ocrx_word' id='word_1_630' title='bbox 2011 4286 2244 4337; x_wconf 91' lang='lat' dir='ltr'><strong>parvum</strong></span> 
     </span>
    </p>
   </div>
   <div class='ocr_carea' id='block_1_82' title="bbox 625 4357 2244 4432">
    <p class='ocr_par' dir='ltr' id='par_1_82' title="bbox 625 4357 2244 4432">
     <span class='ocr_line' id='line_1_82' title="bbox 625 4357 2244 4432; baseline -0.004 -15"><span class='ocrx_word' id='word_1_631' title='bbox 625 4366 852 4432; x_wconf 89' lang='lat' dir='ltr'><strong>aliquod</strong></span> <span class='ocrx_word' id='word_1_632' title='bbox 883 4364 1133 4417; x_wconf 88' lang='lat' dir='ltr'><strong>solamen</strong></span> <span class='ocrx_word' id='word_1_633' title='bbox 1158 4365 1499 4431; x_wconf 69' lang='lat' dir='ltr'><strong>quaerebam.</strong></span> <span class='ocrx_word' id='word_1_634' title='bbox 1558 4362 1631 4414; x_wconf 86' lang='lat' dir='ltr'><strong>Ac</strong></span> <span class='ocrx_word' id='word_1_635' title='bbox 1658 4361 1837 4429; x_wconf 90' lang='lat' dir='ltr'><strong>primo</strong></span> <span class='ocrx_word' id='word_1_636' title='bbox 1865 4358 1943 4410; x_wconf 93' lang='lat' dir='ltr'><strong>illi</strong></span> <span class='ocrx_word' id='word_1_637' title='bbox 1996 4357 2139 4409; x_wconf 86' lang='lat' dir='ltr'><strong>inter</strong></span> <span class='ocrx_word' id='word_1_638' title='bbox 2186 4373 2244 4411; x_wconf 90' lang='lat' dir='ltr'>se</span> 
     </span>
    </p>
   </div>
   <div class='ocr_carea' id='block_1_83' title="bbox 629 4445 2243 4517">
    <p class='ocr_par' dir='ltr' id='par_1_83' title="bbox 629 4445 2243 4517">
     <span class='ocr_line' id='line_1_83' title="bbox 629 4445 2243 4517; baseline -0.004 -13"><span class='ocrx_word' id='word_1_639' title='bbox 629 4452 983 4515; x_wconf 67' lang='lat' dir='ltr'><strong>differebant,</strong></span> <span class='ocrx_word' id='word_1_640' title='bbox 1016 4454 1084 4504; x_wconf 87' lang='lat' dir='ltr'>ad</span> <span class='ocrx_word' id='word_1_641' title='bbox 1125 4451 1368 4503; x_wconf 87' lang='lat' dir='ltr'><strong>schisma</strong></span> <span class='ocrx_word' id='word_1_642' title='bbox 1423 4450 1680 4517; x_wconf 85' lang='lat' dir='ltr'><strong>prOpensi</strong></span> <span class='ocrx_word' id='word_1_643' title='bbox 1740 4464 1752 4510; x_wconf 88' lang='lat'>;</span> <span class='ocrx_word' id='word_1_644' title='bbox 1794 4448 1890 4498; x_wconf 90' lang='lat' dir='ltr'>sed</span> <span class='ocrx_word' id='word_1_645' title='bbox 1948 4445 2243 4498; x_wconf 86' lang='lat' dir='ltr'><strong>concordia</strong></span> 
     </span>
    </p>
   </div>
   <div class='ocr_carea' id='block_1_84' title="bbox 626 4532 2243 4606">
    <p class='ocr_par' dir='ltr' id='par_1_84' title="bbox 626 4532 2243 4606">
     <span class='ocr_line' id='line_1_84' title="bbox 626 4532 2243 4606; baseline -0.004 -16"><span class='ocrx_word' id='word_1_646' title='bbox 626 4540 887 4606; x_wconf 67' lang='lat' dir='ltr'><strong>quaedam</strong></span> <span class='ocrx_word' id='word_1_647' title='bbox 939 4540 1135 4591; x_wconf 89' lang='lat' dir='ltr'><strong>innata</strong></span> <span class='ocrx_word' id='word_1_648' title='bbox 1176 4538 1230 4589; x_wconf 91' lang='lat' dir='ltr'>id</span> <span class='ocrx_word' id='word_1_649' title='bbox 1283 4537 1408 4589; x_wconf 87' lang='lat' dir='ltr'><strong>fecit</strong></span> <span class='ocrx_word' id='word_1_650' title='bbox 1440 4542 1497 4588; x_wconf 89' lang='lat' dir='ltr'>ut</span> <span class='ocrx_word' id='word_1_651' title='bbox 1544 4552 1663 4603; x_wconf 71' lang='lat' dir='ltr'><strong>quae</strong></span> <span class='ocrx_word' id='word_1_652' title='bbox 1692 4532 2243 4601; x_wconf 84' lang='lat' dir='ltr'><strong>separatajacebant</strong></span> 
     </span>
    </p>
   </div>
   <div class='ocr_carea' id='block_1_85' title="bbox 618 4623 2241 4694">
    <p class='ocr_par' dir='ltr' id='par_1_85' title="bbox 618 4623 2241 4694">
     <span class='ocr_line' id='line_1_85' title="bbox 618 4623 2241 4694; baseline -0.004 -17"><span class='ocrx_word' id='word_1_653' title='bbox 618 4627 802 4678; x_wconf 89' lang='lat' dir='ltr'><strong>denuo</strong></span> <span class='ocrx_word' id='word_1_654' title='bbox 844 4626 1232 4694; x_wconf 85' lang='lat' dir='ltr'><strong>jungerentur,</strong></span> <span class='ocrx_word' id='word_1_655' title='bbox 1276 4625 1421 4676; x_wconf 88' lang='lat' dir='ltr'><strong>unde</strong></span> <span class='ocrx_word' id='word_1_656' title='bbox 1484 4623 1662 4675; x_wconf 80' lang='lat' dir='ltr'><strong>foedus</strong></span> <span class='ocrx_word' id='word_1_657' title='bbox 1713 4636 1916 4672; x_wconf 88' lang='lat' dir='ltr'><strong>novum</strong></span> <span class='ocrx_word' id='word_1_658' title='bbox 1976 4633 2241 4686; x_wconf 86' lang='lat' dir='ltr'><strong>pangere-</strong></span> 
     </span>
    </p>
   </div>
   <div class='ocr_carea' id='block_1_86' title="bbox 617 4706 2241 4780">
    <p class='ocr_par' dir='ltr' id='par_1_86' title="bbox 617 4706 2241 4780">
     <span class='ocr_line' id='line_1_86' title="bbox 617 4706 2241 4780; baseline -0.004 -16"><span class='ocrx_word' id='word_1_659' title='bbox 617 4718 725 4765; x_wconf 88' lang='lat' dir='ltr'><strong>tur.</strong></span> <span class='ocrx_word' id='word_1_660' title='bbox 770 4714 833 4765; x_wconf 81' lang='lat' dir='ltr'><strong>Et</strong></span> <span class='ocrx_word' id='word_1_661' title='bbox 857 4712 1123 4780; x_wconf 88' lang='lat' dir='ltr'><strong>quoniam</strong></span> <span class='ocrx_word' id='word_1_662' title='bbox 1183 4727 1329 4763; x_wconf 91' lang='lat' dir='ltr'><strong>nunc</strong></span> <span class='ocrx_word' id='word_1_663' title='bbox 1368 4710 1612 4761; x_wconf 80' lang='lat' dir='ltr'><strong>maxime</strong></span> <span class='ocrx_word' id='word_1_664' title='bbox 1671 4709 1740 4759; x_wconf 90' lang='lat' dir='ltr'>ad</span> <span class='ocrx_word' id='word_1_665' title='bbox 1772 4706 2099 4776; x_wconf 89' lang='lat' dir='ltr'><strong>dignitatem</strong></span> <span class='ocrx_word' id='word_1_666' title='bbox 2150 4722 2241 4758; x_wconf 89' lang='lat' dir='ltr'><strong>ar-</strong></span> 
     </span>
    </p>
   </div>
   <div class='ocr_carea' id='block_1_87' title="bbox 611 4792 2239 4867">
    <p class='ocr_par' dir='ltr' id='par_1_87' title="bbox 611 4792 2239 4867">
     <span class='ocr_line' id='line_1_87' title="bbox 611 4792 2239 4867; baseline -0.004 -16"><span class='ocrx_word' id='word_1_667' title='bbox 611 4799 1077 4867; x_wconf 83' lang='lat' dir='ltr'><strong>cbiepiscopalem</strong></span> <span class='ocrx_word' id='word_1_668' title='bbox 1130 4798 1299 4850; x_wconf 87' lang='lat' dir='ltr'><strong>evecti</strong></span> <span class='ocrx_word' id='word_1_669' title='bbox 1353 4813 1564 4857; x_wconf 92' lang='lat' dir='ltr'><strong>sumus,</strong></span> <span class='ocrx_word' id='word_1_670' title='bbox 1621 4810 1818 4847; x_wconf 82' lang='lat' dir='ltr'><strong>manus</strong></span> <span class='ocrx_word' id='word_1_671' title='bbox 1855 4792 2130 4861; x_wconf 91' lang='lat' dir='ltr'><strong>supplices</strong></span> <span class='ocrx_word' id='word_1_672' title='bbox 2167 4793 2239 4845; x_wconf 90' lang='lat' dir='ltr'>ad</span> 
     </span>
    </p>
   </div>
   <div class='ocr_carea' id='block_1_88' title="bbox 614 4880 2237 4953">
    <p class='ocr_par' dir='ltr' id='par_1_88' title="bbox 614 4880 2237 4953">
     <span class='ocr_line' id='line_1_88' title="bbox 614 4880 2237 4953; baseline -0.005 -14"><span class='ocrx_word' id='word_1_673' title='bbox 614 4886 790 4939; x_wconf 89' lang='lat' dir='ltr'><strong>Deum</strong></span> <span class='ocrx_word' id='word_1_674' title='bbox 824 4886 1262 4953; x_wconf 89' lang='lat' dir='ltr'><strong>omnipotentem</strong></span> <span class='ocrx_word' id='word_1_675' title='bbox 1295 4884 1545 4936; x_wconf 92' lang='lat' dir='ltr'><strong>tollimus</strong></span> <span class='ocrx_word' id='word_1_676' title='bbox 1598 4888 1655 4935; x_wconf 92' lang='lat' dir='ltr'>ut</span> <span class='ocrx_word' id='word_1_677' title='bbox 1678 4881 1835 4933; x_wconf 90' lang='lat' dir='ltr'><strong>nobis</strong></span> <span class='ocrx_word' id='word_1_678' title='bbox 1862 4880 1916 4931; x_wconf 89' lang='lat' dir='ltr'><strong>in</strong></span> <span class='ocrx_word' id='word_1_679' title='bbox 1940 4880 2102 4933; x_wconf 89' lang='lat' dir='ltr'><strong>rebus</strong></span> <span class='ocrx_word' id='word_1_680' title='bbox 2136 4895 2237 4932; x_wconf 84' lang='lat' dir='ltr'><strong>no-</strong></span> 
     </span>
    </p>
   </div>
   <div class='ocr_carea' id='block_1_89' title="bbox 606 4967 2237 5037">
    <p class='ocr_par' dir='ltr' id='par_1_89' title="bbox 606 4967 2237 5037">
     <span class='ocr_line' id='line_1_89' title="bbox 606 4967 2237 5037; baseline -0.005 -12"><span class='ocrx_word' id='word_1_681' title='bbox 606 4974 735 5025; x_wconf 81' lang='lat' dir='ltr'><strong>stris</strong></span> <span class='ocrx_word' id='word_1_682' title='bbox 764 4988 1081 5025; x_wconf 91' lang='lat' dir='ltr'><strong>succurrere</strong></span> <span class='ocrx_word' id='word_1_683' title='bbox 1112 4972 1160 5025; x_wconf 94' lang='lat' dir='ltr'><strong>ei</strong></span> <span class='ocrx_word' id='word_1_684' title='bbox 1192 4971 1377 5031; x_wconf 83' lang='lat' dir='ltr'><strong>libeat,</strong></span> <span class='ocrx_word' id='word_1_685' title='bbox 1415 4984 1751 5037; x_wconf 87' lang='lat' dir='ltr'><strong>gregemque</strong></span> <span class='ocrx_word' id='word_1_686' title='bbox 1782 4967 1941 5019; x_wconf 90' lang='lat' dir='ltr'><strong>nobis</strong></span> <span class='ocrx_word' id='word_1_687' title='bbox 1966 4967 2237 5018; x_wconf 88' lang='lat' dir='ltr'><strong>commis-</strong></span> 
     </span>
    </p>
   </div>
   <div class='ocr_carea' id='block_1_90' title="bbox 604 5052 2231 5122">
    <p class='ocr_par' dir='ltr' id='par_1_90' title="bbox 604 5052 2231 5122">
     <span class='ocr_line' id='line_1_90' title="bbox 604 5052 2231 5122; baseline -0.006 -10"><span class='ocrx_word' id='word_1_688' title='bbox 604 5074 729 5112; x_wconf 86' lang='lat' dir='ltr'>sum</span> <span class='ocrx_word' id='word_1_689' title='bbox 763 5065 821 5110; x_wconf 91' lang='lat' dir='ltr'>ut</span> <span class='ocrx_word' id='word_1_690' title='bbox 851 5059 951 5111; x_wconf 92' lang='lat' dir='ltr'><strong>rite</strong></span> <span class='ocrx_word' id='word_1_691' title='bbox 977 5060 1285 5110; x_wconf 88' lang='lat' dir='ltr'><strong>conducere</strong></span> <span class='ocrx_word' id='word_1_692' title='bbox 1306 5062 1361 5109; x_wconf 90' lang='lat' dir='ltr'>et</span> <span class='ocrx_word' id='word_1_693' title='bbox 1389 5070 1651 5122; x_wconf 91' lang='lat' dir='ltr'><strong>suprema</strong></span> <span class='ocrx_word' id='word_1_694' title='bbox 1684 5053 1944 5105; x_wconf 80' lang='lat' dir='ltr'><strong>felicitate</strong></span> <span class='ocrx_word' id='word_1_695' title='bbox 1974 5052 2080 5105; x_wconf 87' lang='lat' dir='ltr'><strong>frui</strong></span> <span class='ocrx_word' id='word_1_696' title='bbox 2114 5068 2231 5119; x_wconf 90' lang='lat' dir='ltr'><strong>per-</strong></span> 
     </span>
    </p>
   </div>
   <div class='ocr_carea' id='block_1_91' title="bbox 606 5138 2231 5198">
    <p class='ocr_par' dir='ltr' id='par_1_91' title="bbox 606 5138 2231 5198">
     <span class='ocr_line' id='line_1_91' title="bbox 606 5138 2231 5198; baseline -0.004 -1"><span class='ocrx_word' id='word_1_697' title='bbox 606 5146 891 5198; x_wconf 88' lang='lat' dir='ltr'><strong>mittat.Ut</strong></span> <span class='ocrx_word' id='word_1_698' title='bbox 918 5161 1043 5196; x_wconf 90' lang='lat' dir='ltr'><strong>vero</strong></span> <span class='ocrx_word' id='word_1_699' title='bbox 1061 5145 1381 5197; x_wconf 85' lang='lat' dir='ltr'><strong>communio</strong></span> <span class='ocrx_word' id='word_1_700' title='bbox 1398 5140 1999 5195; x_wconf 87' lang='lat' dir='ltr'><strong>fideicommunionem</strong></span> <span class='ocrx_word' id='word_1_701' title='bbox 2025 5139 2079 5190; x_wconf 89' lang='lat' dir='ltr'>in</span> <span class='ocrx_word' id='word_1_702' title='bbox 2102 5138 2231 5191; x_wconf 88' lang='lat' dir='ltr'><strong>cha-</strong></span> 
     </span>
    </p>
   </div>
   <div class='ocr_carea' id='block_1_92' title="bbox 600 5230 2229 5299">
    <p class='ocr_par' dir='ltr' id='par_1_92' title="bbox 600 5230 2229 5299">
     <span class='ocr_line' id='line_1_92' title="bbox 600 5230 2229 5299; baseline -0.006 -14"><span class='ocrx_word' id='word_1_703' title='bbox 600 5232 766 5286; x_wconf 90' lang='lat' dir='ltr'><strong>ritate</strong></span> <span class='ocrx_word' id='word_1_704' title='bbox 792 5248 988 5299; x_wconf 86' lang='lat' dir='ltr'><strong>puram</strong></span> <span class='ocrx_word' id='word_1_705' title='bbox 1021 5239 1073 5284; x_wconf 92' lang='lat' dir='ltr'>et</span> <span class='ocrx_word' id='word_1_706' title='bbox 1104 5231 1378 5283; x_wconf 84' lang='lat' dir='ltr'><strong>sinceram</strong></span> <span class='ocrx_word' id='word_1_707' title='bbox 1428 5232 1732 5287; x_wconf 83' lang='lat' dir='ltr'><strong>conservet,</strong></span> <span class='ocrx_word' id='word_1_708' title='bbox 1767 5242 1892 5294; x_wconf 73' lang='lat' dir='ltr'><strong>quae</strong></span> <span class='ocrx_word' id='word_1_709' title='bbox 1920 5230 2229 5293; x_wconf 90' lang='lat' dir='ltr'><strong>sequuntur</strong></span> 
     </span>
    </p>
   </div>
   <div class='ocr_carea' id='block_1_93' title="bbox 595 5312 2220 5384">
    <p class='ocr_par' dir='ltr' id='par_1_93' title="bbox 595 5312 2220 5384">
     <span class='ocr_line' id='line_1_93' title="bbox 595 5312 2220 5384; baseline -0.006 -12"><span class='ocrx_word' id='word_1_710' title='bbox 595 5319 881 5373; x_wconf 88' lang='lat' dir='ltr'><strong>sanctitati</strong></span> <span class='ocrx_word' id='word_1_711' title='bbox 938 5324 1044 5370; x_wconf 79' lang='lat' dir='ltr'><strong>tuae</strong></span> <span class='ocrx_word' id='word_1_712' title='bbox 1094 5318 1356 5369; x_wconf 81' lang='lat' dir='ltr'><strong>divinitus</strong></span> <span class='ocrx_word' id='word_1_713' title='bbox 1389 5316 1673 5383; x_wconf 68' lang='lat' dir='ltr'><strong>inspirataa</strong></span> <span class='ocrx_word' id='word_1_714' title='bbox 1698 5312 2181 5384; x_wconf 83' lang='lat' dir='ltr'><strong>communicamus</strong></span> <span class='ocrx_word' id='word_1_715' title='bbox 2209 5331 2220 5369; x_wconf 91' lang='lat'>:</span> 
     </span>
    </p>
   </div>
   <div class='ocr_carea' id='block_1_94' title="bbox 2356 4014 3919 4085">
    <p class='ocr_par' dir='ltr' id='par_1_94' title="bbox 2356 4014 3919 4085">
     <span class='ocr_line' id='line_1_94' title="bbox 2356 4014 3919 4085; baseline 0.006 -25"><span class='ocrx_word' id='word_1_716' title='bbox 2356 4016 2461 4079; x_wconf 79' lang='grc' dir='ltr'>χρη</span> <span class='ocrx_word' id='word_1_717' title='bbox 2526 4019 2624 4069; x_wconf 81' lang='grc' dir='ltr'>τοῖς</span> <span class='ocrx_word' id='word_1_718' title='bbox 2676 4030 2788 4062; x_wconf 88' lang='grc' dir='ltr'>τοτε</span> <span class='ocrx_word' id='word_1_719' title='bbox 2848 4015 3199 4081; x_wconf 82' lang='grc' dir='ltr'>συνενεχθεῖσι</span> <span class='ocrx_word' id='word_1_720' title='bbox 3251 4014 3603 4085; x_wconf 77' lang='grc' dir='ltr'>χρονοτριϐεῖν</span> <span class='ocrx_word' id='word_1_721' title='bbox 3658 4027 3766 4078; x_wconf 87' lang='grc' dir='ltr'>τοῖς</span> <span class='ocrx_word' id='word_1_722' title='bbox 3821 4030 3919 4069; x_wconf 79' lang='grc' dir='ltr'>τῶν</span> 
     </span>
    </p>
   </div>
   <div class='ocr_carea' id='block_1_95' title="bbox 2358 4094 3925 4170">
    <p class='ocr_par' dir='ltr' id='par_1_95' title="bbox 2358 4094 3925 4170">
     <span class='ocr_line' id='line_1_95' title="bbox 2358 4094 3925 4170; baseline 0.007 -24"><span class='ocrx_word' id='word_1_723' title='bbox 2358 4094 2591 4167; x_wconf 83' lang='grc' dir='ltr'>δακρύων</span> <span class='ocrx_word' id='word_1_724' title='bbox 2644 4097 3068 4170; x_wconf 77' lang='grc' dir='ltr'>περιρραινομίνῳ</span> <span class='ocrx_word' id='word_1_725' title='bbox 3153 4100 3393 4169; x_wconf 87' lang='grc' dir='ltr'>ὀχετοῖς;</span> <span class='ocrx_word' id='word_1_726' title='bbox 3448 4102 3556 4153; x_wconf 85' lang='grc' dir='ltr'>Ούκ</span> <span class='ocrx_word' id='word_1_727' title='bbox 3627 4101 3750 4168; x_wconf 82' lang='grc' dir='ltr'>οἶδ’,</span> <span class='ocrx_word' id='word_1_728' title='bbox 3830 4106 3925 4158; x_wconf 74' lang='grc' dir='ltr'>εἴτε</span> 
     </span>
    </p>
   </div>
   <div class='ocr_carea' id='block_1_96' title="bbox 2355 4185 3923 4263">
    <p class='ocr_par' dir='ltr' id='par_1_96' title="bbox 2355 4185 3923 4263">
     <span class='ocr_line' id='line_1_96' title="bbox 2355 4185 3923 4263; baseline 0.006 -30"><span class='ocrx_word' id='word_1_729' title='bbox 2355 4191 2565 4252; x_wconf 69' lang='grc' dir='ltr'>προνοίᾳ</span> <span class='ocrx_word' id='word_1_730' title='bbox 2612 4190 2756 4248; x_wconf 78' lang='grc' dir='ltr'>Θεού,</span> <span class='ocrx_word' id='word_1_731' title='bbox 2814 4186 2903 4235; x_wconf 83' lang='grc' dir='ltr'>εἶτ’</span> <span class='ocrx_word' id='word_1_732' title='bbox 2957 4185 3026 4235; x_wconf 73' lang='grc' dir='ltr'>ἐπ’</span> <span class='ocrx_word' id='word_1_733' title='bbox 3065 4186 3260 4257; x_wconf 71' lang='grc' dir='ltr'>ἐλέγχῳ</span> <span class='ocrx_word' id='word_1_734' title='bbox 3310 4198 3405 4238; x_wconf 81' lang='grc' dir='ltr'>τῶν</span> <span class='ocrx_word' id='word_1_735' title='bbox 3450 4191 3703 4262; x_wconf 70' lang='grc' dir='ltr'>ἡμετέρων</span> <span class='ocrx_word' id='word_1_736' title='bbox 3761 4192 3923 4263; x_wconf 81' lang='grc' dir='ltr'>ἀμαρο</span> 
     </span>
    </p>
   </div>
   <div class='ocr_carea' id='block_1_97' title="bbox 2354 4273 3922 4348">
    <p class='ocr_par' dir='ltr' id='par_1_97' title="bbox 2354 4273 3922 4348">
     <span class='ocr_line' id='line_1_97' title="bbox 2354 4273 3922 4348; baseline 0.006 -28"><span class='ocrx_word' id='word_1_737' title='bbox 2354 4276 2591 4340; x_wconf 83' lang='grc' dir='ltr'>τημάτων</span> <span class='ocrx_word' id='word_1_738' title='bbox 2647 4277 2731 4321; x_wconf 84' lang='grc' dir='ltr'>τόν</span> <span class='ocrx_word' id='word_1_739' title='bbox 2762 4282 2849 4331; x_wconf 82' lang='grc' dir='ltr'>τῆς</span> <span class='ocrx_word' id='word_1_740' title='bbox 2902 4273 3292 4344; x_wconf 72' lang='grc' dir='ltr'>ἀρχιερωσύνης</span> <span class='ocrx_word' id='word_1_741' title='bbox 3347 4276 3503 4342; x_wconf 72' lang='grc' dir='ltr'>ζυγόν</span> <span class='ocrx_word' id='word_1_742' title='bbox 3565 4278 3922 4348; x_wconf 73' lang='grc' dir='ltr'>ἐπιφορτίζουο</span> 
     </span>
    </p>
   </div>
   <div class='ocr_carea' id='block_1_98' title="bbox 2355 4358 3919 4434">
    <p class='ocr_par' dir='ltr' id='par_1_98' title="bbox 2355 4358 3919 4434">
     <span class='ocr_line' id='line_1_98' title="bbox 2355 4358 3919 4434; baseline 0.005 -27"><span class='ocrx_word' id='word_1_743' title='bbox 2355 4376 2433 4407; x_wconf 89' lang='grc' dir='ltr'>σιν</span> <span class='ocrx_word' id='word_1_744' title='bbox 2474 4358 2541 4408; x_wconf 78' lang='grc' dir='ltr'>ἑνὶ</span> <span class='ocrx_word' id='word_1_745' title='bbox 2590 4365 2725 4427; x_wconf 86' lang='grc' dir='ltr'>μόνῳ</span> <span class='ocrx_word' id='word_1_746' title='bbox 2755 4362 2941 4429; x_wconf 74' lang='grc' dir='ltr'>μικρὰν</span> <span class='ocrx_word' id='word_1_747' title='bbox 2994 4367 3087 4419; x_wconf 81' lang='grc' dir='ltr'>τῆς</span> <span class='ocrx_word' id='word_1_748' title='bbox 3132 4358 3351 4431; x_wconf 82' lang='grc' dir='ltr'>ἀθυμίας</span> <span class='ocrx_word' id='word_1_749' title='bbox 3400 4363 3725 4433; x_wconf 68' lang='grc' dir='ltr'>παραψυχὴν</span> <span class='ocrx_word' id='word_1_750' title='bbox 3782 4366 3919 4434; x_wconf 76' lang='grc' dir='ltr'>ἐφευ-</span> 
     </span>
    </p>
   </div>
   <div class='ocr_carea' id='block_1_99' title="bbox 2349 4442 3914 4521">
    <p class='ocr_par' dir='ltr' id='par_1_99' title="bbox 2349 4442 3914 4521">
     <span class='ocr_line' id='line_1_99' title="bbox 2349 4442 3914 4521; baseline 0.006 -28"><span class='ocrx_word' id='word_1_751' title='bbox 2349 4451 2598 4513; x_wconf 84' lang='grc' dir='ltr'>ρίσκοντι.</span> <span class='ocrx_word' id='word_1_752' title='bbox 2634 4445 2696 4495; x_wconf 76' lang='grc' dir='ltr'><strong>Ὀ</strong></span> <span class='ocrx_word' id='word_1_753' title='bbox 2721 4465 2767 4495; x_wconf 89' lang='grc' dir='ltr'>τι</span> <span class='ocrx_word' id='word_1_754' title='bbox 2820 4442 3013 4514; x_wconf 85' lang='grc' dir='ltr'>σχεδὸν</span> <span class='ocrx_word' id='word_1_755' title='bbox 3061 4447 3215 4496; x_wconf 85' lang='grc' dir='ltr'>εἰπεῖν</span> <span class='ocrx_word' id='word_1_756' title='bbox 3247 4452 3371 4519; x_wconf 88' lang='grc' dir='ltr'>πρὸς</span> <span class='ocrx_word' id='word_1_757' title='bbox 3402 4446 3645 4508; x_wconf 73' lang='grc' dir='ltr'>ἀλλήλους</span> <span class='ocrx_word' id='word_1_758' title='bbox 3675 4448 3914 4521; x_wconf 83' lang='grc' dir='ltr'>διαφερο-</span> 
     </span>
    </p>
   </div>
   <div class='ocr_carea' id='block_1_100' title="bbox 2348 4532 3914 4604">
    <p class='ocr_par' dir='ltr' id='par_1_100' title="bbox 2348 4532 3914 4604">
     <span class='ocr_line' id='line_1_100' title="bbox 2348 4532 3914 4604; baseline 0.005 -23"><span class='ocrx_word' id='word_1_759' title='bbox 2348 4538 2504 4600; x_wconf 75' lang='grc' dir='ltr'>μένων</span> <span class='ocrx_word' id='word_1_760' title='bbox 2562 4532 2813 4595; x_wconf 87' lang='grc' dir='ltr'>ἀπάντων,</span> <span class='ocrx_word' id='word_1_761' title='bbox 2909 4538 2995 4582; x_wconf 79' lang='grc' dir='ltr'>καὶ</span> <span class='ocrx_word' id='word_1_762' title='bbox 3075 4533 3299 4589; x_wconf 81' lang='grc' dir='ltr'>ἀλλήλων</span> <span class='ocrx_word' id='word_1_763' title='bbox 3390 4533 3763 4604; x_wconf 83' lang='grc' dir='ltr'>ἀποτέμνεσθαι</span> <span class='ocrx_word' id='word_1_764' title='bbox 3829 4546 3914 4590; x_wconf 77' lang='grc' dir='ltr'>καὶ</span> 
     </span>
    </p>
   </div>
   <div class='ocr_carea' id='block_1_101' title="bbox 2348 4618 3912 4691">
    <p class='ocr_par' dir='ltr' id='par_1_101' title="bbox 2348 4618 3912 4691">
     <span class='ocr_line' id='line_1_101' title="bbox 2348 4618 3912 4691; baseline 0.007 -26"><span class='ocrx_word' id='word_1_765' title='bbox 2348 4618 2768 4689; x_wconf 71' lang='grc' dir='ltr'>ἀπορρήγνυσθαι</span> <span class='ocrx_word' id='word_1_766' title='bbox 2825 4619 3254 4689; x_wconf 76' lang='grc' dir='ltr'>φιλονεικούντων,</span> <span class='ocrx_word' id='word_1_767' title='bbox 3309 4621 3633 4691; x_wconf 73' lang='grc' dir='ltr'>ὁμοφροσύνη</span> <span class='ocrx_word' id='word_1_768' title='bbox 3694 4643 3771 4683; x_wconf 83' lang='grc' dir='ltr'>τις</span> <span class='ocrx_word' id='word_1_769' title='bbox 3827 4633 3912 4677; x_wconf 75' lang='grc' dir='ltr'>καὶ</span> 
     </span>
    </p>
   </div>
   <div class='ocr_carea' id='block_1_102' title="bbox 2346 4706 3885 4778">
    <p class='ocr_par' dir='ltr' id='par_1_102' title="bbox 2346 4706 3885 4778">
     <span class='ocr_line' id='line_1_102' title="bbox 2346 4706 3885 4778; baseline 0.005 -24"><span class='ocrx_word' id='word_1_770' title='bbox 2346 4706 2742 4773; x_wconf 84' lang='grc' dir='ltr'>ὁμογνωμοσύνη</span> <span class='ocrx_word' id='word_1_771' title='bbox 2776 4714 2887 4764; x_wconf 86' lang='grc' dir='ltr'>ταῖς</span> <span class='ocrx_word' id='word_1_772' title='bbox 2935 4707 3097 4757; x_wconf 82' lang='grc' dir='ltr'>αὑτῶν</span> <span class='ocrx_word' id='word_1_773' title='bbox 3141 4709 3391 4777; x_wconf 79' lang='grc' dir='ltr'>έμφυεῖσα</span> <span class='ocrx_word' id='word_1_774' title='bbox 3444 4709 3666 4778; x_wconf 73' lang='grc' dir='ltr'>ψυχαῖς,</span> <span class='ocrx_word' id='word_1_775' title='bbox 3718 4716 3779 4761; x_wconf 70' lang='grc' dir='ltr'>τὰ</span> <span class='ocrx_word' id='word_1_776' title='bbox 3831 4710 3885 4763; x_wconf 84' lang='grc' dir='ltr'>δι</span> 
     </span>
    </p>
   </div>
   <div class='ocr_carea' id='block_1_103' title="bbox 2346 4792 3907 4868">
    <p class='ocr_par' dir='ltr' id='par_1_103' title="bbox 2346 4792 3907 4868">
     <span class='ocr_line' id='line_1_103' title="bbox 2346 4792 3907 4868; baseline 0.005 -27"><span class='ocrx_word' id='word_1_777' title='bbox 2346 4797 2717 4862; x_wconf 77' lang='grc' dir='ltr'>εσκορπισμένα</span> <span class='ocrx_word' id='word_1_778' title='bbox 2780 4801 2985 4861; x_wconf 86' lang='grc' dir='ltr'>συνῆγε,</span> <span class='ocrx_word' id='word_1_779' title='bbox 3048 4799 3134 4844; x_wconf 78' lang='grc' dir='ltr'>καὶ</span> <span class='ocrx_word' id='word_1_780' title='bbox 3186 4798 3250 4845; x_wconf 83' lang='grc' dir='ltr'>τά</span> <span class='ocrx_word' id='word_1_781' title='bbox 3312 4792 3626 4867; x_wconf 77' lang='grc' dir='ltr'>διερρωγότα</span> <span class='ocrx_word' id='word_1_782' title='bbox 3687 4806 3907 4868; x_wconf 82' lang='grc' dir='ltr'>συσφίγ-</span> 
     </span>
    </p>
   </div>
   <div class='ocr_carea' id='block_1_104' title="bbox 2342 4881 3907 4952">
    <p class='ocr_par' dir='ltr' id='par_1_104' title="bbox 2342 4881 3907 4952">
     <span class='ocr_line' id='line_1_104' title="bbox 2342 4881 3907 4952; baseline 0.005 -25"><span class='ocrx_word' id='word_1_783' title='bbox 2342 4898 2508 4946; x_wconf 82' lang='grc' dir='ltr'>γονσα</span> <span class='ocrx_word' id='word_1_784' title='bbox 2563 4884 2652 4934; x_wconf 83' lang='grc' dir='ltr'>τὴν</span> <span class='ocrx_word' id='word_1_785' title='bbox 2708 4889 2953 4951; x_wconf 66' lang='grc' dir='ltr'>προτέραν</span> <span class='ocrx_word' id='word_1_786' title='bbox 3016 4882 3252 4949; x_wconf 85' lang='grc' dir='ltr'>ὁμόνοιαν</span> <span class='ocrx_word' id='word_1_787' title='bbox 3305 4881 3617 4952; x_wconf 71' lang='grc' dir='ltr'>ἐχαρίζετο·</span> <span class='ocrx_word' id='word_1_788' title='bbox 3678 4892 3765 4935; x_wconf 80' lang='grc' dir='ltr'>καί</span> <span class='ocrx_word' id='word_1_789' title='bbox 3823 4895 3907 4936; x_wconf 79' lang='grc' dir='ltr'>νύν</span> 
     </span>
    </p>
   </div>
   <div class='ocr_carea' id='block_1_105' title="bbox 2343 4966 3901 5039">
    <p class='ocr_par' dir='ltr' id='par_1_105' title="bbox 2343 4966 3901 5039">
     <span class='ocr_line' id='line_1_105' title="bbox 2343 4966 3901 5039; baseline 0.006 -26"><span class='ocrx_word' id='word_1_790' title='bbox 2343 4970 2432 5020; x_wconf 81' lang='grc' dir='ltr'>τὴν</span> <span class='ocrx_word' id='word_1_791' title='bbox 2473 4967 2713 5036; x_wconf 77' lang='grc' dir='ltr'>ὑμετέραν</span> <span class='ocrx_word' id='word_1_792' title='bbox 2782 4966 3151 5037; x_wconf 67' lang='grc' dir='ltr'>ἀρχιερατικὴν</span> <span class='ocrx_word' id='word_1_793' title='bbox 3206 4987 3258 5019; x_wconf 92' lang='grc' dir='ltr'>τε</span> <span class='ocrx_word' id='word_1_794' title='bbox 3314 4974 3401 5019; x_wconf 83' lang='grc' dir='ltr'>καὶ</span> <span class='ocrx_word' id='word_1_795' title='bbox 3462 4972 3719 5039; x_wconf 78' lang='grc' dir='ltr'>ἱερατικὴν</span> <span class='ocrx_word' id='word_1_796' title='bbox 3768 4974 3901 5023; x_wconf 83' lang='grc' dir='ltr'>ὁσιο-</span> 
     </span>
    </p>
   </div>
   <div class='ocr_carea' id='block_1_106' title="bbox 2341 5052 3901 5127">
    <p class='ocr_par' dir='ltr' id='par_1_106' title="bbox 2341 5052 3901 5127">
     <span class='ocr_line' id='line_1_106' title="bbox 2341 5052 3901 5127; baseline 0.006 -26"><span class='ocrx_word' id='word_1_797' title='bbox 2341 5070 2469 5107; x_wconf 89' lang='grc' dir='ltr'>τητα</span> <span class='ocrx_word' id='word_1_798' title='bbox 2514 5052 2582 5111; x_wconf 82' lang='grc' dir='ltr'>εἱς</span> <span class='ocrx_word' id='word_1_799' title='bbox 2631 5056 2899 5123; x_wconf 75' lang='grc' dir='ltr'>πρεσϐείαν</span> <span class='ocrx_word' id='word_1_800' title='bbox 2943 5058 3070 5126; x_wconf 85' lang='grc' dir='ltr'>πρὸς</span> <span class='ocrx_word' id='word_1_801' title='bbox 3116 5059 3199 5104; x_wconf 88' lang='grc' dir='ltr'>τὸν</span> <span class='ocrx_word' id='word_1_802' title='bbox 3229 5063 3327 5104; x_wconf 85' lang='grc' dir='ltr'>τῶν</span> <span class='ocrx_word' id='word_1_803' title='bbox 3380 5056 3503 5106; x_wconf 84' lang='grc' dir='ltr'>ὅλων</span> <span class='ocrx_word' id='word_1_804' title='bbox 3543 5066 3778 5127; x_wconf 86' lang='grc' dir='ltr'>κινούμεν</span> <span class='ocrx_word' id='word_1_805' title='bbox 3822 5068 3901 5110; x_wconf 85' lang='grc' dir='ltr'>Δε-</span> 
     </span>
    </p>
   </div>
   <div class='ocr_carea' id='block_1_107' title="bbox 2341 5139 3895 5212">
    <p class='ocr_par' dir='ltr' id='par_1_107' title="bbox 2341 5139 3895 5212">
     <span class='ocr_line' id='line_1_107' title="bbox 2341 5139 3895 5212; baseline 0.006 -25"><span class='ocrx_word' id='word_1_806' title='bbox 2341 5145 2553 5203; x_wconf 80' lang='grc' dir='ltr'>σπότην,</span> <span class='ocrx_word' id='word_1_807' title='bbox 2610 5139 3007 5209; x_wconf 83' lang='grc' dir='ltr'>ἀκαταγνώστως</span> <span class='ocrx_word' id='word_1_808' title='bbox 3051 5146 3138 5211; x_wconf 74' lang='grc' dir='ltr'>μεν</span> <span class='ocrx_word' id='word_1_809' title='bbox 3169 5147 3224 5192; x_wconf 87' lang='grc' dir='ltr'>τό</span> <span class='ocrx_word' id='word_1_810' title='bbox 3275 5144 3391 5193; x_wconf 88' lang='grc' dir='ltr'>καθ’</span> <span class='ocrx_word' id='word_1_811' title='bbox 3444 5145 3578 5212; x_wconf 74' lang='grc' dir='ltr'>ἡμᾶς</span> <span class='ocrx_word' id='word_1_812' title='bbox 3624 5142 3895 5205; x_wconf 85' lang='grc' dir='ltr'>διαθεῖναι,</span> 
     </span>
    </p>
   </div>
   <div class='ocr_carea' id='block_1_108' title="bbox 3668 5229 3895 5283">
    <p class='ocr_par' dir='ltr' id='par_1_108' title="bbox 3668 5229 3895 5283">
     <span class='ocr_line' id='line_1_108' title="bbox 3668 5229 3895 5283; baseline 0.004 -2"><span class='ocrx_word' id='word_1_813' title='bbox 3668 5229 3895 5283; x_wconf 74' lang='grc' dir='ltr'>διιθὺναι</span> 
     </span>
    </p>
   </div>
   <div class='ocr_carea' id='block_1_109' title="bbox 2338 5224 3579 5298">
    <p class='ocr_par' dir='ltr' id='par_1_109' title="bbox 2338 5224 3579 5298">
     <span class='ocr_line' id='line_1_109' title="bbox 2338 5224 3579 5298; baseline 0.005 -25"><span class='ocrx_word' id='word_1_814' title='bbox 2338 5224 2741 5293; x_wconf 80' lang='grc' dir='ltr'>ἀκαταγνώστως</span> <span class='ocrx_word' id='word_1_815' title='bbox 2816 5224 2873 5277; x_wconf 82' lang='grc' dir='ltr'>δε</span> <span class='ocrx_word' id='word_1_816' title='bbox 2948 5234 3038 5285; x_wconf 78' lang='grc' dir='ltr'>τὴν</span> <span class='ocrx_word' id='word_1_817' title='bbox 3114 5228 3579 5298; x_wconf 71' lang='grc' dir='ltr'>ἐμπεπιστευμένην</span> 
     </span>
    </p>
   </div>
   <div class='ocr_carea' id='block_1_110' title="bbox 2339 5315 3897 5387">
    <p class='ocr_par' dir='ltr' id='par_1_110' title="bbox 2339 5315 3897 5387">
     <span class='ocr_line' id='line_1_110' title="bbox 2339 5315 3897 5387; baseline 0.006 -26"><span class='ocrx_word' id='word_1_818' title='bbox 2339 5316 2572 5381; x_wconf 77' lang='grc' dir='ltr'>ποίμνην,</span> <span class='ocrx_word' id='word_1_819' title='bbox 2632 5320 2719 5363; x_wconf 84' lang='grc' dir='ltr'>καὶ</span> <span class='ocrx_word' id='word_1_820' title='bbox 2776 5322 2865 5373; x_wconf 84' lang='grc' dir='ltr'>τῆς</span> <span class='ocrx_word' id='word_1_821' title='bbox 2918 5317 3102 5366; x_wconf 76' lang='grc' dir='ltr'>έκεῖθεν</span> <span class='ocrx_word' id='word_1_822' title='bbox 3160 5315 3454 5384; x_wconf 76' lang='grc' dir='ltr'>εὐτυχῆσαι</span> <span class='ocrx_word' id='word_1_823' title='bbox 3518 5326 3897 5387; x_wconf 79' lang='grc' dir='ltr'>μακαριότητος</span> 
     </span>
    </p>
   </div>
   <div class='ocr_carea' id='block_1_111' title="bbox 590 5398 3888 5478">
    <p class='ocr_par' dir='ltr' id='par_1_111' title="bbox 590 5398 3888 5478">
     <span class='ocr_line' id='line_1_111' title="bbox 590 5398 3888 5478; baseline -0.005 -20"><span class='ocrx_word' id='word_1_824' title='bbox 590 5406 699 5459; x_wconf 81' lang='grc' dir='ltr'>Ἰνα</span> <span class='ocrx_word' id='word_1_825' title='bbox 751 5405 807 5456; x_wconf 76' lang='grc' dir='ltr'>δὲ</span> <span class='ocrx_word' id='word_1_826' title='bbox 858 5427 943 5455; x_wconf 79' lang='grc' dir='ltr'>και</span> <span class='ocrx_word' id='word_1_827' title='bbox 984 5409 1013 5461; x_wconf 80' lang='grc' dir='ltr'>η</span> <span class='ocrx_word' id='word_1_828' title='bbox 1068 5411 1300 5458; x_wconf 83' lang='grc' dir='ltr'>κοινωνία</span> <span class='ocrx_word' id='word_1_829' title='bbox 1357 5412 1440 5460; x_wconf 74' lang='grc' dir='ltr'>τῆς</span> <span class='ocrx_word' id='word_1_830' title='bbox 1516 5407 1734 5458; x_wconf 86' lang='grc' dir='ltr'>πίστεως</span> <span class='ocrx_word' id='word_1_831' title='bbox 1794 5405 1883 5456; x_wconf 86' lang='grc' dir='ltr'>τὴν</span> <span class='ocrx_word' id='word_1_832' title='bbox 1965 5398 2011 5449; x_wconf 74' lang='grc' dir='ltr'>ἓν</span> <span class='ocrx_word' id='word_1_833' title='bbox 2079 5400 2251 5469; x_wconf 77' lang='grc' dir='ltr'>ἀγάπη</span> <span class='ocrx_word' id='word_1_834' title='bbox 2323 5405 2584 5448; x_wconf 85' lang='grc' dir='ltr'>κοινωνίαν</span> <span class='ocrx_word' id='word_1_835' title='bbox 2643 5400 2839 5472; x_wconf 68' lang='grc' dir='ltr'>ἀρραγῆ</span> <span class='ocrx_word' id='word_1_836' title='bbox 2902 5421 2953 5453; x_wconf 73' lang='grc' dir='ltr'>τε</span> <span class='ocrx_word' id='word_1_837' title='bbox 3009 5408 3096 5453; x_wconf 78' lang='grc' dir='ltr'>καὶ</span> <span class='ocrx_word' id='word_1_838' title='bbox 3141 5401 3408 5453; x_wconf 74' lang='grc' dir='ltr'>ἀνόθευτον</span> <span class='ocrx_word' id='word_1_839' title='bbox 3473 5400 3888 5478; x_wconf 59' lang='grc' dir='ltr'>διαφυλάττητοο</span> 
     </span>
    </p>
   </div>
   <div class='ocr_carea' id='block_1_112' title="bbox 591 5482 2658 5563">
    <p class='ocr_par' dir='ltr' id='par_1_112' title="bbox 591 5482 2658 5563">
     <span class='ocr_line' id='line_1_112' title="bbox 591 5482 2658 5563; baseline -0.005 -17"><span class='ocrx_word' id='word_1_840' title='bbox 591 5498 779 5550; x_wconf 85' lang='grc' dir='ltr'>ταύτην</span> <span class='ocrx_word' id='word_1_841' title='bbox 802 5502 863 5563; x_wconf 76' lang='grc' dir='ltr'>τῇ</span> <span class='ocrx_word' id='word_1_842' title='bbox 906 5496 1119 5563; x_wconf 78' lang='grc' dir='ltr'>ὑμετέρᾳ</span> <span class='ocrx_word' id='word_1_843' title='bbox 1152 5492 1488 5558; x_wconf 81' lang='grc' dir='ltr'>θεοσυλλέκτῳ</span> <span class='ocrx_word' id='word_1_844' title='bbox 1525 5491 1761 5543; x_wconf 82' lang='grc' dir='ltr'>ὁσιότητι</span> <span class='ocrx_word' id='word_1_845' title='bbox 1789 5486 2234 5537; x_wconf 80' lang='grc' dir='ltr'>ἀνακοινωσασθαι</span> <span class='ocrx_word' id='word_1_846' title='bbox 2265 5482 2658 5555; x_wconf 76' lang='grc' dir='ltr'>ἐδικαίωσαμεν.</span> 
     </span>
    </p>
   </div>
   <div class='ocr_carea' id='block_1_113' title="bbox 661 5574 2207 5645">
    <p class='ocr_par' dir='ltr' id='par_1_113' title="bbox 661 5574 2207 5645">
     <span class='ocr_line' id='line_1_113' title="bbox 661 5574 2207 5645; baseline -0.006 -12"><span class='ocrx_word' id='word_1_847' title='bbox 661 5583 837 5635; x_wconf 87' lang='lat' dir='ltr'><strong>Credo</strong></span> <span class='ocrx_word' id='word_1_848' title='bbox 892 5581 944 5633; x_wconf 91' lang='lat' dir='ltr'>in</span> <span class='ocrx_word' id='word_1_849' title='bbox 999 5596 1169 5633; x_wconf 91' lang='lat' dir='ltr'><strong>unum</strong></span> <span class='ocrx_word' id='word_1_850' title='bbox 1227 5580 1422 5640; x_wconf 87' lang='lat' dir='ltr'><strong>Deum,</strong></span> <span class='ocrx_word' id='word_1_851' title='bbox 1488 5575 1815 5645; x_wconf 86' lang='lat' dir='ltr'><strong>perfectum,</strong></span> <span class='ocrx_word' id='word_1_852' title='bbox 1867 5574 2207 5635; x_wconf 90' lang='lat' dir='ltr'><strong>absolutum,</strong></span> 
     </span>
    </p>
   </div>
   <div class='ocr_carea' id='block_1_114' title="bbox 586 5666 2209 5734">
    <p class='ocr_par' dir='ltr' id='par_1_114' title="bbox 586 5666 2209 5734">
     <span class='ocr_line' id='line_1_114' title="bbox 586 5666 2209 5734; baseline -0.007 -11"><span class='ocrx_word' id='word_1_853' title='bbox 586 5671 828 5730; x_wconf 85' lang='lat' dir='ltr'><strong>Patrem,</strong></span> <span class='ocrx_word' id='word_1_854' title='bbox 862 5668 1060 5720; x_wconf 86' lang='lat' dir='ltr'><strong>Filium</strong></span> <span class='ocrx_word' id='word_1_855' title='bbox 1094 5672 1149 5720; x_wconf 93' lang='lat' dir='ltr'>et</span> <span class='ocrx_word' id='word_1_856' title='bbox 1183 5666 1449 5734; x_wconf 91' lang='lat' dir='ltr'><strong>Spiritum</strong></span> <span class='ocrx_word' id='word_1_857' title='bbox 1485 5668 1761 5724; x_wconf 90' lang='lat' dir='ltr'><strong>sanctum,</strong></span> <span class='ocrx_word' id='word_1_858' title='bbox 1793 5678 1903 5713; x_wconf 89' lang='lat' dir='ltr'>non</span> <span class='ocrx_word' id='word_1_859' title='bbox 1945 5675 2209 5728; x_wconf 86' lang='lat' dir='ltr'><strong>separans</strong></span> 
     </span>
    </p>
   </div>
   <div class='ocr_carea' id='block_1_115' title="bbox 584 5746 2210 5823">
    <p class='ocr_par' dir='ltr' id='par_1_115' title="bbox 584 5746 2210 5823">
     <span class='ocr_line' id='line_1_115' title="bbox 584 5746 2210 5823; baseline -0.007 -14"><span class='ocrx_word' id='word_1_860' title='bbox 584 5762 846 5810; x_wconf 90' lang='lat' dir='ltr'><strong>naturam</strong></span> <span class='ocrx_word' id='word_1_861' title='bbox 891 5754 1276 5823; x_wconf 86' lang='lat' dir='ltr'><strong>hypostasium</strong></span> <span class='ocrx_word' id='word_1_862' title='bbox 1332 5750 1643 5803; x_wconf 88' lang='lat' dir='ltr'><strong>differentia</strong></span> <span class='ocrx_word' id='word_1_863' title='bbox 1673 5748 1809 5814; x_wconf 86' lang='lat' dir='ltr'><strong>(Arii</strong></span> <span class='ocrx_word' id='word_1_864' title='bbox 1841 5747 1992 5801; x_wconf 92' lang='lat' dir='ltr'><strong>enim</strong></span> <span class='ocrx_word' id='word_1_865' title='bbox 2042 5746 2210 5799; x_wconf 61' lang='lat' dir='ltr'><strong>hatre-</strong></span> 
     </span>
    </p>
   </div>
   <div class='ocr_carea' id='block_1_116' title="bbox 577 5833 2207 5911">
    <p class='ocr_par' dir='ltr' id='par_1_116' title="bbox 577 5833 2207 5911">
     <span class='ocr_line' id='line_1_116' title="bbox 577 5833 2207 5911; baseline -0.007 -14"><span class='ocrx_word' id='word_1_866' title='bbox 577 5844 653 5897; x_wconf 88' lang='lat' dir='ltr'>sis</span> <span class='ocrx_word' id='word_1_867' title='bbox 706 5844 974 5911; x_wconf 88' lang='lat' dir='ltr'><strong>pereatl)</strong></span> <span class='ocrx_word' id='word_1_868' title='bbox 1010 5859 1021 5903; x_wconf 84' lang='lat'>;</span> <span class='ocrx_word' id='word_1_869' title='bbox 1053 5843 1166 5894; x_wconf 91' lang='lat' dir='ltr'>imo</span> <span class='ocrx_word' id='word_1_870' title='bbox 1222 5844 1434 5893; x_wconf 59' lang='lat' dir='ltr'><strong>natura;</strong></span> <span class='ocrx_word' id='word_1_871' title='bbox 1477 5836 1769 5889; x_wconf 87' lang='lat' dir='ltr'><strong>identitate</strong></span> <span class='ocrx_word' id='word_1_872' title='bbox 1822 5833 2207 5903; x_wconf 87' lang='lat' dir='ltr'><strong>bypostasium</strong></span> 
     </span>
    </p>
   </div>
   <div class='ocr_carea' id='block_1_117' title="bbox 578 5920 2207 5990">
    <p class='ocr_par' dir='ltr' id='par_1_117' title="bbox 578 5920 2207 5990">
     <span class='ocr_line' id='line_1_117' title="bbox 578 5920 2207 5990; baseline -0.007 -6"><span class='ocrx_word' id='word_1_873' title='bbox 578 5930 958 5984; x_wconf 74' lang='lat' dir='ltr'><strong>differentiam</strong></span> <span class='ocrx_word' id='word_1_874' title='bbox 1022 5930 1258 5981; x_wconf 90' lang='lat' dir='ltr'><strong>honoro.</strong></span> <span class='ocrx_word' id='word_1_875' title='bbox 1309 5924 1533 5979; x_wconf 87' lang='lat' dir='ltr'><strong>Sabellii</strong></span> <span class='ocrx_word' id='word_1_876' title='bbox 1603 5923 1753 5976; x_wconf 91' lang='lat' dir='ltr'><strong>enim</strong></span> <span class='ocrx_word' id='word_1_877' title='bbox 1817 5937 2034 5990; x_wconf 91' lang='lat' dir='ltr'><strong>quoque</strong></span> <span class='ocrx_word' id='word_1_878' title='bbox 2084 5920 2207 5973; x_wconf 85' lang='lat' dir='ltr'><strong>volo</strong></span> 
     </span>
    </p>
   </div>
   <div class='ocr_carea' id='block_1_118' title="bbox 576 6006 2209 6086">
    <p class='ocr_par' dir='ltr' id='par_1_118' title="bbox 576 6006 2209 6086">
     <span class='ocr_line' id='line_1_118' title="bbox 576 6006 2209 6086; baseline -0.009 -12"><span class='ocrx_word' id='word_1_879' title='bbox 576 6017 836 6074; x_wconf 75' lang='lat' dir='ltr'><strong>haeresim</strong></span> <span class='ocrx_word' id='word_1_880' title='bbox 888 6017 1166 6086; x_wconf 88' lang='lat' dir='ltr'><strong>perditum</strong></span> <span class='ocrx_word' id='word_1_881' title='bbox 1221 6013 1308 6067; x_wconf 91' lang='lat' dir='ltr'><strong>iri.</strong></span> <span class='ocrx_word' id='word_1_882' title='bbox 1360 6013 1424 6064; x_wconf 89' lang='lat' dir='ltr'><strong>Et</strong></span> <span class='ocrx_word' id='word_1_883' title='bbox 1466 6012 1518 6064; x_wconf 91' lang='lat' dir='ltr'>in</span> <span class='ocrx_word' id='word_1_884' title='bbox 1564 6009 1978 6064; x_wconf 88' lang='lat' dir='ltr'><strong>sanctissimam</strong></span> <span class='ocrx_word' id='word_1_885' title='bbox 2035 6006 2209 6060; x_wconf 89' lang='lat' dir='ltr'><strong>Trini-</strong></span> 
     </span>
    </p>
   </div>
   <div class='ocr_carea' id='block_1_119' title="bbox 2391 5576 3887 5645">
    <p class='ocr_par' dir='ltr' id='par_1_119' title="bbox 2391 5576 3887 5645">
     <span class='ocr_line' id='line_1_119' title="bbox 2391 5576 3887 5645; baseline 0.005 -22"><span class='ocrx_word' id='word_1_886' title='bbox 2391 5578 2621 5624; x_wconf 86' lang='grc' dir='ltr'>Πιστεύω</span> <span class='ocrx_word' id='word_1_887' title='bbox 2672 5584 2939 5645; x_wconf 80' lang='grc' dir='ltr'>τοιγαροῦν</span> <span class='ocrx_word' id='word_1_888' title='bbox 2990 5576 3060 5636; x_wconf 85' lang='grc' dir='ltr'>εἰς</span> <span class='ocrx_word' id='word_1_889' title='bbox 3116 5576 3200 5627; x_wconf 70' lang='grc' dir='ltr'>ἕνα</span> <span class='ocrx_word' id='word_1_890' title='bbox 3245 5581 3391 5638; x_wconf 85' lang='grc' dir='ltr'>Θεὸν,</span> <span class='ocrx_word' id='word_1_891' title='bbox 3440 5576 3644 5641; x_wconf 84' lang='grc' dir='ltr'>τέλειον,</span> <span class='ocrx_word' id='word_1_892' title='bbox 3709 5581 3887 5630; x_wconf 80' lang='grc' dir='ltr'>τελειο-</span> 
     </span>
    </p>
   </div>
   <div class='ocr_carea' id='block_1_120' title="bbox 2318 5664 3882 5733">
    <p class='ocr_par' dir='ltr' id='par_1_120' title="bbox 2318 5664 3882 5733">
     <span class='ocr_line' id='line_1_120' title="bbox 2318 5664 3882 5733; baseline 0.006 -24"><span class='ocrx_word' id='word_1_893' title='bbox 2318 5664 2459 5709; x_wconf 89' lang='grc' dir='ltr'>ποιὸν</span> <span class='ocrx_word' id='word_1_894' title='bbox 2513 5667 2726 5733; x_wconf 72' lang='grc' dir='ltr'>Πατέρα,</span> <span class='ocrx_word' id='word_1_895' title='bbox 2784 5668 2918 5725; x_wconf 83' lang='grc' dir='ltr'>Υιον,</span> <span class='ocrx_word' id='word_1_896' title='bbox 2973 5668 3059 5713; x_wconf 85' lang='grc' dir='ltr'>καὶ</span> <span class='ocrx_word' id='word_1_897' title='bbox 3120 5670 3322 5732; x_wconf 80' lang='grc' dir='ltr'>Πνεῦμα</span> <span class='ocrx_word' id='word_1_898' title='bbox 3366 5664 3530 5732; x_wconf 77' lang='grc' dir='ltr'>ἅγιον,</span> <span class='ocrx_word' id='word_1_899' title='bbox 3574 5666 3632 5715; x_wconf 88' lang='grc' dir='ltr'>ού</span> <span class='ocrx_word' id='word_1_900' title='bbox 3684 5674 3882 5718; x_wconf 82' lang='grc' dir='ltr'>κατατέ-</span> 
     </span>
    </p>
   </div>
   <div class='ocr_carea' id='block_1_121' title="bbox 2317 5750 3883 5822">
    <p class='ocr_par' dir='ltr' id='par_1_121' title="bbox 2317 5750 3883 5822">
     <span class='ocr_line' id='line_1_121' title="bbox 2317 5750 3883 5822; baseline 0.005 -28"><span class='ocrx_word' id='word_1_901' title='bbox 2317 5766 2449 5815; x_wconf 87' lang='grc' dir='ltr'>μνων</span> <span class='ocrx_word' id='word_1_902' title='bbox 2491 5754 2550 5816; x_wconf 78' lang='grc' dir='ltr'>τῇ</span> <span class='ocrx_word' id='word_1_903' title='bbox 2603 5758 2699 5797; x_wconf 81' lang='grc' dir='ltr'>τῶν</span> <span class='ocrx_word' id='word_1_904' title='bbox 2745 5751 3073 5800; x_wconf 84' lang='grc' dir='ltr'>ὑποστάσεων</span> <span class='ocrx_word' id='word_1_905' title='bbox 3117 5750 3389 5820; x_wconf 72' lang='grc' dir='ltr'>ἑτερότητι,</span> <span class='ocrx_word' id='word_1_906' title='bbox 3450 5756 3533 5801; x_wconf 80' lang='grc' dir='ltr'>καὶ</span> <span class='ocrx_word' id='word_1_907' title='bbox 3587 5756 3679 5808; x_wconf 79' lang='grc' dir='ltr'>τὴν</span> <span class='ocrx_word' id='word_1_908' title='bbox 3737 5760 3883 5822; x_wconf 83' lang='grc' dir='ltr'>φύσιν</span> 
     </span>
    </p>
   </div>
   <div class='ocr_carea' id='block_1_122' title="bbox 2316 5833 3882 5909">
    <p class='ocr_par' dir='ltr' id='par_1_122' title="bbox 2316 5833 3882 5909">
     <span class='ocr_line' id='line_1_122' title="bbox 2316 5833 3882 5909; baseline 0.006 -28"><span class='ocrx_word' id='word_1_909' title='bbox 2316 5833 2656 5901; x_wconf 80' lang='grc' dir='ltr'>(ἐκτεμνέσθω</span> <span class='ocrx_word' id='word_1_910' title='bbox 2703 5840 2800 5905; x_wconf 71' lang='grc' dir='ltr'>γὰρ</span> <span class='ocrx_word' id='word_1_911' title='bbox 2830 5839 2858 5892; x_wconf 79' lang='grc' dir='ltr'>ἡ</span> <span class='ocrx_word' id='word_1_912' title='bbox 2890 5839 3088 5907; x_wconf 85' lang='grc' dir='ltr'>Ἀρείου</span> <span class='ocrx_word' id='word_1_913' title='bbox 3114 5843 3378 5906; x_wconf 82' lang='grc' dir='ltr'>κατατομή</span> <span class='ocrx_word' id='word_1_914' title='bbox 3415 5838 3474 5907; x_wconf 69' lang='grc' dir='ltr'>Ξ),</span> <span class='ocrx_word' id='word_1_915' title='bbox 3509 5837 3633 5888; x_wconf 81' lang='grc' dir='ltr'>ἀλλὰ</span> <span class='ocrx_word' id='word_1_916' title='bbox 3661 5847 3724 5909; x_wconf 71' lang='grc' dir='ltr'>τῇ</span> <span class='ocrx_word' id='word_1_917' title='bbox 3761 5860 3882 5891; x_wconf 83' lang='grc' dir='ltr'>ταυ-</span> 
     </span>
    </p>
   </div>
   <div class='ocr_carea' id='block_1_123' title="bbox 2316 5923 3878 5998">
    <p class='ocr_par' dir='ltr' id='par_1_123' title="bbox 2316 5923 3878 5998">
     <span class='ocr_line' id='line_1_123' title="bbox 2316 5923 3878 5998; baseline 0.004 -29"><span class='ocrx_word' id='word_1_918' title='bbox 2316 5924 2491 5976; x_wconf 86' lang='grc' dir='ltr'>τότητι</span> <span class='ocrx_word' id='word_1_919' title='bbox 2545 5929 2633 5979; x_wconf 81' lang='grc' dir='ltr'>τῆς</span> <span class='ocrx_word' id='word_1_920' title='bbox 2686 5926 2879 5992; x_wconf 81' lang='grc' dir='ltr'>φύσεως</span> <span class='ocrx_word' id='word_1_921' title='bbox 2937 5929 3027 5980; x_wconf 80' lang='grc' dir='ltr'>τὴν</span> <span class='ocrx_word' id='word_1_922' title='bbox 3097 5932 3192 5974; x_wconf 83' lang='grc' dir='ltr'>τῶν</span> <span class='ocrx_word' id='word_1_923' title='bbox 3244 5926 3576 5976; x_wconf 84' lang='grc' dir='ltr'>ὑποστάσεων</span> <span class='ocrx_word' id='word_1_924' title='bbox 3632 5923 3878 5998; x_wconf 77' lang='grc' dir='ltr'>διαφορὰν</span> 
     </span>
    </p>
   </div>
   <div class='ocr_carea' id='block_1_124' title="bbox 2316 6003 3879 6083">
    <p class='ocr_par' dir='ltr' id='par_1_124' title="bbox 2316 6003 3879 6083">
     <span class='ocr_line' id='line_1_124' title="bbox 2316 6003 3879 6083; baseline 0.004 -27"><span class='ocrx_word' id='word_1_925' title='bbox 2316 6003 2538 6067; x_wconf 76' lang='grc' dir='ltr'>δοξάζω.</span> <span class='ocrx_word' id='word_1_926' title='bbox 2588 6012 2989 6080; x_wconf 84' lang='grc' dir='ltr'>Συνανάιρείσθω</span> <span class='ocrx_word' id='word_1_927' title='bbox 3020 6014 3117 6083; x_wconf 82' lang='grc' dir='ltr'>γὰρ</span> <span class='ocrx_word' id='word_1_928' title='bbox 3163 6012 3535 6083; x_wconf 88' lang='grc' dir='ltr'>παραπλησίως</span> <span class='ocrx_word' id='word_1_929' title='bbox 3574 6019 3659 6063; x_wconf 78' lang='grc' dir='ltr'>καί</span> <span class='ocrx_word' id='word_1_930' title='bbox 3714 6016 3742 6069; x_wconf 74' lang='grc' dir='ltr'><strong>ἡ</strong></span> <span class='ocrx_word' id='word_1_931' title='bbox 3792 6033 3879 6063; x_wconf 85' lang='grc' dir='ltr'>τον</span> 
     </span>
    </p>
   </div>
  </div>
