4236 6436
296 410 429 465 4021

295 530 561 585 Σαϐελλίου
612 536 921 604 συναίρεσις.
960 530 1163 603 Τριάδα
1208 542 1480 604 παναγίαν,
1520 540 1856 609 παντουργόν,
1889 540 1933 591 Α

294 616 705 689 παντοδύναμον,
762 623 1088 690 συνάναρχον
1118 626 1206 691 μεν
1236 622 1393 679 αὑτήν
1425 624 1600 694 ἑαυτῇ.
1641 627 1703 682 ὡς
1733 645 1858 695 χρο-

293 715 435 766 νικῆς
504 708 713 767 ἁπάσης
778 708 945 777 ἀρχῆς
998 710 1372 782 ὑπεράναρχον,
1444 711 1612 781 ἀρχῆς
1656 709 1714 763 δι
1770 718 1857 764 καί

294 796 463 846 αἰτίου
519 795 665 865 λόγον
718 795 765 846 ἂν
820 797 948 866 αὑτῇ
1002 805 1091 847 τοῦ
1151 803 1344 867 Πατρός
1391 798 1800 871 ἀναπληροῦντος
1841 822 1851 833 ·

295 884 443 934 Οὑτω
492 886 589 954 γαρ
619 888 706 933 καὶ
735 890 826 944 τῆς
855 892 1107 953 χρονικῆς
1136 885 1321 945 ἐννοίας
1348 888 1603 957 όμοτίμως
1646 890 1676 944 ἠ
1704 891 1851 959 Τριὰ,

293 967 784 1042 ὑπεριδρυθὴσεται,
830 978 917 1022 καὶ
968 980 1056 1031 τῆς
1108 973 1269 1033 αὐτῆς
1319 974 1499 1033 οὐσίας
1547 983 1617 1044 τῷ
1671 982 1852 1045 Πατρὶ,

294 1056 346 1118 έξ
392 1058 543 1129 οὗπερ
593 1059 619 1108 ὀ
655 1062 743 1127 μεν
788 1058 1074 1131 ἀρρεύστως
1119 1066 1207 1111 καὶ
1261 1060 1491 1133 ἀρρήτως
1541 1068 1851 1131 γεγέννηται,

295 1149 352 1195 τό
414 1142 470 1196 δε
538 1145 920 1216 έκπεπορευται,
993 1147 1295 1216 θεολογικῶς
1362 1150 1852 1218 ὑμνολογηθησεται.

295 1230 500 1303 Τριάδα
549 1239 824 1301 παναγίαν,
887 1235 1189 1305 ὑπερούσιον
1246 1236 1441 1289 ούσίαν.
1501 1242 1569 1289 Τό
1616 1244 1724 1307 μεν,
1782 1240 1857 1289 ὅτι

295 1326 470 1378 πασης
511 1319 692 1379 ούσίας
736 1323 1018 1391 θεοπρεπῶς
1076 1323 1500 1392 ὑπεραναϐέςηκε,
1556 1330 1612 1374 τό
1670 1321 1745 1386 δι,
1778 1326 1856 1375 ὁτι

296 1413 425 1457 πασι
479 1414 585 1466 τοῖς
636 1403 781 1457 οὖσιν
834 1408 1100 1465 αύτοθενή
1134 1418 1328 1480 μετοχη
1382 1422 1470 1462 του
1499 1414 1647 1467 εἶναι,
1702 1420 1858 1482 Υπερ-

298 1494 489 1560 άγαθον
544 1492 858 1561 ἀγαθοτητα,
903 1498 958 1544 τό
989 1498 1096 1563 μεν,
1129 1498 1207 1546 ὅτι
1250 1503 1390 1564 πηγή
1433 1497 1766 1567 ἁγαθότητος,
1799 1504 1856 1549 τό

298 1574 374 1644 δι,
426 1583 503 1629 ὅτι
545 1587 650 1639 τοῖς
695 1579 903 1647 ἀγαθοῖς
959 1580 1141 1632 έκεῖθεν
1189 1589 1245 1633 τό
1298 1584 1662 1651 ἀγαθύνετθαι,
1707 1594 1857 1637 τοῦτο

296 1668 417 1735 ἡμῖν
473 1670 539 1726 ὼς
613 1668 659 1716 έν
699 1666 956 1737 βραχέσιν
1009 1671 1037 1725 ἠ
1084 1678 1177 1728 τῆς
1240 1672 1353 1720 καθ’
1411 1674 1542 1739 ἡμᾶς
1601 1681 1857 1742 θεολογίας

294 1750 611 1813 ἀδιάϐλητος
639 1760 1001 1823 μυσταγωγία.
1043 1760 1138 1807 Τὸν
1171 1754 1228 1808 δε
1273 1760 1387 1808 Υίόν
1424 1764 1511 1809 καὶ
1555 1765 1719 1828 Λόγον
1766 1769 1855 1811 τοῦ

292 1846 425 1891 Θεοῦ
478 1846 561 1890 καί
616 1847 810 1911 Πατρός
868 1843 943 1892 έπ¹
994 1842 1229 1912 έσχάτων
1281 1854 1377 1895 τῶν
1440 1848 1637 1918 ἡμερῶν
1678 1846 1730 1897 έκ
1763 1856 1856 1907 τῆς
1886 1860 1926 1913 Β

289 1926 619 1999 ἁειπαρθένου
675 1934 761 1979 καὶ
815 1927 1148 1999 ὑπερενδοξου
1202 1938 1477 1993 Δεσποίνης
1502 1935 1644 2003 ἡμῶν
1674 1940 1855 1985 Broto-

289 2033 382 2064 κου
412 2015 667 2085 προελθεῖν
709 2020 831 2085 μετὰ
864 2022 1052 2086 σαρκὸς
1076 2017 1494 2087 έμψυχωιιμένης
1521 2020 1671 2089 ψυχῇ
1708 2027 1855 2092 νοερᾴ

288 2118 341 2151 τε
391 2107 478 2152 καὶ
533 2102 739 2172 λογικῇ,
788 2110 1021 2155 τουτέστι
1062 2105 1241 2156 τέλειον
1286 2108 1548 2177 ἄνθρωπον
1601 2108 1853 2178 ἀνειληφέ-

291 2207 394 2250 ναι,
426 2194 513 2239 καὶ
544 2187 772 2260 ἀληθείᾳ,
828 2191 953 2241 ἀλλὰ
982 2198 1051 2260 μὴ
1092 2198 1222 2243 κατα
1248 2200 1552 2261 φαντασίαν,
1590 2196 1663 2246 Oi}
1694 2216 1851 2265 προσ-

292 2284 516 2341 ωπικῶς,
577 2274 697 2328 ούδε
748 2298 861 2329 τινα
912 2288 1007 2330 τῶν
1054 2281 1168 2331 καθ’
1202 2282 1394 2332 ἕκαστα
1448 2279 1598 2351 ἰδικῶ
1641 2290 1727 2335 καὶ
1763 2284 1853 2354 αφ-

293 2369 558 2433 ωρισμένῳ
618 2376 917 2437 χαρακτῆρι
965 2370 1394 2440 περιοριζόμενον,
1452 2370 1557 2420 ἀλλ’
1609 2373 1718 2421 ὁλον
1766 2379 1850 2423 τόν

293 2448 576 2521 ἄνθρωπον,
633 2454 685 2502 ὃν
730 2458 818 2503 καὶ
859 2457 904 2503 ἂν
958 2462 1017 2523 τῇ
1069 2458 1223 2505 αὐτοῦ
1277 2454 1613 2525 ἀτομωσαντοί
1640 2477 1691 2508 τε
1724 2459 1852 2508 ὑπο-

296 2540 497 2600 στάσει,
546 2544 631 2590 καὶ
662 2541 1045 2603 ὑποστήσαντα,
1080 2550 1246 2592 σῶσαι
1270 2548 1326 2593 τό
1358 2542 1666 2615 ἀνθρώπινον
1687 2549 1847 2613 γένος,

295 2630 621 2693 σεσωσμένας
658 2644 710 2676 τε
736 2625 817 2677 έπὶ
867 2635 957 2677 τοῦ
1008 2628 1164 2679 αὑτοῦ
1201 2636 1288 2679 καὶ
1344 2630 1444 2689 ένός
1494 2638 1717 2702 Χριστοῦ
1759 2636 1852 2693 τὰς

294 2716 471 2780 φύσεις
525 2715 780 2775 θεότητος,
835 2720 922 2765 καὶ
979 2715 1390 2785 άνθρωπότητος,
1457 2720 1714 2787 ἡνωμένας
1764 2724 1852 2789 μεν

292 2807 352 2868 τῇ
406 2802 521 2850 καθ’
573 2802 861 2851 ὑπόστασιν
916 2802 1110 2864 ενὼσει,
1160 2803 1261 2852 ἀλλ’
1316 2805 1374 2854 οὑ
1428 2812 1741 2875 πεφυρμένας
1789 2816 1848 2877 τῇ

292 2889 405 2936 κατ’
445 2888 625 2938 ούσίαν
665 2888 947 2940 ἀλλοιώσει.
1000 2896 1134 2941 Μίαν
1164 2896 1251 2961 μεν
1282 2894 1568 2943 ὑπόστασιν
1600 2902 1849 2963 Χριστοῦ,

294 2969 390 3024 δύο
442 2971 499 3025 δι
538 2978 733 3045 φύσεις,
774 2984 861 3027 καὶ
907 2977 1119 3047 ἑκατέρᾳ
1156 2979 1319 3028 αὑτῶν
1371 2984 1426 3029 τό
1456 2977 1590 3030 ⁴ίδιον
1623 2981 1852 3051 ἀπονέμω

294 3061 508 3131 θελημα.
553 3066 648 3113 Δύο
700 3067 799 3135 γὰρ
868 3065 1127 3132 θελήματα
1186 3065 1267 3115 ἐπὶ
1316 3074 1543 3125 Χριστοῦ
1605 3068 1849 3135 ἁμείωτα,

292 3149 373 3197 ὃτι
422 3154 509 3198 καὶ
536 3146 631 3199 δύο
660 3152 921 3219 ἐνέργειαι.
974 3156 1070 3201 Τόν
1107 3152 1258 3201 αὑτὸν
1289 3155 1512 3209 παθητόν
1539 3161 1625 3204 καί
1656 3154 1846 3215 ἀπαθῆ,
1890 3180 1930 3236 C

292 3237 512 3307 φθαρτόν
559 3242 645 3287 καὶ
697 3239 973 3308 ἄφθαρτον,
1026 3245 1248 3310 γραπτόν
1279 3258 1328 3290 τε
1358 3246 1443 3291 καί
1473 3242 1754 3312 ἄγραπτον,
1788 3245 1851 3293 τὰ

293 3327 383 3393 μεν
443 3322 778 3393 οἰκειούμενος
823 3332 880 3394 τῇ
932 3327 1151 3389 θεότητι,
1199 3330 1263 3376 τὰ
1315 3324 1373 3378 δι
1426 3330 1736 3399 προσάπτων
1788 3337 1849 3398 τῇ

295 3408 666 3481 ἁνθρωπότητι.
749 3414 1105 3484 Σταυρωθέντα
1172 3414 1418 3473 ἑκουσίως
1495 3416 1617 3487 ὑπερ
1688 3418 1850 3485 ἡμῶν,

293 3517 375 3547 και
423 3498 658 3568 πρόξενον
713 3500 835 3568 ἡμῖν
887 3507 974 3557 τῆς
1021 3507 1111 3549 τοῦ
1163 3502 1376 3550 θανάτου
1406 3502 1728 3561 καταλύσεως
1768 3506 1852 3552 τὸν

292 3589 461 3653 τίμιον
538 3589 776 3654 σταυρόν,
851 3590 935 3635 καὶ
1008 3592 1361 3657 προσκυνητόν
1432 3608 1845 3658 παρασχόμενον.

292 3676 522 3741 Ταφέντα
563 3691 615 3722 τε
658 3676 741 3722 τὸν
799 3672 970 3734 αὑτὸν,
1024 3678 1112 3723 καὶ
1163 3682 1349 3745 νεκροῖς
1390 3678 1849 3744 συναριθμηθέντα,

300 3765 387 3809 καὶ
431 3764 699 3830 τριήμερόν
754 3763 885 3809 κατὰ
922 3761 1014 3815 τὴν
1042 3761 1203 3809 αὑτοῦ
1237 3763 1563 3829 θεόφθεγκτον
1595 3768 1758 3831 φωνην
1799 3762 1851 3810 ix

291 3855 391 3896 τῶν
420 3854 639 3917 νεστρῶν
683 3845 999 3899 ἁνασκάντα.
1060 3853 1157 3898 Καὶ
1189 3855 1294 3906 τοῖς
1318 3851 1567 3916 μαθηταῖς
1619 3850 1848 3918 ὀφθέντα,

290 3940 378 3984 καὶ
430 3943 499 4001 τῷ
548 3940 829 4002 συμφαγεῖν
860 3934 1051 3994 αὑτοῖς,
1084 3939 1171 3984 καὶ
1204 3943 1461 4003 συμπιεῖν,
1493 3943 1662 3986 πᾶσαν
1701 3936 1852 4006 ἀμφι-

292 4020 465 4069 ϐολίαν
517 4025 603 4069 καὶ
656 4025 933 4088 φαντασίας
1002 4021 1255 4087 ὑπόληψιν
1327 4022 1485 4072 τέλεον
1542 4024 1704 4071 αὑτῶν
1759 4025 1851 4072 απ-

306 4114 636 4159 εσκευακότα.
691 4103 815 4157 Εἶτα
863 4112 949 4157 καὶ
993 4106 1334 4176 ἀναληφθέντα
1360 4112 1483 4177 μετά
1539 4118 1628 4158 τοῦ
1681 4110 2099 4179 προσλημματος,
2174 4110 2330 4175 ἤγουν
2406 4111 2535 4177 μετὰ
2600 4117 2693 4167 τῆς

289 4212 341 4244 τε
395 4201 481 4244 καὶ
529 4194 703 4263 λογικῇ
750 4194 934 4251 οἰκείας
984 4193 1140 4244 αὑτοῦ
1199 4199 1407 4263 σαρκός,
1466 4201 1553 4245 καὶ
1616 4196 1764 4245 πάλιν
1842 4199 2081 4253 ὡσαύτως
2150 4194 2422 4264 έρχομενον
2476 4195 2545 4253 είς

1271 4282 1576 4346 Ἐλεύσεται,
1599 4284 1651 4332 ὃν
1682 4301 1864 4351 τρόπον
1890 4284 2170 4333 ἐθεάσασθε
2205 4285 2355 4332 αύτόν
2392 4287 2719 4353 πορευόμενον
2752 4282 2822 4339 εἰς
2855 4285 2938 4330 τόν
2964 4281 3192 4350 οὐρανόν.

292 4282 469 4340 Ούτως
493 4284 589 4351 γάρ
617 4300 745 4350 φησι
775 4284 829 4331 τό
864 4283 992 4351 ἱερὸν
1021 4280 1187 4349 λόγιον
1217 4302 1227 4313 ·

361 4369 508 4418 Οὑτω
560 4376 768 4439 φρονῶν,
810 4376 896 4417 καὶ
949 4366 1262 4437 διομολογῶν
1310 4368 1705 4440 ἀπαρατρέπτως
1750 4374 1841 4425 τὴν

289 4455 337 4505 εν
384 4462 444 4524 τῇ
481 4454 723 4523 καθολικῇ
773 4473 825 4504 τε
849 4460 937 4505 καὶ
966 4453 1277 4523 ἀποστολικῇ
1312 4454 1595 4523 Ἐκκλησία
1633 4452 1844 4525 έφιδρυ-

288 4547 441 4612 μένην
488 4560 539 4591 τε
586 4546 673 4591 καὶ
720 4547 1110 4612 κηρυσσομένην
1160 4547 1355 4601 πίστιν,
1410 4544 1498 4601 τὰς
1556 4542 1707 4610 ἁγίας
1758 4549 1845 4592 καὶ

286 4630 639 4699 οἱκουμενικὰς
696 4628 819 4678 έπτὰ
885 4626 1135 4687 συνόδους
1201 4627 1549 4697 ἀποδέχομαι.
1602 4634 1699 4685 Τὴν
1756 4634 1844 4698 μεν

286 4722 513 4787 πρώτην,
589 4716 676 4766 ᾶτε
735 4712 801 4771 δὴ

284 4805 425 4870 αύτῷ
474 4804 599 4871 ἅμα,
654 4810 741 4861 τῆς
790 4799 1080 4872 βδελυκτῆς
1132 4802 1295 4851 αὑτῶν
1352 4804 1842 4875 κτισματολατρείας

875 4715 1091 4785 Ἀρειον,
1146 4721 1233 4765 καὶ
1281 4719 1394 4773 τοὺς
1448 4717 1843 4785 ὁμοφρονοῦντας

286 4888 638 4962 διαρρήξασάν
694 4908 746 4939 τε
795 4895 882 4939 καὶ
928 4889 1238 4939 καθελοῦσαν
1281 4910 1291 4921 ·
1334 4894 1422 4945 τὴν
1472 4886 1529 4940 δε
1581 4886 1839 4959 δευτέραν,

284 4982 349 5037 ὡς
402 4983 484 5027 τόν
535 4975 839 5046 φρενοϐλαϐῆ
896 4973 1207 5027 Μακεδόνιον
1257 4985 1349 5035 τῆς
1406 4976 1841 5037 έκκλησιαστικῆς

282 5070 636 5135 χοροστασίας
706 5064 1147 5134 έξοστρακίσασάν
1215 5082 1267 5113 τε
1344 5069 1431 5113 καὶ
1509 5062 1836 5133 έκτεμοῦσαν,

285 5152 464 5219 Ἀρείῳ
522 5151 887 5219 παραπλησίαν
965 5155 1055 5206 τὴν
1121 5155 1301 5219 μανίαν
1367 5150 1701 5219 ίκμεμηνότα.
1755 5152 1838 5200 Ἐν

284 5244 539 5307 κτίσμασι
566 5241 664 5308 γὰρ
697 5242 783 5287 καὶ
818 5237 959 5295 οὗτος
1004 5242 1059 5286 τό
1107 5241 1349 5305 πανάγιον
1390 5244 1476 5287 καὶ
1522 5241 1837 5307 παντουργόν

282 5328 435 5383 τιθεὶς
492 5331 712 5393 Πνεῦμα,
771 5324 1220 5393 κτισματολατρεὶν
1260 5326 1347 5373 οὑκ
1378 5324 1649 5393 ᾐσχύνετο.
1684 5324 1837 5375 Ἀλλά

281 5430 336 5480 γε
377 5408 442 5467 δὴ
472 5417 557 5461 καὶ
584 5415 674 5466 τὴν
705 5416 881 5482 τρίτην
914 5412 1217 5481 καθαιρετὴν
1248 5409 1404 5458 οὖσαν
1434 5417 1521 5458 τοῦ
1550 5406 1837 5469 δυσσεϐοῦς

280 5504 581 5566 Νεστορίου,
632 5502 717 5547 καὶ
774 5505 866 5557 τῆς
930 5496 1067 5563 αὑτῷ
1133 5497 1578 5555 καινοποιηθείσης
1632 5498 1836 5546 θεοστυ-

279 5594 400 5655 γοῦς
451 5582 881 5653 δεισιδαιμονίας.
936 5584 1093 5641 Οὗτος
1142 5586 1238 5653 γὰρ
1297 5589 1380 5631 τόν
1419 5579 1720 5651 ὰδιαιρέτως
1748 5589 1834 5633 καὶ

281 5672 396 5723 καθ’
440 5673 725 5721 ὑπόστασιν
782 5671 1021 5721 ένωθέντα
1067 5677 1136 5735 τῷ
1194 5678 1304 5737 Θεῴ
1346 5674 1495 5737 Λόγῳ
1552 5670 1717 5718 ολικόν
1746 5668 1837 5718 ἆν-

282 5764 501 5831 θρωπον,
576 5759 839 5829 τολμηρῶς
916 5763 1002 5807 καὶ
1068 5760 1292 5827 ἀφρόνως
1357 5765 1450 5815 τῆς
1523 5759 1689 5814 θεὶκῆς
1743 5764 1832 5806 τοῦ

278 5850 435 5915 λόγου
511 5842 745 5896 διασπῶν
818 5846 1163 5904 ὑποστάσεως,
1226 5840 1620 5894 ἱδιοῦποστατον
1683 5843 1832 5893 αὑτόν

276 5932 620 6005 έτερατολόγει
666 5951 717 5982 τε
758 5937 843 5982 καὶ
873 5930 1191 5999 έφαντάζετο.
1235 5934 1318 5981 Διὸ
1344 5936 1431 5980 καὶ
1468 5929 1615 5999 ψιλόν
1641 5930 1831 5999 ἂνθρωο

279 6041 376 6073 πον
428 6025 513 6071 τόν
560 6024 712 6093 σαρκὶ
752 6018 1049 6088 έπιφανέντα
1086 6019 1199 6069 Υίόν
1250 6022 1336 6068 καὶ
1377 6022 1538 6087 Λόγον
1583 6026 1672 6068 τοῦ
1703 6024 1832 6069 Θεοῦ

1135 410 1362 467 ΡΗΟΤΙῙ
1400 411 1614 470 EPIST.
1651 414 1743 469 AD
1779 413 2278 471 ANTIOCHENAM
2320 416 2739 479 ECCLESIAM.

3451 425 3586 480 1022

1966 542 2164 597 tatem.
2228 542 2698 611 omnipotentem,
2758 544 2880 598 sine
2934 544 3207 614 principio
3260 547 3447 615 quoad
3500 563 3581 611 se,

1964 626 2084 679 sine
2114 628 2273 681 initio
2321 631 2640 699 temporali,
2698 632 2974 701 siquidem
3032 633 3192 686 Pater
3241 633 3497 703 principii
3528 639 3586 689 et

1964 730 2148 769 causa
2174 716 2453 771 rationem
2485 718 2542 770 in
2589 719 2709 787 ipsa
2739 719 2954 789 implet.
3013 720 3099 774 Sic
3148 735 3389 789 namque
3410 722 3585 776 Trini-

1964 806 2053 854 tas
2096 802 2295 872 aquali
2350 804 2564 859 honore
2613 822 2784 875 supra
2840 806 3189 861 intellectum
3257 810 3581 863 sacularem

1963 892 2260 954 statuetur,
2284 893 2479 945 eadem
2509 909 2619 962 qua
2641 894 2803 947 Pater
2823 894 3065 948 essentia
3093 894 3363 964 gaudens,
3392 912 3457 949 ex
3472 913 3582 966 quo

1964 976 2135 1030 Filius
2162 978 2437 1032 ineffabili
2468 981 2687 1035 ratione
2723 982 2947 1050 genitus
2984 986 3039 1035 et
3069 981 3308 1050 Spiritus
3354 988 3582 1038 sanctus

1965 1065 2232 1133 processit
2254 1066 2562 1136 theologice
2582 1068 2969 1122 celebrabitur.
2997 1070 3053 1121 ln
3086 1069 3418 1124 Trinitatem
3446 1088 3583 1125 san-

1963 1152 2291 1209 ctissimam.
2323 1155 2627 1208 essentiam
2679 1156 3223 1224 superessentialem,
3284 1174 3407 1225 qua
3455 1174 3582 1212 om-

1964 1256 2093 1293 nem
2148 1241 2520 1295 substantiam
2572 1244 2619 1295 vi
2654 1244 2841 1297 divina
2871 1248 3117 1311 superat,
3152 1245 3407 1299 essentia
3450 1261 3579 1299 cum

1964 1327 2225 1380 omnibus
2256 1330 2522 1381 creaturis
2553 1331 2841 1397 particeps.
2902 1330 3223 1382 Bonitatem
3261 1330 3381 1399 plus
3407 1348 3577 1399 quam

1963 1415 2171 1467 bonam
2204 1431 2217 1476 ;
2251 1420 2334 1468 est
2374 1416 2525 1469 enim
2558 1418 2822 1469 bonitatis
2855 1416 2997 1479 fons,
3032 1419 3176 1470 unde
3209 1418 3373 1470 bonis
3408 1418 3577 1473 facul-

1963 1505 2049 1553 tas
2078 1503 2253 1553 bonos
2282 1518 2397 1555 sese
2440 1504 2722 1571 prabendi
2766 1504 2952 1572 prodit
2993 1522 3004 1567 ;
3041 1504 3184 1556 unde
3240 1504 3398 1557 nobis
3446 1504 3580 1573 ipsis

1962 1588 2257 1655 theologia
2309 1605 2445 1656 pura
2493 1590 2745 1643 doctrina
2776 1595 3027 1644 emanat.
3063 1591 3238 1643 Credo
3294 1590 3493 1644 Filium
3523 1597 3577 1646 et

1970 1686 2201 1728 verbum
2257 1677 2353 1728 Dei
2395 1682 2450 1751 et
2492 1676 2673 1728 Patris
2724 1677 2857 1729 inde
2889 1694 2920 1729 a
2976 1682 3229 1745 tempore
3288 1678 3577 1733 indeﬁnito

1962 1778 2027 1815 ex
2055 1762 2297 1813 Domina
2327 1762 2566 1831 Deipara
2598 1778 2819 1830 semper
2850 1763 3059 1831 virgine
3092 1770 3285 1816 natum
3320 1764 3374 1816 in
3403 1781 3574 1819 carne

1962 1848 2165 1901 anima
2194 1848 2554 1902 intellectuali
2590 1849 2845 1917 pradita,
2877 1850 2933 1901 id
2961 1854 3063 1911 est,
3099 1850 3385 1903 hominem
3421 1868 3578 1905 mor-

1963 1934 2129 1987 talem
2177 1935 2459 2003 induisse;
2493 1937 2660 2004 idque
2700 1936 2754 1988 in
2785 1936 3016 1989 veritate
3038 1940 3093 1989 et
3125 1952 3232 1989 non
3263 1954 3360 2005 pro
3394 1938 3578 1992 forma

1960 2026 2016 2075 et
2041 2022 2239 2081 libito;
2277 2038 2387 2075 non
2412 2022 2824 2075 individualiter
2860 2029 2913 2075 et
2944 2023 3271 2077 charactere
3306 2025 3575 2092 peculiari

1958 2109 2581 2178 circumscriptumsed
2633 2115 2812 2162 totum
2847 2110 3159 2172 hominem,
3224 2113 3341 2179 qui,
3396 2111 3575 2181 hypo-

1957 2198 2091 2251 stasi
2118 2214 2219 2250 sua
2244 2198 2298 2249 in
2333 2202 2519 2265 partes
2547 2197 2907 2250 indivisibiles
2962 2199 3208 2251 redacta.
3254 2214 3428 2267 genus
3476 2200 3579 2254 hu-

1958 2300 2190 2338 manum
2223 2285 2474 2345 salvavit,
2500 2284 2593 2353 qui
2624 2286 2724 2337 sub
2750 2301 2860 2337 uno
2890 2286 3199 2353 eodemque
3248 2285 3465 2339 Christo
3497 2287 3577 2340 di-

1956 2372 2203 2424 vinitatis
2236 2379 2285 2425 et
2314 2372 2684 2424 humanitatis
2711 2377 2945 2424 naturas
2977 2372 3217 2425 salvatas
3246 2388 3345 2426 nec
3370 2373 3575 2428 altera-

1955 2458 2109 2513 tione
2140 2459 2551 2512 contaminatas
2603 2459 2815 2511 unitate
2870 2459 3217 2527 hypostatica
3284 2462 3573 2516 adunavit.

1956 2548 2138 2601 Unam
2171 2546 2369 2600 Christi
2398 2546 2741 2615 hypostasim
2789 2552 2843 2599 et
2868 2547 3008 2599 duas
3041 2553 3287 2610 naturas,
3335 2565 3573 2616 quarum

1957 2640 2193 2702 utraque
2254 2650 2415 2700 suam
2461 2635 2628 2687 habet
2676 2636 3042 2686 voluntatem.
3103 2636 3232 2688 Dua
3276 2636 3424 2688 enim
3484 2653 3577 2690 vo-

1957 2720 2203 2773 luntates
2228 2720 2281 2773 in
2313 2720 2532 2773 Christo
2562 2720 2889 2783 incolumes,
2918 2720 3049 2788 quia
3081 2722 3204 2774 dua
3243 2721 3571 2776 functiones.

1958 2809 2229 2861 Eumdem
2263 2807 2579 2876 passibilem
2611 2812 2667 2861 et
2692 2806 3113 2875 impassibilem,
3163 2816 3489 2877 corruptum
3521 2815 3579 2863 et

1957 2895 2362 2962 incorruptum,
2406 2893 2889 2961 circumscriptum
2921 2899 2975 2946 et
3024 2894 3576 2963 incircumscriptum

1958 2980 2096 3033 illud
2126 2980 2417 3043 divinitati,
2477 2980 2582 3032 hoc
2611 2980 2918 3033 attribuens
2967 2980 3329 3034 humanitati.
3388 2983 3571 3036 Cruci-

1958 3067 2130 3120 ﬁxum
2165 3084 2261 3135 pro
2290 3083 2390 3120 sua
2412 3067 2695 3120 voluntate
2725 3083 2826 3135 pro
2854 3067 3033 3127 nobis,
3057 3073 3111 3120 et
3141 3084 3359 3121 crucem
3388 3070 3567 3137 ipsam

1958 3155 2307 3207 adorandam
2340 3170 2463 3223 qua
2504 3170 2603 3207 nos
2634 3170 2667 3207 a
2724 3162 2900 3207 morte
2954 3154 3227 3207 liberavit.
3284 3156 3574 3224 Sepultum

1959 3243 2212 3295 eumdem
2242 3257 2307 3294 ac
2326 3242 2559 3293 mortuis
2580 3242 3146 3309 annumeratum,qui
3165 3248 3289 3309 post
3309 3244 3577 3306 triduum,

1960 3332 2019 3381 ut
2048 3329 2163 3396 ipse
2193 3329 2548 3396 pradixerat,
2581 3344 2612 3381 a
2645 3328 2879 3380 mortuis
2910 3328 3228 3382 resurrexit.
3279 3330 3381 3400 Qui
3430 3334 3577 3397 post-

1958 3416 2130 3468 modo
2179 3414 2464 3483 discipulis
2503 3415 2761 3483 apparuit
2811 3420 3018 3467 etcum
3070 3414 3202 3483 ipsis
3241 3417 3459 3468 edendo
3513 3432 3576 3470 ac

1958 3501 2196 3555 bibendo
2234 3517 2461 3554 omnem
2493 3501 2887 3570 suspicionem,
2921 3517 3088 3553 omne
3127 3502 3355 3554 dubium
3391 3519 3455 3555 ex
3486 3519 3577 3556 eo-

1956 3604 2083 3641 rum
2112 3587 2316 3640 animis
2346 3587 2593 3652 abstulit,
2642 3587 2736 3656 qui
2769 3589 3007 3655 denique
3053 3588 3108 3639 in
3148 3604 3398 3656 corpore,
3432 3590 3480 3641 id
3508 3593 3594 3643 est

1958 3675 2016 3727 in
2038 3675 2263 3743 propria
2291 3690 2477 3737 carne,
2500 3676 2693 3727 anima
2716 3674 3086 3727 intellectuali
3116 3675 3368 3743 pradita,
3402 3692 3589 3730 ascen-

1960 3762 2080 3825 dit;
2108 3763 2312 3831 quique
2370 3762 2503 3815 item
2538 3762 2723 3815 veniet
2746 3762 3104 3831 judicaturus
3134 3762 3285 3815 vivos
3326 3767 3381 3815 et
3434 3780 3586 3817 mor-

1959 3853 2103 3902 tuos.
2159 3850 2247 3901 Sic
2302 3848 2451 3901 enim
2504 3848 2783 3916 Scriptura
2850 3864 3010 3901 sacra
3062 3848 3273 3901 habet:
3330 3850 3584 3912 Quemad-

1957 3935 2162 3989 modum
2223 3951 2393 4003 ipsum
2443 3934 2799 3987 ascendentem
2856 3936 2913 3986 in
2958 3934 3142 3987 calum
3219 3935 3463 3998 vidistis,
3508 3938 3585 3990 sic

1959 4023 2131 4074 ueniet
2158 4024 2301 4089 (Act.
2336 4040 2370 4083 ι,
2406 4022 2511 4089 it).

2773 4106 3149 4176 ἀμφυχωμένης
3211 4108 3361 4177 ψυχῇ
3434 4115 3582 4180 νοιρᾲ

2619 4199 2674 4244 τό
2734 4202 2901 4263 κρῖναι
2973 4196 3162 4251 ζῶντας
3214 4200 3300 4245 καὶ
3354 4200 3575 4265 νεκρούς.

2021 4369 2107 4423 Sic
2155 4376 2372 4438 cogito;
2434 4370 2510 4422 sic
2541 4368 2919 4422 inﬂexibiliter
2970 4368 3349 4430 assentiendo,
3408 4368 3576 4422 tidem

1952 4472 2118 4524 super
2145 4456 2417 4510 catholica
2446 4461 2501 4510 et
2532 4456 2836 4524 apostolica
2863 4454 3101 4507 Ecclesia
3130 4455 3489 4507 constitutam
3522 4461 3579 4509 et

1954 4543 2337 4610 pradicatam,
2358 4547 2414 4596 et
2438 4548 2651 4611 septem
2683 4546 2905 4595 sanctas
2932 4545 2986 4593 et
3013 4542 3388 4595 acumenicas
3412 4557 3574 4595 vene-

1951 4644 2045 4681 ror
2073 4631 2353 4698 synodos;
2392 4630 2629 4698 primam
2661 4629 2791 4697 quia
2827 4628 3016 4681 Arium
3044 4633 3099 4680 et
3124 4628 3245 4697 ejus
3271 4633 3577 4682 sectatores

1952 4730 2259 4784 eorumque
2290 4717 2737 4769 abominandam
2770 4714 3029 4768 haresim
3064 4715 3305 4783 perdidit
3337 4731 3349 4775 ;
3382 4731 3576 4768 secun-

1952 4803 2105 4865 dam,
2159 4803 2289 4871 quia
2322 4805 2637 4856 dementem
2681 4801 3065 4855 Macedonium
3096 4817 3161 4853 ex
3191 4800 3430 4853 Ecclesia
3462 4803 3573 4871 eje-

1950 4888 2044 4951 cit,
2077 4890 2274 4942 eadem
2311 4888 2424 4942 fere
2453 4904 2577 4957 qua
2603 4889 2761 4941 Arius
2804 4893 2995 4941 contra
3027 4887 3191 4939 fidem
3225 4886 3571 4941 molientem.

1950 4974 2011 5028 In
2054 4977 2217 5028 rebus
2245 4977 2395 5028 enim
2426 4976 2625 5029 creatis
2679 4975 2947 5044 Spiritum
3001 4979 3254 5027 sanctum
3288 4978 3345 5027 et
3393 4974 3573 5028 omni-

1949 5068 2232 5129 potentem
2267 5062 2445 5130 posuit
2503 5062 2836 5115 idololatria
2886 5061 3242 5129 opprobrium
3276 5060 3573 5115 manifeste

1946 5150 2236 5203 subiendo.
2292 5148 2398 5202 Sed
2443 5150 2671 5203 tertiam
2724 5164 2941 5216 quoque
2975 5148 3229 5200 haeresim
3258 5147 3415 5215 impii
3461 5148 3573 5201 Ne—

1946 5236 2101 5288 storii
2157 5236 2490 5289 fomentavit
2538 5235 2985 5302 superstitionem
3030 5249 3254 5286 novam.
3290 5233 3387 5286 Hic
3416 5234 3567 5287 enim

1944 5323 2232 5377 hominem
2278 5323 2553 5393 integrum
2588 5324 2699 5376 Deo
2738 5323 2917 5374 Verbo
2964 5320 3236 5373 indivulse
3266 5326 3321 5374 et
3372 5336 3571 5374 secun-

1945 5410 2076 5462 dum
2111 5410 2452 5478 hypostasim
2495 5413 2711 5463 unitum
2751 5410 3011 5460 audacter
3041 5415 3095 5459 et
3126 5408 3512 5474 imprudenter
3537 5423 3570 5460 a

1943 5497 2109 5549 verbo
2140 5497 2453 5565 hypostasis
2502 5496 2813 5557 avellendo,
2848 5496 3129 5562 propriam
3162 5493 3261 5560 ipsi
3310 5496 3567 5547 substan-

1942 5582 2078 5635 tiam
2109 5584 2502 5637 miraculosam
2522 5583 2749 5643 inrlidit;
2772 5596 2943 5649 quare
2960 5580 3129 5632 etiam
3146 5580 3345 5632 Filium
3370 5588 3422 5633 et
3438 5581 3570 5634 Ver-

1941 5668 2072 5721 bum
2104 5670 2196 5722 Dei
2216 5670 2569 5723 incarnatum
2596 5685 2691 5737 pro
2721 5683 2874 5719 mero
2902 5666 3130 5718 homine
3162 5666 3372 5719 habens
3396 5666 3567 5719 homo

1942 5755 2305 5819 miserrimus,
2364 5764 2618 5809 sanctam
2650 5755 2943 5822 Deiparam
2978 5752 3156 5805 noluit
3186 5768 3281 5821 pro
3329 5753 3567 5821 Deipara

1942 5842 2164 5896 habere.
2216 5843 2509 5910 Quartam,
2556 5844 2687 5913 quia
2737 5839 3096 5909 Eulychetem
3130 5845 3184 5892 et
3216 5840 3562 5903 Dioscorum,

1942 5934 1998 5982 et
2055 5931 2346 5984 scelestam
2407 5948 2598 5985 eorum
2649 5929 2940 5984 stultitiam
3013 5943 3139 5979 cum
3199 5927 3566 5979 sectatoribus

1944 6016 2460 6071 auathematizavit.
2519 6017 2756 6072 Carnem
2789 6015 2937 6067 enim
2974 6013 3323 6067 Dominicam
3359 6018 3563 6067 nostra
