  <div class='ocr_page' id='page_1' title='image "/cluster/home/n/w/nwhite01/storage/ocr_20150623/102/nnc1.0046979620/523.png"; bbox 0 0 4236 6436; ppageno 0'>
   <div class='ocr_carea' id='block_1_1' title="bbox 616 352 751 407">
    <p class='ocr_par' dir='ltr' id='par_1_1' title="bbox 616 352 751 407">
     <span class='ocr_line' id='line_1_1' title="bbox 616 352 751 407; baseline 0 -1"><span class='ocrx_word' id='word_1_1' title='bbox 616 352 751 407; x_wconf 79' lang='grc'><strong><em>1023</em></strong></span> 
     </span>
    </p>
   </div>
   <div class='ocr_carea' id='block_1_2' title="bbox 2078 351 2438 406">
    <p class='ocr_par' dir='ltr' id='par_1_2' title="bbox 2078 351 2438 406">
     <span class='ocr_line' id='line_1_2' title="bbox 2078 351 2438 406; baseline 0 0"><span class='ocrx_word' id='word_1_2' title='bbox 2078 351 2438 406; x_wconf 80' lang='lat' dir='ltr'><strong><em>ADDENDA.</em></strong></span> 
     </span>
    </p>
   </div>
   <div class='ocr_carea' id='block_1_3' title="bbox 3781 355 3919 409">
    <p class='ocr_par' dir='ltr' id='par_1_3' title="bbox 3781 355 3919 409">
     <span class='ocr_line' id='line_1_3' title="bbox 3781 355 3919 409; baseline 0 0"><span class='ocrx_word' id='word_1_3' title='bbox 3781 355 3919 409; x_wconf 71' lang='grc'><strong><em>1024</em></strong></span> 
     </span>
    </p>
   </div>
   <div class='ocr_carea' id='block_1_4' title="bbox 614 472 2239 548">
    <p class='ocr_par' dir='ltr' id='par_1_4' title="bbox 614 472 2227 543">
     <span class='ocr_line' id='line_1_4' title="bbox 614 472 2227 543; baseline -0.001 -13"><span class='ocrx_word' id='word_1_4' title='bbox 614 473 946 530; x_wconf 77' lang='lat' dir='ltr'><strong><em>dissimilem</em></strong></span> <span class='ocrx_word' id='word_1_5' title='bbox 1015 488 1133 525; x_wconf 87' lang='lat' dir='ltr'><strong>esse</strong></span> <span class='ocrx_word' id='word_1_6' title='bbox 1190 472 1573 534; x_wconf 88' lang='lat' dir='ltr'><strong>somniabant,</strong></span> <span class='ocrx_word' id='word_1_7' title='bbox 1622 473 1904 527; x_wconf 88' lang='lat' dir='ltr'><strong>unitatem</strong></span> <span class='ocrx_word' id='word_1_8' title='bbox 1963 490 2130 543; x_wconf 93' lang='lat' dir='ltr'><strong>porro</strong></span> <span class='ocrx_word' id='word_1_9' title='bbox 2161 490 2227 528; x_wconf 87' lang='lat' dir='ltr'><strong><em>ex</em></strong></span> 
     </span>
    </p>
   </div>
   <div class='ocr_carea' id='block_1_5' title="bbox 2337 472 3919 548">
    <p class='ocr_par' dir='ltr' id='par_1_5' title="bbox 2339 474 3919 548">
     <span class='ocr_line' id='line_1_5' title="bbox 2339 474 3919 548; baseline 0.002 -24"><span class='ocrx_word' id='word_1_10' title='bbox 2339 474 2623 544; x_wconf 81' lang='grc' dir='ltr'><strong><em>ὀνειρωξας,</em></strong></span> <span class='ocrx_word' id='word_1_11' title='bbox 2679 475 2970 536; x_wconf 74' lang='grc' dir='ltr'><strong><em>ἀκολούθως</em></strong></span> <span class='ocrx_word' id='word_1_12' title='bbox 3020 478 3045 525; x_wconf 91' lang='grc' dir='ltr'><strong><em>ό</em></strong></span> <span class='ocrx_word' id='word_1_13' title='bbox 3099 478 3397 548; x_wconf 77' lang='grc' dir='ltr'><strong><em>τρισάθλιος</em></strong></span> <span class='ocrx_word' id='word_1_14' title='bbox 3446 477 3615 528; x_wconf 87' lang='grc' dir='ltr'><strong><em>καλεῖν</em></strong></span> <span class='ocrx_word' id='word_1_15' title='bbox 3646 486 3738 533; x_wconf 82' lang='grc' dir='ltr'><strong><em>τῆν</em></strong></span> <span class='ocrx_word' id='word_1_16' title='bbox 3790 499 3919 527; x_wconf 82' lang='grc' dir='ltr'><strong><em>παν-</em></strong></span> 
     </span>
    </p>
   </div>
   <div class='ocr_carea' id='block_1_6' title="bbox 614 559 2229 628">
    <p class='ocr_par' dir='ltr' id='par_1_6' title="bbox 614 559 2229 628">
     <span class='ocr_line' id='line_1_6' title="bbox 614 559 2229 628; baseline -0.001 -12"><span class='ocrx_word' id='word_1_17' title='bbox 614 562 829 616; x_wconf 87' lang='lat' dir='ltr'><strong>duabus</strong></span> <span class='ocrx_word' id='word_1_18' title='bbox 859 560 1073 613; x_wconf 88' lang='lat' dir='ltr'><strong>naturis</strong></span> <span class='ocrx_word' id='word_1_19' title='bbox 1090 559 1561 628; x_wconf 85' lang='lat' dir='ltr'><strong>proﬁciscentem,</strong></span> <span class='ocrx_word' id='word_1_20' title='bbox 1594 560 1651 613; x_wconf 93' lang='lat' dir='ltr'><strong><em>in</em></strong></span> <span class='ocrx_word' id='word_1_21' title='bbox 1675 577 1844 614; x_wconf 90' lang='lat' dir='ltr'><strong>unam</strong></span> <span class='ocrx_word' id='word_1_22' title='bbox 1887 562 2088 615; x_wconf 90' lang='lat' dir='ltr'><strong>deinde</strong></span> <span class='ocrx_word' id='word_1_23' title='bbox 2130 577 2229 615; x_wconf 86' lang='lat' dir='ltr'><strong>na-</strong></span> 
     </span>
    </p>
   </div>
   <div class='ocr_carea' id='block_1_7' title="bbox 614 646 2227 715">
    <p class='ocr_par' dir='ltr' id='par_1_7' title="bbox 614 646 2227 715">
     <span class='ocr_line' id='line_1_7' title="bbox 614 646 2227 715; baseline -0.001 -13"><span class='ocrx_word' id='word_1_24' title='bbox 614 655 798 702; x_wconf 89' lang='lat' dir='ltr'><strong>turam</strong></span> <span class='ocrx_word' id='word_1_25' title='bbox 822 647 1148 707; x_wconf 87' lang='lat' dir='ltr'><strong>conflatam,</strong></span> <span class='ocrx_word' id='word_1_26' title='bbox 1185 646 1434 700; x_wconf 77' lang='lat' dir='ltr'><strong><em>neutrius</em></strong></span> <span class='ocrx_word' id='word_1_27' title='bbox 1464 648 1785 715; x_wconf 86' lang='lat' dir='ltr'><strong>qualitates,</strong></span> <span class='ocrx_word' id='word_1_28' title='bbox 1825 665 1927 702; x_wconf 91' lang='lat' dir='ltr'><strong><em>nec</em></strong></span> <span class='ocrx_word' id='word_1_29' title='bbox 1954 649 2227 715; x_wconf 87' lang='lat' dir='ltr'><strong>divinam,</strong></span> 
     </span>
    </p>
   </div>
   <div class='ocr_carea' id='block_1_8' title="bbox 615 736 2226 805">
    <p class='ocr_par' dir='ltr' id='par_1_8' title="bbox 615 736 2226 805">
     <span class='ocr_line' id='line_1_8' title="bbox 615 736 2226 805; baseline -0.001 -14"><span class='ocrx_word' id='word_1_30' title='bbox 615 753 719 791; x_wconf 91' lang='lat' dir='ltr'><strong><em>nec</em></strong></span> <span class='ocrx_word' id='word_1_31' title='bbox 751 737 1060 788; x_wconf 82' lang='lat' dir='ltr'><strong><em>humanam</em></strong></span> <span class='ocrx_word' id='word_1_32' title='bbox 1114 749 1493 789; x_wconf 80' lang='lat' dir='ltr'><strong><em>conservasse.</em></strong></span> <span class='ocrx_word' id='word_1_33' title='bbox 1537 736 1823 798; x_wconf 82' lang='lat' dir='ltr'><strong>Quintam,</strong></span> <span class='ocrx_word' id='word_1_34' title='bbox 1873 737 2006 805; x_wconf 91' lang='lat' dir='ltr'><strong>quia</strong></span> <span class='ocrx_word' id='word_1_35' title='bbox 2054 736 2226 805; x_wconf 90' lang='lat' dir='ltr'><strong>plane</strong></span> 
     </span>
    </p>
   </div>
   <div class='ocr_carea' id='block_1_9' title="bbox 614 821 2229 891">
    <p class='ocr_par' dir='ltr' id='par_1_9' title="bbox 614 821 2229 891">
     <span class='ocr_line' id='line_1_9' title="bbox 614 821 2229 891; baseline -0.001 -14"><span class='ocrx_word' id='word_1_36' title='bbox 614 823 940 891; x_wconf 83' lang='lat' dir='ltr'><strong>exstirpavit</strong></span> <span class='ocrx_word' id='word_1_37' title='bbox 964 824 1232 891; x_wconf 77' lang='lat' dir='ltr'><strong><em>dogmata</em></strong></span> <span class='ocrx_word' id='word_1_38' title='bbox 1262 821 1483 874; x_wconf 89' lang='lat' dir='ltr'><strong>funesta</strong></span> <span class='ocrx_word' id='word_1_39' title='bbox 1509 827 1564 874; x_wconf 91' lang='lat' dir='ltr'><strong><em>et</em></strong></span> <span class='ocrx_word' id='word_1_40' title='bbox 1584 822 1639 874; x_wconf 91' lang='lat' dir='ltr'><strong><em>in</em></strong></span> <span class='ocrx_word' id='word_1_41' title='bbox 1671 822 1965 875; x_wconf 88' lang='lat' dir='ltr'><strong>hominum</strong></span> <span class='ocrx_word' id='word_1_42' title='bbox 1997 823 2229 876; x_wconf 80' lang='lat' dir='ltr'><strong><em>exitium</em></strong></span> 
     </span>
    </p>
   </div>
   <div class='ocr_carea' id='block_1_10' title="bbox 613 908 2225 979">
    <p class='ocr_par' dir='ltr' id='par_1_10' title="bbox 613 908 2225 979">
     <span class='ocr_line' id='line_1_10' title="bbox 613 908 2225 979; baseline -0.002 -14"><span class='ocrx_word' id='word_1_43' title='bbox 613 916 747 965; x_wconf 87' lang='lat' dir='ltr'><strong>nata</strong></span> <span class='ocrx_word' id='word_1_44' title='bbox 788 910 943 979; x_wconf 91' lang='lat' dir='ltr'><strong>impii</strong></span> <span class='ocrx_word' id='word_1_45' title='bbox 972 908 1228 971; x_wconf 87' lang='lat' dir='ltr'><strong>Nestorii,</strong></span> <span class='ocrx_word' id='word_1_46' title='bbox 1260 908 1351 977; x_wconf 92' lang='lat' dir='ltr'><strong><em>qui</em></strong></span> <span class='ocrx_word' id='word_1_47' title='bbox 1416 910 1719 962; x_wconf 88' lang='lat' dir='ltr'><strong>Ecclesiam</strong></span> <span class='ocrx_word' id='word_1_48' title='bbox 1749 910 1894 964; x_wconf 89' lang='lat' dir='ltr'><strong>male</strong></span> <span class='ocrx_word' id='word_1_49' title='bbox 1943 912 2225 979; x_wconf 88' lang='lat' dir='ltr'><strong>guberna-</strong></span> 
     </span>
    </p>
   </div>
   <div class='ocr_carea' id='block_1_11' title="bbox 615 996 2228 1063">
    <p class='ocr_par' dir='ltr' id='par_1_11' title="bbox 615 996 2228 1063">
     <span class='ocr_line' id='line_1_11' title="bbox 615 996 2228 1063; baseline -0.001 -12"><span class='ocrx_word' id='word_1_50' title='bbox 615 999 693 1051; x_wconf 89' lang='lat' dir='ltr'><strong><em>vit</em></strong></span> <span class='ocrx_word' id='word_1_51' title='bbox 728 1021 737 1061; x_wconf 88' lang='lat'><strong>;</strong></span> <span class='ocrx_word' id='word_1_52' title='bbox 774 998 902 1051; x_wconf 90' lang='lat' dir='ltr'><strong>dein</strong></span> <span class='ocrx_word' id='word_1_53' title='bbox 969 996 1241 1049; x_wconf 82' lang='lat' dir='ltr'><strong>Theodori</strong></span> <span class='ocrx_word' id='word_1_54' title='bbox 1270 996 1627 1063; x_wconf 77' lang='lat' dir='ltr'><strong>Mapsuestini</strong></span> <span class='ocrx_word' id='word_1_55' title='bbox 1688 1013 1797 1050; x_wconf 91' lang='lat' dir='ltr'><strong><em>non</em></strong></span> <span class='ocrx_word' id='word_1_56' title='bbox 1834 998 2040 1050; x_wconf 90' lang='lat' dir='ltr'><strong>minori</strong></span> <span class='ocrx_word' id='word_1_57' title='bbox 2102 1014 2228 1050; x_wconf 92' lang='lat' dir='ltr'><strong><em>cum</em></strong></span> 
     </span>
    </p>
   </div>
   <div class='ocr_carea' id='block_1_12' title="bbox 618 1084 2228 1155">
    <p class='ocr_par' dir='ltr' id='par_1_12' title="bbox 618 1084 2228 1155">
     <span class='ocr_line' id='line_1_12' title="bbox 618 1084 2228 1155; baseline -0.001 -16"><span class='ocrx_word' id='word_1_58' title='bbox 618 1087 908 1155; x_wconf 87' lang='lat' dir='ltr'><strong>impietate</strong></span> <span class='ocrx_word' id='word_1_59' title='bbox 947 1084 1187 1153; x_wconf 83' lang='lat' dir='ltr'><strong>episcopi</strong></span> <span class='ocrx_word' id='word_1_60' title='bbox 1230 1088 1415 1151; x_wconf 91' lang='lat' dir='ltr'><strong>partes</strong></span> <span class='ocrx_word' id='word_1_61' title='bbox 1469 1084 1685 1153; x_wconf 79' lang='lat' dir='ltr'><strong>agentis</strong></span> <span class='ocrx_word' id='word_1_62' title='bbox 1715 1101 1918 1137; x_wconf 89' lang='lat' dir='ltr'><strong>vanam</strong></span> <span class='ocrx_word' id='word_1_63' title='bbox 1970 1085 2228 1138; x_wconf 72' lang='lat' dir='ltr'><strong>haeresim</strong></span> 
     </span>
    </p>
   </div>
   <div class='ocr_carea' id='block_1_13' title="bbox 612 1172 2228 1241">
    <p class='ocr_par' dir='ltr' id='par_1_13' title="bbox 612 1172 2228 1241">
     <span class='ocr_line' id='line_1_13' title="bbox 612 1172 2228 1241; baseline -0.002 -14"><span class='ocrx_word' id='word_1_64' title='bbox 612 1173 933 1227; x_wconf 86' lang='lat' dir='ltr'><strong>eradicavit.</strong></span> <span class='ocrx_word' id='word_1_65' title='bbox 955 1173 1074 1225; x_wconf 70' lang='lat' dir='ltr'><strong>Haec</strong></span> <span class='ocrx_word' id='word_1_66' title='bbox 1097 1173 1292 1224; x_wconf 90' lang='lat' dir='ltr'><strong>eadem</strong></span> <span class='ocrx_word' id='word_1_67' title='bbox 1307 1172 1552 1239; x_wconf 81' lang='lat' dir='ltr'><strong>synodus</strong></span> <span class='ocrx_word' id='word_1_68' title='bbox 1570 1172 2228 1241; x_wconf 89' lang='lat' dir='ltr'><strong>Origenem,Didymum,</strong></span> 
     </span>
    </p>
   </div>
   <div class='ocr_carea' id='block_1_14' title="bbox 616 1258 2230 1329">
    <p class='ocr_par' dir='ltr' id='par_1_14' title="bbox 616 1258 2230 1329">
     <span class='ocr_line' id='line_1_14' title="bbox 616 1258 2230 1329; baseline -0.001 -15"><span class='ocrx_word' id='word_1_69' title='bbox 616 1262 934 1329; x_wconf 84' lang='lat' dir='ltr'><strong>Evagrium,</strong></span> <span class='ocrx_word' id='word_1_70' title='bbox 958 1259 1048 1328; x_wconf 88' lang='lat' dir='ltr'><strong>qui</strong></span> <span class='ocrx_word' id='word_1_71' title='bbox 1086 1258 1497 1327; x_wconf 80' lang='lat' dir='ltr'><strong>philosophiam</strong></span> <span class='ocrx_word' id='word_1_72' title='bbox 1518 1259 1890 1327; x_wconf 66' lang='lat' dir='ltr'><strong>graecanicam</strong></span> <span class='ocrx_word' id='word_1_73' title='bbox 1909 1260 2150 1328; x_wconf 77' lang='lat' dir='ltr'><strong>amplexi</strong></span> <span class='ocrx_word' id='word_1_74' title='bbox 2176 1260 2230 1312; x_wconf 91' lang='lat' dir='ltr'><strong><em>in</em></strong></span> 
     </span>
    </p>
   </div>
   <div class='ocr_carea' id='block_1_15' title="bbox 616 1346 2229 1418">
    <p class='ocr_par' dir='ltr' id='par_1_15' title="bbox 616 1346 2229 1418">
     <span class='ocr_line' id='line_1_15' title="bbox 616 1346 2229 1418; baseline -0.001 -16"><span class='ocrx_word' id='word_1_75' title='bbox 616 1348 921 1418; x_wconf 84' lang='lat' dir='ltr'><strong>impietatis</strong></span> <span class='ocrx_word' id='word_1_76' title='bbox 978 1350 1238 1415; x_wconf 80' lang='lat' dir='ltr'><strong>abyssum</strong></span> <span class='ocrx_word' id='word_1_77' title='bbox 1292 1346 1671 1409; x_wconf 84' lang='lat' dir='ltr'><strong>conciderant,</strong></span> <span class='ocrx_word' id='word_1_78' title='bbox 1714 1347 2229 1401; x_wconf 78' lang='lat' dir='ltr'><strong>anathematizavit.</strong></span> 
     </span>
    </p>
   </div>
   <div class='ocr_carea' id='block_1_16' title="bbox 618 1434 2233 1502">
    <p class='ocr_par' dir='ltr' id='par_1_16' title="bbox 618 1434 2233 1502">
     <span class='ocr_line' id='line_1_16' title="bbox 618 1434 2233 1502; baseline -0.002 -13"><span class='ocrx_word' id='word_1_79' title='bbox 618 1437 833 1490; x_wconf 90' lang='lat' dir='ltr'><strong>Gradus</strong></span> <span class='ocrx_word' id='word_1_80' title='bbox 865 1451 1106 1502; x_wconf 87' lang='lat' dir='ltr'><strong>namque</strong></span> <span class='ocrx_word' id='word_1_81' title='bbox 1136 1434 1464 1489; x_wconf 86' lang='lat' dir='ltr'><strong>divinitatis.</strong></span> <span class='ocrx_word' id='word_1_82' title='bbox 1520 1438 1573 1487; x_wconf 92' lang='lat' dir='ltr'><strong><em>et</em></strong></span> <span class='ocrx_word' id='word_1_83' title='bbox 1602 1435 1921 1487; x_wconf 88' lang='lat' dir='ltr'><strong>animarum</strong></span> <span class='ocrx_word' id='word_1_84' title='bbox 1980 1434 2233 1502; x_wconf 64' lang='lat' dir='ltr'><strong>praeexsi-</strong></span> 
     </span>
    </p>
   </div>
   <div class='ocr_carea' id='block_1_17' title="bbox 614 1522 2231 1589">
    <p class='ocr_par' dir='ltr' id='par_1_17' title="bbox 614 1522 2231 1589">
     <span class='ocr_line' id='line_1_17' title="bbox 614 1522 2231 1589; baseline -0.002 -13"><span class='ocrx_word' id='word_1_85' title='bbox 614 1525 877 1577; x_wconf 88' lang='lat' dir='ltr'><strong>stentiam</strong></span> <span class='ocrx_word' id='word_1_86' title='bbox 911 1538 1219 1589; x_wconf 90' lang='lat' dir='ltr'><strong>earumque</strong></span> <span class='ocrx_word' id='word_1_87' title='bbox 1251 1537 1378 1573; x_wconf 82' lang='lat' dir='ltr'><strong><em>cum</em></strong></span> <span class='ocrx_word' id='word_1_88' title='bbox 1402 1522 1642 1574; x_wconf 90' lang='lat' dir='ltr'><strong>Numine</strong></span> <span class='ocrx_word' id='word_1_89' title='bbox 1667 1523 2028 1574; x_wconf 89' lang='lat' dir='ltr'><strong>concordiam</strong></span> <span class='ocrx_word' id='word_1_90' title='bbox 2045 1528 2100 1574; x_wconf 90' lang='lat' dir='ltr'><strong><em>et</em></strong></span> <span class='ocrx_word' id='word_1_91' title='bbox 2127 1522 2231 1573; x_wconf 90' lang='lat' dir='ltr'><strong>dis-</strong></span> 
     </span>
    </p>
   </div>
   <div class='ocr_carea' id='block_1_18' title="bbox 616 1608 2235 1676">
    <p class='ocr_par' dir='ltr' id='par_1_18' title="bbox 616 1608 2235 1676">
     <span class='ocr_line' id='line_1_18' title="bbox 616 1608 2235 1676; baseline -0.002 -13"><span class='ocrx_word' id='word_1_92' title='bbox 616 1610 865 1664; x_wconf 89' lang='lat' dir='ltr'><strong>cordiam</strong></span> <span class='ocrx_word' id='word_1_93' title='bbox 899 1610 1190 1675; x_wconf 88' lang='lat' dir='ltr'><strong>ﬁngentes,</strong></span> <span class='ocrx_word' id='word_1_94' title='bbox 1220 1624 1424 1675; x_wconf 86' lang='lat' dir='ltr'><strong>easque</strong></span> <span class='ocrx_word' id='word_1_95' title='bbox 1451 1608 1505 1659; x_wconf 93' lang='lat' dir='ltr'><strong>in</strong></span> <span class='ocrx_word' id='word_1_96' title='bbox 1537 1610 1754 1661; x_wconf 88' lang='lat' dir='ltr'><strong>diversa</strong></span> <span class='ocrx_word' id='word_1_97' title='bbox 1780 1626 2011 1676; x_wconf 86' lang='lat' dir='ltr'><strong>corpora</strong></span> <span class='ocrx_word' id='word_1_98' title='bbox 2048 1614 2235 1660; x_wconf 89' lang='lat' dir='ltr'><strong>trans-</strong></span> 
     </span>
    </p>
   </div>
   <div class='ocr_carea' id='block_1_19' title="bbox 617 1694 2231 1767">
    <p class='ocr_par' dir='ltr' id='par_1_19' title="bbox 617 1694 2231 1767">
     <span class='ocr_line' id='line_1_19' title="bbox 617 1694 2231 1767; baseline -0.002 -16"><span class='ocrx_word' id='word_1_99' title='bbox 617 1705 905 1767; x_wconf 90' lang='lat' dir='ltr'><strong>ponentes,</strong></span> <span class='ocrx_word' id='word_1_100' title='bbox 958 1712 1245 1763; x_wconf 69' lang='lat' dir='ltr'><strong>pmnarum</strong></span> <span class='ocrx_word' id='word_1_101' title='bbox 1293 1694 1534 1763; x_wconf 89' lang='lat' dir='ltr'><strong>denique</strong></span> <span class='ocrx_word' id='word_1_102' title='bbox 1588 1696 1759 1748; x_wconf 87' lang='lat' dir='ltr'><strong>ﬁnem</strong></span> <span class='ocrx_word' id='word_1_103' title='bbox 1810 1702 1866 1748; x_wconf 91' lang='lat' dir='ltr'><strong><em>et</em></strong></span> <span class='ocrx_word' id='word_1_104' title='bbox 1907 1697 2231 1749; x_wconf 69' lang='lat' dir='ltr'><strong>daemonum</strong></span> 
     </span>
    </p>
   </div>
   <div class='ocr_carea' id='block_1_20' title="bbox 618 1782 2233 1851">
    <p class='ocr_par' dir='ltr' id='par_1_20' title="bbox 618 1782 2233 1851">
     <span class='ocr_line' id='line_1_20' title="bbox 618 1782 2233 1851; baseline -0.002 -12"><span class='ocrx_word' id='word_1_105' title='bbox 618 1784 991 1839; x_wconf 85' lang='lat' dir='ltr'><strong>defectionem</strong></span> <span class='ocrx_word' id='word_1_106' title='bbox 1016 1782 1173 1851; x_wconf 89' lang='lat' dir='ltr'><strong>quasi</strong></span> <span class='ocrx_word' id='word_1_107' title='bbox 1195 1783 1568 1845; x_wconf 89' lang='lat' dir='ltr'><strong>ruminantes,</strong></span> <span class='ocrx_word' id='word_1_108' title='bbox 1599 1782 1747 1835; x_wconf 91' lang='lat' dir='ltr'><strong>ultra</strong></span> <span class='ocrx_word' id='word_1_109' title='bbox 1774 1784 2002 1836; x_wconf 89' lang='lat' dir='ltr'><strong>modum</strong></span> <span class='ocrx_word' id='word_1_110' title='bbox 2030 1783 2233 1835; x_wconf 86' lang='lat' dir='ltr'><strong>fabulis</strong></span> 
     </span>
    </p>
   </div>
   <div class='ocr_carea' id='block_1_21' title="bbox 2340 563 3916 635">
    <p class='ocr_par' dir='ltr' id='par_1_21' title="bbox 2340 563 3916 635">
     <span class='ocr_line' id='line_1_21' title="bbox 2340 563 3916 635; baseline 0.003 -24"><span class='ocrx_word' id='word_1_111' title='bbox 2340 567 2490 630; x_wconf 85' lang='grc' dir='ltr'><strong><em>αγίαν</em></strong></span> <span class='ocrx_word' id='word_1_112' title='bbox 2531 567 2799 624; x_wconf 88' lang='grc' dir='ltr'><strong><em>Θεοτόκον,</em></strong></span> <span class='ocrx_word' id='word_1_113' title='bbox 2865 567 3113 615; x_wconf 88' lang='grc' dir='ltr'><strong><em>Θεοτόκον</em></strong></span> <span class='ocrx_word' id='word_1_114' title='bbox 3167 570 3376 634; x_wconf 82' lang='grc' dir='ltr'><strong><em>κυρίως,</em></strong></span> <span class='ocrx_word' id='word_1_115' title='bbox 3428 563 3783 635; x_wconf 79' lang='grc' dir='ltr'><strong><em>ἀπηρνησατο.</em></strong></span> <span class='ocrx_word' id='word_1_116' title='bbox 3819 572 3916 621; x_wconf 74' lang='grc' dir='ltr'><strong><em>Τήν</em></strong></span> 
     </span>
    </p>
   </div>
   <div class='ocr_carea' id='block_1_22' title="bbox 2340 646 3915 721">
    <p class='ocr_par' dir='ltr' id='par_1_22' title="bbox 2340 646 3915 721">
     <span class='ocr_line' id='line_1_22' title="bbox 2340 646 3915 721; baseline 0.001 -22"><span class='ocrx_word' id='word_1_117' title='bbox 2340 646 2397 700; x_wconf 80' lang='grc' dir='ltr'><strong><em>δε</em></strong></span> <span class='ocrx_word' id='word_1_118' title='bbox 2425 652 2689 719; x_wconf 74' lang='grc' dir='ltr'><strong><em>τετάρτην,</em></strong></span> <span class='ocrx_word' id='word_1_119' title='bbox 2739 653 2807 709; x_wconf 81' lang='grc' dir='ltr'><strong><em>ὡς</em></strong></span> <span class='ocrx_word' id='word_1_120' title='bbox 2840 654 2926 700; x_wconf 91' lang='grc' dir='ltr'><strong><em>τόν</em></strong></span> <span class='ocrx_word' id='word_1_121' title='bbox 2962 648 3207 720; x_wconf 72' lang='grc' dir='ltr'><strong><em>δυστυχῆ</em></strong></span> <span class='ocrx_word' id='word_1_122' title='bbox 3259 652 3471 721; x_wconf 76' lang='grc' dir='ltr'><strong><em>Εὐτυχῆ</em></strong></span> <span class='ocrx_word' id='word_1_123' title='bbox 3519 658 3607 703; x_wconf 83' lang='grc' dir='ltr'><strong><em>καὶ</em></strong></span> <span class='ocrx_word' id='word_1_124' title='bbox 3638 658 3915 721; x_wconf 80' lang='grc' dir='ltr'><strong><em>Διόσκορον</em></strong></span> 
     </span>
    </p>
   </div>
   <div class='ocr_carea' id='block_1_23' title="bbox 2336 736 3917 809">
    <p class='ocr_par' dir='ltr' id='par_1_23' title="bbox 2336 736 3917 809">
     <span class='ocr_line' id='line_1_23' title="bbox 2336 736 3917 809; baseline 0.003 -24"><span class='ocrx_word' id='word_1_125' title='bbox 2336 740 2419 786; x_wconf 89' lang='grc' dir='ltr'><strong><em>τόν</em></strong></span> <span class='ocrx_word' id='word_1_126' title='bbox 2471 736 2734 809; x_wconf 79' lang='grc' dir='ltr'><strong><em>ἀλάστορα</em></strong></span> <span class='ocrx_word' id='word_1_127' title='bbox 2784 738 3151 809; x_wconf 68' lang='grc' dir='ltr'><strong><em>διαταράξασαν</em></strong></span> <span class='ocrx_word' id='word_1_128' title='bbox 3189 744 3274 788; x_wconf 76' lang='grc' dir='ltr'><strong><em>καί</em></strong></span> <span class='ocrx_word' id='word_1_129' title='bbox 3311 738 3758 807; x_wconf 83' lang='grc' dir='ltr'><strong><em>ἀναθεματίσασαν</em></strong></span> <span class='ocrx_word' id='word_1_130' title='bbox 3786 743 3917 808; x_wconf 86' lang='grc' dir='ltr'><strong><em>μετὰ</em></strong></span> 
     </span>
    </p>
   </div>
   <div class='ocr_carea' id='block_1_24' title="bbox 2336 822 3916 895">
    <p class='ocr_par' dir='ltr' id='par_1_24' title="bbox 2336 822 3916 895">
     <span class='ocr_line' id='line_1_24' title="bbox 2336 822 3916 895; baseline 0.002 -21"><span class='ocrx_word' id='word_1_131' title='bbox 2336 832 2423 883; x_wconf 81' lang='grc' dir='ltr'><strong><em>τῆς</em></strong></span> <span class='ocrx_word' id='word_1_132' title='bbox 2478 822 2872 893; x_wconf 85' lang='grc' dir='ltr'><strong><em>φαντασιωδους</em></strong></span> <span class='ocrx_word' id='word_1_133' title='bbox 2919 825 3079 875; x_wconf 68' lang='grc' dir='ltr'><strong><em>αὐτῶν</em></strong></span> <span class='ocrx_word' id='word_1_134' title='bbox 3140 825 3527 895; x_wconf 71' lang='grc' dir='ltr'><strong><em>φρενοϐλαϐείας</em></strong></span> <span class='ocrx_word' id='word_1_135' title='bbox 3597 832 3683 877; x_wconf 75' lang='grc' dir='ltr'><strong><em>καὶ</em></strong></span> <span class='ocrx_word' id='word_1_136' title='bbox 3739 831 3916 887; x_wconf 85' lang='grc' dir='ltr'><strong><em>πάσης</em></strong></span> 
     </span>
    </p>
   </div>
   <div class='ocr_carea' id='block_1_25' title="bbox 2339 912 3911 984">
    <p class='ocr_par' dir='ltr' id='par_1_25' title="bbox 2339 912 3911 984">
     <span class='ocr_line' id='line_1_25' title="bbox 2339 912 3911 984; baseline 0.002 -24"><span class='ocrx_word' id='word_1_137' title='bbox 2339 912 2502 961; x_wconf 70' lang='grc' dir='ltr'><strong><em>αὐτῶν</em></strong></span> <span class='ocrx_word' id='word_1_138' title='bbox 2541 920 2631 969; x_wconf 79' lang='grc' dir='ltr'><strong><em>τῆς</em></strong></span> <span class='ocrx_word' id='word_1_139' title='bbox 2663 918 2956 981; x_wconf 75' lang='grc' dir='ltr'><strong><em>συμμορίας</em></strong></span> <span class='ocrx_word' id='word_1_140' title='bbox 2989 934 3000 944; x_wconf 91' lang='grc'>·</span> <span class='ocrx_word' id='word_1_141' title='bbox 3032 918 3122 968; x_wconf 76' lang='grc' dir='ltr'><strong><em>την</em></strong></span> <span class='ocrx_word' id='word_1_142' title='bbox 3164 916 3263 984; x_wconf 82' lang='grc' dir='ltr'><strong><em>γὰρ</em></strong></span> <span class='ocrx_word' id='word_1_143' title='bbox 3294 921 3385 963; x_wconf 87' lang='grc' dir='ltr'><strong><em>τοῦ</em></strong></span> <span class='ocrx_word' id='word_1_144' title='bbox 3420 918 3609 983; x_wconf 78' lang='grc' dir='ltr'><strong><em>Κυρίου</em></strong></span> <span class='ocrx_word' id='word_1_145' title='bbox 3644 916 3811 983; x_wconf 83' lang='grc' dir='ltr'><strong><em>σάρκα</em></strong></span> <span class='ocrx_word' id='word_1_146' title='bbox 3841 919 3911 981; x_wconf 77' lang='grc' dir='ltr'><strong><em>μή</em></strong></span> 
     </span>
    </p>
   </div>
   <div class='ocr_carea' id='block_1_26' title="bbox 2341 996 3915 1071">
    <p class='ocr_par' dir='ltr' id='par_1_26' title="bbox 2341 996 3915 1071">
     <span class='ocr_line' id='line_1_26' title="bbox 2341 996 3915 1071; baseline 0.001 -22"><span class='ocrx_word' id='word_1_147' title='bbox 2341 997 2464 1049; x_wconf 83' lang='grc' dir='ltr'><strong><em>εἶναι</em></strong></span> <span class='ocrx_word' id='word_1_148' title='bbox 2517 1001 2637 1068; x_wconf 79' lang='grc' dir='ltr'><strong><em>ἡμῖν</em></strong></span> <span class='ocrx_word' id='word_1_149' title='bbox 2694 1002 2965 1069; x_wconf 90' lang='grc' dir='ltr'><strong><em>όμοούσιον</em></strong></span> <span class='ocrx_word' id='word_1_150' title='bbox 3027 996 3335 1071; x_wconf 71' lang='grc' dir='ltr'><strong><em>εληρῲδουν,</em></strong></span> <span class='ocrx_word' id='word_1_151' title='bbox 3391 999 3493 1050; x_wconf 87' lang='grc' dir='ltr'><strong><em>ἀλλ’</em></strong></span> <span class='ocrx_word' id='word_1_152' title='bbox 3560 1000 3613 1050; x_wconf 70' lang='grc' dir='ltr'><strong><em>ἐκ</em></strong></span> <span class='ocrx_word' id='word_1_153' title='bbox 3678 997 3774 1051; x_wconf 87' lang='grc' dir='ltr'><strong><em>δύο</em></strong></span> <span class='ocrx_word' id='word_1_154' title='bbox 3827 1006 3915 1069; x_wconf 80' lang='grc' dir='ltr'><strong><em>μεν</em></strong></span> 
     </span>
    </p>
   </div>
   <div class='ocr_carea' id='block_1_27' title="bbox 2340 1084 3916 1156">
    <p class='ocr_par' dir='ltr' id='par_1_27' title="bbox 2340 1084 3916 1156">
     <span class='ocr_line' id='line_1_27' title="bbox 2340 1084 3916 1156; baseline 0.002 -21"><span class='ocrx_word' id='word_1_155' title='bbox 2340 1090 2534 1155; x_wconf 91' lang='grc' dir='ltr'><strong><em>φύσεων</em></strong></span> <span class='ocrx_word' id='word_1_156' title='bbox 2590 1092 2681 1141; x_wconf 79' lang='grc' dir='ltr'><strong><em>τὴν</em></strong></span> <span class='ocrx_word' id='word_1_157' title='bbox 2732 1089 2911 1137; x_wconf 88' lang='grc' dir='ltr'><strong><em>ἐνωσιν</em></strong></span> <span class='ocrx_word' id='word_1_158' title='bbox 2965 1089 3222 1155; x_wconf 88' lang='grc' dir='ltr'><strong><em>γενέσθαι,</em></strong></span> <span class='ocrx_word' id='word_1_159' title='bbox 3271 1088 3340 1147; x_wconf 82' lang='grc' dir='ltr'><strong><em>εἰς</em></strong></span> <span class='ocrx_word' id='word_1_160' title='bbox 3390 1093 3509 1156; x_wconf 91' lang='grc' dir='ltr'><strong><em>μίαν</em></strong></span> <span class='ocrx_word' id='word_1_161' title='bbox 3542 1084 3598 1139; x_wconf 83' lang='grc' dir='ltr'><strong><em>δε</em></strong></span> <span class='ocrx_word' id='word_1_162' title='bbox 3650 1092 3778 1156; x_wconf 87' lang='grc' dir='ltr'><strong><em>μετά</em></strong></span> <span class='ocrx_word' id='word_1_163' title='bbox 3829 1094 3916 1144; x_wconf 81' lang='grc' dir='ltr'><strong><em>την</em></strong></span> 
     </span>
    </p>
   </div>
   <div class='ocr_carea' id='block_1_28' title="bbox 2341 1172 3916 1247">
    <p class='ocr_par' dir='ltr' id='par_1_28' title="bbox 2341 1172 3916 1247">
     <span class='ocr_line' id='line_1_28' title="bbox 2341 1172 3916 1247; baseline 0.002 -24"><span class='ocrx_word' id='word_1_164' title='bbox 2341 1175 2515 1224; x_wconf 75' lang='grc' dir='ltr'><strong><em>ἕνωσιν</em></strong></span> <span class='ocrx_word' id='word_1_165' title='bbox 2577 1174 2999 1230; x_wconf 83' lang='grc' dir='ltr'><strong><em>συναναλωθῆναι</em></strong></span> <span class='ocrx_word' id='word_1_166' title='bbox 3052 1177 3224 1243; x_wconf 86' lang='grc' dir='ltr'><strong><em>φῦσιν,</em></strong></span> <span class='ocrx_word' id='word_1_167' title='bbox 3276 1172 3562 1247; x_wconf 74' lang='grc' dir='ltr'><strong><em>μηδετέρας</em></strong></span> <span class='ocrx_word' id='word_1_168' title='bbox 3615 1174 3916 1235; x_wconf 70' lang='grc' dir='ltr'><strong><em>ἀποσώζου-</em></strong></span> 
     </span>
    </p>
   </div>
   <div class='ocr_carea' id='block_1_29' title="bbox 2337 1258 3955 1331">
    <p class='ocr_par' dir='ltr' id='par_1_29' title="bbox 2337 1258 3955 1331">
     <span class='ocr_line' id='line_1_29' title="bbox 2337 1258 3955 1331; baseline 0.001 -21"><span class='ocrx_word' id='word_1_169' title='bbox 2337 1280 2437 1310; x_wconf 85' lang='grc' dir='ltr'><strong><em>σαν</em></strong></span> <span class='ocrx_word' id='word_1_170' title='bbox 2476 1263 2539 1310; x_wconf 88' lang='grc' dir='ltr'><strong><em>τά</em></strong></span> <span class='ocrx_word' id='word_1_171' title='bbox 2594 1258 2877 1330; x_wconf 77' lang='grc' dir='ltr'><strong><em>ἰδιώματα,</em></strong></span> <span class='ocrx_word' id='word_1_172' title='bbox 2926 1266 3055 1331; x_wconf 76' lang='grc' dir='ltr'><strong><em>μήτε</em></strong></span> <span class='ocrx_word' id='word_1_173' title='bbox 3110 1271 3196 1320; x_wconf 86' lang='grc' dir='ltr'><strong><em>τῆς</em></strong></span> <span class='ocrx_word' id='word_1_174' title='bbox 3264 1265 3454 1322; x_wconf 79' lang='grc' dir='ltr'><strong><em>θεὶκῆς,</em></strong></span> <span class='ocrx_word' id='word_1_175' title='bbox 3511 1269 3638 1331; x_wconf 78' lang='grc' dir='ltr'><strong><em>μήτε</em></strong></span> <span class='ocrx_word' id='word_1_176' title='bbox 3683 1269 3783 1330; x_wconf 80' lang='grc' dir='ltr'><strong><em>μην</em></strong></span> <span class='ocrx_word' id='word_1_177' title='bbox 3824 1272 3955 1324; x_wconf 84' lang='grc' dir='ltr'><strong><em>τῆς</em></strong></span> 
     </span>
    </p>
   </div>
   <div class='ocr_carea' id='block_1_30' title="bbox 2343 1346 3918 1419">
    <p class='ocr_par' dir='ltr' id='par_1_30' title="bbox 2343 1346 3918 1419">
     <span class='ocr_line' id='line_1_30' title="bbox 2343 1346 3918 1419; baseline 0.003 -23"><span class='ocrx_word' id='word_1_178' title='bbox 2343 1348 2675 1417; x_wconf 87' lang='grc' dir='ltr'><strong><em>ἀνθρωπίνης.</em></strong></span> <span class='ocrx_word' id='word_1_179' title='bbox 2739 1354 2835 1400; x_wconf 77' lang='grc' dir='ltr'><strong><em>Καὶ</em></strong></span> <span class='ocrx_word' id='word_1_180' title='bbox 2889 1354 2981 1404; x_wconf 77' lang='grc' dir='ltr'><strong><em>τὴν</em></strong></span> <span class='ocrx_word' id='word_1_181' title='bbox 3034 1354 3267 1417; x_wconf 87' lang='grc' dir='ltr'><strong><em>πέμπτην</em></strong></span> <span class='ocrx_word' id='word_1_182' title='bbox 3309 1346 3386 1410; x_wconf 79' lang='grc' dir='ltr'><strong><em>δε,</em></strong></span> <span class='ocrx_word' id='word_1_183' title='bbox 3437 1353 3497 1408; x_wconf 83' lang='grc' dir='ltr'><strong><em>ὡς</em></strong></span> <span class='ocrx_word' id='word_1_184' title='bbox 3524 1349 3835 1419; x_wconf 84' lang='grc' dir='ltr'><strong><em>έκτεμοῦσάν</em></strong></span> <span class='ocrx_word' id='word_1_185' title='bbox 3867 1370 3918 1401; x_wconf 89' lang='grc' dir='ltr'><strong><em>τε</em></strong></span> 
     </span>
    </p>
   </div>
   <div class='ocr_carea' id='block_1_31' title="bbox 2342 1436 3917 1508">
    <p class='ocr_par' dir='ltr' id='par_1_31' title="bbox 2342 1436 3917 1508">
     <span class='ocr_line' id='line_1_31' title="bbox 2342 1436 3917 1508; baseline 0.003 -25"><span class='ocrx_word' id='word_1_186' title='bbox 2342 1441 2427 1484; x_wconf 80' lang='grc' dir='ltr'><strong><em>καὶ</em></strong></span> <span class='ocrx_word' id='word_1_187' title='bbox 2482 1443 2917 1505; x_wconf 86' lang='grc' dir='ltr'><strong><em>αποτεφρωσασαν</em></strong></span> <span class='ocrx_word' id='word_1_188' title='bbox 2984 1436 3142 1486; x_wconf 91' lang='grc' dir='ltr'><strong><em>τέλεον</em></strong></span> <span class='ocrx_word' id='word_1_189' title='bbox 3200 1440 3264 1486; x_wconf 88' lang='grc' dir='ltr'><strong><em>τά</em></strong></span> <span class='ocrx_word' id='word_1_190' title='bbox 3322 1437 3397 1486; x_wconf 73' lang='grc' dir='ltr'><strong><em>ἐπ’</em></strong></span> <span class='ocrx_word' id='word_1_191' title='bbox 3451 1436 3635 1508; x_wconf 82' lang='grc' dir='ltr'><strong><em>ὀλέθρῳ</em></strong></span> <span class='ocrx_word' id='word_1_192' title='bbox 3684 1446 3779 1487; x_wconf 82' lang='grc' dir='ltr'><strong><em>των</em></strong></span> <span class='ocrx_word' id='word_1_193' title='bbox 3838 1458 3917 1506; x_wconf 78' lang='grc' dir='ltr'><strong><em>γε·</em></strong></span> 
     </span>
    </p>
   </div>
   <div class='ocr_carea' id='block_1_32' title="bbox 2341 1520 3920 1594">
    <p class='ocr_par' dir='ltr' id='par_1_32' title="bbox 2341 1520 3920 1594">
     <span class='ocr_line' id='line_1_32' title="bbox 2341 1520 3920 1594; baseline 0.002 -23"><span class='ocrx_word' id='word_1_194' title='bbox 2341 1541 2652 1589; x_wconf 83' lang='grc' dir='ltr'><strong><em>γεννηκοτων</em></strong></span> <span class='ocrx_word' id='word_1_195' title='bbox 2708 1521 3141 1594; x_wconf 79' lang='grc' dir='ltr'><strong><em>ἀναρριπιζόμενα</em></strong></span> <span class='ocrx_word' id='word_1_196' title='bbox 3203 1528 3364 1593; x_wconf 86' lang='grc' dir='ltr'><strong><em>μιαρά</em></strong></span> <span class='ocrx_word' id='word_1_197' title='bbox 3443 1520 3681 1593; x_wconf 80' lang='grc' dir='ltr'><strong><em>δόγματα</em></strong></span> <span class='ocrx_word' id='word_1_198' title='bbox 3733 1544 3783 1574; x_wconf 90' lang='grc' dir='ltr'><strong><em>τε</em></strong></span> <span class='ocrx_word' id='word_1_199' title='bbox 3830 1531 3920 1575; x_wconf 86' lang='grc' dir='ltr'><strong><em>καὶ</em></strong></span> 
     </span>
    </p>
   </div>
   <div class='ocr_carea' id='block_1_33' title="bbox 2342 1606 3919 1679">
    <p class='ocr_par' dir='ltr' id='par_1_33' title="bbox 2342 1606 3919 1679">
     <span class='ocr_line' id='line_1_33' title="bbox 2342 1606 3919 1679; baseline 0.003 -22"><span class='ocrx_word' id='word_1_200' title='bbox 2342 1615 2579 1676; x_wconf 76' lang='grc' dir='ltr'><strong><em>κυήματα</em></strong></span> <span class='ocrx_word' id='word_1_201' title='bbox 2616 1616 2704 1657; x_wconf 89' lang='grc' dir='ltr'><strong><em>τοῦ</em></strong></span> <span class='ocrx_word' id='word_1_202' title='bbox 2738 1606 3028 1668; x_wconf 80' lang='grc' dir='ltr'><strong><em>δυσσεϐοῦς</em></strong></span> <span class='ocrx_word' id='word_1_203' title='bbox 3058 1616 3343 1676; x_wconf 87' lang='grc' dir='ltr'><strong><em>Νεστορίου</em></strong></span> <span class='ocrx_word' id='word_1_204' title='bbox 3381 1618 3468 1659; x_wconf 90' lang='grc' dir='ltr'><strong><em>τοῦ</em></strong></span> <span class='ocrx_word' id='word_1_205' title='bbox 3512 1618 3603 1668; x_wconf 80' lang='grc' dir='ltr'><strong><em>τῆς</em></strong></span> <span class='ocrx_word' id='word_1_206' title='bbox 3637 1608 3919 1679; x_wconf 76' lang='grc' dir='ltr'><strong><em>βασιλίδος</em></strong></span> 
     </span>
    </p>
   </div>
   <div class='ocr_carea' id='block_1_34' title="bbox 2343 1694 3922 1767">
    <p class='ocr_par' dir='ltr' id='par_1_34' title="bbox 2343 1694 3922 1767">
     <span class='ocr_line' id='line_1_34' title="bbox 2343 1694 3922 1767; baseline 0 -19"><span class='ocrx_word' id='word_1_207' title='bbox 2343 1698 2499 1755; x_wconf 85' lang='grc' dir='ltr'><strong><em>ἀθέως</em></strong></span> <span class='ocrx_word' id='word_1_208' title='bbox 2557 1699 2987 1767; x_wconf 81' lang='grc' dir='ltr'><strong><em>ιεραρχήσαντος,</em></strong></span> <span class='ocrx_word' id='word_1_209' title='bbox 3052 1702 3138 1747; x_wconf 77' lang='grc' dir='ltr'><strong><em>καὶ</em></strong></span> <span class='ocrx_word' id='word_1_210' title='bbox 3183 1694 3457 1767; x_wconf 77' lang='grc' dir='ltr'><strong><em>Θεοδώρου</em></strong></span> <span class='ocrx_word' id='word_1_211' title='bbox 3508 1706 3599 1747; x_wconf 87' lang='grc' dir='ltr'><strong><em>τοῦ</em></strong></span> <span class='ocrx_word' id='word_1_212' title='bbox 3663 1698 3922 1765; x_wconf 72' lang='grc' dir='ltr'><strong><em>Μομψου·</em></strong></span> 
     </span>
    </p>
   </div>
   <div class='ocr_carea' id='block_1_35' title="bbox 2342 1781 3915 1852">
    <p class='ocr_par' dir='ltr' id='par_1_35' title="bbox 2342 1781 3915 1852">
     <span class='ocr_line' id='line_1_35' title="bbox 2342 1781 3915 1852; baseline 0 -18"><span class='ocrx_word' id='word_1_213' title='bbox 2342 1788 2510 1841; x_wconf 87' lang='grc' dir='ltr'><strong><em>εστίας</em></strong></span> <span class='ocrx_word' id='word_1_214' title='bbox 2573 1781 2845 1852; x_wconf 75' lang='grc' dir='ltr'><strong><em>ἀθεώτερον</em></strong></span> <span class='ocrx_word' id='word_1_215' title='bbox 2913 1782 3379 1845; x_wconf 82' lang='grc' dir='ltr'><strong><em>έπισκοπήσαντος,</em></strong></span> <span class='ocrx_word' id='word_1_216' title='bbox 3451 1784 3639 1843; x_wconf 81' lang='grc' dir='ltr'><strong><em>αὐτούς</em></strong></span> <span class='ocrx_word' id='word_1_217' title='bbox 3701 1802 3753 1834; x_wconf 88' lang='grc' dir='ltr'><strong><em>τε</em></strong></span> <span class='ocrx_word' id='word_1_218' title='bbox 3828 1790 3915 1834; x_wconf 75' lang='grc' dir='ltr'><strong><em>καὶ</em></strong></span> 
     </span>
    </p>
   </div>
   <div class='ocr_carea' id='block_1_36' title="bbox 616 1859 2239 1940">
    <p class='ocr_par' dir='ltr' id='par_1_36' title="bbox 616 1870 2230 1927">
     <span class='ocr_line' id='line_1_36' title="bbox 616 1870 2230 1927; baseline -0.003 -1"><span class='ocrx_word' id='word_1_219' title='bbox 616 1881 668 1927; x_wconf 89' lang='lat' dir='ltr'><strong><em>et</em></strong></span> <span class='ocrx_word' id='word_1_220' title='bbox 694 1872 954 1925; x_wconf 88' lang='lat' dir='ltr'><strong>inanibus</strong></span> <span class='ocrx_word' id='word_1_221' title='bbox 990 1870 1349 1923; x_wconf 87' lang='lat' dir='ltr'><strong>sermonibus</strong></span> <span class='ocrx_word' id='word_1_222' title='bbox 1381 1886 1501 1923; x_wconf 89' lang='lat' dir='ltr'><strong>sese</strong></span> <span class='ocrx_word' id='word_1_223' title='bbox 1541 1872 1838 1923; x_wconf 89' lang='lat' dir='ltr'><strong>dederunt.</strong></span> <span class='ocrx_word' id='word_1_224' title='bbox 1872 1871 1978 1923; x_wconf 91' lang='lat' dir='ltr'><strong>Sed</strong></span> <span class='ocrx_word' id='word_1_225' title='bbox 2014 1876 2230 1923; x_wconf 78' lang='lat' dir='ltr'><strong>sextam</strong></span> 
     </span>
    </p>
   </div>
   <div class='ocr_carea' id='block_1_37' title="bbox 2337 1859 3920 1940">
    <p class='ocr_par' dir='ltr' id='par_1_37' title="bbox 2342 1870 3920 1940">
     <span class='ocr_line' id='line_1_37' title="bbox 2342 1870 3920 1940; baseline 0.001 -20"><span class='ocrx_word' id='word_1_226' title='bbox 2342 1874 2529 1927; x_wconf 84' lang='grc' dir='ltr'><strong><em>πάντας</em></strong></span> <span class='ocrx_word' id='word_1_227' title='bbox 2578 1874 2697 1929; x_wconf 88' lang='grc' dir='ltr'><strong><em>τούς</em></strong></span> <span class='ocrx_word' id='word_1_228' title='bbox 2751 1875 2841 1925; x_wconf 78' lang='grc' dir='ltr'><strong><em>τὴν</em></strong></span> <span class='ocrx_word' id='word_1_229' title='bbox 2894 1871 3050 1926; x_wconf 82' lang='grc' dir='ltr'><strong><em>αὐτὴν</em></strong></span> <span class='ocrx_word' id='word_1_230' title='bbox 3096 1870 3268 1930; x_wconf 74' lang='grc' dir='ltr'><strong><em>αὐτοῖς</em></strong></span> <span class='ocrx_word' id='word_1_231' title='bbox 3307 1875 3742 1940; x_wconf 84' lang='grc' dir='ltr'><strong><em>μεταιοφροσύνην</em></strong></span> <span class='ocrx_word' id='word_1_232' title='bbox 3782 1875 3920 1922; x_wconf 74' lang='grc' dir='ltr'><strong><em>ἐκνο-</em></strong></span> 
     </span>
    </p>
   </div>
   <div class='ocr_carea' id='block_1_38' title="bbox 617 1957 2235 2029">
    <p class='ocr_par' dir='ltr' id='par_1_38' title="bbox 617 1957 2235 2029">
     <span class='ocr_line' id='line_1_38' title="bbox 617 1957 2235 2029; baseline -0.002 -16"><span class='ocrx_word' id='word_1_233' title='bbox 617 1976 834 2029; x_wconf 89' lang='lat' dir='ltr'><strong>quoque</strong></span> <span class='ocrx_word' id='word_1_234' title='bbox 867 1957 1152 2026; x_wconf 89' lang='lat' dir='ltr'><strong>proﬁteor,</strong></span> <span class='ocrx_word' id='word_1_235' title='bbox 1183 1973 1306 2025; x_wconf 67' lang='lat' dir='ltr'><strong>quae</strong></span> <span class='ocrx_word' id='word_1_236' title='bbox 1337 1957 1642 2009; x_wconf 88' lang='lat' dir='ltr'><strong>Honorium</strong></span> <span class='ocrx_word' id='word_1_237' title='bbox 1680 1962 1736 2009; x_wconf 93' lang='lat' dir='ltr'><strong><em>et</em></strong></span> <span class='ocrx_word' id='word_1_238' title='bbox 1760 1959 1999 2010; x_wconf 90' lang='lat' dir='ltr'><strong>asseclas</strong></span> <span class='ocrx_word' id='word_1_239' title='bbox 2028 1959 2235 2025; x_wconf 85' lang='lat' dir='ltr'><strong>ejus,et</strong></span> 
     </span>
    </p>
   </div>
   <div class='ocr_carea' id='block_1_39' title="bbox 617 2045 2235 2115">
    <p class='ocr_par' dir='ltr' id='par_1_39' title="bbox 617 2045 2235 2115">
     <span class='ocr_line' id='line_1_39' title="bbox 617 2045 2235 2115; baseline -0.002 -15"><span class='ocrx_word' id='word_1_240' title='bbox 617 2047 875 2115; x_wconf 83' lang='lat' dir='ltr'><strong>Sergium</strong></span> <span class='ocrx_word' id='word_1_241' title='bbox 904 2046 1315 2112; x_wconf 87' lang='lat' dir='ltr'><strong>Macariumque</strong></span> <span class='ocrx_word' id='word_1_242' title='bbox 1347 2045 1749 2098; x_wconf 87' lang='lat' dir='ltr'><strong>miraculorum</strong></span> <span class='ocrx_word' id='word_1_243' title='bbox 1777 2046 1977 2099; x_wconf 89' lang='lat' dir='ltr'><strong>stultos</strong></span> <span class='ocrx_word' id='word_1_244' title='bbox 1994 2045 2235 2098; x_wconf 84' lang='lat' dir='ltr'><strong>cultores</strong></span> 
     </span>
    </p>
   </div>
   <div class='ocr_carea' id='block_1_40' title="bbox 616 2132 2239 2204">
    <p class='ocr_par' dir='ltr' id='par_1_40' title="bbox 616 2132 2239 2204">
     <span class='ocr_line' id='line_1_40' title="bbox 616 2132 2239 2204; baseline -0.002 -16"><span class='ocrx_word' id='word_1_245' title='bbox 616 2140 782 2204; x_wconf 90' lang='lat' dir='ltr'><strong>atque</strong></span> <span class='ocrx_word' id='word_1_246' title='bbox 812 2150 903 2187; x_wconf 91' lang='lat' dir='ltr'><strong><em>eos</em></strong></span> <span class='ocrx_word' id='word_1_247' title='bbox 933 2133 1027 2201; x_wconf 91' lang='lat' dir='ltr'><strong><em>qui</em></strong></span> <span class='ocrx_word' id='word_1_248' title='bbox 1057 2132 1281 2184; x_wconf 93' lang='lat' dir='ltr'><strong>illorum</strong></span> <span class='ocrx_word' id='word_1_249' title='bbox 1312 2132 1661 2199; x_wconf 82' lang='lat' dir='ltr'><strong>impietatem</strong></span> <span class='ocrx_word' id='word_1_250' title='bbox 1702 2133 1833 2185; x_wconf 89' lang='lat' dir='ltr'><strong>totis</strong></span> <span class='ocrx_word' id='word_1_251' title='bbox 1860 2132 2021 2185; x_wconf 90' lang='lat' dir='ltr'><strong>labiis</strong></span> <span class='ocrx_word' id='word_1_252' title='bbox 2052 2139 2239 2202; x_wconf 83' lang='lat' dir='ltr'><strong>gusta-</strong></span> 
     </span>
    </p>
   </div>
   <div class='ocr_carea' id='block_1_41' title="bbox 616 2219 2237 2283">
    <p class='ocr_par' dir='ltr' id='par_1_41' title="bbox 616 2219 2237 2283">
     <span class='ocr_line' id='line_1_41' title="bbox 616 2219 2237 2283; baseline -0.001 -9"><span class='ocrx_word' id='word_1_253' title='bbox 616 2220 1266 2283; x_wconf 87' lang='lat' dir='ltr'><strong>runt,interemit.Unam</strong></span> <span class='ocrx_word' id='word_1_254' title='bbox 1282 2220 1431 2273; x_wconf 90' lang='lat' dir='ltr'><strong>enim</strong></span> <span class='ocrx_word' id='word_1_255' title='bbox 1448 2219 1794 2273; x_wconf 79' lang='lat' dir='ltr'><strong>voluntatem</strong></span> <span class='ocrx_word' id='word_1_256' title='bbox 1814 2226 1869 2274; x_wconf 91' lang='lat' dir='ltr'><strong><em>et</em></strong></span> <span class='ocrx_word' id='word_1_257' title='bbox 1882 2237 2051 2274; x_wconf 89' lang='lat' dir='ltr'><strong>unam</strong></span> <span class='ocrx_word' id='word_1_258' title='bbox 2068 2221 2237 2273; x_wconf 82' lang='lat' dir='ltr'><strong>actio-</strong></span> 
     </span>
    </p>
   </div>
   <div class='ocr_carea' id='block_1_42' title="bbox 618 2308 2239 2376">
    <p class='ocr_par' dir='ltr' id='par_1_42' title="bbox 618 2308 2239 2376">
     <span class='ocr_line' id='line_1_42' title="bbox 618 2308 2239 2376; baseline -0.001 -13"><span class='ocrx_word' id='word_1_259' title='bbox 618 2326 746 2363; x_wconf 89' lang='lat' dir='ltr'><strong><em>nem</em></strong></span> <span class='ocrx_word' id='word_1_260' title='bbox 781 2309 879 2361; x_wconf 81' lang='lat' dir='ltr'><strong>Cbi</strong></span> <span class='ocrx_word' id='word_1_261' title='bbox 917 2314 1000 2360; x_wconf 85' lang='lat' dir='ltr'><strong><em>sto</em></strong></span> <span class='ocrx_word' id='word_1_262' title='bbox 1031 2310 1135 2361; x_wconf 88' lang='lat' dir='ltr'><strong><em>deo</em></strong></span> <span class='ocrx_word' id='word_1_263' title='bbox 1162 2314 1353 2361; x_wconf 89' lang='lat' dir='ltr'><strong>nostro</strong></span> <span class='ocrx_word' id='word_1_264' title='bbox 1379 2308 1470 2376; x_wconf 93' lang='lat' dir='ltr'><strong><em>qui</em></strong></span> <span class='ocrx_word' id='word_1_265' title='bbox 1494 2308 1751 2361; x_wconf 88' lang='lat' dir='ltr'><strong>eduahus</strong></span> <span class='ocrx_word' id='word_1_266' title='bbox 1776 2308 1989 2361; x_wconf 88' lang='lat' dir='ltr'><strong>naturis</strong></span> <span class='ocrx_word' id='word_1_267' title='bbox 2030 2308 2239 2361; x_wconf 84' lang='lat' dir='ltr'><strong>inflexi-</strong></span> 
     </span>
    </p>
   </div>
   <div class='ocr_carea' id='block_1_43' title="bbox 618 2394 2241 2463">
    <p class='ocr_par' dir='ltr' id='par_1_43' title="bbox 618 2394 2241 2463">
     <span class='ocr_line' id='line_1_43' title="bbox 618 2394 2241 2463; baseline -0.001 -15"><span class='ocrx_word' id='word_1_268' title='bbox 618 2395 818 2449; x_wconf 89' lang='lat' dir='ltr'><strong>bilihus</strong></span> <span class='ocrx_word' id='word_1_269' title='bbox 852 2414 879 2463; x_wconf 63' lang='grc' dir='ltr'><strong>μ</strong></span> <span class='ocrx_word' id='word_1_270' title='bbox 919 2396 1077 2457; x_wconf 83' lang='lat' dir='ltr'><strong>odlit,</strong></span> <span class='ocrx_word' id='word_1_271' title='bbox 1115 2395 1264 2446; x_wconf 90' lang='lat' dir='ltr'><strong>mala</strong></span> <span class='ocrx_word' id='word_1_272' title='bbox 1297 2400 1484 2448; x_wconf 90' lang='lat' dir='ltr'><strong>mente</strong></span> <span class='ocrx_word' id='word_1_273' title='bbox 1532 2394 1619 2446; x_wconf 83' lang='lat' dir='ltr'><strong>isti</strong></span> <span class='ocrx_word' id='word_1_274' title='bbox 1652 2394 1753 2447; x_wconf 87' lang='lat' dir='ltr'><strong>viri</strong></span> <span class='ocrx_word' id='word_1_275' title='bbox 1811 2394 2033 2448; x_wconf 82' lang='lat' dir='ltr'><strong>nefandi</strong></span> <span class='ocrx_word' id='word_1_276' title='bbox 2086 2396 2241 2448; x_wconf 89' lang='lat' dir='ltr'><strong>attri-</strong></span> 
     </span>
    </p>
   </div>
   <div class='ocr_carea' id='block_1_44' title="bbox 619 2482 2239 2536">
    <p class='ocr_par' dir='ltr' id='par_1_44' title="bbox 619 2482 2239 2536">
     <span class='ocr_line' id='line_1_44' title="bbox 619 2482 2239 2536; baseline -0.001 0"><span class='ocrx_word' id='word_1_277' title='bbox 619 2484 876 2536; x_wconf 85' lang='lat' dir='ltr'><strong>buerunt.</strong></span> <span class='ocrx_word' id='word_1_278' title='bbox 908 2484 1067 2535; x_wconf 79' lang='lat' dir='ltr'><strong>Addo</strong></span> <span class='ocrx_word' id='word_1_279' title='bbox 1107 2482 1277 2535; x_wconf 86' lang='lat' dir='ltr'><strong>etiam</strong></span> <span class='ocrx_word' id='word_1_280' title='bbox 1308 2484 1614 2535; x_wconf 89' lang='lat' dir='ltr'><strong>secundam</strong></span> <span class='ocrx_word' id='word_1_281' title='bbox 1655 2487 1907 2535; x_wconf 89' lang='lat' dir='ltr'><strong>sanctam</strong></span> <span class='ocrx_word' id='word_1_282' title='bbox 1949 2483 2239 2536; x_wconf 77' lang='lat' dir='ltr'><strong>Nicaenam</strong></span> 
     </span>
    </p>
   </div>
   <div class='ocr_carea' id='block_1_45' title="bbox 618 2570 2241 2640">
    <p class='ocr_par' dir='ltr' id='par_1_45' title="bbox 618 2570 2241 2640">
     <span class='ocr_line' id='line_1_45' title="bbox 618 2570 2241 2640; baseline 0 -17"><span class='ocrx_word' id='word_1_283' title='bbox 618 2571 899 2640; x_wconf 84' lang='lat' dir='ltr'><strong>synodum</strong></span> <span class='ocrx_word' id='word_1_284' title='bbox 944 2587 1065 2638; x_wconf 57' lang='lat' dir='ltr'><strong>quae</strong></span> <span class='ocrx_word' id='word_1_285' title='bbox 1123 2570 1543 2634; x_wconf 90' lang='lat' dir='ltr'><strong>lconomachos,</strong></span> <span class='ocrx_word' id='word_1_286' title='bbox 1576 2571 1630 2621; x_wconf 92' lang='lat' dir='ltr'><strong><em>id</em></strong></span> <span class='ocrx_word' id='word_1_287' title='bbox 1650 2575 1733 2622; x_wconf 84' lang='lat' dir='ltr'><strong><em>est</em></strong></span> <span class='ocrx_word' id='word_1_288' title='bbox 1787 2570 2241 2623; x_wconf 88' lang='lat' dir='ltr'><strong>Christomachos</strong></span> 
     </span>
    </p>
   </div>
   <div class='ocr_carea' id='block_1_46' title="bbox 619 2656 2238 2727">
    <p class='ocr_par' dir='ltr' id='par_1_46' title="bbox 619 2656 2238 2727">
     <span class='ocr_line' id='line_1_46' title="bbox 619 2656 2238 2727; baseline -0.002 -15"><span class='ocrx_word' id='word_1_289' title='bbox 619 2659 897 2727; x_wconf 87' lang='lat' dir='ltr'><strong>depressit</strong></span> <span class='ocrx_word' id='word_1_290' title='bbox 925 2663 977 2711; x_wconf 90' lang='lat' dir='ltr'><strong><em>et</em></strong></span> <span class='ocrx_word' id='word_1_291' title='bbox 1028 2658 1358 2711; x_wconf 89' lang='lat' dir='ltr'><strong>eorumdem</strong></span> <span class='ocrx_word' id='word_1_292' title='bbox 1420 2656 1906 2709; x_wconf 64' lang='lat' dir='ltr'><strong>manichaeismum</strong></span> <span class='ocrx_word' id='word_1_293' title='bbox 1954 2657 2238 2711; x_wconf 80' lang='lat' dir='ltr'><strong>exstinxit.</strong></span> 
     </span>
    </p>
   </div>
   <div class='ocr_carea' id='block_1_47' title="bbox 621 2744 2242 2797">
    <p class='ocr_par' dir='ltr' id='par_1_47' title="bbox 621 2744 2242 2797">
     <span class='ocr_line' id='line_1_47' title="bbox 621 2744 2242 2797; baseline -0.001 0"><span class='ocrx_word' id='word_1_294' title='bbox 621 2745 842 2797; x_wconf 91' lang='lat' dir='ltr'><strong>Domini</strong></span> <span class='ocrx_word' id='word_1_295' title='bbox 876 2744 928 2796; x_wconf 91' lang='lat' dir='ltr'><strong><em>hi</em></strong></span> <span class='ocrx_word' id='word_1_296' title='bbox 963 2744 1134 2796; x_wconf 88' lang='lat' dir='ltr'><strong>nostri</strong></span> <span class='ocrx_word' id='word_1_297' title='bbox 1162 2744 1321 2796; x_wconf 91' lang='lat' dir='ltr'><strong>nobis</strong></span> <span class='ocrx_word' id='word_1_298' title='bbox 1346 2744 1825 2796; x_wconf 90' lang='lat' dir='ltr'><strong>consubstantiale</strong></span> <span class='ocrx_word' id='word_1_299' title='bbox 1852 2750 2107 2797; x_wconf 90' lang='lat' dir='ltr'><strong>sanctum</strong></span> <span class='ocrx_word' id='word_1_300' title='bbox 2128 2759 2242 2797; x_wconf 91' lang='lat' dir='ltr'><strong>cor-</strong></span> 
     </span>
    </p>
   </div>
   <div class='ocr_carea' id='block_1_48' title="bbox 622 2830 2241 2901">
    <p class='ocr_par' dir='ltr' id='par_1_48' title="bbox 622 2830 2241 2901">
     <span class='ocr_line' id='line_1_48' title="bbox 622 2830 2241 2901; baseline -0.001 -16"><span class='ocrx_word' id='word_1_301' title='bbox 622 2850 723 2901; x_wconf 91' lang='lat' dir='ltr'><strong><em>pus</em></strong></span> <span class='ocrx_word' id='word_1_302' title='bbox 768 2833 992 2899; x_wconf 88' lang='lat' dir='ltr'><strong>pingere</strong></span> <span class='ocrx_word' id='word_1_303' title='bbox 1048 2830 1506 2891; x_wconf 82' lang='lat' dir='ltr'><strong>extimescebant,</strong></span> <span class='ocrx_word' id='word_1_304' title='bbox 1561 2846 1800 2898; x_wconf 90' lang='lat' dir='ltr'><strong>eumque</strong></span> <span class='ocrx_word' id='word_1_305' title='bbox 1833 2832 2086 2900; x_wconf 84' lang='lat' dir='ltr'><strong>ejusdem</strong></span> <span class='ocrx_word' id='word_1_306' title='bbox 2115 2847 2241 2883; x_wconf 93' lang='lat' dir='ltr'><strong><em>cum</em></strong></span> 
     </span>
    </p>
   </div>
   <div class='ocr_carea' id='block_1_49' title="bbox 628 2917 2241 2986">
    <p class='ocr_par' dir='ltr' id='par_1_49' title="bbox 628 2917 2241 2986">
     <span class='ocr_line' id='line_1_49' title="bbox 628 2917 2241 2986; baseline -0.002 -13"><span class='ocrx_word' id='word_1_307' title='bbox 628 2920 786 2973; x_wconf 90' lang='lat' dir='ltr'><strong>nobis</strong></span> <span class='ocrx_word' id='word_1_308' title='bbox 807 2917 1132 2971; x_wconf 69' lang='lat' dir='ltr'><strong>substantiae</strong></span> <span class='ocrx_word' id='word_1_309' title='bbox 1164 2934 1282 2970; x_wconf 88' lang='lat' dir='ltr'><strong>esse</strong></span> <span class='ocrx_word' id='word_1_310' title='bbox 1318 2923 1610 2985; x_wconf 82' lang='lat' dir='ltr'><strong>negantes.</strong></span> <span class='ocrx_word' id='word_1_311' title='bbox 1665 2920 1770 2969; x_wconf 88' lang='lat' dir='ltr'><strong>Has</strong></span> <span class='ocrx_word' id='word_1_312' title='bbox 1808 2918 1978 2985; x_wconf 89' lang='lat' dir='ltr'><strong>igitur</strong></span> <span class='ocrx_word' id='word_1_313' title='bbox 2028 2923 2241 2986; x_wconf 85' lang='lat' dir='ltr'><strong>septem</strong></span> 
     </span>
    </p>
   </div>
   <div class='ocr_carea' id='block_1_50' title="bbox 626 3005 2246 3072">
    <p class='ocr_par' dir='ltr' id='par_1_50' title="bbox 626 3005 2246 3072">
     <span class='ocr_line' id='line_1_50' title="bbox 626 3005 2246 3072; baseline -0.002 -11"><span class='ocrx_word' id='word_1_314' title='bbox 626 3012 850 3061; x_wconf 88' lang='lat' dir='ltr'><strong>sanctas</strong></span> <span class='ocrx_word' id='word_1_315' title='bbox 903 3013 959 3059; x_wconf 90' lang='lat' dir='ltr'><strong><em>et</em></strong></span> <span class='ocrx_word' id='word_1_316' title='bbox 986 3005 1360 3059; x_wconf 67' lang='lat' dir='ltr'><strong>mcumenicas</strong></span> <span class='ocrx_word' id='word_1_317' title='bbox 1425 3006 1669 3072; x_wconf 84' lang='lat' dir='ltr'><strong>synodos</strong></span> <span class='ocrx_word' id='word_1_318' title='bbox 1701 3020 1957 3066; x_wconf 88' lang='lat' dir='ltr'><strong>veneror,</strong></span> <span class='ocrx_word' id='word_1_319' title='bbox 2012 3005 2246 3058; x_wconf 88' lang='lat' dir='ltr'><strong>anathe-</strong></span> 
     </span>
    </p>
   </div>
   <div class='ocr_carea' id='block_1_51' title="bbox 628 3091 2241 3159">
    <p class='ocr_par' dir='ltr' id='par_1_51' title="bbox 628 3091 2241 3159">
     <span class='ocr_line' id='line_1_51' title="bbox 628 3091 2241 3159; baseline -0.002 -12"><span class='ocrx_word' id='word_1_320' title='bbox 628 3094 902 3147; x_wconf 84' lang='lat' dir='ltr'><strong>matizans</strong></span> <span class='ocrx_word' id='word_1_321' title='bbox 954 3108 1048 3144; x_wconf 90' lang='lat' dir='ltr'><strong><em>eos</em></strong></span> <span class='ocrx_word' id='word_1_322' title='bbox 1110 3092 1202 3159; x_wconf 91' lang='lat' dir='ltr'><strong><em>qui</em></strong></span> <span class='ocrx_word' id='word_1_323' title='bbox 1241 3092 1309 3143; x_wconf 90' lang='lat' dir='ltr'><strong><em>ab</em></strong></span> <span class='ocrx_word' id='word_1_324' title='bbox 1366 3091 1498 3159; x_wconf 92' lang='lat' dir='ltr'><strong>ipsis</strong></span> <span class='ocrx_word' id='word_1_325' title='bbox 1553 3091 2015 3144; x_wconf 86' lang='lat' dir='ltr'><strong>anathematizati</strong></span> <span class='ocrx_word' id='word_1_326' title='bbox 2071 3096 2241 3155; x_wconf 91' lang='lat' dir='ltr'><strong>sunt;</strong></span> 
     </span>
    </p>
   </div>
   <div class='ocr_carea' id='block_1_52' title="bbox 627 3178 2241 3249">
    <p class='ocr_par' dir='ltr' id='par_1_52' title="bbox 627 3178 2241 3249">
     <span class='ocr_line' id='line_1_52' title="bbox 627 3178 2241 3249; baseline -0.001 -16"><span class='ocrx_word' id='word_1_327' title='bbox 627 3181 971 3249; x_wconf 90' lang='lat' dir='ltr'><strong>amplectens</strong></span> <span class='ocrx_word' id='word_1_328' title='bbox 1004 3184 1059 3232; x_wconf 90' lang='lat' dir='ltr'><strong><em>et</em></strong></span> <span class='ocrx_word' id='word_1_329' title='bbox 1083 3178 1372 3232; x_wconf 86' lang='lat' dir='ltr'><strong>celebrans</strong></span> <span class='ocrx_word' id='word_1_330' title='bbox 1403 3195 1497 3232; x_wconf 90' lang='lat' dir='ltr'><strong><em>eos</em></strong></span> <span class='ocrx_word' id='word_1_331' title='bbox 1527 3196 1666 3247; x_wconf 88' lang='lat' dir='ltr'><strong>quos</strong></span> <span class='ocrx_word' id='word_1_332' title='bbox 1694 3178 1803 3231; x_wconf 66' lang='lat' dir='ltr'><strong>illa:</strong></span> <span class='ocrx_word' id='word_1_333' title='bbox 1832 3179 2241 3232; x_wconf 90' lang='lat' dir='ltr'><strong>collaudarunt.</strong></span> 
     </span>
    </p>
   </div>
   <div class='ocr_carea' id='block_1_53' title="bbox 626 3264 3930 3337">
    <p class='ocr_par' dir='ltr' id='par_1_53' title="bbox 626 3264 3930 3337">
     <span class='ocr_line' id='line_1_53' title="bbox 626 3264 3930 3337; baseline -0.001 -18"><span class='ocrx_word' id='word_1_334' title='bbox 626 3267 762 3319; x_wconf 77' lang='grc' dir='ltr'><strong><em>ϐειαν</em></strong></span> <span class='ocrx_word' id='word_1_335' title='bbox 841 3266 1071 3337; x_wconf 85' lang='grc' dir='ltr'><strong><em>ἀκρατῶς</em></strong></span> <span class='ocrx_word' id='word_1_336' title='bbox 1145 3265 1612 3335; x_wconf 76' lang='grc' dir='ltr'><strong><em>ἐναπομαξαμένους</em></strong></span> <span class='ocrx_word' id='word_1_337' title='bbox 1680 3268 1806 3333; x_wconf 87' lang='grc' dir='ltr'><strong><em>μετά</em></strong></span> <span class='ocrx_word' id='word_1_338' title='bbox 1870 3274 1963 3323; x_wconf 81' lang='grc' dir='ltr'><strong><em>τῆς</em></strong></span> <span class='ocrx_word' id='word_1_339' title='bbox 2010 3266 2223 3334; x_wconf 74' lang='grc' dir='ltr'><strong><em>ἐκφύλου</em></strong></span> <span class='ocrx_word' id='word_1_340' title='bbox 2276 3270 2363 3315; x_wconf 77' lang='grc' dir='ltr'><strong><em>καὶ</em></strong></span> <span class='ocrx_word' id='word_1_341' title='bbox 2418 3264 2689 3315; x_wconf 76' lang='grc' dir='ltr'><strong><em>ἀλλοκότου</em></strong></span> <span class='ocrx_word' id='word_1_342' title='bbox 2735 3265 2896 3315; x_wconf 75' lang='grc' dir='ltr'><strong><em>αὐτῶν</em></strong></span> <span class='ocrx_word' id='word_1_343' title='bbox 2949 3265 3397 3334; x_wconf 87' lang='grc' dir='ltr'><strong><em>πλασματολογίας</em></strong></span> <span class='ocrx_word' id='word_1_344' title='bbox 3426 3285 3438 3296; x_wconf 87' lang='grc'>·</span> <span class='ocrx_word' id='word_1_345' title='bbox 3486 3267 3534 3316; x_wconf 79' lang='grc' dir='ltr'><strong><em>ἓν</em></strong></span> <span class='ocrx_word' id='word_1_346' title='bbox 3578 3270 3676 3336; x_wconf 79' lang='grc' dir='ltr'><strong><em>γὰρ</em></strong></span> <span class='ocrx_word' id='word_1_347' title='bbox 3729 3268 3930 3335; x_wconf 73' lang='grc' dir='ltr'><strong><em>θελημα</em></strong></span> 
     </span>
    </p>
   </div>
   <div class='ocr_carea' id='block_1_54' title="bbox 2346 1955 3920 2025">
    <p class='ocr_par' dir='ltr' id='par_1_54' title="bbox 2346 1955 3920 2025">
     <span class='ocr_line' id='line_1_54' title="bbox 2346 1955 3920 2025; baseline 0.001 -18"><span class='ocrx_word' id='word_1_348' title='bbox 2346 1963 2623 2013; x_wconf 81' lang='grc' dir='ltr'><strong><em>σησαντας.</em></strong></span> <span class='ocrx_word' id='word_1_349' title='bbox 2659 1957 2733 2007; x_wconf 86' lang='grc' dir='ltr'><strong><em>Ού</em></strong></span> <span class='ocrx_word' id='word_1_350' title='bbox 2765 1962 2865 2025; x_wconf 77' lang='grc' dir='ltr'><strong><em>μὴν</em></strong></span> <span class='ocrx_word' id='word_1_351' title='bbox 2895 1956 3017 2006; x_wconf 86' lang='grc' dir='ltr'><strong><em>ἀλλά</em></strong></span> <span class='ocrx_word' id='word_1_352' title='bbox 3044 1976 3101 2025; x_wconf 84' lang='grc' dir='ltr'><strong><em>γε</em></strong></span> <span class='ocrx_word' id='word_1_353' title='bbox 3133 1955 3199 2013; x_wconf 79' lang='grc' dir='ltr'><strong><em>δη</em></strong></span> <span class='ocrx_word' id='word_1_354' title='bbox 3226 1977 3312 2007; x_wconf 88' lang='grc' dir='ltr'><strong><em>και</em></strong></span> <span class='ocrx_word' id='word_1_355' title='bbox 3356 1960 3421 2016; x_wconf 82' lang='grc' dir='ltr'><strong><em>ως</em></strong></span> <span class='ocrx_word' id='word_1_356' title='bbox 3466 1955 3837 2009; x_wconf 85' lang='grc' dir='ltr'><strong><em>διασπάσασάν</em></strong></span> <span class='ocrx_word' id='word_1_357' title='bbox 3864 1977 3920 2009; x_wconf 83' lang='grc' dir='ltr'><strong><em>τε</em></strong></span> 
     </span>
    </p>
   </div>
   <div class='ocr_carea' id='block_1_55' title="bbox 2344 2041 3919 2115">
    <p class='ocr_par' dir='ltr' id='par_1_55' title="bbox 2344 2041 3919 2115">
     <span class='ocr_line' id='line_1_55' title="bbox 2344 2041 3919 2115; baseline 0 -22"><span class='ocrx_word' id='word_1_358' title='bbox 2344 2050 2431 2094; x_wconf 80' lang='grc' dir='ltr'><strong><em>καὶ</em></strong></span> <span class='ocrx_word' id='word_1_359' title='bbox 2489 2043 2829 2115; x_wconf 84' lang='grc' dir='ltr'><strong><em>έκθερίσασαν</em></strong></span> <span class='ocrx_word' id='word_1_360' title='bbox 2886 2045 3170 2113; x_wconf 86' lang='grc' dir='ltr'><strong><em>Ὠριγένην,</em></strong></span> <span class='ocrx_word' id='word_1_361' title='bbox 3229 2041 3476 2113; x_wconf 83' lang='grc' dir='ltr'><strong><em>Δίδυμον,</em></strong></span> <span class='ocrx_word' id='word_1_362' title='bbox 3536 2045 3785 2115; x_wconf 71' lang='grc' dir='ltr'><strong><em>Εὑάγριον</em></strong></span> <span class='ocrx_word' id='word_1_363' title='bbox 3843 2045 3919 2095; x_wconf 85' lang='grc' dir='ltr'><strong><em>έλ-</em></strong></span> 
     </span>
    </p>
   </div>
   <div class='ocr_carea' id='block_1_56' title="bbox 2344 2132 3919 2201">
    <p class='ocr_par' dir='ltr' id='par_1_56' title="bbox 2344 2132 3919 2201">
     <span class='ocr_line' id='line_1_56' title="bbox 2344 2132 3919 2201; baseline 0.001 -20"><span class='ocrx_word' id='word_1_364' title='bbox 2344 2133 2608 2200; x_wconf 82' lang='grc' dir='ltr'><strong><em>ληνοφρονι</em></strong></span> <span class='ocrx_word' id='word_1_365' title='bbox 2656 2132 2906 2200; x_wconf 86' lang='grc' dir='ltr'><strong><em>λογισμῷ,</em></strong></span> <span class='ocrx_word' id='word_1_366' title='bbox 2958 2138 3046 2182; x_wconf 80' lang='grc' dir='ltr'><strong><em>καὶ</em></strong></span> <span class='ocrx_word' id='word_1_367' title='bbox 3094 2135 3318 2201; x_wconf 75' lang='grc' dir='ltr'><strong><em>ἀσυνέτῳ</em></strong></span> <span class='ocrx_word' id='word_1_368' title='bbox 3365 2138 3539 2201; x_wconf 77' lang='grc' dir='ltr'><strong><em>γνώμη</em></strong></span> <span class='ocrx_word' id='word_1_369' title='bbox 3591 2133 3661 2192; x_wconf 82' lang='grc' dir='ltr'><strong><em>εις</em></strong></span> <span class='ocrx_word' id='word_1_370' title='bbox 3690 2136 3919 2201; x_wconf 78' lang='grc' dir='ltr'><strong><em>ἔσχατον</em></strong></span> 
     </span>
    </p>
   </div>
   <div class='ocr_carea' id='block_1_57' title="bbox 2348 2218 3921 2291">
    <p class='ocr_par' dir='ltr' id='par_1_57' title="bbox 2348 2218 3921 2291">
     <span class='ocr_line' id='line_1_57' title="bbox 2348 2218 3921 2291; baseline 0.001 -21"><span class='ocrx_word' id='word_1_371' title='bbox 2348 2218 2505 2291; x_wconf 83' lang='grc' dir='ltr'><strong><em>βυθόν</em></strong></span> <span class='ocrx_word' id='word_1_372' title='bbox 2563 2218 2831 2278; x_wconf 74' lang='grc' dir='ltr'><strong><em>ἀθεότητος</em></strong></span> <span class='ocrx_word' id='word_1_373' title='bbox 2902 2219 3309 2290; x_wconf 79' lang='grc' dir='ltr'><strong><em>έμπεπτωκοτας.</em></strong></span> <span class='ocrx_word' id='word_1_374' title='bbox 3390 2222 3622 2290; x_wconf 86' lang='grc' dir='ltr'><strong><em>Βαθμούς</em></strong></span> <span class='ocrx_word' id='word_1_375' title='bbox 3675 2224 3772 2290; x_wconf 84' lang='grc' dir='ltr'><strong><em>γάρ</em></strong></span> <span class='ocrx_word' id='word_1_376' title='bbox 3828 2227 3921 2272; x_wconf 73' lang='grc' dir='ltr'><strong><em>καὶ</em></strong></span> 
     </span>
    </p>
   </div>
   <div class='ocr_carea' id='block_1_58' title="bbox 2347 2306 3924 2378">
    <p class='ocr_par' dir='ltr' id='par_1_58' title="bbox 2347 2306 3924 2378">
     <span class='ocr_line' id='line_1_58' title="bbox 2347 2306 3924 2378; baseline -0.001 -19"><span class='ocrx_word' id='word_1_377' title='bbox 2347 2308 2631 2367; x_wconf 75' lang='grc' dir='ltr'><strong><em>ὑποϐάσεις</em></strong></span> <span class='ocrx_word' id='word_1_378' title='bbox 2683 2310 2915 2367; x_wconf 78' lang='grc' dir='ltr'><strong><em>θεότητος</em></strong></span> <span class='ocrx_word' id='word_1_379' title='bbox 2972 2306 3373 2372; x_wconf 80' lang='grc' dir='ltr'><strong><em>ἀναπλάσαντες,</em></strong></span> <span class='ocrx_word' id='word_1_380' title='bbox 3430 2314 3516 2358; x_wconf 80' lang='grc' dir='ltr'><strong><em>καὶ</em></strong></span> <span class='ocrx_word' id='word_1_381' title='bbox 3563 2309 3750 2377; x_wconf 79' lang='grc' dir='ltr'><strong><em>ψυχῶν</em></strong></span> <span class='ocrx_word' id='word_1_382' title='bbox 3796 2327 3924 2378; x_wconf 87' lang='grc' dir='ltr'><strong><em>προ-</em></strong></span> 
     </span>
    </p>
   </div>
   <div class='ocr_carea' id='block_1_59' title="bbox 2347 2396 3921 2467">
    <p class='ocr_par' dir='ltr' id='par_1_59' title="bbox 2347 2396 3921 2467">
     <span class='ocr_line' id='line_1_59' title="bbox 2347 2396 3921 2467; baseline 0.001 -22"><span class='ocrx_word' id='word_1_383' title='bbox 2347 2396 2603 2467; x_wconf 78' lang='grc' dir='ltr'><strong><em>ὖπάρξεις,</em></strong></span> <span class='ocrx_word' id='word_1_384' title='bbox 2663 2401 2751 2445; x_wconf 80' lang='grc' dir='ltr'><strong><em>καὶ</em></strong></span> <span class='ocrx_word' id='word_1_385' title='bbox 2805 2403 2893 2454; x_wconf 83' lang='grc' dir='ltr'><strong><em>τῆς</em></strong></span> <span class='ocrx_word' id='word_1_386' title='bbox 2948 2399 3071 2465; x_wconf 89' lang='grc' dir='ltr'><strong><em>πρὸς</em></strong></span> <span class='ocrx_word' id='word_1_387' title='bbox 3148 2400 3203 2445; x_wconf 86' lang='grc' dir='ltr'><strong><em>τό</em></strong></span> <span class='ocrx_word' id='word_1_388' title='bbox 3262 2403 3408 2446; x_wconf 90' lang='grc' dir='ltr'><strong><em>Θεῐον</em></strong></span> <span class='ocrx_word' id='word_1_389' title='bbox 3478 2396 3644 2445; x_wconf 75' lang='grc' dir='ltr'><strong><em>αὐτῶν</em></strong></span> <span class='ocrx_word' id='word_1_390' title='bbox 3698 2400 3921 2454; x_wconf 78' lang='grc' dir='ltr'><strong><em>νεύσεως</em></strong></span> 
     </span>
    </p>
   </div>
   <div class='ocr_carea' id='block_1_60' title="bbox 2349 2481 3919 2555">
    <p class='ocr_par' dir='ltr' id='par_1_60' title="bbox 2349 2481 3919 2555">
     <span class='ocr_line' id='line_1_60' title="bbox 2349 2481 3919 2555; baseline 0 -22"><span class='ocrx_word' id='word_1_391' title='bbox 2349 2482 2619 2555; x_wconf 80' lang='grc' dir='ltr'><strong><em>ἀπορροίας</em></strong></span> <span class='ocrx_word' id='word_1_392' title='bbox 2666 2502 2718 2533; x_wconf 87' lang='grc' dir='ltr'><strong><em>τε</em></strong></span> <span class='ocrx_word' id='word_1_393' title='bbox 2755 2488 2843 2532; x_wconf 81' lang='grc' dir='ltr'><strong><em>καὶ</em></strong></span> <span class='ocrx_word' id='word_1_394' title='bbox 2888 2482 3204 2541; x_wconf 85' lang='grc' dir='ltr'><strong><em>ἀποπτὼσεις</em></strong></span> <span class='ocrx_word' id='word_1_395' title='bbox 3247 2481 3295 2532; x_wconf 83' lang='grc' dir='ltr'><strong><em>έν</em></strong></span> <span class='ocrx_word' id='word_1_396' title='bbox 3338 2482 3533 2543; x_wconf 85' lang='grc' dir='ltr'><strong><em>έαυτοῑς</em></strong></span> <span class='ocrx_word' id='word_1_397' title='bbox 3583 2484 3919 2539; x_wconf 67' lang='grc' dir='ltr'><strong><em>ὑποστήσαν-</em></strong></span> 
     </span>
    </p>
   </div>
   <div class='ocr_carea' id='block_1_61' title="bbox 2349 2566 3923 2641">
    <p class='ocr_par' dir='ltr' id='par_1_61' title="bbox 2349 2566 3923 2641">
     <span class='ocr_line' id='line_1_61' title="bbox 2349 2566 3923 2641; baseline -0.001 -20"><span class='ocrx_word' id='word_1_398' title='bbox 2349 2589 2448 2633; x_wconf 88' lang='grc' dir='ltr'><strong><em>τες,</em></strong></span> <span class='ocrx_word' id='word_1_399' title='bbox 2498 2570 2562 2627; x_wconf 81' lang='grc' dir='ltr'><strong><em>εἰς</em></strong></span> <span class='ocrx_word' id='word_1_400' title='bbox 2616 2566 2840 2641; x_wconf 86' lang='grc' dir='ltr'><strong><em>διάφορά</em></strong></span> <span class='ocrx_word' id='word_1_401' title='bbox 2893 2588 2943 2620; x_wconf 89' lang='grc' dir='ltr'><strong><em>τε</em></strong></span> <span class='ocrx_word' id='word_1_402' title='bbox 2999 2575 3085 2620; x_wconf 82' lang='grc' dir='ltr'><strong><em>καὶ</em></strong></span> <span class='ocrx_word' id='word_1_403' title='bbox 3115 2567 3360 2625; x_wconf 83' lang='grc' dir='ltr'><strong><em>πολυειδῆ</em></strong></span> <span class='ocrx_word' id='word_1_404' title='bbox 3414 2576 3629 2638; x_wconf 80' lang='grc' dir='ltr'><strong><em>σώματα</em></strong></span> <span class='ocrx_word' id='word_1_405' title='bbox 3674 2575 3923 2638; x_wconf 75' lang='grc' dir='ltr'><strong><em>μεταγγίο</em></strong></span> 
     </span>
    </p>
   </div>
   <div class='ocr_carea' id='block_1_62' title="bbox 2350 2656 3921 2725">
    <p class='ocr_par' dir='ltr' id='par_1_62' title="bbox 2350 2656 3921 2725">
     <span class='ocr_line' id='line_1_62' title="bbox 2350 2656 3921 2725; baseline -0.001 -18"><span class='ocrx_word' id='word_1_406' title='bbox 2350 2660 2518 2717; x_wconf 74' lang='grc' dir='ltr'><strong><em>ζοντες</em></strong></span> <span class='ocrx_word' id='word_1_407' title='bbox 2575 2662 2765 2717; x_wconf 82' lang='grc' dir='ltr'><strong><em>ταύτας</em></strong></span> <span class='ocrx_word' id='word_1_408' title='bbox 2834 2663 2920 2707; x_wconf 81' lang='grc' dir='ltr'><strong><em>καὶ</em></strong></span> <span class='ocrx_word' id='word_1_409' title='bbox 2979 2656 3386 2725; x_wconf 79' lang='grc' dir='ltr'><strong><em>μεταϐάλλοντες,</em></strong></span> <span class='ocrx_word' id='word_1_410' title='bbox 3441 2664 3528 2707; x_wconf 75' lang='grc' dir='ltr'><strong><em>καί</em></strong></span> <span class='ocrx_word' id='word_1_411' title='bbox 3579 2658 3717 2716; x_wconf 84' lang='grc' dir='ltr'><strong><em>τέλος</em></strong></span> <span class='ocrx_word' id='word_1_412' title='bbox 3766 2658 3921 2707; x_wconf 74' lang='grc' dir='ltr'><strong><em>κολάο</em></strong></span> 
     </span>
    </p>
   </div>
   <div class='ocr_carea' id='block_1_63' title="bbox 2354 2740 3920 2812">
    <p class='ocr_par' dir='ltr' id='par_1_63' title="bbox 2354 2740 3920 2812">
     <span class='ocr_line' id='line_1_63' title="bbox 2354 2740 3920 2812; baseline -0.002 -17"><span class='ocrx_word' id='word_1_413' title='bbox 2354 2764 2475 2795; x_wconf 90' lang='grc' dir='ltr'><strong><em>σεων</em></strong></span> <span class='ocrx_word' id='word_1_414' title='bbox 2523 2750 2609 2795; x_wconf 77' lang='grc' dir='ltr'><strong><em>καὶ</em></strong></span> <span class='ocrx_word' id='word_1_415' title='bbox 2654 2741 2909 2812; x_wconf 77' lang='grc' dir='ltr'><strong><em>δαιμόνων</em></strong></span> <span class='ocrx_word' id='word_1_416' title='bbox 2966 2743 3408 2805; x_wconf 73' lang='grc' dir='ltr'><strong><em>ἀποκατάστασιν,</em></strong></span> <span class='ocrx_word' id='word_1_417' title='bbox 3441 2748 3497 2793; x_wconf 92' lang='grc' dir='ltr'><strong><em>τό</em></strong></span> <span class='ocrx_word' id='word_1_418' title='bbox 3531 2740 3597 2800; x_wconf 79' lang='grc' dir='ltr'><strong><em>δη</em></strong></span> <span class='ocrx_word' id='word_1_419' title='bbox 3632 2744 3920 2812; x_wconf 82' lang='grc' dir='ltr'><strong><em>λεγόμενον,</em></strong></span> 
     </span>
    </p>
   </div>
   <div class='ocr_carea' id='block_1_64' title="bbox 2352 2830 3925 2900">
    <p class='ocr_par' dir='ltr' id='par_1_64' title="bbox 2352 2830 3925 2900">
     <span class='ocr_line' id='line_1_64' title="bbox 2352 2830 3925 2900; baseline 0.001 -20"><span class='ocrx_word' id='word_1_420' title='bbox 2352 2830 2450 2880; x_wconf 88' lang='grc' dir='ltr'><strong><em>ἀπό</em></strong></span> <span class='ocrx_word' id='word_1_421' title='bbox 2508 2831 2698 2888; x_wconf 89' lang='grc' dir='ltr'><strong><em>κοιλίας</em></strong></span> <span class='ocrx_word' id='word_1_422' title='bbox 2753 2830 3089 2899; x_wconf 74' lang='grc' dir='ltr'><strong><em>ἐρευγόμενοι,</em></strong></span> <span class='ocrx_word' id='word_1_423' title='bbox 3141 2830 3507 2900; x_wconf 85' lang='grc' dir='ltr'><strong><em>ἀθυροστόμως</em></strong></span> <span class='ocrx_word' id='word_1_424' title='bbox 3537 2830 3925 2900; x_wconf 71' lang='grc' dir='ltr'><strong><em>ἐμυθολόγησαν</em></strong></span> 
     </span>
    </p>
   </div>
   <div class='ocr_carea' id='block_1_65' title="bbox 2352 2914 3929 2989">
    <p class='ocr_par' dir='ltr' id='par_1_65' title="bbox 2352 2914 3929 2989">
     <span class='ocr_line' id='line_1_65' title="bbox 2352 2914 3929 2989; baseline 0 -22"><span class='ocrx_word' id='word_1_425' title='bbox 2352 2923 2438 2967; x_wconf 80' lang='grc' dir='ltr'><strong><em>καὶ</em></strong></span> <span class='ocrx_word' id='word_1_426' title='bbox 2468 2914 2863 2989; x_wconf 75' lang='grc' dir='ltr'><strong><em>έρῥαψῴδησαν.</em></strong></span> <span class='ocrx_word' id='word_1_427' title='bbox 2916 2918 3066 2970; x_wconf 87' lang='grc' dir='ltr'><strong><em>Ἀλλά</em></strong></span> <span class='ocrx_word' id='word_1_428' title='bbox 3116 2922 3202 2968; x_wconf 79' lang='grc' dir='ltr'><strong><em>καὶ</em></strong></span> <span class='ocrx_word' id='word_1_429' title='bbox 3246 2922 3338 2974; x_wconf 75' lang='grc' dir='ltr'><strong><em>τήν</em></strong></span> <span class='ocrx_word' id='word_1_430' title='bbox 3387 2919 3555 2981; x_wconf 77' lang='grc' dir='ltr'><strong><em>ἕκτην,</em></strong></span> <span class='ocrx_word' id='word_1_431' title='bbox 3602 2921 3664 2976; x_wconf 81' lang='grc' dir='ltr'><strong><em>ὡς</em></strong></span> <span class='ocrx_word' id='word_1_432' title='bbox 3714 2918 3929 2989; x_wconf 81' lang='grc' dir='ltr'><strong><em>ἀπορρί-</em></strong></span> 
     </span>
    </p>
   </div>
   <div class='ocr_carea' id='block_1_66' title="bbox 2352 3004 3925 3075">
    <p class='ocr_par' dir='ltr' id='par_1_66' title="bbox 2352 3004 3925 3075">
     <span class='ocr_line' id='line_1_66' title="bbox 2352 3004 3925 3075; baseline 0.001 -21"><span class='ocrx_word' id='word_1_433' title='bbox 2352 3004 2526 3073; x_wconf 78' lang='grc' dir='ltr'><strong><em>ψασάν</em></strong></span> <span class='ocrx_word' id='word_1_434' title='bbox 2573 3023 2624 3055; x_wconf 94' lang='grc' dir='ltr'><strong><em>τε</em></strong></span> <span class='ocrx_word' id='word_1_435' title='bbox 2675 3010 2762 3055; x_wconf 87' lang='grc' dir='ltr'><strong><em>καὶ</em></strong></span> <span class='ocrx_word' id='word_1_436' title='bbox 2817 3007 3231 3055; x_wconf 87' lang='grc' dir='ltr'><strong><em>κατασπάσασαν</em></strong></span> <span class='ocrx_word' id='word_1_437' title='bbox 3303 3008 3417 3063; x_wconf 81' lang='grc' dir='ltr'><strong><em>τοῦς</em></strong></span> <span class='ocrx_word' id='word_1_438' title='bbox 3476 3004 3604 3073; x_wconf 77' lang='grc' dir='ltr'><strong><em>ἀμφὶ</em></strong></span> <span class='ocrx_word' id='word_1_439' title='bbox 3657 3004 3925 3075; x_wconf 73' lang='grc' dir='ltr'><strong><em>Ὀνωριον,</em></strong></span> 
     </span>
    </p>
   </div>
   <div class='ocr_carea' id='block_1_67' title="bbox 2355 3091 3929 3161">
    <p class='ocr_par' dir='ltr' id='par_1_67' title="bbox 2355 3091 3929 3161">
     <span class='ocr_line' id='line_1_67' title="bbox 2355 3091 3929 3161; baseline 0.001 -20"><span class='ocrx_word' id='word_1_440' title='bbox 2355 3097 2439 3142; x_wconf 78' lang='grc' dir='ltr'><strong><em>καὶ</em></strong></span> <span class='ocrx_word' id='word_1_441' title='bbox 2494 3096 2711 3160; x_wconf 81' lang='grc' dir='ltr'><strong><em>Σέργιον,</em></strong></span> <span class='ocrx_word' id='word_1_442' title='bbox 2776 3097 2863 3142; x_wconf 82' lang='grc' dir='ltr'><strong><em>καὶ</em></strong></span> <span class='ocrx_word' id='word_1_443' title='bbox 2910 3095 3192 3160; x_wconf 83' lang='grc' dir='ltr'><strong><em>Μακάριόν,</em></strong></span> <span class='ocrx_word' id='word_1_444' title='bbox 3252 3095 3367 3149; x_wconf 88' lang='grc' dir='ltr'><strong><em>τοῦς</em></strong></span> <span class='ocrx_word' id='word_1_445' title='bbox 3418 3091 3781 3161; x_wconf 86' lang='grc' dir='ltr'><strong><em>τερατολογους</em></strong></span> <span class='ocrx_word' id='word_1_446' title='bbox 3834 3098 3929 3143; x_wconf 85' lang='grc' dir='ltr'><strong><em>καὶ</em></strong></span> 
     </span>
    </p>
   </div>
   <div class='ocr_carea' id='block_1_68' title="bbox 2353 3177 3931 3249">
    <p class='ocr_par' dir='ltr' id='par_1_68' title="bbox 2353 3177 3931 3249">
     <span class='ocr_line' id='line_1_68' title="bbox 2353 3177 3931 3249; baseline 0.002 -22"><span class='ocrx_word' id='word_1_447' title='bbox 2353 3180 2679 3249; x_wconf 72' lang='grc' dir='ltr'><strong><em>παράφρονας</em></strong></span> <span class='ocrx_word' id='word_1_448' title='bbox 2728 3177 2836 3247; x_wconf 83' lang='grc' dir='ltr'><strong><em>ἁμα</em></strong></span> <span class='ocrx_word' id='word_1_449' title='bbox 2882 3179 3072 3243; x_wconf 77' lang='grc' dir='ltr'><strong><em>αὐτοῖς,</em></strong></span> <span class='ocrx_word' id='word_1_450' title='bbox 3127 3182 3364 3238; x_wconf 81' lang='grc' dir='ltr'><strong><em>καὶτοὺς</em></strong></span> <span class='ocrx_word' id='word_1_451' title='bbox 3404 3185 3496 3234; x_wconf 81' lang='grc' dir='ltr'><strong><em>την</em></strong></span> <span class='ocrx_word' id='word_1_452' title='bbox 3535 3179 3700 3228; x_wconf 77' lang='grc' dir='ltr'><strong><em>αὐτῶν</em></strong></span> <span class='ocrx_word' id='word_1_453' title='bbox 3731 3177 3931 3230; x_wconf 83' lang='grc' dir='ltr'><strong><em>δυσσέ-</em></strong></span> 
     </span>
    </p>
   </div>
   <div class='ocr_carea' id='block_1_69' title="bbox 627 3349 3930 3424">
    <p class='ocr_par' dir='ltr' id='par_1_69' title="bbox 627 3349 3930 3424">
     <span class='ocr_line' id='line_1_69' title="bbox 627 3349 3930 3424; baseline -0 -20"><span class='ocrx_word' id='word_1_454' title='bbox 627 3360 713 3404; x_wconf 81' lang='grc' dir='ltr'><strong><em>καὶ</em></strong></span> <span class='ocrx_word' id='word_1_455' title='bbox 768 3358 889 3422; x_wconf 88' lang='grc' dir='ltr'><strong><em>μίαν</em></strong></span> <span class='ocrx_word' id='word_1_456' title='bbox 946 3354 1191 3424; x_wconf 73' lang='grc' dir='ltr'><strong><em>ἐνέργειαν</em></strong></span> <span class='ocrx_word' id='word_1_457' title='bbox 1241 3361 1310 3419; x_wconf 79' lang='grc' dir='ltr'><strong><em>τῷ</em></strong></span> <span class='ocrx_word' id='word_1_458' title='bbox 1363 3352 1416 3401; x_wconf 80' lang='grc' dir='ltr'><strong><em>ἐκ</em></strong></span> <span class='ocrx_word' id='word_1_459' title='bbox 1474 3349 1567 3402; x_wconf 80' lang='grc' dir='ltr'><strong><em>δύο</em></strong></span> <span class='ocrx_word' id='word_1_460' title='bbox 1624 3354 2026 3423; x_wconf 81' lang='grc' dir='ltr'><strong><em>ἀπαρατρέπτων</em></strong></span> <span class='ocrx_word' id='word_1_461' title='bbox 2086 3356 2279 3421; x_wconf 78' lang='grc' dir='ltr'><strong><em>φύσεων</em></strong></span> <span class='ocrx_word' id='word_1_462' title='bbox 2337 3357 2578 3421; x_wconf 75' lang='grc' dir='ltr'><strong><em>πεφυκότι</em></strong></span> <span class='ocrx_word' id='word_1_463' title='bbox 2636 3354 2840 3422; x_wconf 78' lang='grc' dir='ltr'><strong><em>Χριστῷ</em></strong></span> <span class='ocrx_word' id='word_1_464' title='bbox 2897 3360 2968 3419; x_wconf 84' lang='grc' dir='ltr'><strong><em>τῷ</em></strong></span> <span class='ocrx_word' id='word_1_465' title='bbox 3024 3359 3135 3419; x_wconf 84' lang='grc' dir='ltr'><strong><em>Θεῷ</em></strong></span> <span class='ocrx_word' id='word_1_466' title='bbox 3192 3354 3335 3421; x_wconf 76' lang='grc' dir='ltr'><strong><em>ἡμῶν</em></strong></span> <span class='ocrx_word' id='word_1_467' title='bbox 3390 3359 3553 3410; x_wconf 84' lang='grc' dir='ltr'><strong><em>κακῶς</em></strong></span> <span class='ocrx_word' id='word_1_468' title='bbox 3601 3354 3648 3402; x_wconf 79' lang='grc' dir='ltr'><strong><em>οι</em></strong></span> <span class='ocrx_word' id='word_1_469' title='bbox 3706 3349 3930 3403; x_wconf 82' lang='grc' dir='ltr'><strong><em>δείλαιοι</em></strong></span> 
     </span>
    </p>
   </div>
   <div class='ocr_carea' id='block_1_70' title="bbox 628 3436 3932 3510">
    <p class='ocr_par' dir='ltr' id='par_1_70' title="bbox 628 3436 3932 3510">
     <span class='ocr_line' id='line_1_70' title="bbox 628 3436 3932 3510; baseline 0 -19"><span class='ocrx_word' id='word_1_470' title='bbox 628 3443 985 3510; x_wconf 71' lang='grc' dir='ltr'><strong><em>ἐπεγράφοντο.</em></strong></span> <span class='ocrx_word' id='word_1_471' title='bbox 1044 3440 1154 3491; x_wconf 54' lang='lat' dir='ltr'><strong><em>&quot;En</em></strong></span> <span class='ocrx_word' id='word_1_472' title='bbox 1208 3436 1265 3489; x_wconf 80' lang='grc' dir='ltr'><strong><em>δε</em></strong></span> <span class='ocrx_word' id='word_1_473' title='bbox 1310 3444 1395 3489; x_wconf 83' lang='grc' dir='ltr'><strong><em>καὶ</em></strong></span> <span class='ocrx_word' id='word_1_474' title='bbox 1436 3445 1527 3495; x_wconf 81' lang='grc' dir='ltr'><strong><em>τὴν</em></strong></span> <span class='ocrx_word' id='word_1_475' title='bbox 1576 3439 1622 3488; x_wconf 82' lang='grc' dir='ltr'><strong><em>ἐν</em></strong></span> <span class='ocrx_word' id='word_1_476' title='bbox 1672 3444 1862 3508; x_wconf 82' lang='grc' dir='ltr'><strong><em>Νικαίᾳ</em></strong></span> <span class='ocrx_word' id='word_1_477' title='bbox 1909 3444 1965 3488; x_wconf 89' lang='grc' dir='ltr'><strong><em>τό</em></strong></span> <span class='ocrx_word' id='word_1_478' title='bbox 2012 3437 2246 3507; x_wconf 89' lang='grc' dir='ltr'><strong><em>δεύτερον</em></strong></span> <span class='ocrx_word' id='word_1_479' title='bbox 2294 3440 2427 3509; x_wconf 84' lang='grc' dir='ltr'><strong><em>ἱερὰν</em></strong></span> <span class='ocrx_word' id='word_1_480' title='bbox 2474 3444 2561 3487; x_wconf 80' lang='grc' dir='ltr'><strong><em>καὶ</em></strong></span> <span class='ocrx_word' id='word_1_481' title='bbox 2612 3438 2836 3507; x_wconf 86' lang='grc' dir='ltr'><strong><em>μεγάλην</em></strong></span> <span class='ocrx_word' id='word_1_482' title='bbox 2888 3436 3104 3489; x_wconf 85' lang='grc' dir='ltr'><strong><em>σύνοδον</em></strong></span> <span class='ocrx_word' id='word_1_483' title='bbox 3151 3444 3265 3497; x_wconf 87' lang='grc' dir='ltr'><strong><em>τοῦς</em></strong></span> <span class='ocrx_word' id='word_1_484' title='bbox 3294 3439 3676 3509; x_wconf 85' lang='grc' dir='ltr'><strong><em>Εἰκονομάχους</em></strong></span> <span class='ocrx_word' id='word_1_485' title='bbox 3705 3445 3792 3489; x_wconf 81' lang='grc' dir='ltr'><strong><em>καὶ</em></strong></span> <span class='ocrx_word' id='word_1_486' title='bbox 3832 3437 3932 3491; x_wconf 75' lang='grc' dir='ltr'><strong><em>διὰ</em></strong></span> 
     </span>
    </p>
   </div>
   <div class='ocr_carea' id='block_1_71' title="bbox 628 3523 3930 3597">
    <p class='ocr_par' dir='ltr' id='par_1_71' title="bbox 628 3523 3930 3597">
     <span class='ocr_line' id='line_1_71' title="bbox 628 3523 3930 3597; baseline -0 -20"><span class='ocrx_word' id='word_1_487' title='bbox 628 3536 776 3578; x_wconf 87' lang='grc' dir='ltr'><strong><em>τοῦτο</em></strong></span> <span class='ocrx_word' id='word_1_488' title='bbox 830 3530 1225 3597; x_wconf 85' lang='grc' dir='ltr'><strong><em>Χριστομάχους</em></strong></span> <span class='ocrx_word' id='word_1_489' title='bbox 1280 3533 1365 3575; x_wconf 78' lang='grc' dir='ltr'><strong><em>καί</em></strong></span> <span class='ocrx_word' id='word_1_490' title='bbox 1423 3525 1859 3595; x_wconf 71' lang='grc' dir='ltr'><strong><em>ἀγιιικατηγόρους</em></strong></span> <span class='ocrx_word' id='word_1_491' title='bbox 1924 3524 2417 3576; x_wconf 81' lang='grc' dir='ltr'><strong><em>ἀποσκυϐαλίσασάν</em></strong></span> <span class='ocrx_word' id='word_1_492' title='bbox 2478 3543 2531 3575; x_wconf 91' lang='grc' dir='ltr'><strong><em>τε</em></strong></span> <span class='ocrx_word' id='word_1_493' title='bbox 2578 3531 2665 3575; x_wconf 74' lang='grc' dir='ltr'><strong><em>καὶ</em></strong></span> <span class='ocrx_word' id='word_1_494' title='bbox 2708 3524 3118 3590; x_wconf 79' lang='grc' dir='ltr'><strong><em>καταϐαλοῦσαν,</em></strong></span> <span class='ocrx_word' id='word_1_495' title='bbox 3197 3530 3288 3576; x_wconf 90' lang='grc' dir='ltr'><strong><em>σύν</em></strong></span> <span class='ocrx_word' id='word_1_496' title='bbox 3360 3527 3533 3585; x_wconf 77' lang='grc' dir='ltr'><strong><em>αὐτοῖς</em></strong></span> <span class='ocrx_word' id='word_1_497' title='bbox 3593 3523 3651 3576; x_wconf 74' lang='grc' dir='ltr'><strong><em>δε</em></strong></span> <span class='ocrx_word' id='word_1_498' title='bbox 3703 3533 3791 3576; x_wconf 83' lang='grc' dir='ltr'><strong><em>καὶ</em></strong></span> <span class='ocrx_word' id='word_1_499' title='bbox 3831 3532 3930 3583; x_wconf 72' lang='grc' dir='ltr'><strong><em>τὴν</em></strong></span> 
     </span>
    </p>
   </div>
   <div class='ocr_carea' id='block_1_72' title="bbox 631 3612 3930 3685">
    <p class='ocr_par' dir='ltr' id='par_1_72' title="bbox 631 3612 3930 3685">
     <span class='ocr_line' id='line_1_72' title="bbox 631 3612 3930 3685; baseline 0 -20"><span class='ocrx_word' id='word_1_500' title='bbox 631 3612 920 3685; x_wconf 80' lang='grc' dir='ltr'><strong><em>βδελυκ-ὴν</em></strong></span> <span class='ocrx_word' id='word_1_501' title='bbox 968 3620 1053 3664; x_wconf 78' lang='grc' dir='ltr'><strong><em>καὶ</em></strong></span> <span class='ocrx_word' id='word_1_502' title='bbox 1106 3617 1437 3681; x_wconf 81' lang='grc' dir='ltr'><strong><em>Μανιχαίκὴν</em></strong></span> <span class='ocrx_word' id='word_1_503' title='bbox 1484 3613 1648 3661; x_wconf 76' lang='grc' dir='ltr'><strong><em>αὐτῶν</em></strong></span> <span class='ocrx_word' id='word_1_504' title='bbox 1701 3615 1914 3683; x_wconf 86' lang='grc' dir='ltr'><strong><em>αἰρεσιν.</em></strong></span> <span class='ocrx_word' id='word_1_505' title='bbox 1971 3617 2037 3663; x_wconf 90' lang='grc' dir='ltr'><strong><em>Τό</em></strong></span> <span class='ocrx_word' id='word_1_506' title='bbox 2088 3615 2183 3680; x_wconf 79' lang='grc' dir='ltr'><strong><em>γὰρ</em></strong></span> <span class='ocrx_word' id='word_1_507' title='bbox 2237 3620 2327 3662; x_wconf 91' lang='grc' dir='ltr'><strong><em>τοῦ</em></strong></span> <span class='ocrx_word' id='word_1_508' title='bbox 2390 3616 2577 3683; x_wconf 82' lang='grc' dir='ltr'><strong><em>Κυρίου</em></strong></span> <span class='ocrx_word' id='word_1_509' title='bbox 2627 3614 2769 3680; x_wconf 76' lang='grc' dir='ltr'><strong><em>ἡμῶν</em></strong></span> <span class='ocrx_word' id='word_1_510' title='bbox 2823 3612 2996 3667; x_wconf 82' lang='grc' dir='ltr'><strong><em>Ἰησοῦ</em></strong></span> <span class='ocrx_word' id='word_1_511' title='bbox 3043 3620 3272 3682; x_wconf 80' lang='grc' dir='ltr'><strong><em>Χριστοῦ</em></strong></span> <span class='ocrx_word' id='word_1_512' title='bbox 3305 3615 3575 3681; x_wconf 89' lang='grc' dir='ltr'><strong><em>όμοούσιον</em></strong></span> <span class='ocrx_word' id='word_1_513' title='bbox 3620 3615 3742 3681; x_wconf 74' lang='grc' dir='ltr'><strong><em>ἡμῖν</em></strong></span> <span class='ocrx_word' id='word_1_514' title='bbox 3776 3614 3930 3683; x_wconf 75' lang='grc' dir='ltr'><strong><em>ἅγιον</em></strong></span> 
     </span>
    </p>
   </div>
   <div class='ocr_carea' id='block_1_73' title="bbox 634 3698 3930 3773">
    <p class='ocr_par' dir='ltr' id='par_1_73' title="bbox 634 3698 3930 3773">
     <span class='ocr_line' id='line_1_73' title="bbox 634 3698 3930 3773; baseline 0 -20"><span class='ocrx_word' id='word_1_515' title='bbox 634 3712 780 3772; x_wconf 83' lang='grc' dir='ltr'><strong><em>σῶμα</em></strong></span> <span class='ocrx_word' id='word_1_516' title='bbox 824 3705 1031 3773; x_wconf 78' lang='grc' dir='ltr'><strong><em>γράφειν</em></strong></span> <span class='ocrx_word' id='word_1_517' title='bbox 1082 3701 1338 3757; x_wconf 79' lang='grc' dir='ltr'><strong><em>εἰκονικώς</em></strong></span> <span class='ocrx_word' id='word_1_518' title='bbox 1394 3700 1733 3767; x_wconf 77' lang='grc' dir='ltr'><strong><em>ἐμυσάττοντο</em></strong></span> <span class='ocrx_word' id='word_1_519' title='bbox 1765 3717 1776 3728; x_wconf 92' lang='grc'><strong>·</strong></span> <span class='ocrx_word' id='word_1_520' title='bbox 1832 3704 1887 3748; x_wconf 86' lang='grc' dir='ltr'><strong><em>τό</em></strong></span> <span class='ocrx_word' id='word_1_521' title='bbox 1940 3702 2203 3771; x_wconf 77' lang='grc' dir='ltr'><strong><em>ἄγραπτον</em></strong></span> <span class='ocrx_word' id='word_1_522' title='bbox 2252 3704 2339 3748; x_wconf 87' lang='grc' dir='ltr'><strong><em>καὶ</em></strong></span> <span class='ocrx_word' id='word_1_523' title='bbox 2396 3705 2739 3769; x_wconf 86' lang='grc' dir='ltr'><strong><em>περίγραπτον</em></strong></span> <span class='ocrx_word' id='word_1_524' title='bbox 2795 3700 2951 3749; x_wconf 79' lang='grc' dir='ltr'><strong><em>αὐτοῦ</em></strong></span> <span class='ocrx_word' id='word_1_525' title='bbox 2981 3698 3473 3769; x_wconf 75' lang='grc' dir='ltr'><strong><em>καταϐακχεύοντες,</em></strong></span> <span class='ocrx_word' id='word_1_526' title='bbox 3517 3706 3604 3751; x_wconf 78' lang='grc' dir='ltr'><strong><em>καὶ</em></strong></span> <span class='ocrx_word' id='word_1_527' title='bbox 3653 3698 3741 3751; x_wconf 85' lang='grc' dir='ltr'><strong><em>διά</em></strong></span> <span class='ocrx_word' id='word_1_528' title='bbox 3772 3711 3930 3753; x_wconf 82' lang='grc' dir='ltr'><strong><em>τοῦτο</em></strong></span> 
     </span>
    </p>
   </div>
   <div class='ocr_carea' id='block_1_74' title="bbox 629 3782 3932 3859">
    <p class='ocr_par' dir='ltr' id='par_1_74' title="bbox 629 3782 3932 3859">
     <span class='ocr_line' id='line_1_74' title="bbox 629 3782 3932 3859; baseline 0 -20"><span class='ocrx_word' id='word_1_529' title='bbox 629 3796 697 3859; x_wconf 79' lang='grc' dir='ltr'><strong><em>μὴ</em></strong></span> <span class='ocrx_word' id='word_1_530' title='bbox 732 3788 857 3840; x_wconf 85' lang='grc' dir='ltr'><strong><em>εἶναι</em></strong></span> <span class='ocrx_word' id='word_1_531' title='bbox 908 3792 1028 3857; x_wconf 79' lang='grc' dir='ltr'><strong><em>ημῖν</em></strong></span> <span class='ocrx_word' id='word_1_532' title='bbox 1084 3790 1353 3856; x_wconf 89' lang='grc' dir='ltr'><strong><em>όμοούσιον</em></strong></span> <span class='ocrx_word' id='word_1_533' title='bbox 1400 3796 1621 3851; x_wconf 79' lang='grc' dir='ltr'><strong><em>μανικῶς</em></strong></span> <span class='ocrx_word' id='word_1_534' title='bbox 1688 3792 2130 3855; x_wconf 87' lang='grc' dir='ltr'><strong><em>συμπεραίνοντες.</em></strong></span> <span class='ocrx_word' id='word_1_535' title='bbox 2205 3788 2400 3843; x_wconf 81' lang='grc' dir='ltr'><strong><em>Ταύτας</em></strong></span> <span class='ocrx_word' id='word_1_536' title='bbox 2453 3782 2537 3835; x_wconf 72' lang='grc' dir='ltr'><strong><em>οὖν</em></strong></span> <span class='ocrx_word' id='word_1_537' title='bbox 2592 3788 2680 3846; x_wconf 84' lang='grc' dir='ltr'><strong><em>τὰς</em></strong></span> <span class='ocrx_word' id='word_1_538' title='bbox 2724 3788 2879 3854; x_wconf 81' lang='grc' dir='ltr'><strong><em>ἁγίας</em></strong></span> <span class='ocrx_word' id='word_1_539' title='bbox 2937 3792 3023 3836; x_wconf 83' lang='grc' dir='ltr'><strong><em>καὶ</em></strong></span> <span class='ocrx_word' id='word_1_540' title='bbox 3080 3787 3427 3855; x_wconf 77' lang='grc' dir='ltr'><strong><em>οἱκουμενικάς</em></strong></span> <span class='ocrx_word' id='word_1_541' title='bbox 3485 3788 3613 3837; x_wconf 89' lang='grc' dir='ltr'><strong><em>έπτά</em></strong></span> <span class='ocrx_word' id='word_1_542' title='bbox 3677 3787 3932 3848; x_wconf 84' lang='grc' dir='ltr'><strong><em>συνόδους</em></strong></span> 
     </span>
    </p>
   </div>
   <div class='ocr_carea' id='block_1_75' title="bbox 628 3870 3604 3945">
    <p class='ocr_par' dir='ltr' id='par_1_75' title="bbox 628 3870 3604 3945">
     <span class='ocr_line' id='line_1_75' title="bbox 628 3870 3604 3945; baseline -0.001 -20"><span class='ocrx_word' id='word_1_543' title='bbox 628 3874 977 3945; x_wconf 81' lang='grc' dir='ltr'><strong><em>ἀποδέχομαι,</em></strong></span> <span class='ocrx_word' id='word_1_544' title='bbox 1012 3874 1391 3942; x_wconf 78' lang='grc' dir='ltr'><strong><em>ἀναθεματίζων</em></strong></span> <span class='ocrx_word' id='word_1_545' title='bbox 1419 3878 1524 3941; x_wconf 74' lang='grc' dir='ltr'><strong><em>μὲν,</em></strong></span> <span class='ocrx_word' id='word_1_546' title='bbox 1552 3874 1633 3930; x_wconf 81' lang='grc' dir='ltr'><strong><em>οὖς</em></strong></span> <span class='ocrx_word' id='word_1_547' title='bbox 1664 3872 2049 3942; x_wconf 81' lang='grc' dir='ltr'><strong><em>ἀνεθεμάτισαν,</em></strong></span> <span class='ocrx_word' id='word_1_548' title='bbox 2076 3874 2531 3941; x_wconf 75' lang='grc' dir='ltr'><strong><em>κατασταζόμενος</em></strong></span> <span class='ocrx_word' id='word_1_549' title='bbox 2559 3870 2615 3923; x_wconf 79' lang='grc' dir='ltr'><strong><em>δε</em></strong></span> <span class='ocrx_word' id='word_1_550' title='bbox 2645 3879 2730 3923; x_wconf 83' lang='grc' dir='ltr'><strong><em>καὶ</em></strong></span> <span class='ocrx_word' id='word_1_551' title='bbox 2756 3873 3067 3941; x_wconf 82' lang='grc' dir='ltr'><strong><em>μεγαλύνων,</em></strong></span> <span class='ocrx_word' id='word_1_552' title='bbox 3101 3874 3189 3933; x_wconf 79' lang='grc' dir='ltr'><strong><em>οῦς</em></strong></span> <span class='ocrx_word' id='word_1_553' title='bbox 3218 3873 3604 3943; x_wconf 72' lang='grc' dir='ltr'><strong><em>ἐπευφήμησαν.</em></strong></span> 
     </span>
    </p>
   </div>
   <div class='ocr_carea' id='block_1_76' title="bbox 697 3961 2239 4028">
    <p class='ocr_par' dir='ltr' id='par_1_76' title="bbox 697 3961 2239 4028">
     <span class='ocr_line' id='line_1_76' title="bbox 697 3961 2239 4028; baseline -0.003 -11"><span class='ocrx_word' id='word_1_554' title='bbox 697 3966 825 4017; x_wconf 67' lang='lat' dir='ltr'><strong>Hinc</strong></span> <span class='ocrx_word' id='word_1_555' title='bbox 869 3968 953 4016; x_wconf 89' lang='lat' dir='ltr'><strong><em>est</em></strong></span> <span class='ocrx_word' id='word_1_556' title='bbox 992 3978 1119 4015; x_wconf 89' lang='lat' dir='ltr'><strong><em>mea</em></strong></span> <span class='ocrx_word' id='word_1_557' title='bbox 1148 3961 1275 4013; x_wconf 84' lang='lat' dir='ltr'><strong>fidei</strong></span> <span class='ocrx_word' id='word_1_558' title='bbox 1306 3968 1357 4014; x_wconf 87' lang='lat' dir='ltr'><strong><em>et</em></strong></span> <span class='ocrx_word' id='word_1_559' title='bbox 1386 3978 1580 4013; x_wconf 88' lang='lat' dir='ltr'><strong>eorum</strong></span> <span class='ocrx_word' id='word_1_560' title='bbox 1621 3962 1712 4028; x_wconf 82' lang='lat' dir='ltr'><strong><em>qui</em></strong></span> <span class='ocrx_word' id='word_1_561' title='bbox 1765 3976 1830 4013; x_wconf 91' lang='lat' dir='ltr'><strong><em>eo</em></strong></span> <span class='ocrx_word' id='word_1_562' title='bbox 1887 3965 2138 4028; x_wconf 88' lang='lat' dir='ltr'><strong>spectant</strong></span> <span class='ocrx_word' id='word_1_563' title='bbox 2163 3962 2239 4013; x_wconf 80' lang='lat' dir='ltr'><strong><em>de</em></strong></span> 
     </span>
    </p>
   </div>
   <div class='ocr_carea' id='block_1_77' title="bbox 2337 3961 3929 4028">
    <p class='ocr_par' dir='ltr' id='par_1_77' title="bbox 2430 3962 3929 4028">
     <span class='ocr_line' id='line_1_77' title="bbox 2430 3962 3929 4028; baseline 0.001 -17"><span class='ocrx_word' id='word_1_564' title='bbox 2430 3962 2570 4015; x_wconf 82' lang='grc' dir='ltr'><strong><em>Αῦτη</em></strong></span> <span class='ocrx_word' id='word_1_565' title='bbox 2620 3980 2717 4028; x_wconf 91' lang='grc' dir='ltr'><strong><em>μου</em></strong></span> <span class='ocrx_word' id='word_1_566' title='bbox 2766 3962 2794 4015; x_wconf 81' lang='grc' dir='ltr'><strong>ἠ</strong></span> <span class='ocrx_word' id='word_1_567' title='bbox 2857 3968 2951 4019; x_wconf 78' lang='grc' dir='ltr'><strong><em>τῆς</em></strong></span> <span class='ocrx_word' id='word_1_568' title='bbox 3016 3966 3252 4025; x_wconf 87' lang='grc' dir='ltr'><strong><em>πίστεως,</em></strong></span> <span class='ocrx_word' id='word_1_569' title='bbox 3312 3967 3399 4011; x_wconf 83' lang='grc' dir='ltr'><strong><em>καὶ</em></strong></span> <span class='ocrx_word' id='word_1_570' title='bbox 3454 3970 3550 4011; x_wconf 82' lang='grc' dir='ltr'><strong><em>τῶν</em></strong></span> <span class='ocrx_word' id='word_1_571' title='bbox 3605 3962 3674 4021; x_wconf 85' lang='grc' dir='ltr'><strong><em>εἱς</em></strong></span> <span class='ocrx_word' id='word_1_572' title='bbox 3731 3966 3929 4018; x_wconf 84' lang='grc' dir='ltr'><strong><em>ταύτην</em></strong></span> 
     </span>
    </p>
   </div>
   <div class='ocr_carea' id='block_1_78' title="bbox 628 4046 2253 4115">
    <p class='ocr_par' dir='ltr' id='par_1_78' title="bbox 628 4046 2253 4115">
     <span class='ocr_line' id='line_1_78' title="bbox 628 4046 2253 4115; baseline -0.004 -12"><span class='ocrx_word' id='word_1_573' title='bbox 628 4050 883 4114; x_wconf 88' lang='lat' dir='ltr'><strong>claratio,</strong></span> <span class='ocrx_word' id='word_1_574' title='bbox 916 4054 970 4101; x_wconf 92' lang='lat' dir='ltr'><strong><em>et</em></strong></span> <span class='ocrx_word' id='word_1_575' title='bbox 997 4048 1049 4099; x_wconf 92' lang='lat' dir='ltr'><strong>in</strong></span> <span class='ocrx_word' id='word_1_576' title='bbox 1082 4064 1147 4101; x_wconf 92' lang='lat' dir='ltr'><strong><em>ea</em></strong></span> <span class='ocrx_word' id='word_1_577' title='bbox 1178 4063 1303 4115; x_wconf 93' lang='lat' dir='ltr'><strong>spes</strong></span> <span class='ocrx_word' id='word_1_578' title='bbox 1343 4047 1557 4109; x_wconf 90' lang='lat' dir='ltr'><strong>nititur,</strong></span> <span class='ocrx_word' id='word_1_579' title='bbox 1618 4062 1729 4099; x_wconf 90' lang='lat' dir='ltr'><strong><em>non</em></strong></span> <span class='ocrx_word' id='word_1_580' title='bbox 1793 4046 1930 4098; x_wconf 90' lang='lat' dir='ltr'><strong>mihi</strong></span> <span class='ocrx_word' id='word_1_581' title='bbox 1978 4046 2101 4109; x_wconf 89' lang='lat' dir='ltr'><strong>soli,</strong></span> <span class='ocrx_word' id='word_1_582' title='bbox 2157 4046 2253 4098; x_wconf 86' lang='lat' dir='ltr'><strong><em>sed</em></strong></span> 
     </span>
    </p>
   </div>
   <div class='ocr_carea' id='block_1_79' title="bbox 628 4132 2253 4203">
    <p class='ocr_par' dir='ltr' id='par_1_79' title="bbox 628 4132 2253 4203">
     <span class='ocr_line' id='line_1_79' title="bbox 628 4132 2253 4203; baseline -0.003 -13"><span class='ocrx_word' id='word_1_583' title='bbox 628 4137 889 4190; x_wconf 91' lang='lat' dir='ltr'><strong>omnibus</strong></span> <span class='ocrx_word' id='word_1_584' title='bbox 944 4136 1142 4203; x_wconf 90' lang='lat' dir='ltr'><strong>quibus</strong></span> <span class='ocrx_word' id='word_1_585' title='bbox 1194 4135 1369 4202; x_wconf 90' lang='lat' dir='ltr'><strong>pietas</strong></span> <span class='ocrx_word' id='word_1_586' title='bbox 1408 4134 1559 4185; x_wconf 89' lang='lat' dir='ltr'><strong>cordi</strong></span> <span class='ocrx_word' id='word_1_587' title='bbox 1582 4139 1684 4195; x_wconf 92' lang='lat' dir='ltr'><strong>est,</strong></span> <span class='ocrx_word' id='word_1_588' title='bbox 1718 4140 1771 4186; x_wconf 90' lang='lat' dir='ltr'><strong><em>et</em></strong></span> <span class='ocrx_word' id='word_1_589' title='bbox 1801 4150 1952 4200; x_wconf 68' lang='lat' dir='ltr'><strong>purae</strong></span> <span class='ocrx_word' id='word_1_590' title='bbox 1984 4132 2253 4185; x_wconf 88' lang='lat' dir='ltr'><strong>Christia-</strong></span> 
     </span>
    </p>
   </div>
   <div class='ocr_carea' id='block_1_80' title="bbox 628 4219 2251 4287">
    <p class='ocr_par' dir='ltr' id='par_1_80' title="bbox 628 4219 2251 4287">
     <span class='ocr_line' id='line_1_80' title="bbox 628 4219 2251 4287; baseline -0.004 -10"><span class='ocrx_word' id='word_1_591' title='bbox 628 4240 829 4277; x_wconf 82' lang='lat' dir='ltr'><strong>norum</strong></span> <span class='ocrx_word' id='word_1_592' title='bbox 878 4222 1001 4275; x_wconf 87' lang='lat' dir='ltr'><strong>fidei</strong></span> <span class='ocrx_word' id='word_1_593' title='bbox 1034 4237 1196 4275; x_wconf 82' lang='lat' dir='ltr'><strong>amor</strong></span> <span class='ocrx_word' id='word_1_594' title='bbox 1234 4220 1451 4273; x_wconf 90' lang='lat' dir='ltr'><strong>insitus.</strong></span> <span class='ocrx_word' id='word_1_595' title='bbox 1486 4221 1640 4273; x_wconf 85' lang='lat' dir='ltr'><strong>Hanc</strong></span> <span class='ocrx_word' id='word_1_596' title='bbox 1693 4220 1860 4287; x_wconf 91' lang='lat' dir='ltr'><strong>igitur</strong></span> <span class='ocrx_word' id='word_1_597' title='bbox 1884 4219 2012 4272; x_wconf 88' lang='lat' dir='ltr'><strong>ﬁdei</strong></span> <span class='ocrx_word' id='word_1_598' title='bbox 2043 4219 2251 4287; x_wconf 89' lang='lat' dir='ltr'><strong>profes-</strong></span> 
     </span>
    </p>
   </div>
   <div class='ocr_carea' id='block_1_81' title="bbox 627 4305 2251 4375">
    <p class='ocr_par' dir='ltr' id='par_1_81' title="bbox 627 4305 2251 4375">
     <span class='ocr_line' id='line_1_81' title="bbox 627 4305 2251 4375; baseline -0.003 -12"><span class='ocrx_word' id='word_1_599' title='bbox 627 4312 843 4363; x_wconf 90' lang='lat' dir='ltr'><strong>sionem</strong></span> <span class='ocrx_word' id='word_1_600' title='bbox 878 4325 1053 4361; x_wconf 87' lang='lat' dir='ltr'><strong>manu</strong></span> <span class='ocrx_word' id='word_1_601' title='bbox 1082 4324 1211 4361; x_wconf 90' lang='lat' dir='ltr'><strong><em>mea</em></strong></span> <span class='ocrx_word' id='word_1_602' title='bbox 1257 4307 1520 4375; x_wconf 85' lang='lat' dir='ltr'><strong>scriptam</strong></span> <span class='ocrx_word' id='word_1_603' title='bbox 1570 4306 1853 4359; x_wconf 88' lang='lat' dir='ltr'><strong>sanctitati</strong></span> <span class='ocrx_word' id='word_1_604' title='bbox 1880 4310 2077 4359; x_wconf 58' lang='lat' dir='ltr'><strong>vestra;</strong></span> <span class='ocrx_word' id='word_1_605' title='bbox 2126 4305 2251 4358; x_wconf 90' lang='lat' dir='ltr'><strong>mit-</strong></span> 
     </span>
    </p>
   </div>
   <div class='ocr_carea' id='block_1_82' title="bbox 629 4392 2251 4464">
    <p class='ocr_par' dir='ltr' id='par_1_82' title="bbox 629 4392 2251 4464">
     <span class='ocr_line' id='line_1_82' title="bbox 629 4392 2251 4464; baseline -0.002 -15"><span class='ocrx_word' id='word_1_606' title='bbox 629 4402 827 4457; x_wconf 89' lang='lat' dir='ltr'><strong>tentes,</strong></span> <span class='ocrx_word' id='word_1_607' title='bbox 890 4410 1206 4464; x_wconf 91' lang='lat' dir='ltr'><strong>precamur,</strong></span> <span class='ocrx_word' id='word_1_608' title='bbox 1253 4395 1321 4447; x_wconf 89' lang='lat' dir='ltr'><strong><em>de</em></strong></span> <span class='ocrx_word' id='word_1_609' title='bbox 1374 4409 1551 4456; x_wconf 87' lang='lat' dir='ltr'><strong>more,</strong></span> <span class='ocrx_word' id='word_1_610' title='bbox 1608 4398 1667 4446; x_wconf 93' lang='lat' dir='ltr'><strong><em>ut</em></strong></span> <span class='ocrx_word' id='word_1_611' title='bbox 1701 4409 1888 4462; x_wconf 88' lang='lat' dir='ltr'><strong>preces</strong></span> <span class='ocrx_word' id='word_1_612' title='bbox 1948 4409 2045 4459; x_wconf 94' lang='lat' dir='ltr'><strong><em>pro</em></strong></span> <span class='ocrx_word' id='word_1_613' title='bbox 2091 4392 2251 4445; x_wconf 87' lang='lat' dir='ltr'><strong>nobis</strong></span> 
     </span>
    </p>
   </div>
   <div class='ocr_carea' id='block_1_83' title="bbox 631 4479 2253 4549">
    <p class='ocr_par' dir='ltr' id='par_1_83' title="bbox 631 4479 2253 4549">
     <span class='ocr_line' id='line_1_83' title="bbox 631 4479 2253 4549; baseline -0.004 -12"><span class='ocrx_word' id='word_1_614' title='bbox 631 4484 866 4537; x_wconf 81' lang='lat' dir='ltr'><strong>faciatis.</strong></span> <span class='ocrx_word' id='word_1_615' title='bbox 916 4483 1006 4536; x_wconf 91' lang='lat' dir='ltr'><strong>Sic</strong></span> <span class='ocrx_word' id='word_1_616' title='bbox 1035 4482 1187 4534; x_wconf 90' lang='lat' dir='ltr'><strong>enim</strong></span> <span class='ocrx_word' id='word_1_617' title='bbox 1220 4481 1395 4534; x_wconf 89' lang='lat' dir='ltr'><strong>Deum</strong></span> <span class='ocrx_word' id='word_1_618' title='bbox 1428 4480 1733 4549; x_wconf 89' lang='lat' dir='ltr'><strong>propitium</strong></span> <span class='ocrx_word' id='word_1_619' title='bbox 1776 4479 2065 4542; x_wconf 84' lang='lat' dir='ltr'><strong>faciemus,</strong></span> <span class='ocrx_word' id='word_1_620' title='bbox 2108 4485 2162 4532; x_wconf 90' lang='lat' dir='ltr'><strong><em>et</em></strong></span> <span class='ocrx_word' id='word_1_621' title='bbox 2192 4480 2253 4532; x_wconf 87' lang='lat' dir='ltr'><strong><em>ut</em></strong></span> 
     </span>
    </p>
   </div>
   <div class='ocr_carea' id='block_1_84' title="bbox 629 4566 2250 4634">
    <p class='ocr_par' dir='ltr' id='par_1_84' title="bbox 629 4566 2250 4634">
     <span class='ocr_line' id='line_1_84' title="bbox 629 4566 2250 4634; baseline -0.003 -11"><span class='ocrx_word' id='word_1_622' title='bbox 629 4587 855 4623; x_wconf 90' lang='lat' dir='ltr'><strong>omnem</strong></span> <span class='ocrx_word' id='word_1_623' title='bbox 910 4568 1298 4622; x_wconf 89' lang='lat' dir='ltr'><strong>scandalorum</strong></span> <span class='ocrx_word' id='word_1_624' title='bbox 1328 4567 1596 4628; x_wconf 88' lang='lat' dir='ltr'><strong>radicem,</strong></span> <span class='ocrx_word' id='word_1_625' title='bbox 1628 4571 1683 4619; x_wconf 90' lang='lat' dir='ltr'><strong><em>et</em></strong></span> <span class='ocrx_word' id='word_1_626' title='bbox 1728 4582 1953 4620; x_wconf 87' lang='lat' dir='ltr'><strong>omnem</strong></span> <span class='ocrx_word' id='word_1_627' title='bbox 2005 4566 2250 4634; x_wconf 90' lang='lat' dir='ltr'><strong>lapidem</strong></span> 
     </span>
    </p>
   </div>
   <div class='ocr_carea' id='block_1_85' title="bbox 630 4653 2252 4728">
    <p class='ocr_par' dir='ltr' id='par_1_85' title="bbox 630 4653 2252 4728">
     <span class='ocr_line' id='line_1_85' title="bbox 630 4653 2252 4728; baseline -0.003 -17"><span class='ocrx_word' id='word_1_628' title='bbox 630 4675 741 4728; x_wconf 91' lang='lat' dir='ltr'><strong><em>quo</em></strong></span> <span class='ocrx_word' id='word_1_629' title='bbox 767 4657 975 4711; x_wconf 79' lang='lat' dir='ltr'><strong>offendi</strong></span> <span class='ocrx_word' id='word_1_630' title='bbox 1027 4656 1306 4725; x_wconf 91' lang='lat' dir='ltr'><strong>possimus</strong></span> <span class='ocrx_word' id='word_1_631' title='bbox 1334 4653 1569 4721; x_wconf 88' lang='lat' dir='ltr'><strong>rejiciat.</strong></span> <span class='ocrx_word' id='word_1_632' title='bbox 1603 4654 1685 4707; x_wconf 88' lang='lat' dir='ltr'><strong><em>[ta</em></strong></span> <span class='ocrx_word' id='word_1_633' title='bbox 1715 4653 1907 4707; x_wconf 87' lang='lat' dir='ltr'><strong>ﬁdeles</strong></span> <span class='ocrx_word' id='word_1_634' title='bbox 1931 4653 2252 4707; x_wconf 87' lang='lat' dir='ltr'><strong>felicissime</strong></span> 
     </span>
    </p>
   </div>
   <div class='ocr_carea' id='block_1_86' title="bbox 630 4740 2251 4816">
    <p class='ocr_par' dir='ltr' id='par_1_86' title="bbox 630 4740 2251 4816">
     <span class='ocr_line' id='line_1_86' title="bbox 630 4740 2251 4816; baseline -0.004 -16"><span class='ocrx_word' id='word_1_635' title='bbox 630 4750 971 4816; x_wconf 88' lang='lat' dir='ltr'><strong>pascentur;</strong></span> <span class='ocrx_word' id='word_1_636' title='bbox 1030 4744 1105 4795; x_wconf 91' lang='lat' dir='ltr'><strong><em>sic</em></strong></span> <span class='ocrx_word' id='word_1_637' title='bbox 1178 4758 1277 4794; x_wconf 92' lang='lat' dir='ltr'><strong><em>nos</em></strong></span> <span class='ocrx_word' id='word_1_638' title='bbox 1324 4741 1427 4809; x_wconf 90' lang='lat' dir='ltr'><strong>ipsi</strong></span> <span class='ocrx_word' id='word_1_639' title='bbox 1480 4745 1835 4809; x_wconf 89' lang='lat' dir='ltr'><strong>peccatorum</strong></span> <span class='ocrx_word' id='word_1_640' title='bbox 1893 4740 2251 4795; x_wconf 88' lang='lat' dir='ltr'><strong>multitudine</strong></span> 
     </span>
    </p>
   </div>
   <div class='ocr_carea' id='block_1_87' title="bbox 631 4826 2251 4898">
    <p class='ocr_par' dir='ltr' id='par_1_87' title="bbox 631 4826 2251 4898">
     <span class='ocr_line' id='line_1_87' title="bbox 631 4826 2251 4898; baseline -0.004 -12"><span class='ocrx_word' id='word_1_641' title='bbox 631 4848 743 4886; x_wconf 92' lang='lat' dir='ltr'><strong><em>non</em></strong></span> <span class='ocrx_word' id='word_1_642' title='bbox 783 4830 1157 4898; x_wconf 91' lang='lat' dir='ltr'><strong>impediemur</strong></span> <span class='ocrx_word' id='word_1_643' title='bbox 1208 4828 1342 4896; x_wconf 88' lang='lat' dir='ltr'><strong>quin</strong></span> <span class='ocrx_word' id='word_1_644' title='bbox 1370 4827 1425 4879; x_wconf 91' lang='lat' dir='ltr'><strong><em>in</em></strong></span> <span class='ocrx_word' id='word_1_645' title='bbox 1457 4827 1676 4879; x_wconf 83' lang='lat' dir='ltr'><strong>virtutis</strong></span> <span class='ocrx_word' id='word_1_646' title='bbox 1701 4826 1901 4880; x_wconf 86' lang='lat' dir='ltr'><strong>semita</strong></span> <span class='ocrx_word' id='word_1_647' title='bbox 1922 4827 2251 4895; x_wconf 88' lang='lat' dir='ltr'><strong>progredia-</strong></span> 
     </span>
    </p>
   </div>
   <div class='ocr_carea' id='block_1_88' title="bbox 632 4913 2251 4983">
    <p class='ocr_par' dir='ltr' id='par_1_88' title="bbox 632 4913 2251 4983">
     <span class='ocr_line' id='line_1_88' title="bbox 632 4913 2251 4983; baseline -0.004 -10"><span class='ocrx_word' id='word_1_648' title='bbox 632 4936 776 4973; x_wconf 89' lang='lat' dir='ltr'><strong>mur.</strong></span> <span class='ocrx_word' id='word_1_649' title='bbox 804 4918 1029 4972; x_wconf 91' lang='lat' dir='ltr'><strong>Utinam</strong></span> <span class='ocrx_word' id='word_1_650' title='bbox 1068 4930 1171 4983; x_wconf 90' lang='lat' dir='ltr'><strong><em>ego</em></strong></span> <span class='ocrx_word' id='word_1_651' title='bbox 1202 4928 1423 4981; x_wconf 87' lang='lat' dir='ltr'><strong>semper</strong></span> <span class='ocrx_word' id='word_1_652' title='bbox 1444 4913 1645 4966; x_wconf 85' lang='lat' dir='ltr'><strong>faciam</strong></span> <span class='ocrx_word' id='word_1_653' title='bbox 1666 4917 1721 4967; x_wconf 89' lang='lat' dir='ltr'><strong><em>et</em></strong></span> <span class='ocrx_word' id='word_1_654' title='bbox 1746 4914 1927 4965; x_wconf 88' lang='lat' dir='ltr'><strong>dicam</strong></span> <span class='ocrx_word' id='word_1_655' title='bbox 1955 4929 2077 4981; x_wconf 69' lang='lat' dir='ltr'><strong>quae</strong></span> <span class='ocrx_word' id='word_1_656' title='bbox 2102 4928 2251 4967; x_wconf 71' lang='lat' dir='ltr'><strong>sanis</strong></span> 
     </span>
    </p>
   </div>
   <div class='ocr_carea' id='block_1_89' title="bbox 630 4999 2250 5068">
    <p class='ocr_par' dir='ltr' id='par_1_89' title="bbox 630 4999 2250 5068">
     <span class='ocr_line' id='line_1_89' title="bbox 630 4999 2250 5068; baseline -0.004 -9"><span class='ocrx_word' id='word_1_657' title='bbox 630 5005 897 5059; x_wconf 61' lang='lat' dir='ltr'><strong>doctrinae</strong></span> <span class='ocrx_word' id='word_1_658' title='bbox 930 5007 1060 5055; x_wconf 89' lang='lat' dir='ltr'><strong>sunt</strong></span> <span class='ocrx_word' id='word_1_659' title='bbox 1100 5018 1112 5063; x_wconf 87' lang='lat'><strong>;</strong></span> <span class='ocrx_word' id='word_1_660' title='bbox 1143 5001 1361 5053; x_wconf 91' lang='lat' dir='ltr'><strong>utinam</strong></span> <span class='ocrx_word' id='word_1_661' title='bbox 1422 4999 1499 5052; x_wconf 89' lang='lat' dir='ltr'><strong>illi</strong></span> <span class='ocrx_word' id='word_1_662' title='bbox 1556 5016 1613 5053; x_wconf 89' lang='lat' dir='ltr'><strong><em>se</em></strong></span> <span class='ocrx_word' id='word_1_663' title='bbox 1652 5001 1724 5052; x_wconf 91' lang='lat' dir='ltr'><strong><em>ad</em></strong></span> <span class='ocrx_word' id='word_1_664' title='bbox 1756 5000 1995 5053; x_wconf 90' lang='lat' dir='ltr'><strong>salutem</strong></span> <span class='ocrx_word' id='word_1_665' title='bbox 2027 4999 2250 5068; x_wconf 91' lang='lat' dir='ltr'><strong>perduci</strong></span> 
     </span>
    </p>
   </div>
   <div class='ocr_carea' id='block_1_90' title="bbox 630 5087 2251 5157">
    <p class='ocr_par' dir='ltr' id='par_1_90' title="bbox 630 5087 2251 5157">
     <span class='ocr_line' id='line_1_90' title="bbox 630 5087 2251 5157; baseline -0.004 -11"><span class='ocrx_word' id='word_1_666' title='bbox 630 5094 838 5155; x_wconf 90' lang='lat' dir='ltr'><strong>sinant,</strong></span> <span class='ocrx_word' id='word_1_667' title='bbox 871 5090 1217 5157; x_wconf 77' lang='lat' dir='ltr'><strong>Christoque,</strong></span> <span class='ocrx_word' id='word_1_668' title='bbox 1247 5087 1340 5155; x_wconf 91' lang='lat' dir='ltr'><strong><em>qui</em></strong></span> <span class='ocrx_word' id='word_1_669' title='bbox 1387 5087 1640 5140; x_wconf 90' lang='lat' dir='ltr'><strong>omnium</strong></span> <span class='ocrx_word' id='word_1_670' title='bbox 1684 5092 1768 5139; x_wconf 91' lang='lat' dir='ltr'><strong><em>est</em></strong></span> <span class='ocrx_word' id='word_1_671' title='bbox 1794 5094 1977 5155; x_wconf 90' lang='lat' dir='ltr'><strong>caput,</strong></span> <span class='ocrx_word' id='word_1_672' title='bbox 2006 5087 2251 5139; x_wconf 89' lang='lat' dir='ltr'><strong>studiose</strong></span> 
     </span>
    </p>
   </div>
   <div class='ocr_carea' id='block_1_91' title="bbox 631 5173 2239 5245">
    <p class='ocr_par' dir='ltr' id='par_1_91' title="bbox 631 5173 2239 5243">
     <span class='ocr_line' id='line_1_91' title="bbox 631 5173 2239 5243; baseline -0.004 -10"><span class='ocrx_word' id='word_1_673' title='bbox 631 5180 957 5233; x_wconf 80' lang='lat' dir='ltr'><strong>adhaereant</strong></span> <span class='ocrx_word' id='word_1_674' title='bbox 989 5192 1001 5239; x_wconf 89' lang='lat'><strong>;</strong></span> <span class='ocrx_word' id='word_1_675' title='bbox 1028 5176 1112 5228; x_wconf 91' lang='lat' dir='ltr'><strong><em>cui</em></strong></span> <span class='ocrx_word' id='word_1_676' title='bbox 1142 5176 1320 5243; x_wconf 88' lang='lat' dir='ltr'><strong>gloria</strong></span> <span class='ocrx_word' id='word_1_677' title='bbox 1349 5178 1405 5227; x_wconf 87' lang='lat' dir='ltr'><strong><em>et</em></strong></span> <span class='ocrx_word' id='word_1_678' title='bbox 1432 5173 1696 5227; x_wconf 92' lang='lat' dir='ltr'><strong>fortitudo</strong></span> <span class='ocrx_word' id='word_1_679' title='bbox 1726 5174 1891 5226; x_wconf 90' lang='lat' dir='ltr'><strong>simul</strong></span> <span class='ocrx_word' id='word_1_680' title='bbox 1931 5189 2059 5226; x_wconf 90' lang='lat' dir='ltr'><strong><em>cum</em></strong></span> <span class='ocrx_word' id='word_1_681' title='bbox 2088 5173 2239 5227; x_wconf 75' lang='lat' dir='ltr'><strong>Patre</strong></span> 
     </span>
    </p>
   </div>
   <div class='ocr_carea' id='block_1_92' title="bbox 2337 5173 3928 5245">
    <p class='ocr_par' dir='ltr' id='par_1_92' title="bbox 2358 5175 3928 5245">
     <span class='ocr_line' id='line_1_92' title="bbox 2358 5175 3928 5245; baseline 0.004 -22"><span class='ocrx_word' id='word_1_682' title='bbox 2358 5177 2717 5243; x_wconf 87' lang='grc' dir='ltr'><strong><em>ποιμαίνεσθαί</em></strong></span> <span class='ocrx_word' id='word_1_683' title='bbox 2746 5194 2797 5226; x_wconf 89' lang='grc' dir='ltr'><strong><em>τε</em></strong></span> <span class='ocrx_word' id='word_1_684' title='bbox 2824 5175 2987 5235; x_wconf 86' lang='grc' dir='ltr'><strong><em>καλῶς</em></strong></span> <span class='ocrx_word' id='word_1_685' title='bbox 3028 5179 3083 5225; x_wconf 87' lang='grc' dir='ltr'><strong><em>τὸ</em></strong></span> <span class='ocrx_word' id='word_1_686' title='bbox 3110 5177 3353 5241; x_wconf 79' lang='grc' dir='ltr'><strong><em>ὑπήκοον,</em></strong></span> <span class='ocrx_word' id='word_1_687' title='bbox 3380 5182 3450 5245; x_wconf 82' lang='grc' dir='ltr'><strong><em>μὴ</em></strong></span> <span class='ocrx_word' id='word_1_688' title='bbox 3492 5186 3562 5245; x_wconf 79' lang='grc' dir='ltr'><strong><em>τῷ</em></strong></span> <span class='ocrx_word' id='word_1_689' title='bbox 3597 5178 3773 5233; x_wconf 74' lang='grc' dir='ltr'><strong><em>πλήθει</em></strong></span> <span class='ocrx_word' id='word_1_690' title='bbox 3824 5188 3928 5229; x_wconf 83' lang='grc' dir='ltr'><strong><em>τῶν</em></strong></span> 
     </span>
    </p>
   </div>
   <div class='ocr_carea' id='block_1_93' title="bbox 631 5259 2239 5335">
    <p class='ocr_par' dir='ltr' id='par_1_93' title="bbox 631 5259 2239 5334">
     <span class='ocr_line' id='line_1_93' title="bbox 631 5259 2239 5334; baseline -0.003 -15"><span class='ocrx_word' id='word_1_691' title='bbox 631 5271 687 5319; x_wconf 91' lang='lat' dir='ltr'><strong><em>et</em></strong></span> <span class='ocrx_word' id='word_1_692' title='bbox 757 5264 967 5334; x_wconf 91' lang='lat' dir='ltr'><strong>Spiritu</strong></span> <span class='ocrx_word' id='word_1_693' title='bbox 1016 5268 1230 5324; x_wconf 89' lang='lat' dir='ltr'><strong>sancto,</strong></span> <span class='ocrx_word' id='word_1_694' title='bbox 1278 5260 1535 5313; x_wconf 85' lang='lat' dir='ltr'><strong>Trinitati</strong></span> <span class='ocrx_word' id='word_1_695' title='bbox 1583 5259 2067 5321; x_wconf 80' lang='lat' dir='ltr'><strong>consubstantiali,</strong></span> <span class='ocrx_word' id='word_1_696' title='bbox 2123 5260 2239 5314; x_wconf 64' lang='lat' dir='ltr'><strong>vita</strong></span> 
     </span>
    </p>
   </div>
   <div class='ocr_carea' id='block_1_94' title="bbox 2337 5259 3926 5335">
    <p class='ocr_par' dir='ltr' id='par_1_94' title="bbox 2359 5260 3926 5335">
     <span class='ocr_line' id='line_1_94' title="bbox 2359 5260 3926 5335; baseline 0.002 -24"><span class='ocrx_word' id='word_1_697' title='bbox 2359 5263 2609 5333; x_wconf 78' lang='grc' dir='ltr'><strong><em>ἡμετέρων</em></strong></span> <span class='ocrx_word' id='word_1_698' title='bbox 2665 5262 3044 5334; x_wconf 74' lang='grc' dir='ltr'><strong><em>ἁμαρτημάτων</em></strong></span> <span class='ocrx_word' id='word_1_699' title='bbox 3099 5266 3191 5319; x_wconf 81' lang='grc' dir='ltr'><strong><em>την</em></strong></span> <span class='ocrx_word' id='word_1_700' title='bbox 3234 5260 3430 5313; x_wconf 71' lang='grc' dir='ltr'><strong><em>ἐκείνων</em></strong></span> <span class='ocrx_word' id='word_1_701' title='bbox 3460 5263 3537 5313; x_wconf 72' lang='grc' dir='ltr'><strong><em>ἐπ’</em></strong></span> <span class='ocrx_word' id='word_1_702' title='bbox 3578 5264 3756 5331; x_wconf 79' lang='grc' dir='ltr'><strong><em>ἀγαθῶ</em></strong></span> <span class='ocrx_word' id='word_1_703' title='bbox 3787 5284 3926 5335; x_wconf 87' lang='grc' dir='ltr'><strong><em>προ-</em></strong></span> 
     </span>
    </p>
   </div>
   <div class='ocr_carea' id='block_1_95' title="bbox 632 5346 2239 5419">
    <p class='ocr_par' dir='ltr' id='par_1_95' title="bbox 632 5347 2238 5417">
     <span class='ocr_line' id='line_1_95' title="bbox 632 5347 2238 5417; baseline -0.002 -11"><span class='ocrx_word' id='word_1_704' title='bbox 632 5352 949 5414; x_wconf 83' lang='lat' dir='ltr'><strong>fonti,nunc</strong></span> <span class='ocrx_word' id='word_1_705' title='bbox 969 5355 1023 5404; x_wconf 91' lang='lat' dir='ltr'><strong><em>et</em></strong></span> <span class='ocrx_word' id='word_1_706' title='bbox 1046 5364 1267 5417; x_wconf 89' lang='lat' dir='ltr'><strong>semper</strong></span> <span class='ocrx_word' id='word_1_707' title='bbox 1295 5348 1422 5401; x_wconf 89' lang='lat' dir='ltr'><strong>etin</strong></span> <span class='ocrx_word' id='word_1_708' title='bbox 1452 5347 1656 5401; x_wconf 63' lang='lat' dir='ltr'><strong>secula</strong></span> <span class='ocrx_word' id='word_1_709' title='bbox 1669 5348 2017 5400; x_wconf 80' lang='lat' dir='ltr'><strong>saeculorum.</strong></span> <span class='ocrx_word' id='word_1_710' title='bbox 2035 5350 2238 5402; x_wconf 80' lang='lat' dir='ltr'><strong>Amen.</strong></span> 
     </span>
    </p>
   </div>
   <div class='ocr_carea' id='block_1_96' title="bbox 2337 5346 3929 5419">
    <p class='ocr_par' dir='ltr' id='par_1_96' title="bbox 2358 5348 3929 5419">
     <span class='ocr_line' id='line_1_96' title="bbox 2358 5348 3929 5419; baseline 0.003 -22"><span class='ocrx_word' id='word_1_711' title='bbox 2358 5353 2519 5403; x_wconf 80' lang='grc' dir='ltr'><strong><em>κοπην</em></strong></span> <span class='ocrx_word' id='word_1_712' title='bbox 2560 5348 2955 5412; x_wconf 83' lang='grc' dir='ltr'><strong><em>ἀνακόπτεσθαι,</em></strong></span> <span class='ocrx_word' id='word_1_713' title='bbox 3007 5351 3073 5408; x_wconf 82' lang='grc' dir='ltr'><strong><em>ὡς</em></strong></span> <span class='ocrx_word' id='word_1_714' title='bbox 3104 5348 3323 5399; x_wconf 74' lang='grc' dir='ltr'><strong><em>ἐντεῦθεν</em></strong></span> <span class='ocrx_word' id='word_1_715' title='bbox 3372 5352 3489 5419; x_wconf 66' lang='grc' dir='ltr'><strong><em>ἡμῖν</em></strong></span> <span class='ocrx_word' id='word_1_716' title='bbox 3542 5350 3929 5402; x_wconf 78' lang='grc' dir='ltr'><strong><em>πολλαπλάσιον</em></strong></span> 
     </span>
    </p>
   </div>
   <div class='ocr_carea' id='block_1_97' title="bbox 632 5423 3928 5508">
    <p class='ocr_par' dir='ltr' id='par_1_97' title="bbox 632 5423 3928 5508">
     <span class='ocr_line' id='line_1_97' title="bbox 632 5423 3928 5508; baseline 0 -21"><span class='ocrx_word' id='word_1_717' title='bbox 632 5444 687 5490; x_wconf 84' lang='grc' dir='ltr'><strong><em>τὸ</em></strong></span> <span class='ocrx_word' id='word_1_718' title='bbox 722 5440 999 5508; x_wconf 76' lang='grc' dir='ltr'><strong><em>ἁμάρτημα</em></strong></span> <span class='ocrx_word' id='word_1_719' title='bbox 1038 5437 1476 5504; x_wconf 79' lang='grc' dir='ltr'><strong><em>καταγράφεσθαι.</em></strong></span> <span class='ocrx_word' id='word_1_720' title='bbox 1514 5434 1645 5487; x_wconf 84' lang='grc' dir='ltr'><strong><em>Ἀλλ’</em></strong></span> <span class='ocrx_word' id='word_1_721' title='bbox 1680 5438 1784 5489; x_wconf 88' lang='grc' dir='ltr'><strong><em>εῖην</em></strong></span> <span class='ocrx_word' id='word_1_722' title='bbox 1810 5439 1896 5502; x_wconf 79' lang='grc' dir='ltr'><strong><em>μεν</em></strong></span> <span class='ocrx_word' id='word_1_723' title='bbox 1923 5435 2095 5492; x_wconf 72' lang='grc' dir='ltr'><strong><em>αὐτοῖς</em></strong></span> <span class='ocrx_word' id='word_1_724' title='bbox 2126 5423 2277 5502; x_wconf 74' lang='grc' dir='ltr'><strong><em>ἔγωγε</em></strong></span> <span class='ocrx_word' id='word_1_725' title='bbox 2304 5439 2390 5484; x_wconf 89' lang='grc' dir='ltr'><strong><em>καί</em></strong></span> <span class='ocrx_word' id='word_1_726' title='bbox 2419 5443 2595 5499; x_wconf 83' lang='grc' dir='ltr'><strong><em>ποιῶν,</em></strong></span> <span class='ocrx_word' id='word_1_727' title='bbox 2646 5441 2733 5486; x_wconf 86' lang='grc' dir='ltr'><strong><em>καὶ</em></strong></span> <span class='ocrx_word' id='word_1_728' title='bbox 2772 5436 2925 5504; x_wconf 87' lang='grc' dir='ltr'><strong><em>λέγων</em></strong></span> <span class='ocrx_word' id='word_1_729' title='bbox 2970 5434 3017 5485; x_wconf 84' lang='grc' dir='ltr'><strong><em>έν</em></strong></span> <span class='ocrx_word' id='word_1_730' title='bbox 3059 5432 3382 5506; x_wconf 82' lang='grc' dir='ltr'><strong><em>διδασκαλίᾳ</em></strong></span> <span class='ocrx_word' id='word_1_731' title='bbox 3418 5439 3480 5486; x_wconf 81' lang='grc' dir='ltr'><strong><em>τὰ</em></strong></span> <span class='ocrx_word' id='word_1_732' title='bbox 3506 5434 3706 5498; x_wconf 83' lang='grc' dir='ltr'><strong><em>δέοντα,</em></strong></span> <span class='ocrx_word' id='word_1_733' title='bbox 3741 5437 3928 5493; x_wconf 71' lang='grc' dir='ltr'><strong><em>εἴησαν</em></strong></span> 
     </span>
    </p>
   </div>
   <div class='ocr_carea' id='block_1_98' title="bbox 634 5520 3922 5595">
    <p class='ocr_par' dir='ltr' id='par_1_98' title="bbox 634 5520 3922 5595">
     <span class='ocr_line' id='line_1_98' title="bbox 634 5520 3922 5595; baseline -0.001 -18"><span class='ocrx_word' id='word_1_734' title='bbox 634 5524 691 5577; x_wconf 69' lang='grc' dir='ltr'><strong><em>δὲ</em></strong></span> <span class='ocrx_word' id='word_1_735' title='bbox 747 5531 832 5575; x_wconf 80' lang='grc' dir='ltr'><strong><em>καὶ</em></strong></span> <span class='ocrx_word' id='word_1_736' title='bbox 860 5525 1003 5574; x_wconf 73' lang='grc' dir='ltr'><strong><em>αὐτοὶ</em></strong></span> <span class='ocrx_word' id='word_1_737' title='bbox 1035 5524 1269 5579; x_wconf 66' lang='grc' dir='ltr'><strong><em>εὐπειθῶς</em></strong></span> <span class='ocrx_word' id='word_1_738' title='bbox 1329 5541 1377 5572; x_wconf 83' lang='grc' dir='ltr'><strong><em>τε</em></strong></span> <span class='ocrx_word' id='word_1_739' title='bbox 1433 5530 1517 5571; x_wconf 71' lang='grc' dir='ltr'><strong><em>καὶ</em></strong></span> <span class='ocrx_word' id='word_1_740' title='bbox 1549 5522 1758 5579; x_wconf 77' lang='grc' dir='ltr'><strong><em>εὐηνίως</em></strong></span> <span class='ocrx_word' id='word_1_741' title='bbox 1787 5525 1913 5588; x_wconf 90' lang='grc' dir='ltr'><strong><em>πρός</em></strong></span> <span class='ocrx_word' id='word_1_742' title='bbox 1960 5525 2050 5576; x_wconf 83' lang='grc' dir='ltr'><strong><em>τὴν</em></strong></span> <span class='ocrx_word' id='word_1_743' title='bbox 2081 5520 2268 5571; x_wconf 84' lang='grc' dir='ltr'><strong><em>έαυτών</em></strong></span> <span class='ocrx_word' id='word_1_744' title='bbox 2326 5527 2581 5591; x_wconf 90' lang='grc' dir='ltr'><strong><em>σωτηρίαν</em></strong></span> <span class='ocrx_word' id='word_1_745' title='bbox 2626 5521 2937 5591; x_wconf 87' lang='grc' dir='ltr'><strong><em>ἀνογόμενοι,</em></strong></span> <span class='ocrx_word' id='word_1_746' title='bbox 2995 5528 3077 5573; x_wconf 76' lang='grc' dir='ltr'><strong><em>καί</em></strong></span> <span class='ocrx_word' id='word_1_747' title='bbox 3130 5530 3337 5591; x_wconf 80' lang='grc' dir='ltr'><strong><em>Χριστῳ</em></strong></span> <span class='ocrx_word' id='word_1_748' title='bbox 3390 5532 3448 5593; x_wconf 73' lang='grc' dir='ltr'><strong><em>τῇ</em></strong></span> <span class='ocrx_word' id='word_1_749' title='bbox 3498 5528 3697 5574; x_wconf 88' lang='grc' dir='ltr'><strong><em>πάντων</em></strong></span> <span class='ocrx_word' id='word_1_750' title='bbox 3729 5525 3922 5595; x_wconf 74' lang='grc' dir='ltr'><strong><em>κεφαλῇ</em></strong></span> 
     </span>
    </p>
   </div>
   <div class='ocr_carea' id='block_1_99' title="bbox 633 5605 3928 5685">
    <p class='ocr_par' dir='ltr' id='par_1_99' title="bbox 633 5605 3928 5685">
     <span class='ocr_line' id='line_1_99' title="bbox 633 5605 3928 5685; baseline 0 -24"><span class='ocrx_word' id='word_1_751' title='bbox 633 5621 901 5685; x_wconf 69' lang='grc' dir='ltr'><strong><em>προσφυῶς</em></strong></span> <span class='ocrx_word' id='word_1_752' title='bbox 935 5610 1477 5679; x_wconf 83' lang='grc' dir='ltr'><strong><em>συναρμολογούμενοι,</em></strong></span> <span class='ocrx_word' id='word_1_753' title='bbox 1532 5616 1591 5676; x_wconf 77' lang='grc' dir='ltr'><strong><em>τῇ</em></strong></span> <span class='ocrx_word' id='word_1_754' title='bbox 1642 5607 1796 5657; x_wconf 81' lang='grc' dir='ltr'><strong><em>αὐτοῦ</em></strong></span> <span class='ocrx_word' id='word_1_755' title='bbox 1828 5607 2168 5677; x_wconf 85' lang='grc' dir='ltr'><strong><em>φιλανθρωτίᾳ</em></strong></span> <span class='ocrx_word' id='word_1_756' title='bbox 2218 5612 2305 5657; x_wconf 76' lang='grc' dir='ltr'><strong><em>καὶ</em></strong></span> <span class='ocrx_word' id='word_1_757' title='bbox 2350 5615 2694 5675; x_wconf 86' lang='grc' dir='ltr'><strong><em>χρηστότητι.</em></strong></span> <span class='ocrx_word' id='word_1_758' title='bbox 2728 5610 2795 5678; x_wconf 79' lang='grc' dir='ltr'><em>’ᾭ</em></span> <span class='ocrx_word' id='word_1_759' title='bbox 2825 5612 2852 5665; x_wconf 79' lang='grc' dir='ltr'>ἡ</span> <span class='ocrx_word' id='word_1_760' title='bbox 2889 5605 3017 5669; x_wconf 82' lang='grc' dir='ltr'><strong><em>δόξα</em></strong></span> <span class='ocrx_word' id='word_1_761' title='bbox 3069 5615 3154 5659; x_wconf 81' lang='grc' dir='ltr'><strong><em>καὶ</em></strong></span> <span class='ocrx_word' id='word_1_762' title='bbox 3207 5614 3264 5660; x_wconf 86' lang='grc' dir='ltr'><strong><em>τὸ</em></strong></span> <span class='ocrx_word' id='word_1_763' title='bbox 3303 5612 3488 5681; x_wconf 90' lang='grc' dir='ltr'><strong><em>κράτος</em></strong></span> <span class='ocrx_word' id='word_1_764' title='bbox 3517 5611 3625 5680; x_wconf 77' lang='grc' dir='ltr'><strong><em>ἅμα</em></strong></span> <span class='ocrx_word' id='word_1_765' title='bbox 3652 5618 3723 5671; x_wconf 81' lang='grc' dir='ltr'><strong><em>τῷ</em></strong></span> <span class='ocrx_word' id='word_1_766' title='bbox 3753 5618 3928 5682; x_wconf 82' lang='grc' dir='ltr'><strong><em>Πατρὶ</em></strong></span> 
     </span>
    </p>
   </div>
   <div class='ocr_carea' id='block_1_100' title="bbox 633 5690 3927 5768">
    <p class='ocr_par' dir='ltr' id='par_1_100' title="bbox 633 5690 3927 5768">
     <span class='ocr_line' id='line_1_100' title="bbox 633 5690 3927 5768; baseline -0.001 -17"><span class='ocrx_word' id='word_1_767' title='bbox 633 5705 717 5751; x_wconf 84' lang='grc' dir='ltr'><strong><em>καὶ</em></strong></span> <span class='ocrx_word' id='word_1_768' title='bbox 747 5709 812 5767; x_wconf 80' lang='grc' dir='ltr'><strong><em>τῲ</em></strong></span> <span class='ocrx_word' id='word_1_769' title='bbox 846 5704 971 5766; x_wconf 82' lang='grc' dir='ltr'><strong><em>αγίῳ</em></strong></span> <span class='ocrx_word' id='word_1_770' title='bbox 1006 5701 1277 5765; x_wconf 82' lang='grc' dir='ltr'><strong><em>Πνεῦματι,</em></strong></span> <span class='ocrx_word' id='word_1_771' title='bbox 1310 5704 1367 5765; x_wconf 77' lang='grc' dir='ltr'><strong><em>τῇ</em></strong></span> <span class='ocrx_word' id='word_1_772' title='bbox 1401 5696 1672 5765; x_wconf 76' lang='grc' dir='ltr'><strong><em>ζωαρχικῇ</em></strong></span> <span class='ocrx_word' id='word_1_773' title='bbox 1706 5700 1794 5744; x_wconf 81' lang='grc' dir='ltr'><strong><em>καὶ</em></strong></span> <span class='ocrx_word' id='word_1_774' title='bbox 1823 5696 2079 5762; x_wconf 86' lang='grc' dir='ltr'><strong><em>όμοουσίῳ</em></strong></span> <span class='ocrx_word' id='word_1_775' title='bbox 2116 5690 2322 5763; x_wconf 84' lang='grc' dir='ltr'><strong><em>Τριάδι,</em></strong></span> <span class='ocrx_word' id='word_1_776' title='bbox 2350 5702 2435 5743; x_wconf 88' lang='grc' dir='ltr'><strong><em>νῦν</em></strong></span> <span class='ocrx_word' id='word_1_777' title='bbox 2464 5701 2550 5745; x_wconf 84' lang='grc' dir='ltr'><strong><em>καὶ</em></strong></span> <span class='ocrx_word' id='word_1_778' title='bbox 2591 5694 2686 5758; x_wconf 83' lang='grc' dir='ltr'><strong><em>ἀεί,</em></strong></span> <span class='ocrx_word' id='word_1_779' title='bbox 2729 5702 2813 5747; x_wconf 77' lang='grc' dir='ltr'><strong><em>καὶ</em></strong></span> <span class='ocrx_word' id='word_1_780' title='bbox 2867 5696 2936 5756; x_wconf 85' lang='grc' dir='ltr'><strong><em>εἰς</em></strong></span> <span class='ocrx_word' id='word_1_781' title='bbox 2975 5702 3089 5757; x_wconf 70' lang='grc' dir='ltr'><strong><em>τοὺς</em></strong></span> <span class='ocrx_word' id='word_1_782' title='bbox 3121 5697 3308 5757; x_wconf 77' lang='grc' dir='ltr'><strong><em>αἰῶνας</em></strong></span> <span class='ocrx_word' id='word_1_783' title='bbox 3337 5707 3432 5747; x_wconf 83' lang='grc' dir='ltr'><strong><em>τῶν</em></strong></span> <span class='ocrx_word' id='word_1_784' title='bbox 3485 5698 3696 5751; x_wconf 76' lang='grc' dir='ltr'><strong><em>αἰώνων.</em></strong></span> <span class='ocrx_word' id='word_1_785' title='bbox 3732 5700 3927 5768; x_wconf 75' lang='grc' dir='ltr'><strong><em>Ἀμην.</em></strong></span> 
     </span>
    </p>
   </div>
   <div class='ocr_carea' id='block_1_101' title="bbox 1700 5786 2870 5846">
    <p class='ocr_par' dir='ltr' id='par_1_101' title="bbox 1700 5786 2870 5846">
     <span class='ocr_line' id='line_1_101' title="bbox 1700 5786 2870 5846; baseline 0.004 -5"><span class='ocrx_word' id='word_1_786' title='bbox 1700 5788 1879 5841; x_wconf 74' lang='grc' dir='ltr'><strong><em>ΗΝΙΞ</em></strong></span> <span class='ocrx_word' id='word_1_787' title='bbox 1922 5788 2090 5842; x_wconf 82' lang='grc' dir='ltr'><strong>ΤΟΜΙ</strong></span> <span class='ocrx_word' id='word_1_788' title='bbox 2133 5786 2505 5843; x_wconf 83' lang='lat' dir='ltr'><strong><em>CENTESIMI</em></strong></span> <span class='ocrx_word' id='word_1_789' title='bbox 2547 5789 2870 5846; x_wconf 83' lang='lat' dir='ltr'><strong><em>SECUNDI.</em></strong></span> 
     </span>
    </p>
   </div>
   <div class='ocr_carea' id='block_1_102' title="bbox 2362 4045 3926 4117">
    <p class='ocr_par' dir='ltr' id='par_1_102' title="bbox 2362 4045 3926 4117">
     <span class='ocr_line' id='line_1_102' title="bbox 2362 4045 3926 4117; baseline 0.003 -22"><span class='ocrx_word' id='word_1_790' title='bbox 2362 4045 2661 4110; x_wconf 87' lang='grc' dir='ltr'><strong><em>ἀνηκόντων,</em></strong></span> <span class='ocrx_word' id='word_1_791' title='bbox 2712 4053 2798 4098; x_wconf 80' lang='grc' dir='ltr'><strong><em>καὶ</em></strong></span> <span class='ocrx_word' id='word_1_792' title='bbox 2859 4054 2975 4117; x_wconf 77' lang='grc' dir='ltr'><strong><em>περὶ</em></strong></span> <span class='ocrx_word' id='word_1_793' title='bbox 3040 4047 3196 4103; x_wconf 72' lang='grc' dir='ltr'><strong><em>αὐτὴν</em></strong></span> <span class='ocrx_word' id='word_1_794' title='bbox 3246 4050 3596 4117; x_wconf 75' lang='grc' dir='ltr'><strong><em>ὑφισταμένων</em></strong></span> <span class='ocrx_word' id='word_1_795' title='bbox 3652 4049 3926 4117; x_wconf 81' lang='grc' dir='ltr'><strong><em>ὁμολογία,</em></strong></span> 
     </span>
    </p>
   </div>
   <div class='ocr_carea' id='block_1_103' title="bbox 2360 4132 3930 4204">
    <p class='ocr_par' dir='ltr' id='par_1_103' title="bbox 2360 4132 3930 4204">
     <span class='ocr_line' id='line_1_103' title="bbox 2360 4132 3930 4204; baseline 0.004 -22"><span class='ocrx_word' id='word_1_796' title='bbox 2360 4138 2447 4182; x_wconf 79' lang='grc' dir='ltr'><strong><em>καὶ</em></strong></span> <span class='ocrx_word' id='word_1_797' title='bbox 2497 4132 2543 4182; x_wconf 84' lang='grc' dir='ltr'><strong><em>έν</em></strong></span> <span class='ocrx_word' id='word_1_798' title='bbox 2588 4136 2745 4203; x_wconf 77' lang='grc' dir='ltr'><strong><em>ταύτῃ</em></strong></span> <span class='ocrx_word' id='word_1_799' title='bbox 2789 4136 2816 4189; x_wconf 79' lang='grc' dir='ltr'>ἡ</span> <span class='ocrx_word' id='word_1_800' title='bbox 2866 4134 3020 4199; x_wconf 76' lang='grc' dir='ltr'><strong><em>ἐλπὶς,</em></strong></span> <span class='ocrx_word' id='word_1_801' title='bbox 3065 4135 3153 4184; x_wconf 74' lang='grc' dir='ltr'><strong><em>οὐκ</em></strong></span> <span class='ocrx_word' id='word_1_802' title='bbox 3198 4138 3311 4203; x_wconf 74' lang='grc' dir='ltr'><strong><em>εμοὶ</em></strong></span> <span class='ocrx_word' id='word_1_803' title='bbox 3356 4132 3413 4185; x_wconf 88' lang='grc' dir='ltr'><strong><em>δε</em></strong></span> <span class='ocrx_word' id='word_1_804' title='bbox 3456 4141 3625 4204; x_wconf 85' lang='grc' dir='ltr'><strong><em>μόνον,</em></strong></span> <span class='ocrx_word' id='word_1_805' title='bbox 3683 4136 3808 4185; x_wconf 84' lang='grc' dir='ltr'><strong><em>ἀλλά</em></strong></span> <span class='ocrx_word' id='word_1_806' title='bbox 3836 4142 3930 4188; x_wconf 78' lang='grc' dir='ltr'><strong><em>καὶ</em></strong></span> 
     </span>
    </p>
   </div>
   <div class='ocr_carea' id='block_1_104' title="bbox 2358 4220 3928 4292">
    <p class='ocr_par' dir='ltr' id='par_1_104' title="bbox 2358 4220 3928 4292">
     <span class='ocr_line' id='line_1_104' title="bbox 2358 4220 3928 4292; baseline 0 -21"><span class='ocrx_word' id='word_1_807' title='bbox 2358 4226 2515 4271; x_wconf 85' lang='grc' dir='ltr'><strong><em>πᾶσιν</em></strong></span> <span class='ocrx_word' id='word_1_808' title='bbox 2559 4222 2697 4280; x_wconf 84' lang='grc' dir='ltr'><strong><em>ὅσοις</em></strong></span> <span class='ocrx_word' id='word_1_809' title='bbox 2748 4220 2968 4271; x_wconf 80' lang='grc' dir='ltr'><strong><em>εύσεϐεῑν</em></strong></span> <span class='ocrx_word' id='word_1_810' title='bbox 3020 4222 3370 4291; x_wconf 89' lang='grc' dir='ltr'><strong><em>μεμελέτηται,</em></strong></span> <span class='ocrx_word' id='word_1_811' title='bbox 3422 4228 3509 4273; x_wconf 82' lang='grc' dir='ltr'><strong><em>καὶ</em></strong></span> <span class='ocrx_word' id='word_1_812' title='bbox 3557 4233 3650 4281; x_wconf 87' lang='grc' dir='ltr'><strong><em>τῆς</em></strong></span> <span class='ocrx_word' id='word_1_813' title='bbox 3697 4226 3928 4292; x_wconf 78' lang='grc' dir='ltr'><strong><em>καθαρᾶς</em></strong></span> 
     </span>
    </p>
   </div>
   <div class='ocr_carea' id='block_1_105' title="bbox 2359 4304 3923 4378">
    <p class='ocr_par' dir='ltr' id='par_1_105' title="bbox 2359 4304 3923 4378">
     <span class='ocr_line' id='line_1_105' title="bbox 2359 4304 3923 4378; baseline 0.003 -22"><span class='ocrx_word' id='word_1_814' title='bbox 2359 4312 2445 4357; x_wconf 85' lang='grc' dir='ltr'><strong><em>καὶ</em></strong></span> <span class='ocrx_word' id='word_1_815' title='bbox 2497 4304 2782 4364; x_wconf 79' lang='grc' dir='ltr'><strong><em>ἀκιϐδήλου</em></strong></span> <span class='ocrx_word' id='word_1_816' title='bbox 2851 4304 3010 4367; x_wconf 80' lang='grc' dir='ltr'><strong><em>δόξης</em></strong></span> <span class='ocrx_word' id='word_1_817' title='bbox 3064 4317 3160 4358; x_wconf 82' lang='grc' dir='ltr'><strong><em>τῶν</em></strong></span> <span class='ocrx_word' id='word_1_818' title='bbox 3233 4315 3557 4378; x_wconf 80' lang='grc' dir='ltr'><strong><em>Χριστιανῶν</em></strong></span> <span class='ocrx_word' id='word_1_819' title='bbox 3622 4312 3747 4368; x_wconf 82' lang='grc' dir='ltr'><strong><em>θεῖος</em></strong></span> <span class='ocrx_word' id='word_1_820' title='bbox 3794 4314 3923 4378; x_wconf 76' lang='grc' dir='ltr'><strong><em>ἔρως</em></strong></span> 
     </span>
    </p>
   </div>
   <div class='ocr_carea' id='block_1_106' title="bbox 2358 4392 3927 4468">
    <p class='ocr_par' dir='ltr' id='par_1_106' title="bbox 2358 4392 3927 4468">
     <span class='ocr_line' id='line_1_106' title="bbox 2358 4392 3927 4468; baseline 0.003 -24"><span class='ocrx_word' id='word_1_821' title='bbox 2358 4400 2707 4465; x_wconf 84' lang='grc' dir='ltr'><strong><em>προσπέφυκεν</em></strong></span> <span class='ocrx_word' id='word_1_822' title='bbox 2755 4396 2990 4463; x_wconf 79' lang='grc' dir='ltr'><strong><em>ἔχεσθαι.</em></strong></span> <span class='ocrx_word' id='word_1_823' title='bbox 3036 4399 3238 4450; x_wconf 78' lang='grc' dir='ltr'><strong><em>Ταύτην</em></strong></span> <span class='ocrx_word' id='word_1_824' title='bbox 3285 4392 3371 4446; x_wconf 81' lang='grc' dir='ltr'><strong><em>οὖν</em></strong></span> <span class='ocrx_word' id='word_1_825' title='bbox 3419 4398 3560 4465; x_wconf 78' lang='grc' dir='ltr'><strong><em>ἡμῶν</em></strong></span> <span class='ocrx_word' id='word_1_826' title='bbox 3601 4402 3692 4452; x_wconf 75' lang='grc' dir='ltr'><strong><em>τὴν</em></strong></span> <span class='ocrx_word' id='word_1_827' title='bbox 3743 4400 3927 4468; x_wconf 75' lang='grc' dir='ltr'><strong><em>ἔγγρα-</em></strong></span> 
     </span>
    </p>
   </div>
   <div class='ocr_carea' id='block_1_107' title="bbox 2360 4481 3924 4554">
    <p class='ocr_par' dir='ltr' id='par_1_107' title="bbox 2360 4481 3924 4554">
     <span class='ocr_line' id='line_1_107' title="bbox 2360 4481 3924 4554; baseline 0.003 -24"><span class='ocrx_word' id='word_1_828' title='bbox 2360 4499 2445 4549; x_wconf 86' lang='grc' dir='ltr'><strong><em>φον</em></strong></span> <span class='ocrx_word' id='word_1_829' title='bbox 2494 4488 2587 4541; x_wconf 80' lang='grc' dir='ltr'><strong><em>τῆς</em></strong></span> <span class='ocrx_word' id='word_1_830' title='bbox 2655 4486 2874 4539; x_wconf 86' lang='grc' dir='ltr'><strong><em>πίστεως</em></strong></span> <span class='ocrx_word' id='word_1_831' title='bbox 2942 4481 3212 4551; x_wconf 83' lang='grc' dir='ltr'><strong><em>ὁμολογίαν</em></strong></span> <span class='ocrx_word' id='word_1_832' title='bbox 3268 4484 3663 4542; x_wconf 77' lang='grc' dir='ltr'><strong><em>ὑποστήσαντες,</em></strong></span> <span class='ocrx_word' id='word_1_833' title='bbox 3728 4491 3815 4534; x_wconf 80' lang='grc' dir='ltr'><strong><em>καὶ</em></strong></span> <span class='ocrx_word' id='word_1_834' title='bbox 3860 4494 3924 4554; x_wconf 69' lang='grc' dir='ltr'><strong><em>τῇ</em></strong></span> 
     </span>
    </p>
   </div>
   <div class='ocr_carea' id='block_1_108' title="bbox 2360 4568 3928 4638">
    <p class='ocr_par' dir='ltr' id='par_1_108' title="bbox 2360 4568 3928 4638">
     <span class='ocr_line' id='line_1_108' title="bbox 2360 4568 3928 4638; baseline 0.003 -22"><span class='ocrx_word' id='word_1_835' title='bbox 2360 4568 2500 4635; x_wconf 70' lang='grc' dir='ltr'><strong><em>ἡμῶν</em></strong></span> <span class='ocrx_word' id='word_1_836' title='bbox 2560 4573 2776 4638; x_wconf 82' lang='grc' dir='ltr'><strong><em>πανιέρῳ</em></strong></span> <span class='ocrx_word' id='word_1_837' title='bbox 2827 4571 3048 4638; x_wconf 83' lang='grc' dir='ltr'><strong><em>ἱερότητι</em></strong></span> <span class='ocrx_word' id='word_1_838' title='bbox 3091 4572 3152 4617; x_wconf 89' lang='grc' dir='ltr'><strong><em>τά</em></strong></span> <span class='ocrx_word' id='word_1_839' title='bbox 3199 4569 3312 4619; x_wconf 88' lang='grc' dir='ltr'><strong><em>καθ’</em></strong></span> <span class='ocrx_word' id='word_1_840' title='bbox 3353 4570 3488 4638; x_wconf 78' lang='grc' dir='ltr'><strong><em>ἡμᾶς</em></strong></span> <span class='ocrx_word' id='word_1_841' title='bbox 3532 4572 3601 4629; x_wconf 82' lang='grc' dir='ltr'><strong><em>ὡς</em></strong></span> <span class='ocrx_word' id='word_1_842' title='bbox 3653 4570 3699 4620; x_wconf 83' lang='grc' dir='ltr'><strong><em>έν</em></strong></span> <span class='ocrx_word' id='word_1_843' title='bbox 3743 4577 3928 4621; x_wconf 76' lang='grc' dir='ltr'><strong><em>πίνακι</em></strong></span> 
     </span>
    </p>
   </div>
   <div class='ocr_carea' id='block_1_109' title="bbox 2361 4650 3926 4727">
    <p class='ocr_par' dir='ltr' id='par_1_109' title="bbox 2361 4650 3926 4727">
     <span class='ocr_line' id='line_1_109' title="bbox 2361 4650 3926 4727; baseline 0.004 -25"><span class='ocrx_word' id='word_1_844' title='bbox 2361 4650 2799 4724; x_wconf 82' lang='grc' dir='ltr'><strong><em>διαχαράττοντες</em></strong></span> <span class='ocrx_word' id='word_1_845' title='bbox 2834 4662 2941 4713; x_wconf 88' lang='grc' dir='ltr'><strong><em>τοῖς</em></strong></span> <span class='ocrx_word' id='word_1_846' title='bbox 2982 4654 3149 4723; x_wconf 86' lang='grc' dir='ltr'><strong><em>λόγοις</em></strong></span> <span class='ocrx_word' id='word_1_847' title='bbox 3198 4654 3647 4725; x_wconf 76' lang='grc' dir='ltr'><strong><em>ἀνιστόρησαντες,</em></strong></span> <span class='ocrx_word' id='word_1_848' title='bbox 3706 4660 3825 4727; x_wconf 80' lang='grc' dir='ltr'><strong><em>ὅπερ</em></strong></span> <span class='ocrx_word' id='word_1_849' title='bbox 3856 4655 3926 4713; x_wconf 69' lang='grc' dir='ltr'><strong><em>δή</em></strong></span> 
     </span>
    </p>
   </div>
   <div class='ocr_carea' id='block_1_110' title="bbox 2360 4739 3927 4813">
    <p class='ocr_par' dir='ltr' id='par_1_110' title="bbox 2360 4739 3927 4813">
     <span class='ocr_line' id='line_1_110' title="bbox 2360 4739 3927 4813; baseline 0.004 -24"><span class='ocrx_word' id='word_1_850' title='bbox 2360 4741 2598 4799; x_wconf 88' lang='grc' dir='ltr'><strong><em>πολλάκις</em></strong></span> <span class='ocrx_word' id='word_1_851' title='bbox 2638 4742 2960 4811; x_wconf 73' lang='grc' dir='ltr'><strong><em>ᾐτησάμεθα,</em></strong></span> <span class='ocrx_word' id='word_1_852' title='bbox 2994 4750 3092 4791; x_wconf 86' lang='grc' dir='ltr'><strong><em>τῶν</em></strong></span> <span class='ocrx_word' id='word_1_853' title='bbox 3140 4743 3389 4813; x_wconf 77' lang='grc' dir='ltr'><strong><em>υμετέρων</em></strong></span> <span class='ocrx_word' id='word_1_854' title='bbox 3430 4739 3733 4812; x_wconf 75' lang='grc' dir='ltr'><strong><em>ἐπιδεομεθα</em></strong></span> <span class='ocrx_word' id='word_1_855' title='bbox 3762 4763 3927 4813; x_wconf 61' lang='grc' dir='ltr'><strong><em>προσ-</em></strong></span> 
     </span>
    </p>
   </div>
   <div class='ocr_carea' id='block_1_111' title="bbox 2359 4828 3928 4899">
    <p class='ocr_par' dir='ltr' id='par_1_111' title="bbox 2359 4828 3928 4899">
     <span class='ocr_line' id='line_1_111' title="bbox 2359 4828 3928 4899; baseline 0.002 -22"><span class='ocrx_word' id='word_1_856' title='bbox 2359 4836 2546 4895; x_wconf 81' lang='grc' dir='ltr'><strong><em>ενχων,</em></strong></span> <span class='ocrx_word' id='word_1_857' title='bbox 2588 4834 2713 4879; x_wconf 83' lang='grc' dir='ltr'><strong><em>Θεὸν</em></strong></span> <span class='ocrx_word' id='word_1_858' title='bbox 2765 4832 2851 4896; x_wconf 78' lang='grc' dir='ltr'><strong><em>μεν</em></strong></span> <span class='ocrx_word' id='word_1_859' title='bbox 2908 4829 3045 4878; x_wconf 84' lang='grc' dir='ltr'><strong><em>ἵλεων</em></strong></span> <span class='ocrx_word' id='word_1_860' title='bbox 3076 4834 3162 4879; x_wconf 82' lang='grc' dir='ltr'><strong><em>καὶ</em></strong></span> <span class='ocrx_word' id='word_1_861' title='bbox 3195 4829 3370 4898; x_wconf 78' lang='grc' dir='ltr'><strong><em>εὐμενῆ</em></strong></span> <span class='ocrx_word' id='word_1_862' title='bbox 3406 4828 3477 4899; x_wconf 69' lang='grc' dir='ltr'><strong><em>ἐφ’</em></strong></span> <span class='ocrx_word' id='word_1_863' title='bbox 3510 4832 3580 4889; x_wconf 84' lang='grc' dir='ltr'><strong><em>οἷς</em></strong></span> <span class='ocrx_word' id='word_1_864' title='bbox 3621 4849 3673 4880; x_wconf 90' lang='grc' dir='ltr'><strong><em>τε</em></strong></span> <span class='ocrx_word' id='word_1_865' title='bbox 3702 4836 3928 4899; x_wconf 61' lang='grc' dir='ltr'><strong><em>πράττοι</em></strong></span> 
     </span>
    </p>
   </div>
   <div class='ocr_carea' id='block_1_112' title="bbox 2359 4910 3929 4985">
    <p class='ocr_par' dir='ltr' id='par_1_112' title="bbox 2359 4910 3929 4985">
     <span class='ocr_line' id='line_1_112' title="bbox 2359 4910 3929 4985; baseline 0.003 -22"><span class='ocrx_word' id='word_1_866' title='bbox 2359 4932 2466 4982; x_wconf 83' lang='grc' dir='ltr'><strong><em>μεν,</em></strong></span> <span class='ocrx_word' id='word_1_867' title='bbox 2498 4918 2584 4964; x_wconf 79' lang='grc' dir='ltr'><strong><em>καὶ</em></strong></span> <span class='ocrx_word' id='word_1_868' title='bbox 2613 4910 3013 4985; x_wconf 86' lang='grc' dir='ltr'><strong><em>διεπραξάμεθα,</em></strong></span> <span class='ocrx_word' id='word_1_869' title='bbox 3060 4918 3192 4983; x_wconf 81' lang='grc' dir='ltr'><strong><em>ημᾶς</em></strong></span> <span class='ocrx_word' id='word_1_870' title='bbox 3219 4916 3458 4985; x_wconf 83' lang='grc' dir='ltr'><strong><em>έφευρείν,</em></strong></span> <span class='ocrx_word' id='word_1_871' title='bbox 3487 4923 3657 4966; x_wconf 79' lang='grc' dir='ltr'><strong><em>πᾶσαν</em></strong></span> <span class='ocrx_word' id='word_1_872' title='bbox 3687 4914 3742 4967; x_wconf 80' lang='grc' dir='ltr'><strong><em>δε</em></strong></span> <span class='ocrx_word' id='word_1_873' title='bbox 3772 4936 3929 4967; x_wconf 86' lang='grc' dir='ltr'><strong><em>σκαν-</em></strong></span> 
     </span>
    </p>
   </div>
   <div class='ocr_carea' id='block_1_113' title="bbox 2360 4997 3925 5073">
    <p class='ocr_par' dir='ltr' id='par_1_113' title="bbox 2360 4997 3925 5073">
     <span class='ocr_line' id='line_1_113' title="bbox 2360 4997 3925 5073; baseline 0.003 -24"><span class='ocrx_word' id='word_1_874' title='bbox 2360 4997 2526 5049; x_wconf 86' lang='grc' dir='ltr'><strong><em>δάλων</em></strong></span> <span class='ocrx_word' id='word_1_875' title='bbox 2591 5002 2741 5073; x_wconf 74' lang='grc' dir='ltr'><strong><em>ῥίζαν</em></strong></span> <span class='ocrx_word' id='word_1_876' title='bbox 2798 5007 2885 5051; x_wconf 82' lang='grc' dir='ltr'><strong><em>καὶ</em></strong></span> <span class='ocrx_word' id='word_1_877' title='bbox 2936 5006 3120 5071; x_wconf 87' lang='grc' dir='ltr'><strong><em>πέτραν</em></strong></span> <span class='ocrx_word' id='word_1_878' title='bbox 3172 5006 3573 5071; x_wconf 87' lang='grc' dir='ltr'><strong><em>προσκόμματος</em></strong></span> <span class='ocrx_word' id='word_1_879' title='bbox 3628 5003 3681 5053; x_wconf 84' lang='grc' dir='ltr'><strong><em>έκ</em></strong></span> <span class='ocrx_word' id='word_1_880' title='bbox 3741 5001 3925 5054; x_wconf 84' lang='grc' dir='ltr'><strong><em>ποδῶν</em></strong></span> 
     </span>
    </p>
   </div>
   <div class='ocr_carea' id='block_1_114' title="bbox 2356 5088 3926 5161">
    <p class='ocr_par' dir='ltr' id='par_1_114' title="bbox 2356 5088 3926 5161">
     <span class='ocr_line' id='line_1_114' title="bbox 2356 5088 3926 5161; baseline 0.003 -24"><span class='ocrx_word' id='word_1_881' title='bbox 2356 5094 2662 5157; x_wconf 81' lang='grc' dir='ltr'><strong><em>γεγενημένα</em></strong></span> <span class='ocrx_word' id='word_1_882' title='bbox 2712 5096 2798 5147; x_wconf 78' lang='grc' dir='ltr'><strong><em>τῆς</em></strong></span> <span class='ocrx_word' id='word_1_883' title='bbox 2854 5088 3288 5147; x_wconf 78' lang='grc' dir='ltr'><strong><em>έκκλησιαστικῆς</em></strong></span> <span class='ocrx_word' id='word_1_884' title='bbox 3364 5090 3595 5151; x_wconf 88' lang='grc' dir='ltr'><strong><em>εύταξίας</em></strong></span> <span class='ocrx_word' id='word_1_885' title='bbox 3651 5093 3879 5161; x_wconf 81' lang='grc' dir='ltr'><strong><em>καθορᾷν</em></strong></span> <span class='ocrx_word' id='word_1_886' title='bbox 3912 5113 3926 5125; x_wconf 87' lang='grc'><strong>·</strong></span> 
     </span>
    </p>
   </div>
   <div class='ocr_carea' id='block_1_115' title="bbox 2441 5920 3951 5945">
    <p class='ocr_par' dir='ltr' id='par_1_115' title="bbox 2441 5920 3951 5945">
     <span class='ocr_line' id='line_1_115' title="bbox 2441 5920 3951 5945; baseline 0 -5"><span class='ocrx_word' id='word_1_887' title='bbox 2441 5920 3951 5945; x_wconf 76' lang='lat' dir='ltr'><strong><em>—I———————___</em></strong></span> 
     </span>
    </p>
   </div>
   <div class='ocr_carea' id='block_1_116' title="bbox 2471 5966 3919 6021">
    <p class='ocr_par' dir='ltr' id='par_1_116' title="bbox 2471 5966 3919 6021">
     <span class='ocr_line' id='line_1_116' title="bbox 2471 5966 3919 6021; baseline 0.003 -18"><span class='ocrx_word' id='word_1_888' title='bbox 2471 5966 2667 6015; x_wconf 71' lang='lat' dir='ltr'><strong>lmprimé</strong></span> <span class='ocrx_word' id='word_1_889' title='bbox 2691 5979 2763 6015; x_wconf 73' lang='lat' dir='ltr'><strong><em>por</em></strong></span> <span class='ocrx_word' id='word_1_890' title='bbox 2786 5967 2845 6005; x_wconf 68' lang='lat' dir='ltr'><strong><em>les</em></strong></span> <span class='ocrx_word' id='word_1_891' title='bbox 2867 5967 3014 6005; x_wconf 75' lang='lat' dir='ltr'><strong>Ulineo</strong></span> <span class='ocrx_word' id='word_1_892' title='bbox 3037 5968 3208 6018; x_wconf 70' lang='lat' dir='ltr'><strong>Brepoln</strong></span> <span class='ocrx_word' id='word_1_893' title='bbox 3230 5970 3269 6005; x_wconf 76' lang='grc'><strong><em>5.</em></strong></span> <span class='ocrx_word' id='word_1_894' title='bbox 3295 5971 3342 6005; x_wconf 84' lang='grc' dir='ltr'><strong><em>Α.</em></strong></span> <span class='ocrx_word' id='word_1_895' title='bbox 3368 5987 3412 5999; x_wconf 87' lang='grc'><strong><em>-</em></strong></span> <span class='ocrx_word' id='word_1_896' title='bbox 3434 5968 3653 6006; x_wconf 73' lang='lat' dir='ltr'><strong>Turnhout</strong></span> <span class='ocrx_word' id='word_1_897' title='bbox 3678 5970 3919 6021; x_wconf 66' lang='lat' dir='ltr'><strong>(Belgiqur)</strong></span> 
     </span>
    </p>
   </div>
   <div class='ocr_carea' id='block_1_117' title="bbox 2960 6083 3439 6111">
    <p class='ocr_par' dir='ltr' id='par_1_117' title="bbox 2960 6083 3439 6111">
     <span class='ocr_line' id='line_1_117' title="bbox 2960 6083 3439 6111; baseline 0.002 -3"><span class='ocrx_word' id='word_1_898' title='bbox 2960 6083 3150 6110; x_wconf 49' lang='grc' dir='ltr'><strong><em>ηιατιο</em></strong></span> <span class='ocrx_word' id='word_1_899' title='bbox 3175 6083 3220 6110; x_wconf 62' lang='grc' dir='ltr'><strong><em>ΙΝ</em></strong></span> <span class='ocrx_word' id='word_1_900' title='bbox 3246 6083 3439 6111; x_wconf 55' lang='grc' dir='ltr'><strong><em>ιιιοιιλκι</em></strong></span> 
     </span>
    </p>
   </div>
  </div>
