3946 6458
492 270 566 343 (δ’

1360 496 1425 529 \

1775 286 2128 345 SMARAGDI
2167 286 2456 343 ADBATIS

3672 294 3740 349 Ili

1625 556 2015 637 vensus
2092 524 2609 639 SMABAGDI

1289 752 1548 797 QIBATIS
1591 748 1979 799 IONASTEIII
2029 753 2084 799 8.
2130 752 2477 799 menaeus
2516 748 2940 801 AICBANGBU.

1887 876 2358 893 ψ

553 960 811 1033 Quisquis
838 972 988 1016 amas
1015 961 1223 1033 typicos
1252 959 1388 1029 legis
1416 974 1742 1032 cognoscere
1764 974 1958 1018 sensus

556 1050 864 1121 Vitalesque
885 1052 1037 1121 cupis
1057 1052 1337 1106 doctorum
1354 1064 1589 1121 carpere
1618 1050 1848 1118 fructus,

552 1141 714 1198 Istius
735 1142 938 1213 egregii
965 1143 1230 1199 calamum
1252 1142 1504 1213 perquire
1531 1142 1720 1210 libelli,

556 1233 775 1289 Discute
798 1234 1080 1305 paginulas
1116 1234 1287 1290 soleis
1310 1243 1368 1289 et
1392 1243 1571 1291 mente
1602 1235 1782 1305 sagaci

552 1320 691 1389 Quid
723 1333 902 1379 teneat
929 1324 1166 1396 typicum
1190 1323 1404 1380 sublato
1432 1324 1668 1395 tegmine
1684 1324 1855 1379 disce.

554 1412 752 1467 Pabula
784 1412 889 1468 l’ert
921 1414 1114 1468 anima:
1141 1413 1307 1469 verbo
1332 1412 1549 1470 condita
1575 1414 1787 1480 salutis,

554 1501 727 1557 Pollct
754 1510 809 1557 et
831 1503 885 1557 in
915 1503 1087 1558 sacris
1116 1500 1341 1559 nimium
1371 1500 1670 1574 typicisque
1690 1501 1899 1575 ﬁguris,

554 1591 817 1649 Sensibus
834 1593 1034 1661 elucet,
1068 1594 1193 1649 laeto
1223 1609 1472 1651 sermone
1494 1593 1714 1650 nitescit

552 1684 771 1755 Argenti
806 1684 1006 1740 nitidos
1030 1685 1285 1741 distincto
1317 1686 1489 1740 limite
1515 1699 1755 1756 campos,

555 1777 622 1830 Et
647 1777 873 1832 nimium
898 1778 1148 1847 gravidos
1178 1778 1362 1833 divino
1384 1793 1608 1833 munere
1630 1785 1857 1835 cunctos

489 1903 499 1914 .
549 1865 750 1921 Ordine
778 1866 1056 1922 multidico
1082 1882 1375 1936 consperso
1399 1868 1606 1923 semine
1632 1877 1816 1922 vatum

550 1957 799 2011 Continet
822 1958 875 2011 in
906 1957 1115 2029 gremio
1135 1958 1375 2028 digestos
1407 1960 1510 2015 iste
1538 1958 1768 2016 libellus.

550 2045 731 2101 Aurea
760 2047 827 2102 de
855 2062 1084 2116 quorum
1111 2048 1329 2120 proprio
1357 2047 1553 2106 sudore
1581 2052 1753 2106 recisa

558 2132 719 2202 Eure,
747 2136 962 2192 favente
986 2138 1118 2204 Deo,
1155 2136 1343 2193 Patres
1372 2147 1587 2195 traxere
1616 2138 1858 2205 metalla,
1906 2184 1935 2199 -

547 2227 589 2281 Δ
629 2229 825 2299 quibus
851 2229 1099 2297 eximios,
1130 2230 1229 2286 niti
1251 2230 1302 2285 lo
1328 2244 1580 2287 sermone
1610 2231 1865 2302 repletos,

2085 966 2140 1026 Α
2231 961 2366 1017 Sum
2399 963 2620 1032 proprio
2646 963 2801 1017 nisus
2819 960 3038 1017 modulo
3060 976 3388 1034 componere
3409 963 3595 1023 libros.

2240 1048 2316 1105 Ex
2334 1050 2531 1121 quibus
2544 1050 2689 1105 hunc
2708 1052 2977 1106 modicum
2992 1067 3149 1108 sacro
3165 1054 3492 1109 charismate
3501 1056 3740 1125 plenum,

2234 1138 2537 1211 lnspirante
2562 1138 2693 1206 Deo,
2722 1139 2865 1196 volui
2891 1140 3217 1211 conjungere
3241 1144 3458 1201 librum.

2232 1227 2339 1295 Qui
2376 1229 2509 1283 mihi
2543 1230 2826 1299 perspicue
2850 1229 3126 1286 dilllorans
3151 1231 3417 1303 Dindyma
3448 1234 3583 1306 legis

2234 1317 2365 1385 Quae
2390 1327 2538 1373 tenet
2564 1320 2619 1373 in
2641 1320 2812 1376 sacris
2838 1329 3105 1376 monstret
3128 1323 3329 1378 nudata
3349 1323 3557 1393 figuris,

2235 1409 2427 1464 Abdita
2453 1408 2543 1480 qui
2572 1418 2797 1472 reseret,
2830 1425 2928 1464 nec
2954 1426 3059 1466 non
3091 1410 3182 1482 qui
3214 1413 3440 1483 mystica
3466 1412 3685 1483 pandat.

2233 1496 2450 1556 Profert
2472 1502 2525 1556 in
2561 1499 2798 1557 medium
2825 1517 2982 1556 sacro
3007 1518 3133 1559 cum
3164 1503 3415 1574 dogmate
3440 1514 3638 1561 cuncta

2235 1590 2366 1658 Qua
2390 1591 2597 1647 latuere
2618 1591 2711 1646 diu
2733 1608 2879 1648 casco
2900 1594 3003 1649 sub
3028 1595 3265 1665 tog-ine
3291 1597 3494 1653 clausa.

2236 1681 2342 1749 Qui
2376 1681 2570 1738 rutilus
2594 1697 2796 1739 nocuas
2820 1684 2984 1754 pellat
3010 1684 3076 1740 de
3102 1696 3284 1743 mente
3307 1686 3564 1754 latebras,

2241 1771 2469 1828 Vincula
2495 1774 2813 1845 disrumpat,
2842 1776 3025 1831 cordis
3040 1776 3288 1834 eliminet
3317 1781 3538 1835 umbras

2235 1863 2577 1934 lnradietque
2602 1879 2758 1921 sacro
2788 1866 2985 1922 mentis
3008 1867 3301 1938 spiramine
3329 1869 3512 1935 libras.

2240 1952 2311 2011 Ut
2330 1954 2505 2009 valeat
2533 1955 2685 2009 vobis
2703 1955 2885 2010 divino
2909 1958 3114 2013 semine
3140 1957 3289 2026 iacto

2236 2041 2381 2097 Rore
2406 2044 2514 2114 poli
2543 2044 2813 2111 madidus,
2836 2045 3115 2101 doctorum
3141 2063 3359 2105 vomere
3382 2050 3577 2115 cultus,

2237 2132 2429 2191 Cordis
2456 2135 2670 2206 opimus
2696 2152 2842 2209 ager,
2877 2146 3134 2197 centenos
3159 2141 3386 2198 reddere
3404 2141 3632 2216 fructus,

481 2390 3718 2424 WW

1049 2542 1845 2675 INCIPIUNT
1970 2564 3194 2673 COLLECTIONES.

754 2850 823 2905 1N
861 2848 1111 2906 VIGILIA
1154 2848 1451 2905 NATALIS
1486 2844 1753 2906 DOMINl.

474 2958 730 2999 EPISTOLA
769 2956 927 2996 ΒΕΔΤΙ
967 2956 1120 2996 PAULI
1161 2955 1416 2996 APOSTOLI
1456 2956 1523 2995 AD
1562 2954 1823 3005 ROIANOS,
1861 2954 1977 2994 CAP.
2010 2954 2051 2993 Ι.

2147 2855 2238 2929 est
2274 2855 2330 2902 et
2358 2846 2519 2914 Levi,
2559 2856 2616 2903 et
2649 2863 2815 2917 quem
2863 2848 3144 2907 Manliana
3181 2850 3475 2920 Ieblieum,
3523 2853 3740 2915 Harum

2154 2935 2445 2992 Tattbeum
2471 2937 2682 2993 scribit.
2725 2936 3036 2995 Secundum
3062 2940 3204 2996 hanc
3242 2956 3372 3013 ergo
3391 2948 3740 3003 consuetudi-

547 3049 573 3082 ς
610 3030 809 3085 Paulus
834 3045 1026 3085 servus
1055 3027 1180 3084 Iesu
1221 3028 1422 3084 Christi
1446 3068 1462 3093 ,
1506 3037 1731 3083 vocatus
1762 3028 2052 3098 apostolus,
2156 3043 2286 3083 nem
2310 3028 2528 3084 videtur
2560 3029 2719 3085 nobis
2748 3039 2802 3085 ot
2829 3030 3027 3087 Paulus
3045 3031 3249 3104 duplici
3286 3049 3416 3090 usus
3434 3050 3556 3091 esse
3580 3050 3741 3092 mra-

477 3139 500 3172 ι
534 3127 843 3192 segregatus
884 3119 938 3173 in
976 3118 1322 3189 Evangeliurn
1359 3118 1487 3184 Dei,
1522 3118 1664 3188 quod
1703 3126 1829 3173 ante
1855 3120 2059 3190 prorni-

479 3229 498 3262 r
534 3218 682 3266 serat
714 3224 811 3280 per
856 3209 1148 3280 prophetas
1188 3224 1351 3275 suos,
1396 3209 1453 3264 in
1502 3209 1801 3280 Scripturis
1832 3210 2059 3276 sanctis,

2156 3118 2308 3184 bulo,
2350 3126 2408 3173 et
2443 3119 2617 3174 donec
2655 3119 2872 3188 quidem
2910 3122 3055 3192 genti
3100 3124 3333 3193 pmprite
3376 3125 3739 3195 ministrabat,

2162 3204 2357 3261 Saulus
2396 3221 2517 3262 esse
2556 3208 2860 3271 vocitatus,
2910 3210 3054 3278 quod
3093 3220 3150 3264 et
3189 3213 3359 3282 magis
3398 3214 3740 3284 appellationi

479 3323 498 3353 ι
536 3303 604 3358 de
631 3302 768 3356 Filio
798 3317 916 3368 suo,
964 3302 1056 3371 qui
1088 3300 1264 3371 lactus
1306 3309 1393 3358 est
1419 3301 1470 3357 ei
1505 3316 1571 3357 ex
1621 3298 1828 3359 semine
1861 3299 2052 3371 David,
2089 3297 2131 3311 “
2160 3297 2350 3368 patria:
2371 3298 2719 3353 vernaculum
2740 3299 3038 3354 videbatur.
3084 3299 3279 3355 Paulus
3303 3311 3481 3357 autem
3506 3305 3741 3375 appella-

478 3412 498 3443 ι
535 3394 829 3448 secundum
877 3408 1115 3449 carnem.
1167 3393 1270 3461 Qui
1312 3394 1725 3465 praedestinatus
1760 3403 1847 3450 est
1890 3395 2058 3453 Filius

475 3502 497 3534 ι
533 3481 655 3547 Dei,
681 3482 740 3536 in
760 3483 981 3548 virtute,
1006 3483 1300 3538 secundum
1329 3482 1573 3555 spiritum
1588 3482 2054 3550 sanctiﬁcationis,

473 3594 498 3626 4
540 3590 608 3629 ex
633 3574 1031 3629 resurrectione
1066 3582 1402 3630 mortuorum
1446 3572 1572 3631 Iesu
1611 3576 1813 3631 Christi
1844 3574 2055 3631 Domini

476 3684 498 3718 ‹
535 3667 725 3731 nostri,
758 3681 857 3737 per
884 3680 1044 3736 quem
1088 3666 1397 3735 accepimus
1428 3665 1662 3738 gratiam
1695 3674 1752 3722 et
1784 3665 2054 3736 apostola-

479 3776 499 3809 ε
533 3766 684 3824 tum,
728 3756 798 3811 ad
839 3752 1194 3811 obediendum
1218 3754 1348 3811 ﬁdei
1393 3755 1449 3810 in
1497 3755 1750 3813 omnibus
1782 3754 2054 3827 gentibus,

474 3869 498 3902 ι
534 3864 633 3920 pro
658 3848 874 3904 nomine
899 3845 1037 3915 dus,
1062 3846 1116 3902 in
1142 3840 1339 3916 quibus
1364 3846 1497 3902 estis
1524 3853 1582 3902 et
1605 3860 1704 3902 vos
1729 3844 1906 3901 vocati
1927 3842 2056 3901 Jesu

480 3958 498 3992 ι
535 3939 736 3996 Christi
766 3938 985 3995 Domini
1019 3938 1210 3994 nostri.
1246 3957 1267 3992 ι

543 4020 781 4102 Epistula
818 4029 1069 4086 Grmcum
1112 4029 1431 4085 vocabulum
1466 4037 1573 4096 est,
1621 4029 1926 4098 diciturque
1951 4030 2055 4086 ama

472 4128 571 4179 τοῦ
599 4121 923 4186 ἐπιστέλλειν,
955 4119 1097 4189 quod
1121 4126 1206 4174 est
1229 4119 1476 4183 mittere,
1527 4117 1654 4187 quia
1697 4117 1767 4172 ad
1796 4118 2056 4187 absentes

472 4212 724 4269 mittitur.
760 4209 881 4264 ldeo
901 4208 1047 4263 enirn
1080 4208 1313 4263 inventa:
1337 4213 1466 4263 sunt
1485 4204 1744 4277 epistolae,
1762 4212 1835 4290 ,ιιι
1862 4206 2055 4261 absen-

471 4309 557 4356 tes
582 4299 843 4355 certiores
882 4296 1062 4354 faoere
1096 4296 1403 4368 possimus,
1441 4294 1488 4350 si
1524 4293 1653 4365 quid
1678 4293 1750 4350 sit
1774 4294 1919 4365 quod
1956 4310 2054 4353 eos

471 4389 614 4444 scire
651 4394 919 4459 oporteat,
968 4386 1133 4442 etiam
1162 4387 1270 4441 ἀπὸ
1298 4379 1389 4441 τοῦ
1429 4383 1754 4449 ἐπιστέλλειν,
1795 4384 1960 4455 quod,
1988 4395 2053 4441 ut

473 4478 605 4545 dixi,
648 4476 914 4549 signiﬁcat
937 4477 1175 4543 mittere,
1206 4474 1459 4530 dicuntur
1478 4472 1729 4544 apostoli.

2157 3399 2246 3445 tus
2273 3399 2376 3457 est,
2421 3406 2544 3446 cum
2568 3389 2773 3445 Grzecis
2797 3399 2853 3445 ct
2895 3391 3145 3462 gentibus
3187 3392 3332 3463 leges
3360 3409 3424 3449 ac
3469 3406 3738 3467 praecepta

2155 3480 2476 3537 conscribit.
2513 3479 2654 3535 Nam
2682 3489 2737 3536 et
2762 3482 2863 3536 hoc
2884 3481 3060 3551 ipsum
3088 3483 3229 3552 quod
3255 3481 3541 3555 Scriptura
3569 3486 3736 3542 dicit:

2158 3569 2357 3627 Saulus
2383 3581 2558 3625 autem
2580 3571 2670 3642 qui
2695 3582 2743 3626 et
2770 3569 2974 3626 Paulus
2999 3570 3137 3639 (Act.
3168 3573 3306 3643 xui),
3330 3575 3607 3630 evidenter
3627 3592 3738 3633 non

2153 3660 2206 3716 ei
2233 3668 2361 3716 tunc
2390 3660 2627 3731 primum
2652 3659 2803 3715 Pauli
2825 3663 3263 3719 nomenostendit
3291 3664 3614 3734 impositum,
3640 3665 3740 3721 sed

2153 3752 2355 3809 veteris
2385 3750 2756 3822 appellationis
2781 3751 2833 3805 id
2862 3750 3028 3807 fuisse
3048 3751 3311 3823 designat.

2226 3841 2419 3898 Servus
2438 3841 2569 3897 Iesu
2583 3839 2801 3897 Christi.
2835 3839 2938 3912 (Ex
2962 3840 3233 3914 Origene.)
3259 3841 3615 3913 Requiramus
3638 3860 3740 3901 cur

2153 3935 2202 3990 is
2231 3934 2323 4003 qui
2369 3934 2497 3989 alibi
2527 3933 2757 3997 scribit:
2814 3931 2940 3988 Non
2983 3933 3121 3987 enim
3167 3934 3445 4005 accepistis
3489 3935 3733 4005 spiritum

2152 4026 2418 4080 seruitutis
2461 4025 2652 4080 iterum
2688 4025 2745 4078 in
2784 4024 2992 4089 timore,
3039 4023 3131 4077 sed
3175 4023 3448 4092 accepistis
3490 4024 3736 4095 spiritum

2153 4117 2450 4188 adoptionis
2485 4114 2751 4186 ﬁliorum,
2789 4115 2844 4168 in
2895 4129 2998 4185 quo
3034 4112 3325 4168 clamamus
3347 4128 3367 4166 :
3411 4112 3557 4167 Abba
3584 4122 3739 4185 pater

2153 4206 2332 4280 (Rom.
2362 4206 2505 4277 vm),
2541 4206 2657 4277 ipse
2678 4220 2742 4260 se
2769 4204 2859 4260 hic
2878 4218 3098 4258 servum
3121 4202 3455 4273 proﬁteatur.
3488 4201 3597 4259 Sed
3620 4204 3736 4260 sive

2151 4297 2206 4354 id
2254 4295 2548 4352 secundum
2603 4294 2749 4350 illam
2802 4293 3162 4349 humilitatem
3208 4293 3413 4348 dictum
3455 4302 3733 4367 putemus,

2150 4403 2313 4458 quam
2360 4387 2621 4442 Dominus
2665 4385 2870 4451 docuit,
2917 4386 3134 4441 dicens:
3172 4383 3369 4439 Discite
3401 4401 3435 4438 α
3468 4401 3570 4450 me,
3608 4386 3734 4455 quia

2150 4478 2293 4531 mitis
2322 4492 2439 4530 sum
2484 4484 2534 4530 et
2563 4474 2780 4531 humilis
2827 4475 2984 4529 corde
3029 4472 3246 4545 (Matth.
3277 4474 3379 4544 xx),
3423 4473 3538 4529 sive
3578 4475 3734 4545 quasi

543 4569 768 4625 Paulus.
809 4570 995 4626 Victor
1031 4568 1315 4639 episcopus
1349 4564 1544 4635 Capua
1568 4565 1686 4620 ait:
1734 4584 1755 4617 ί
1793 4566 1895 4635 Qui
1920 4576 2046 4624 ante
2069 4586 2123 4646 D
2148 4571 2391 4626 imitator
2418 4570 2555 4640 ejus,
2604 4569 2695 4639 qui
2743 4568 3095 4637 semetipsum,
3125 4564 3453 4632 exinanivit,
3501 4564 3730 4622 formam

465 4669 787 4731 persecutor
830 4660 1107 4716 dicebatur
1143 4656 1354 4717 Saulus,
1393 4654 1576 4710 audita
1617 4670 1747 4711 voce
1787 4657 1852 4712 de
1885 4657 2046 4725 caelo,
2144 4661 2287 4718 servi
2316 4660 2587 4728 accipiens
2631 4655 2853 4730 (Philip.
2894 4654 2989 4728 ri),
3043 4672 3151 4712 non
3186 4655 3508 4712 erravimus.
3564 4654 3725 4712 Omni

463 4773 495 4812 a
534 4750 918 4820 persecutionis
944 4747 1238 4804 intentione
1282 4744 1536 4810 cessavit,
1585 4753 1641 4800 et
1677 4744 1745 4799 ab
1769 4744 1878 4800 hoc
1901 4745 2049 4800 voci-

476 4848 615 4899 tatus
638 4849 724 4897 est
747 4840 973 4906 Paulus,
1014 4836 1117 4894 ἀπὸ
1155 4844 1248 4896 τῆς
1272 4836 1492 4897 παύλης,
1528 4834 1671 4902 Quod
1697 4841 1782 4889 est
1813 4848 1844 4888 a
1865 4848 2049 4890 cessa-

470 4931 798 5005 tione.i(Es
845 4927 1113 5000 Origene.)
1165 4925 1346 4981 Prima
1374 4925 1528 4980 nobis
1562 4925 1789 4996 quaestio
1834 4924 1899 4981 de
1946 4940 2046 4981 no-

471 5025 617 5083 mine
644 5023 813 5093 ipsius
832 5019 983 5075 Pauli
1008 5018 1218 5072 videtur
1239 5029 1548 5085 exsurgere,
1593 5029 1697 5071 cur
1721 5016 1769 5071 is
1793 5016 1885 5085 qui
1905 5014 2047 5071 san-

469 5114 555 5169 lus
590 5113 765 5169 dictus
791 5118 875 5166 est
914 5109 971 5164 in
996 5103 1221 5162 Actibus
1254 5104 1640 5175 apostolorum,
1682 5120 1826 5161 nunc
1848 5105 2047 5160 Paulus

470 5204 704 5261 dicatur.
735 5200 1041 5256 Invenimus
1074 5199 1129 5253 in
1156 5197 1452 5267 Scripturis
1496 5195 1691 5252 divinis
1726 5197 2045 5268 quibusdam

471 5299 803 5350 commutata
826 5288 1102 5351 vocabula,
1132 5296 1190 5342 ut
1220 5302 1286 5342 ex
1306 5286 1506 5342 Abram
1533 5286 1825 5350 Abraham,
1852 5301 1919 5342 ex
1949 5286 2048 5341 Sa-

475 5382 557 5439 rai
589 5380 721 5436 Sara
741 5418 758 5444 ,
792 5394 859 5433 ex
885 5375 1052 5434 Jacoh
1084 5378 1279 5444 Israel,
1317 5393 1382 5432 ex
1417 5375 1635 5431 Simone
1675 5376 1901 5441 Petrus,
1943 5375 2045 5430 ali—

390 5502 397 5507 ~
471 5486 611 5545 quos
633 5482 765 5526 vero
785 5468 927 5525 binis
947 5483 1078 5526 usos
1113 5482 1232 5526 esse
1254 5468 1558 5525 nominibus
1574 5510 1589 5534 ,
1619 5477 1679 5523 ut
1700 5466 2046 5523 Salomonem

472 5561 829 5630 eumdemque
849 5560 1018 5628 ldida,
1057 5561 1374 5618 Sedechiam
1400 5562 1755 5631 eamdemque
1776 5557 2047 5624 Joachim,

468 5651 661 5706 Oziam
693 5651 1044 5710 eamdemque
1082 5653 1353 5708 Azariam.
1402 5650 1536 5707 Nam
1584 5649 1865 5705 Martium:
1909 5650 2048 5719 idem

2145 4751 2288 4805 enim
2310 4749 2560 4804 libertate
2587 4747 2819 4802 nobilior
2844 4756 2929 4803 est
2961 4746 3194 4802 servitus
3217 4743 3439 4800 Christi.
3488 4744 3629 4812 Quid
3650 4756 3734 4800 cst

2142 4850 2328 4897 autem
2356 4855 2572 4898 servum
2601 4854 2723 4895 esse
2752 4838 2988 4904 Christi,
3040 4838 3143 4893 nisi
3171 4852 3391 4893 servum
3413 4850 3538 4892 esse
3582 4837 3732 4896 verbi

2145 4934 2264 5001 Dei,
2311 4932 2612 5004 sapientiae.
2649 4930 2897 5001 iustitiae,
2941 4930 3189 4986 veritatis
3215 4936 3270 4984 et
3292 4928 3534 4983 omnium
3557 4928 3731 4983 virtu-

2146 5032 2283 5087 tum,
2309 5036 2428 5092 quae
2453 5029 2537 5077 est
2562 5016 2829 5077 Christus.

2234 5111 2458 5168 Vocatus
2486 5110 2774 5182 apostolus,
2797 5118 3116 5182 segregatus.
3160 5106 3368 5163 Nomen
3390 5105 3509 5171 hoc,
3552 5104 3727 5170 idest,

2151 5212 2394 5267 vocatus,
2421 5203 2549 5273 quia
2575 5201 2645 5258 ad
2665 5217 2853 5258 omnes
2880 5201 3136 5271 pertinet,
3166 5199 3258 5268 qui
3287 5198 3343 5252 in
3369 5192 3583 5253 Christo
3613 5210 3732 5251 cre-

2151 5298 2303 5364 dunt,
2344 5295 2599 5368 generale
2636 5302 2817 5365 potest
2844 5292 3038 5357 videri,
3083 5292 3209 5363 quia
3255 5289 3625 5359 unusquisque
3647 5302 3732 5343 se-

2152 5384 2385 5439 cundum
2420 5384 2474 5437 id
2515 5381 2657 5452 quod
2686 5382 2740 5436 in
2769 5396 2835 5436 eo
2864 5379 3123 5451 praevidet
3168 5386 3224 5432 et
3252 5377 3400 5448 eligit
3428 5376 3590 5440 Deus,
3638 5381 3732 5428 aut

2152 5471 2425 5542 apostolus
2438 5478 2682 5535 vocatur,
2701 5475 2792 5523 aut
2814 5466 3096 5539 propheta,
3117 5474 3208 5520 aut
3233 5463 3490 5539 magister
3510 5460 3725 5535 (Ephes.

2150 5557 2251 5631 iv).
2291 5558 2348 5613 In
2377 5556 2544 5613 Paulo
2589 5565 2772 5612 autem
2816 5571 2923 5611 non
2958 5554 3072 5610 sola
3119 5553 3388 5626 generalis
3422 5551 3634 5608 vacatio
3661 5547 3730 5605 ad

2154 5651 2516 5720 apostolatum
2558 5649 2900 5721 designatur,
2949 5646 3044 5704 sed
3078 5655 3139 5703 et
3160 5646 3386 5705 electio.
3429 5641 3725 5700 secundum
