3946 6420
237 415 309 470 17

1068 405 1584 468 COLLECTIONES
1621 406 1691 462 1N
1725 405 2116 462 EPISTOLAS
2154 406 2242 461 ET
2283 405 2695 462 EVANCELIA.
3447 411 3514 468 18

231 533 334 588 Dei
378 529 812 603 praescientiam,
855 528 1141 582 subsecuta
1182 524 1358 598 (Rom.
1425 541 1476 582 χι
1506 523 1561 595 ),
1601 539 1701 594 per
1729 524 1834 577 hoc
1860 521 2080 590 Aquod
2109 520 2314 591 prabet
2339 521 2592 576 omnibus
2630 521 2996 586 sanctitatem,
3042 521 3184 578 sicut
3213 532 3268 578 ct
3295 523 3424 579 alibi
3454 525 3522 581 de

228 623 384 694 quod
412 628 734 693 segregatus
755 618 955 672 dicitur
997 618 1050 672 in
1079 616 1426 687 Evangelittm
1451 615 1568 680 Dei,
1602 614 1744 669 sicut
1780 621 1837 669 et

229 714 366 770 alibi
402 713 522 784 ipse
551 712 617 766 de
646 726 704 766 se
739 710 908 764 dicit:
961 707 1093 763 Cum
1123 719 1296 762 autem
1341 706 1537 777 placuit
1563 705 1697 770 Deo,
1743 705 1835 776 qui

229 820 316 857 me
345 803 642 874 segregavit
664 802 728 855 de
755 811 904 854 utero
928 799 1111 853 matris
1139 815 1286 864 mete,
1312 807 1366 850 ut
1383 796 1632 851 reuelaret
1660 796 1832 866 [ilium

228 910 396 949 suum
437 894 492 947 in
521 910 602 947 me
625 890 766 963 (Gal.
798 889 860 964 ι).
891 891 952 945 Et
983 890 1040 944 in
1069 889 1293 945 Actibus
1316 888 1682 959 apostolorum
1709 886 1834 956 Spi-

231 985 376 1038 ritus
402 993 628 1039 sanctus
657 982 784 1038 dicit
810 1000 822 1034 :
857 980 1133 1052 Segregate
1159 981 1284 1033 mihi
1303 978 1525 1034 Saulus»
1551 989 1600 1032 et
1623 977 1833 1032 Barna-

229 1074 361 1129 bum
405 1077 463 1130 in
492 1091 622 1145 opus
665 1073 732 1127 ad
759 1072 897 1144 quod
925 1071 1054 1142 elegi
1091 1088 1176 1126 eos
1221 1070 1358 1141 (Act.
1389 1070 1532 1141 xm).
1575 1069 1832 1124 Praevidit

229 1167 349 1232 ille,
384 1182 548 1238 quem
580 1183 684 1222 non
710 1165 840 1220 latet
874 1180 1046 1230 mens,
1079 1163 1221 1237 quod
1251 1162 1629 1226 abundantius,
1665 1177 1828 1232 quam

229 1258 424 1312 ueteri
451 1272 672 1322 omnes,
709 1255 1055 1310 laboratttrus
1079 1259 1223 1309 esset
1252 1254 1306 1308 in
1334 1251 1654 1323 Evangelia,
1685 1250 1829 1321 quod

231 1350 289 1403 in
321 1349 472 1404 fame
500 1357 554 1404 et
575 1349 688 1413 siti,
717 1357 772 1402 et
799 1348 854 1402 in
879 1345 1078 1418 frigore
1108 1353 1162 1402 et
1187 1345 1433 1400 nuditate
1456 1351 1511 1399 et
1536 1344 1589 1398 in
1614 1342 1829 1399 caeteris

229 1440 500 1511 periculis
527 1439 919 1510 prmdicatttrtts
963 1445 1107 1493 esset
1138 1436 1486 1508 Evangelium
1514 1434 1738 1499 Christi,
1772 1443 1830 1489 et

231 1529 358 1586 ideo
394 1531 465 1585 de
489 1537 678 1584 ventre
704 1529 893 1583 matris
920 1528 1225 1598 segregavit
1253 1543 1397 1582 eum.
1749 1603 1756 1610 _

308 1619 377 1673 In
443 1617 783 1690 Evangelium
845 1617 966 1672 Dei.
1022 1617 1374 1690 Evangelittm
1401 1656 1418 1682 ,
1486 1615 1823 1691 Εὐαγγέλισυ,

231 1709 379 1765 bona
410 1708 751 1763 annuntiatio
782 1707 998 1772 dicitur,
1028 1707 1332 1762 nativitatis
1368 1707 1575 1762 scilicet
1595 1707 1820 1774 Christi,

227 1798 509 1868 passionis
548 1807 603 1853 et
627 1799 1038 1854 resurrectionis
1063 1808 1119 1852 et
1148 1798 1201 1853 in
1233 1798 1429 1853 caelum
1463 1797 1819 1854 ascensionis.

1934 629 1999 669 eo
2035 614 2296 684 scriptum
2335 623 2456 668 est:
2511 612 2616 679 Qui
2657 613 2831 683 factus
2871 624 2946 668 est
2995 614 3143 670 nobis
3188 616 3449 687 sapientia
3486 635 3520 670 a

1931 705 2044 760 Deo
2074 715 2124 760 et
2151 706 2502 775 sanctiﬁcatio
2533 705 2585 776 (Ι
2614 704 2737 758 Cor.
2765 703 2827 776 ι).
2855 742 2862 749 .

2004 797 2090 852 Ea;
2128 799 2506 854 resurrectione
2545 807 2871 853 mortuorum
2900 796 3030 853 Iesu
3079 799 3274 854 Christi
3301 800 3518 855 Domini

1933 890 2121 944 nostri.
2153 887 2270 945 Non
2305 889 2548 945 omnium
2572 887 2994 960 resurgentium.
3025 889 3121 944 sed
3151 891 3220 946 ad
3244 891 3520 947 Christum

1929 979 2338 1051 pertinentium.
2388 979 2446 1035 in
2495 979 2612 1048 ipso
2641 977 2860 1034 Christo
2905 980 3318 1036 resurrectionis
3343 980 3518 1037 forma

1929 1070 2301 1140 praetenditur,
2347 1076 2409 1124 ut
2435 1068 2586 1138 prior
2617 1068 2870 1126 omnibus
2895 1068 3038 1123 viam
3083 1070 3515 1136 resurrectionis,

1929 1160 2026 1215 Dei
2079 1160 2284 1224 Filius,
2341 1159 2468 1215 liliis
2507 1160 2763 1229 aperiret.
2817 1159 2896 1216 De
2936 1161 3133 1230 quibus
3170 1160 3284 1231 ipse
3331 1161 3512 1215 dixit:

1931 1251 2070 1318 Quia
2099 1251 2199 1321 ﬁlii
2228 1251 2323 1306 Dei
2352 1261 2497 1321 sunt,
2521 1269 2640 1307 cum
2669 1253 2774 1307 sint
2813 1251 2912 1322 ﬁlii
2939 1254 3332 1310 resurrectionis
3362 1252 3515 1325 (Luc.

1928 1342 2049 1406 xx).

1999 1432 2108 1490 Per
2129 1452 2283 1507 quem
2309 1436 2606 1506 accepimus
2633 1435 2864 1506 gratiam
2903 1444 2952 1490 et
2988 1433 3357 1505 apostolatunt.
3410 1435 3517 1490 Per

1925 1525 2208 1583 Christum
2233 1527 2510 1598 accepisse
2539 1542 2598 1584 se
2626 1525 2760 1581 dicit
2780 1526 3012 1598 gratiam
3049 1535 3105 1582 et
3129 1525 3512 1597 apostolatum,

1924 1626 1987 1673 ut
2007 1627 2138 1689 pote
2162 1619 2518 1675 mediatorem
2557 1617 2656 1675 Dei
2682 1624 2740 1672 et
2763 1617 3064 1676 hominum.
3112 1615 3296 1673 Gratia
3340 1616 3406 1672 ad
3436 1617 3515 1670 la-

1923 1710 2114 1765 borum
2145 1709 2462 1781 patientiam
2505 1707 2790 1766 referenda
2825 1715 2930 1774 est,
2971 1715 3033 1764 ut
3081 1707 3196 1779 ipse
3234 1708 3345 1762 ait:
3383 1705 3514 1763 Plus

1922 1799 2180 1855 omnibus
2213 1799 2476 1864 laboravi,
2522 1814 2630 1854 non
2655 1813 2778 1869 ego,
2815 1798 2911 1855 sed
2945 1798 3118 1870 gratia
3166 1797 3269 1856 Dei
3298 1813 3512 1853 mecum

236 1884 300 1939 In
332 1884 460 1940 aliis
491 1884 627 1939 locis
661 1884 1012 1952 Evangeliutn
1060 1883 1267 1938 Cltri~ti
1331 1881 1555 1936 dicitur.
1607 1883 1826 1940 Marcus
1855 1873 1901 1924 Β
1929 1883 1982 1952 (1
2010 1883 2137 1943 Car.
2168 1886 2300 1955 xv);
2337 1886 2678 1958 apostolatus
2721 1889 2787 1942 ad
2816 1889 3225 1961 pradicationis
3255 1893 3505 1954 auctori-

234 1975 389 2031 ettim
427 1977 502 2030 ait
536 1993 550 2029 :
590 1975 809 2030 Initium
848 1974 1122 2045 Evangelii
1159 1973 1286 2030 Jesu
1338 1974 1560 2030 Christi.
1597 1975 1822 2042 Verum,

239 2071 376 2139 quia
403 2067 663 2124 Christus
679 2069 916 2124 Verbum
939 2074 1048 2133 est,
1073 2075 1129 2123 et
1151 2068 1204 2120 in
1229 2065 1502 2138 principio
1529 2077 1647 2124 erat
1675 2067 1819 2138 apud

239 2163 444 2230 Deum,
476 2170 529 2216 ct
555 2162 698 2217 Deus
730 2170 844 2216 erat
874 2157 1110 2214 Verbum
1133 2157 1320 2229 (Joan.
1351 2158 1416 2231 ι).
1453 2175 1622 2214 ιιιιιιηι
1645 2168 1822 2238 atque

239 2256 392 2311 idem
429 2255 627 2311 dicitur
656 2252 1009 2323 Evangelium
1040 2253 1158 2317 Dei,
1190 2261 1246 2308 et
1280 2252 1629 2324 Evangelium
1658 2253 1821 2309 Chri-

235 2349 337 2403 ειί.
374 2346 494 2416 Ιρεε
526 2347 670 2402 enim
715 2346 976 2400 Dominus
1009 2345 1141 2399 dicit
1170 2362 1186 2400 :
1225 2344 1335 2417 Ego
1364 2356 1413 2400 et
1446 2345 1614 2400 Pater
1652 2363 1818 2401 unum

235 2458 430 2497 sumus
475 2438 660 2512 (Joan.
691 2437 770 2504 χ),
811 2449 866 2494 ει
891 2435 1053 2494 Pater
1081 2438 1327 2507 loquitur
1350 2439 1543 2494 dicms
1571 2457 1586 2495 :
1619 2439 1817 2496 Omnia

237 2549 368 2588 nica
412 2543 501 2586 tua
537 2540 687 2593 sunt,
719 2540 774 2585 et
829 2541 920 2584 tua
968 2545 1086 2584 mea
1126 2528 1330 2600 (Joan.
1365 2529 1540 2599 xvtt),
1591 2541 1650 2588 et
1689 2532 1816 2589 ideo

239 2625 599 2693 Evangelium
620 2625 817 2684 Patris,
851 2623 1204 2694 Evangelium
1237 2624 1359 2678 Filii
1393 2632 1498 2680 est.

312 2714 469 2782 Quod
490 2725 614 2770 ante
633 2715 872 2784 promisit
897 2729 991 2783 per
1007 2713 1306 2783 Prophetas
1336 2729 1479 2780 suos,
1502 2715 1558 2769 in
1577 2712 1818 2786 Scripta-

239 2810 317 2863 ris
340 2808 558 2862 sanctis.
593 2805 723 2873 Quae
755 2805 823 2861 de
847 2806 1074 2861 Christo
1114 2805 1372 2876 praedicta
1401 2816 1535 2861 sunt
1561 2823 1661 2878 per
1692 2823 1822 2878 pro-

241 2900 458 2970 phetas,
482 2899 599 2954 haec
618 2897 782 2953 etiam
808 2897 876 2953 de
897 2897 1195 2968 Evangelio
1227 2897 1488 2968 praedicta
1513 2915 1658 2967 esse,
1689 2915 1822 2956 sen-

237 2982 482 3036 tiendum
508 2992 610 3049 est,
631 2990 690 3036 ut
715 2983 871 3039 tllud:
896 2984 1153 3039 Dominus
1179 2987 1324 3040 dabit
1349 2989 1557 3044 verbum
1580 2991 1820 3064 Evange-

234 3070 538 3136 lizantibus,
592 3074 778 3130 virtute
836 3077 1004 3132 multa
1059 3076 1232 3150 (Psal.
1273 3081 1466 3154 vau),
1493 3093 1548 3140 et
1585 3102 1598 3139 :
1643 3085 1816 3152 Quam

230 3161 455 3230 speciosi
476 3162 630 3233 pedes
664 3165 1134 3236 euangelizandum
1163 3171 1299 3225 bona
1321 3171 1458 3243 (Isa.
1486 3175 1607 3248 LII),
1631 3186 1686 3232 et
1707 3179 1814 3234 alia

231 3251 496 3321 plurima,
537 3253 695 3308 simul
730 3264 786 3310 et
809 3258 1048 3314 ostendit
1074 3275 1133 3316 se
1175 3279 1280 3318 non
1311 3238 1480 3320 alium
1518 3238 1815 3336 praedicare
1841 3238 1887 3301 ε

230 3343 529 3410 Christum,
569 3361 730 3416 quam
755 3349 908 3420 cujus
939 3351 1283 3422 Evangelium
1309 3358 1586 3427 propheL'e
1613 3363 1818 3431 promi-

229 3446 418 3492 serant
465 3454 586 3494 esse
617 3448 925 3496 venturum.
981 3443 1131 3514 ipsos
1160 3448 1354 3503 asserit
1386 3448 1480 3504 Dei
1521 3454 1816 3524 prophetas

228 3542 370 3589 esse,
395 3535 455 3580 ut
483 3527 604 3584 illas
619 3531 930 3602 Scripturas
950 3543 1187 3603 sanctas,
1215 3553 1336 3609 quae
1360 3539 1428 3596 de
1453 3539 1670 3601 Christo
1689 3555 1815 3604 ante

228 3615 562 3674 cecinerunt.

301 3705 379 3760 De
401 3706 512 3775 ﬁlio
541 3726 655 3764 suo.
693 3709 856 3767 Multa
892 3712 1012 3768 Filii
1051 3717 1228 3787 gratia
1258 3719 1346 3776 hic
1379 3732 1630 3792 notatur,
1657 3727 1812 3799 cujus

229 3797 393 3851 ctiant
424 3799 476 3852 in
507 3815 670 3855 carne
694 3803 948 3860 nativitas
973 3805 1251 3866 dissimilis
1278 3814 1492 3871 eaateris
1514 3797 1808 3888 invenitur,

229 3903 296 3942 eo
321 3889 463 3958 quod
489 3905 554 3945 ex
582 3891 789 3964 virgine
823 3903 982 3951 natus
1007 3907 1112 3954 est.

303 3978 408 4044 Qui
438 3980 609 4049 factus
637 3993 712 4037 est
739 3984 789 4038 ei
823 4001 889 4040 ea:
928 3989 1125 4044 semine
1167 3989 1339 4048 David
1364 3999 1648 4054 secundum
1691 4017 1810 4056 car-

233 4086 366 4123 nem.
404 4070 603 4128 Factus
627 4089 728 4144 per
753 4074 1035 4146 Spiritum.
1085 4079 1142 4136 Si
1179 4083 1326 4139 enim
1367 4089 1662 4145 secundum
1688 4105 1808 4147 ear-

229 4173 352 4212 nem
380 4158 553 4216 factus
572 4172 677 4229 est,
709 4167 1003 4223 secundum
1041 4169 1204 4228 Verbi
1233 4175 1419 4246 utique
1445 4179 1804 4237 substantiam

228 4249 405 4308 factus
431 4271 534 4309 non
561 4267 662 4312 est.

299 4346 403 4411 Qui
443 4350 843 4418 prtrdestinatus
873 4367 950 4410 est
980 4354 1154 4412 Filius
1185 4357 1285 4413 Dei
1327 4361 1383 4414 in
1431 4363 1635 4417 virtute.
1681 4363 1802 4435 Ipsa

227 4437 500 4507 estigitur
543 4442 942 4510 pmdestinatio
984 4457 1330 4516 sanctorum,
1367 4467 1488 4523 qua:
1516 4453 1569 4508 in
1600 4452 1800 4512 Sancto

226 4536 535 4584 sanctorum
582 4534 816 4588 maxime
859 4534 1071 4603 claruit,
1119 4555 1278 4608 quam
1317 4557 1517 4612 negare
1544 4545 1666 4614 quis
1691 4562 1796 4601 non

223 4628 431 4687 potest,
476 4631 623 4678 recte
651 4623 1060 4697 intelligendum
1089 4631 1302 4701 eloquia
1337 4635 1611 4691 Veritatis.
1661 4636 1796 4693 Nam

221 4719 278 4766 et
306 4711 478 4781 ipsum
503 4713 684 4783 gloria:
707 4713 1013 4784 Dominum,
1054 4720 1108 4775 in
1140 4733 1401 4792 quantum
1432 4726 1594 4783 homo
1622 4726 1798 4785 factus

220 4809 325 4866 est,
376 4801 470 4857 Dei
503 4803 692 4871 Filius,
745 4809 1183 4876 praedestinatum
1231 4829 1354 4870 esse
1377 4816 1628 4873 dicimus.
1672 4819 1797 4875 Cla-

220 4899 331 4944 mat
358 4890 547 4946 doctor
572 4897 809 4964 gentium
855 4897 909 4952 in
945 4901 1122 4969 capite
1151 4902 1511 4974 Epistolarum
1550 4923 1793 4974 suarum,

218 4980 285 5034 de
310 4979 446 5037 Filio
473 4982 566 5038 Dei
593 5002 605 5037 :
633 4983 737 5050 Qui
762 4985 933 5054 factus
963 4999 1036 5043 est
1051 4991 1100 5044 ei
1115 5008 1178 5046 ea:
1201 4995 1395 5049 semine
1409 4995 1580 5050 David
1606 5016 1793 5053 secun-

216 5068 340 5121 dum
377 5086 604 5126 carnem.
661 5072 765 5138 Qui
811 5077 1213 5146 pra’dcstinatus
1248 5091 1353 5147 est,
1403 5082 1576 5139 Filius
1606 5085 1705 5141 Dei
1739 5088 1796 5142 in

217 5159 424 5222 virtute,
453 5162 739 5217 secundum
763 5163 1019 5235 Spiritum
1044 5172 1495 5241 sanctiﬁcationis,
1531 5193 1598 5230 ea:
1623 5193 1797 5232 resur-

219 5249 442 5304 rectione
485 5261 829 5309 mortuorum.
883 5254 1036 5314 Sicut
1074 5274 1205 5332 ergo
1247 5265 1663 5332 przedestinatus
1709 5277 1794 5323 est

218 5336 306 5392 ille
337 5353 494 5403 unus,
532 5348 592 5394 ut
619 5353 782 5413 caput
810 5355 1051 5404 nostrum
1082 5361 1256 5417 esset,
1292 5351 1366 5408 ita
1399 5357 1550 5411 multi
1581 5360 1791 5428 praede-

217 5428 402 5482 stinati
423 5444 632 5496 sumus,
659 5442 719 5486 ut
743 5436 984 5492 membra
1009 5437 1126 5508 ejus
1157 5455 1420 5499 essemus.
1453 5446 1620 5502 Vocat
1645 5449 1791 5504 enim

220 5517 360 5574 Deus
387 5520 798 5590 praedestinatos
825 5526 1024 5582 multos
1053 5529 1193 5586 ﬁlios
1215 5547 1365 5600 suos,
1404 5543 1464 5590 ut
1489 5551 1587 5593 eos
1627 5537 1792 5597 faciat

220 5609 461 5665 ntembra
487 5612 853 5680 prmdcstinati
881 5617 1024 5674 unici
1050 5619 1171 5675 Filii
1200 5623 1306 5678 sui.

287 5699 589 5756 Secundum
623 5705 863 5774 spiritum
896 5711 1348 5776 sanctiﬁcationis.
1381 5717 1485 5789 (Ex
1510 5716 1788 5795 Origene.)

222 5789 678 5852 Sanctilicationis
702 5812 830 5853 vero
849 5799 1073 5868 spiritus
1091 5803 1307 5874 dicitur,
1337 5789 1632 5870 secundum
1661 5789 1787 5885 hoc,

1927 1983 2119 2035 tatem.
2169 1977 2322 2044 Sive,
2365 1981 2622 2049 gratiam,
2673 1979 2728 2035 in
2778 1980 3070 2050 baptismo,
3115 1986 3500 2055 apostolatum,

1925 2071 2155 2142 quando
2190 2087 2220 2127 a
2252 2070 2466 2142 Spiritu
2496 2083 2690 2130 sancto
2717 2073 2966 2131 directus
2991 2083 3099 2142 est,
3130 2077 3364 2148 accepit.

1995 2163 2079 2219 Ad
2112 2165 2457 2220 obedientium
2478 2167 2603 2235 ﬁdei
2633 2168 2688 2221 in
2711 2167 2954 2224 omnibus
2984 2171 3244 2240 gentibus,
3275 2189 3371 2243 pro
3403 2190 3505 2230 no-

1925 2254 2067 2309 mine
2095 2256 2237 2324 ejns,
2265 2257 2322 2310 in
2349 2256 2540 2327 quibus
2568 2257 2696 2314 estis
2721 2269 2772 2314 et
2804 2277 2917 2325 uos,
2949 2263 3118 2318 vocati
3144 2261 3276 2319 Iesu
3307 2264 3505 2320 Christi

1927 2344 2141 2402 Domini
2171 2351 2363 2404 nostri.
2392 2348 2940 2424 OstenditEvangelii
2966 2358 3197 2426 gratiam
3239 2358 3503 2415 obedien-

1924 2439 2069 2496 tibus
2094 2441 2498 2511 praedicandam
2533 2461 2549 2503 ς
2584 2445 2638 2501 in
2667 2447 2928 2504 omnibus
2966 2450 3224 2521 gentibus
3259 2455 3449 2510 ostend
3480 2463 3502 2510 t

1922 2547 1984 2588 se
2006 2535 2376 2604 apostolatum
2409 2537 2712 2608 accepisse,
2742 2552 2804 2596 ut
2817 2541 2934 2612 jam
2955 2557 3065 2599 non
3090 2542 3216 2614 legi,
3248 2545 3346 2602 sed
3374 2546 3504 2602 fidei

1925 2625 2238 2684 obedirent.
2266 2629 2376 2684 Pro
2407 2629 2630 2688 nomine
2653 2632 2796 2702 ejus,
2836 2633 2890 2688 id
2921 2644 3028 2704 est,
3057 2637 3233 2693 vicem
3262 2639 3503 2697 nominis

1926 2719 2051 2788 ejus
2072 2719 2374 2792 iungimur,
2408 2734 2468 2777 ut
2501 2723 2618 2792 ipse
2647 2725 2764 2782 ait:
2800 2725 2950 2785 Sicut
2981 2730 3128 2787 misit
3146 2747 3227 2785 me
3244 2730 3428 2798 Pater,
3452 2742 3504 2787 et

1926 2828 2022 2882 ego
2044 2813 2196 2867 mitto
2224 2829 2315 2868 uos
2337 2814 2527 2886 (Joan.
2558 2813 2670 2886 xx),
2705 2827 2755 2874 et
2783 2821 2872 2889 qui
2905 2837 2992 2878 vos
3022 2825 3227 2894 recipit,
3259 2841 3339 2879 me
3371 2826 3504 2879 reci—

1928 2908 2005 2976 pit
2037 2906 2256 2974 (Matth.
2293 2911 2370 2977 ι).

1988 2992 2058 3049 1η
2083 2997 2273 3067 quibus
2297 2999 2422 3054 estis
2451 3010 2500 3054 et
2523 3017 2632 3057 ros.
2682 3001 2798 3061 Hoc
2825 3013 2931 3070 est,
2967 3005 3102 3063 etin
3126 3005 3281 3063 vobis
3307 3007 3508 3068 Roma-

1918 3085 2004 3141 nis
2029 3087 2392 3157 apostolatum
2413 3092 2816 3161 praedicationis
2845 3094 3051 3164 accepi.

2200 3198 2394 3239 ιεοτιο
2419 3199 2571 3240 ιεΑιιΒ
2601 3201 2915 3251 PROPIIITE,
2941 3202 3062 3242 CAP.
3088 3201 3222 3243 LXII.

1999 3288 2018 3325 ι
2048 3271 2177 3330 Haec
2215 3274 2350 3331 dicit
2376 3273 2637 3332 Dominus
2663 3294 2677 3331 :
2727 3276 2958 3349 Propter
2986 3278 3118 3333 Sion
3157 3292 3264 3335 non
3290 3279 3502 3346 tacebo,

1923 3377 1945 3413 ι
1975 3369 2031 3418 ει
2066 3372 2292 3436 propter
2315 3364 2654 3422 Hierusalem
2679 3382 2785 3422 non
2811 3367 3110 3437 quiescam,
3147 3366 3320 3424 donec
3343 3382 3503 3438 egre-

1921 3470 1943 3505 ι
1974 3455 2173 3523 diatur,
2213 3464 2276 3511 ut
2302 3456 2581 3528 splendor,
2608 3455 2793 3526 justus
2824 3459 2959 3530 ejus,
2993 3470 3051 3516 et
3086 3459 3326 3516 salvator
3360 3459 3504 3529 ejus,

1922 3561 1942 3598 α
1976 3553 2038 3600 ιιι
2077 3545 2284 3616 lampas
2307 3548 2652 3604 accendatur.
2696 3549 2765 3604 Et
2797 3551 3059 3606 videbunt
3089 3550 3502 3622 gentesjustum

1920 3653 1940 3687 ι
1974 3644 2146 3703 tuum,
2167 3645 2224 3694 et
2245 3639 2431 3695 cuncti
2459 3655 2614 3711 reges
2636 3640 2896 3712 inclytum
2923 3650 3093 3697 tuum.
3127 3642 3197 3698 Et
3218 3643 3500 3700 vocabitur

1919 3744 1938 3778 s
1969 3728 2068 3784 tibi
2089 3744 2288 3788 nomen
2319 3746 2540 3798 novum,
2571 3733 2716 3802 quod
2737 3749 2799 3789 os
2826 3733 3040 3790 Domini
3070 3736 3388 3792 nominavit.
3430 3737 3502 3792 Et

1917 3833 1937 3869 ι
1972 3817 2082 3874 eris
2108 3833 2309 3876 corona
2356 3820 2542 3893 gloria:
2584 3822 2640 3878 in
2667 3839 2831 3879 manu
2873 3823 3118 3892 Domini,
3164 3836 3220 3882 et
3248 3826 3499 3883 diadema

1918 3923 1937 3958 t
1975 3908 2129 3980 regni
2161 3910 2216 3965 in
2240 3926 2406 3967 manu
2435 3912 2532 3969 Dei
2557 3914 2655 3969 tui.
2689 3914 2807 3970 Non
2829 3917 3112 3974 vocaberis
3138 3918 3281 3974 ultra
3301 3919 3496 3976 dereli-

1917 4013 1936 4050 t
1975 4006 2087 4064 cta,
2115 4007 2173 4055 et
2198 4010 2342 4057 terra
2381 4011 2473 4058 tua
2500 4019 2608 4060 non
2639 4007 2923 4064 vocabitur
2961 4008 3192 4080 amplius
3227 4009 3492 4078 desolata,

1915 4104 1935 4141 ι
1971 4090 2068 4145 sed
2093 4093 2376 4150 vocaberis
2399 4095 2653 4152 voluntas
2676 4114 2796 4154 mea
2821 4100 2874 4155 in
2910 4115 2998 4167 ea,
3030 4110 3085 4156 et
3119 4110 3264 4158 terra
3291 4110 3382 4159 tua
3413 4104 3495 4161 in-

1907 4176 2262 4249 habitabitur,
2295 4183 2422 4252 quia
2451 4185 2781 4257 complacuit
2806 4189 3036 4246 Domino
3069 4190 3123 4245 in
3156 4201 3227 4246 te.
3261 4211 3282 4246 ο

1977 4266 2204 4339 Propter
2241 4273 2375 4328 Sion
2417 4291 2522 4330 non
2551 4277 2760 4343 tacebo,
2807 4288 2856 4332 et
2897 4289 3108 4350 propter
3157 4279 3488 4338 Hierusalem

1906 4375 2011 4413 non
2039 4362 2326 4431 quiescam,
2364 4365 2528 4420 donec
2557 4367 2876 4438 egrediatur,
2919 4380 2976 4424 ut
3016 4370 3282 4441 splendor,
3304 4374 3488 4444 justus

1903 4450 2037 4522 ejus.
2085 4452 2190 4524 (Ex
2224 4453 2471 4528 Hieron.)
2520 4457 2621 4514 llic
2647 4461 2926 4531 prophetae
2968 4463 3330 4522 introducitur
3355 4484 3484 4537 per-

1902 4556 2034 4596 sona
2067 4543 2298 4602 dicentis
2322 4564 2350 4620 z.
2377 4547 2601 4619 Propter
2624 4550 2756 4606 Sion
2783 4569 2888 4607 non
2911 4553 3110 4619 tacebo,
3139 4538 3238 4612 sed
3259 4565 3367 4612 tam
3392 4560 3483 4616 diu

1899 4632 2164 4700 clamabo,
2180 4645 2236 4692 et
2256 4638 2509 4707 precibus
2527 4639 2748 4713 jungam
2769 4659 2976 4713 preces,
2992 4648 3164 4703 donec
3190 4649 3370 4705 veniat
3391 4655 3484 4722 qui

1897 4726 2199 4794 promissus
2235 4737 2350 4795 est,
2393 4741 2449 4786 et
2491 4733 2835 4802 egrediatur,
2883 4745 2944 4792 ut
2986 4739 3269 4808 splendor,
3303 4741 3482 4811 justus

1897 4814 2038 4884 ejus,
2065 4825 2122 4871 et
2157 4829 2413 4876 cunctum
2436 4823 2625 4878 orbem
2655 4840 2753 4881 suo
2781 4827 3046 4884 illuminet
3073 4831 3377 4902 Splendore.

1967 4906 2038 4960 Et
2065 4909 2295 4965 salvator
2321 4912 2459 4983 ejus,
2511 4925 2567 4968 ut
2595 4914 2800 4988 lampas
2843 4922 3180 4978 accendatur.
3231 4925 3346 4994 Ipse
3386 4931 3479 4998 qui

1896 4997 2113 5053 dicebat
2154 4999 2208 5055 in
2250 5001 2579 5073 Evangelio:
2614 5005 2724 5078 Ego
2770 5025 2889 5064 sum
2927 5010 3024 5066 lux
3064 5014 3246 5069 mundi
3289 4997 3474 5089 (Joan.

1895 5089 2038 5182 Vill),
2056 5098 2131 5182 et
2150 5091 2216 5146 do
2239 5107 2347 5162 quo
2377 5093 2613 5153 Joannes
2637 5098 2851 5155 dicebat
2877 5119 2889 5155 :
2925 5101 3059 5158 Erat
3080 5104 3173 5161 lux
3195 5123 3337 5176 vera,
3358 5128 3477 5182 qua:

1895 5177 2159 5234 illuminat
2185 5197 2390 5240 omnem
2422 5185 2704 5253 hominem,
2735 5198 2840 5246 etc.
2870 5191 3051 5263 (Joan.
3081 5195 3142 5261 ι).

1965 5267 2038 5322 Et
2065 5269 2307 5326 uidebunt
2337 5283 2514 5344 gentes
2543 5276 2751 5346 justum
2791 5289 2970 5349 tuum,
3002 5293 3060 5339 et
3088 5285 3186 5342 rel.
3229 5288 3342 5347 lloc
3367 5301 3471 5358 est,

1895 5358 2153 5416 videbunt
2169 5360 2470 5432 justitiam,
2499 5381 2606 5436 qua
2635 5379 2954 5429 cunctorum
2978 5385 3194 5433 creator
3218 5382 3475 5438 misertus

1894 5457 1978 5504 est
2010 5452 2282 5522 gentibus.

1965 5540 2033 5596 Et
2056 5544 2322 5601 vocabitur
2339 5548 2430 5602 tibi
2459 5565 2645 5606 nomen
2673 5568 2880 5620 novum,
2907 5563 3013 5611 etc.
3045 5556 3101 5613 Id
3134 5567 3239 5624 est,
3272 5574 3475 5631 nequa—

1893 5646 2056 5700 quam
2085 5636 2366 5693 vocabitur
2389 5638 2724 5697 Hierusalem
2763 5653 2820 5698 et
2845 5643 2996 5712 Sion,
3036 5650 3131 5702 sed
3155 5663 3350 5708 nomen
3378 5669 3474 5709 no-

1893 5739 2020 5779 vum
2055 5727 2306 5796 accipiet,
2335 5728 2389 5784 id
2415 5737 2520 5795 est,
2551 5729 2941 5789 Christianum.

1963 5817 2032 5872 Et
2071 5819 2174 5874 eris
2217 5837 2408 5876 corona
2449 5822 2631 5892 gloria:
2674 5824 2729 5878 in
2765 5841 2924 5881 manu
2953 5827 3182 5897 Domini,
3214 5841 3322 5890 etc.
3354 5835 3470 5894 Erit
