3946 6420
411 438 479 494 l9

1691 410 1829 467 SMA
1836 406 1971 464 ΒΑΕ
1978 403 2045 460 Di
2077 397 2369 458 ABBA'I‘IS

3575 378 3644 433 20

406 548 649 609 Ecclesia
687 542 841 618 quasi
877 551 1076 596 corona
1104 533 1315 592 decoris
1356 532 1412 587 in
1449 544 1611 585 manu
1636 523 1872 589 Domini,
1918 527 1975 575 et
2002 531 2051 589 Α
2074 514 2291 586 quidem
2313 514 2613 566 memorato
2627 503 2814 559 ordine
2826 509 3012 572 postea
3029 498 3411 556 convenerunt,
3431 489 3646 562 quando

1770 616 1781 618 λ
2081 606 2102 618 ε
2235 605 2251 618 ·
2347 601 2362 618 ι
2433 606 2702 618 η--ηι---μ
2734 592 2904 618 -.ι-,ιε
2935 590 3136 618 ..ην-ς.
3165 586 3439 618 mutum...
3469 598 3621 618 ρηαη.

406 586 649 609 υυιιυυιιι
727 586 841 599 *³⁸³⁵³⁵
880 586 1076 596 """""
1109 586 1309 592 ""—’"
1857 586 1865 589 ’
2002 586 2049 589 ’ί

406 642 563 716 quasi
596 586 839 696 diadema
866 631 1015 703 regni
1056 629 1114 685 in
1138 641 1302 683 manu
1332 622 1428 679 Dei
1454 621 1559 687 sui,
1608 616 1821 689 quando
1852 627 1973 669 eam
2074 605 2272 675 Ioseph
2296 601 2365 657 ad
2380 606 2705 673 praeceptum
2732 592 2910 665 angeli
2935 590 3142 659 accepit
3163 586 3441 716 conjug‘em
3469 598 3648 649 suam,

1480 710 1514 716 --
1568 709 1582 716 -
1742 705 1755 716 α
1915 702 1949 716 oo
2080 696 2168 716 --Δ
2198 709 2300 716 ..Α-
2342 688 2761 716 ---Α-,Μιεηῑιηηο
2825 684 2947 716 nuda
2978 681 3223 716 conuii“!-
3254 694 3269 708 ⁸
3368 687 3386 716 1
3431 692 3535 716 nnn
3564 690 3648 716 nn.

407 702 751 790 coronaverit
786 702 947 778 turba
977 716 1334 779 credentium,
1369 719 1427 767 et
1464 709 1705 766 diadema
1741 702 1973 774 imperii,

407 823 622 896 quando
645 833 762 875 eam
789 823 1056 884 martyres
1094 818 1429 880 gemmarum
1456 813 1678 857 suarum
1716 796 1979 850 varietate

409 886 772 978 distinxerim,
812 917 868 964 et
890 905 1150 969 Ecclesia,
1191 914 1311 971 qua:
1337 896 1488 967 prius
1514 894 1582 948 ab
1609 889 1765 946 idolis
1805 886 1982 978 fuerat

408 1020 675 1079 Itossessa,
697 974 768 1057 et
788 1016 819 1054 a
850 999 958 1053 Deo
985 994 1158 1050 fuerat
1186 992 1421 1049 deserta,
1454 979 1719 1049 habitabit
1746 974 2013 1047 gaudens.

409 1065 534 1155 cum
561 1065 808 1157 Christo,
857 1098 913 1145 et
949 1083 1200 1159 gaudebit
1228 1078 1475 1136 Christus
1510 1085 1635 1128 cum
1661 1069 1797 1139 ipsa,
1842 1065 1986 1119 sicut

410 1203 641 1263 sponsus
672 1183 868 1258 gaudet
892 1181 946 1235 in
977 1190 1191 1249 sponsa.

756 1282 1094 1328 EVANGELIUI
1125 1275 1381 1321 ΙΛΤἸἮΕΙ
1400 1300 1415 1326 ,
1443 1273 1559 1313 CAP.
1592 1270 1631 1309 Ι.

487 1388 506 1422 ι
538 1365 739 1426 Christi
764 1370 945 1419 autem
972 1354 1250 1431 generatio
1274 1353 1354 1408 sic
1381 1355 1516 1404 erat.
1554 1345 1690 1402 Cum
1728 1350 1873 1399 esset
1896 1339 1987 1395 de-

419 1482 436 1513 ι
470 1464 724 1533 sponsata
744 1461 918 1512 mater
944 1448 1070 1504 Iesu
1097 1445 1265 1501 Maria
1289 1440 1515 1509 Ioseph,
1548 1443 1837 1533 antequam
1860 1442 1990 1532 con-

418 1573 438 1605 ι
475 1518 745 1612 venirent,
791 1544 1011 1599 inventa
1044 1545 1127 1595 est
1161 1537 1216 1590 in
1256 1541 1413 1588 utero
1454 1528 1658 1584 habens
1691 1522 1760 1612 de
1785 1518 1990 1590 Spiritu

420 1663 437 1693 ι
474 1646 681 1698 sancto.
715 1611 914 1704 Ioseph
936 1636 1116 1685 autem
1142 1625 1229 1679 vir
1253 1623 1371 1694 ejus
1398 1632 1521 1675 cum
1546 1621 1693 1671 esset
1708 1611 1909 1682 justus,
1934 1613 1993 1662 et

418 1762 436 1791 ι
472 1738 637 1796 nollet
684 1748 806 1789 eam
854 1726 1137 1786 traducere
1161 1762 1176 1788 ,
1238 1716 1410 1774 voluit
1461 1710 1673 1770 occulte
1720 1704 1995 1796 dimittere

420 1852 438 1880 ι
656 1824 783 1879 Haec
810 1827 992 1875 autem
1030 1829 1097 1870 eo
1132 1810 1435 1883 cogitante,
1472 1817 1601 1860 ecce
1633 1796 1856 1869 angelus

421 1943 438 1971 ι
476 1885 609 1976 mini
635 1918 689 1973 in
712 1927 916 1972 somms
944 1906 1195 1980 apparuit
1223 1903 1271 1959 ei
1301 1902 1519 1958 dicens:
1552 1892 1773 1963 Ioseph,
1792 1888 1868 1943 fili
1898 1885 2003 1940 Da-

421 2039 437 2063 .
474 2011 584 2077 vid,
612 2007 721 2064 noli
748 2006 941 2060 timere
971 1999 1218 2068 accipere
1252 1992 1477 2049 Mariam
1502 1986 1784 2058 mnjugcm
1822 1988 1991 2034 tuam.

421 2126 439 2153 ι
479 2076 633 2169 Quod
662 2096 804 2153 enim
832 2093 887 2148 in
909 2107 973 2148 ea
1001 2097 1187 2146 natum
1214 2092 1317 2150 est,
1347 2083 1414 2138 de
1447 2078 1652 2150 Spiritu
1681 2080 1867 2129 sancto
1890 2076 1993 2124 est.

423 2214 440 2241 ι
476 2160 652 2245 ᾖπίθι
676 2192 854 2241 autem
882 2181 1073 2246 lilium,
1105 2186 1161 2234 et
1186 2173 1405 2231 vocabis
1429 2183 1626 2225 nomen
1653 2163 1769 2234 ejus
1789 2160 1993 2215 Iesum.

422 2303 440 2333 ι
475 2282 592 2352 Ipse
622 2277 770 2334 enim
802 2273 1010 2330 salvum
1040 2267 1205 2325 faciet
1226 2263 1480 2338 populum
1514 2273 1673 2316 suum
1699 2270 1730 2310 a
1762 2249 1999 2323 peccatis

426 2396 442 2423 I
482 2384 690 2428 eorum.
717 2390 739 2426 ι

489 2457 686 2515 Christi
704 2463 878 2511 autem
892 2450 1157 2525 generatio
1173 2450 1249 2504 sic
1270 2453 1403 2500 erat.
1430 2441 1530 2514 (Ex
1549 2434 1798 2504 Hieron.)
1821 2431 2000 2498 Quare

417 2565 527 2607 non
566 2548 692 2603 Iesu
730 2544 952 2609 Christi,
994 2541 1089 2598 sed
1116 2533 1454 2595 solummodo
1487 2528 1711 2592 Christi,
1756 2525 1862 2579 hoc
1894 2528 1999 2587 est,

418 2655 527 2697 non
559 2648 848 2707 utrumque
884 2646 1104 2696 nomen,
1153 2628 1246 2684 sed
1271 2626 1501 2681 alterum
1531 2618 1746 2691 posuit:
1778 2616 1902 2677 hoc,
1943 2618 2003 2666 ut

417 2745 455 2786 a
498 2702 793 2799 majoribus
835 2722 1066 2778 traditur
1089 2760 1104 2786 ,
1152 2717 1347 2773 futurae
1389 2708 1690 2768 reservavit
1737 2702 2000 2765 historize,

420 2806 529 2893 qua
557 2795 684 2874 mox
718 2814 909 2887 angelo
937 2812 1153 2869 dicente
1182 2803 1553 2893 suhinfertur:
1587 2799 1653 2854 Et
1675 2795 1879 2853 vocabis
1909 2808 2004 2848 no-

419 2886 539 2968 men
579 2908 764 2965 Iesum
802 2886 1020 2979 (Matth.
1052 2901 1112 2975 ι),
1152 2909 1208 2957 et
1254 2896 1351 2954 rel.
1383 2892 1536 2962 Quod
1577 2904 1707 2962 ergo
1727 2929 1755 2956 ,_
1773 2886 2004 2979 qualiter

419 3007 671 3058 vocatum
710 2974 963 3062 sit,‘mox
993 2990 1337 3049 scribendum
1373 2982 1701 3054 evangelista
1735 2974 1999 3049 praevidit,

422 3089 768 3160 anticipando
795 3084 1088 3156 prasripere
1112 3095 1219 3136 non
1249 3077 1452 3134 debuit.
1480 3069 1770 3130 Generatio
1797 3074 1999 3130 autem,

423 3191 520 3238 aut
564 3181 680 3252 ipse
727 3176 979 3233 Christus
1023 3172 1223 3229 dicitur
1264 3169 1320 3224 in
1366 3180 1529 3222 carne
1573 3167 1895 3234 generatus,
1942 3162 2003 3209 ut

2077 696 2170 752 sed
2197 709 2305 749 non
2338 688 2786 752 concumbebant,
2825 684 2950 755 quia
2978 681 3223 751 sequitur
3254 694 3269 733 :
3318 677 3386 732 Et
3431 692 3535 731 non
3564 690 3651 730 co-

2079 784 2357 858 gnoscebat
2382 797 2520 837 eam.

2149 875 2368 930 Inuenta
2413 879 2487 927 est
2534 879 2710 926 autem
2735 867 2792 922 in
2838 874 2985 920 utero
3030 862 3248 917 habens.
3292 857 3339 913 A
3372 854 3517 911 nullo
3548 853 3655 909 alio

2080 983 2243 1040 quam
2268 981 2300 1021 a
2324 962 2546 1034 Ioseph,
2592 960 2685 1031 qui
2715 957 2935 1014 licentia
2975 951 3211 1009 maritali
3251 948 3446 1004 futura:
3472 946 3658 1001 uxoris

2080 1037 2218 1128 pene
2238 1054 2419 1112 omnia
2443 1057 2687 1108 noverat.
2729 1048 2958 1117 Ideoque
2988 1051 3281 1098 tumentem
3304 1037 3421 1109 ejus
3444 1043 3658 1093 uterum

2083 1163 2210 1205 mox
2237 1146 2455 1204 curioso
2479 1140 2834 1214 deprehendit
2859 1136 3075 1193 intuitu.
3106 1134 3174 1189 Et
3204 1132 3329 1187 alibi
3358 1130 3661 1186 invenimus

2085 1239 2383 1310 scriptum:
2410 1234 2473 1292 In
2494 1241 2670 1299 utero,
2702 1229 2893 1301 inquit,
2925 1228 3156 1289 habens,
3187 1238 3312 1287 non,
3358 1221 3411 1276 in
3447 1229 3661 1275 uterum

2086 1308 2391 1399 accipiens,
2435 1324 2563 1395 quia
2605 1338 2714 1378 non
2753 1318 2966 1375 aliunde
3011 1322 3290 1385 acceptum
3331 1312 3525 1377 fuisse,
3567 1308 3663 1364 sed

2088 1417 2335 1482 interius,
2365 1412 2778 1485 superveniente
2803 1407 3009 1478 Spiritu
3047 1415 3257 1468 sancto,
3295 1403 3346 1457 in
3374 1409 3528 1455 utero
3554 1399 3665 1453 vir-

2087 1509 2249 1582 ginali
2274 1506 2583 1577 integritate
2606 1503 2986 1569 circumsepto,
3016 1496 3261 1553 habitum
3283 1492 3526 1550 declarat
3543 1505 3667 1545 con-

2090 1606 2323 1669 ceptum.
2356 1593 2634 1665 Sequitur.

2159 1688 2356 1759 Ioseph
2393 1694 2563 1740 autem
2594 1683 2672 1737 vir
2697 1680 2832 1751 ejus.
2874 1675 3217 1735 Consuetudo
3259 1673 3664 1743 Scripturarum

2093 1789 2198 1846 est,
2224 1787 2287 1835 ut
2317 1790 2544 1850 sponsas
2576 1786 2776 1829 uxores
2819 1778 2874 1827 et
2916 1782 3141 1840 sponsos
3176 1766 3325 1821 viros
3352 1778 3540 1820 earum
3568 1776 3668 1832 ap-

2029 1867 2077 1926 B
2101 1870 2321 1941 pellent.

2166 1961 2298 2016 Cum
2338 1967 2468 2013 esset
2505 1956 2703 2027 justus.
2754 1951 2940 2008 Iustus
2977 1950 3122 2006 enim
3154 1947 3381 2018 justitia:
3415 1944 3673 2015 templum

2095 2063 2433 2121 nequaquam
2463 2052 2868 2115 corrumperet,
2921 2042 3063 2112 quod
3106 2047 3422 2110 conceptum
3463 2036 3674 2104 habuit,

2096 2149 2385 2209 antequam
2430 2137 2819 2201 convenirent;
2881 2133 3075 2187 merito
3124 2139 3303 2185 autem
3347 2128 3675 2199 evangelista

2095 2218 2301 2301 Ioseph
2318 2226 2548 2299 appellat
2570 2225 2796 2296 justum,
2833 2233 2892 2279 ut
2925 2223 3176 2279 idoneum
3201 2218 3317 2289 ejus
3337 2216 3678 2274 commendet

2098 2320 2266 2376 fuisse
2291 2316 2678 2373 testimonium.
2725 2311 2935 2386 (Vulg.)
2987 2310 3171 2366 Iustus
3217 2309 3415 2365 dicitur
3456 2302 3675 2376 Ioseph,

2098 2417 2159 2463 ut
2190 2423 2255 2463 ex
2294 2405 2671 2478 praerogativa,
2728 2402 2920 2458 collata
2961 2399 3217 2471 justitite,
3265 2397 3523 2452 doceatur
3548 2410 3675 2450 eum

2100 2498 2363 2554 meruisse
2399 2507 2725 2567 cognoscere
2744 2491 2996 2563 gratiam,
3024 2504 3144 2560 qua:
3170 2488 3346 2544 fuerat
3372 2487 3543 2542 beata:
3568 2485 3680 2539 Ma-

2100 2595 2196 2649 ria:
2222 2592 2435 2656 collata,
2482 2598 2538 2644 et
2568 2589 2690 2644 ideo
2729 2603 2829 2643 nec
2854 2599 3109 2643 accusare
3139 2599 3261 2641 eam
3291 2590 3522 2654 poterat.
3572 2578 3683 2635 Nec

2103 2685 2479 2755 derelinquere
2512 2681 2875 2753 praesumebat
2894 2718 2911 2745 ,
2958 2677 3053 2734 sed
3096 2692 3236 2733 novo
3283 2673 3529 2731 miraculi
3569 2682 3684 2728 stu-

2102 2794 2236 2852 pore
2258 2790 2577 2847 suspensus,
2612 2787 2716 2828 non
2749 2771 3050 2827 temeritate
3073 2776 3380 2839 conceptus,
3410 2764 3503 2821 sed
3532 2777 3685 2818 novae

2104 2867 2405 2927 reverentia
2432 2864 2776 2922 fecunditatis
2799 2869 3107 2933 Sponsatam
3137 2859 3509 2929 derelinquere
3537 2853 3685 2926 cogi-

2104 2963 2282 3027 tabat,
2310 2959 2455 3016 unde
2489 2966 2546 3014 et
2580 2957 2648 3013 ab
2672 2955 2893 3027 angelo,
2940 2960 3002 3008 ut
3029 2952 3281 3008 dubitans
3304 2990 3321 3016 ,
3372 2960 3683 3003 commone—

2105 3064 2213 3112 tur.

2176 3143 2246 3198 Et
2274 3141 2430 3205 nollet
2465 3154 2580 3194 eam
2611 3137 2905 3191 traducere.
2939 3132 3053 3188 Hoc
3092 3138 3197 3195 est,
3225 3128 3509 3185 infamare.
3547 3124 3686 3181 Tra-

422 3274 567 3329 idem
585 3221 676 3324 in
697 3266 900 3323 Christi
928 3263 1225 3336 generatio,
1257 3276 1320 3315 ac
1346 3260 1394 3313 si
1422 3259 1693 3314 diceretur
1720 3273 1732 3308 :
1765 3253 2004 3308 Genera-
2029 3223 2074 3285 (ἶ
2105 3233 2372 3291 dlicuom?)
2398 3231 2543 3287 enim
2570 3228 2794 3282 verbum
2824 3240 2967 3296 εαξρὲ
2989 3225 3043 3279 in
3069 3221 3266 3278 malam
3296 3228 3504 3336 imm“
3530 3232 3686 3289 τερθ-

2136 3326 2168 3336 .,
2444 3321 2456 3336 ι
2496 3319 2643 3336 ,,.-_,_-
2681 3316 2897 3336 n_..__-_
2928 3328 3100 3336 --.ην-,-
3132 3326 3235 3336 ﬂ-..
3267 3326 3291 3336 Α
3318 3311 3493 3336 ,ειη-,1η
3520 3308 3657 3336 κει-..ιζ

408 3352 503 3417 ’ῐὶο
541 3374 661 3430 quae
692 3363 778 3412 est
804 3344 1087 3418 Christus,
1131 3359 1242 3415 aut,
1283 3348 1425 3403 sicut
1456 3361 1488 3400 a
1520 3342 1843 3414 quibusdam
1875 3338 2006 3409 legi-

425 3461 536 3516 tur,
560 3427 626 3505 ut
651 3447 726 3503 sit
753 3447 855 3501 iste
883 3444 1018 3500 ordo
1034 3440 1360 3496 verborum:
1396 3434 1487 3491 Sic
1510 3443 1689 3490 autem
1717 3438 1838 3485 erat
1857 3427 2009 3485 Chri-

426 3541 498 3596 sti
524 3536 823 3610 generatio,
852 3534 957 3588 hoc
979 3538 1083 3595 est,
1125 3529 1205 3585 sic
1232 3526 1302 3582 ad
1326 3524 1601 3579 Christum
1632 3520 1867 3591 pertinet
1892 3518 2007 3572 haec

425 3627 760 3705 genealogia.
792 3623 1069 3693 Sequitur.

500 3720 633 3776 Cum
656 3728 787 3775 esset
809 3718 1120 3787 desponsata
1144 3721 1311 3768 mater
1332 3710 1448 3781 ejus
1461 3707 1636 3764 Maria
1656 3705 1871 3775 Ioseph.
1905 3702 2010 3775 (Ex

430 3810 677 3884 Hieron.)
716 3808 987 3877 Qumritur
1029 3819 1200 3877 quare
1238 3818 1347 3860 non
1390 3802 1457 3857 de
1497 3798 1731 3869 simplici
1776 3795 2008 3866 virgine,

430 3907 527 3963 sed
552 3906 619 3962 de
648 3904 970 3972 desponsata
1002 3897 1261 3953 Dominus
1287 3902 1449 3950 natus
1478 3893 1590 3949 sit?
1616 3891 1797 3946 Primo
1828 3897 1888 3944 ut
1914 3902 2012 3959 per

432 3994 837 4069 generationem
875 3989 1076 4060 Ioseph
1104 4028 1120 4053 ,
1169 3986 1324 4057 origo
1366 3984 1550 4040 Mariae
1592 3987 2011 4044 monstraretur,

432 4085 559 4157 quia
587 4080 920 4139 consuetudo
966 4079 1269 4148 divinarum
1315 4076 1716 4145 Scripturarum
1744 4079 1864 4138 est,
1902 4084 2011 4125 non

431 4191 530 4247 per
554 4172 812 4238 feminas,
842 4169 939 4226 sed
970 4183 1067 4239 per
1099 4168 1246 4222 viros
1269 4163 1637 4238 genealogiam
1670 4172 1870 4218 texere.
1915 4158 2009 4215 Se-

434 4267 632 4333 eundo,
660 4279 730 4321 ne
758 4262 1090 4334 lapidaretur
1118 4274 1151 4313 a
1180 4256 1380 4314 Iudaeis
1416 4264 1477 4312 ut
1503 4255 1766 4312 adultera.
1804 4251 2010 4317 Tertio,

440 4366 499 4412 ut
534 4358 589 4411 in
618 4355 855 4426 Egypto
894 4353 1131 4424 fugiens,
1181 4350 1406 4404 haberet
1443 4345 1693 4425 maritale
1738 4343 2010 4400 solatium.

438 4421 1187 4517 Quartamvcausamvaddidit
1209 4439 1469 4510 lgnatius,
1499 4421 1559 4491 ut
1594 4443 1784 4507 partus
1810 4434 2016 4489 celare.

440 4548 529 4593 tur
554 4535 789 4600 diabolo,
830 4533 958 4589 dum
985 4545 1110 4586 eum
1148 4535 1302 4599 putat
1329 4542 1435 4582 non
1463 4526 1529 4580 de
1567 4525 1796 4595 virgine,
1828 4523 1923 4578 sed
1950 4523 2016 4577 de

438 4642 609 4683 uxore
637 4631 971 4696 generatum.

511 4714 801 4784 Antequam
848 4710 1196 4764 convenirent.
1243 4706 1360 4761 Non
1400 4706 1469 4761 ab
1510 4704 1616 4759 alio
1657 4703 1873 4757 inventa
1908 4710 2015 4764 est,

2105 3326 2264 3389 ritur,
2316 3321 2457 3391 quod
2484 3319 2650 3374 etiam
2679 3316 2901 3372 Grzecus
2927 3328 3105 3370 sermo
3131 3326 3237 3366 non
3265 3311 3494 3365 absurde
3520 3308 3688 3381 signi-

2105 3414 2251 3479 ficat,
2287 3409 2776 3488 παραδιισγματίσαι,
2825 3407 2877 3462 id
2908 3416 3020 3469 est,
3053 3403 3368 3476 propalare,
3416 3402 3558 3472 quod
3583 3409 3688 3468 est,

2105 3505 2282 3577 palam
2312 3503 2511 3559 facere.
2560 3500 2821 3556 Omnibus
2857 3498 3001 3555 enim
3040 3506 3222 3553 notum
3261 3511 3470 3567 sponsa:
3495 3510 3690 3552 concc-

2107 3605 2258 3668 ptum
2285 3594 2571 3651 ostendere
2599 3592 2788 3648 noluit.

2192 3684 2362 3739 Voluit
2394 3683 2592 3739 occulte
2621 3682 2881 3736 dimittere
2910 3696 3046 3736 eam.
3098 3679 3398 3745 Dimittere,
3449 3686 3511 3734 ut
3534 3676 3690 3732 multi

2108 3774 2315 3840 volunt,
2360 3762 2597 3846 positum
2639 3779 2723 3827 est
2764 3785 2864 3840 pro
2894 3784 2961 3825 eo
3002 3768 3145 3839 quod
3181 3777 3267 3823 est
3307 3782 3532 3823 uxorem
3582 3780 3692 3820 non

2110 3872 2326 3929 ducere.
2371 3869 2469 3925 Vel
2516 3875 2663 3925 certe
2697 3866 2970 3937 dimittere
3012 3878 3132 3920 eam
3179 3863 3369 3929 voluit,
3421 3864 3525 3920 hoc
3548 3872 3634 3920 est
3660 3878 3693 3918 a

2109 3977 2268 4034 pinna
2321 3959 2613 4026 adulterii,
2674 3957 2829 4028 quasi
2878 3957 3220 4013 innocentem
3244 3995 3260 4020 ,
3309 3954 3558 4009 liberare.
3615 3953 3693 4008 Ne

2110 4053 2264 4125 quasi
2290 4051 2591 4108 adulteram
2634 4050 2877 4105 traderet
2919 4050 2989 4105 ad
3012 4063 3252 4118 poenam,
3295 4062 3460 4117 quam
3488 4046 3695 4102 sciebat

2112 4145 2181 4201 ab
2204 4143 2350 4200 omni
2384 4141 2725 4214 contagionis
2749 4149 2903 4196 reatu
2926 4154 3169 4196 securam
3195 4156 3210 4194 :
3261 4137 3460 4193 occulte
3487 4145 3692 4204 autem,

2114 4235 2213 4302 ait,
2239 4248 2307 4289 ne
2336 4241 2430 4288 aut
2458 4232 2680 4289 dimissa
2710 4246 2880 4286 uxore
2908 4244 3024 4296 sua,
3075 4229 3249 4284 coitus
3296 4235 3501 4282 reatum
3530 4240 3695 4296 super

2114 4341 2234 4382 eam
2263 4325 2561 4390 induceret,
2593 4332 2689 4378 aut
2720 4320 2967 4386 liberata,
2998 4321 3235 4390 seipsum
3261 4317 3415 4389 quasi
3438 4315 3692 4383 adulterii

2116 4432 2271 4472 reum
2300 4415 2671 4470 constitueret.

2191 4505 2319 4561 Haec
2359 4515 2532 4560 autem
2573 4520 2632 4559 eo
2663 4503 2939 4573 cogitante,
2980 4516 3094 4555 ecce
3127 4496 3342 4568 angelus
3380 4495 3593 4550 Domini
3638 4496 3697 4548 in

2041 4576 2094 4634 D
2117 4597 2333 4662 somnis,
2364 4603 2468 4650 etc.
2500 4594 2655 4649 Hunc
2686 4591 2933 4663 angelum
2960 4587 3170 4644 Domini
3204 4586 3357 4642 multi
3387 4584 3698 4641 Gabrielcm

2118 4703 2237 4744 esse
2265 4684 2628 4741 consentiunt.
2677 4681 2826 4736 Bono
2867 4688 2923 4734 et
2957 4677 3104 4746 justo
3132 4676 3268 4740 viro,
3309 4675 3449 4730 bona
3478 4672 3698 4742 etjusta

2119 4777 2405 4848 cogitante,
2435 4786 2674 4842 congrue
2698 4772 2874 4827 bonus
2903 4777 2958 4824 et
2978 4765 3158 4837 justus
3176 4765 3425 4836 apparuit
3455 4763 3692 4818 nuntius.

441 4805 549 4864 nisi
574 4820 607 4859 a
629 4800 850 4871 Ioseph,
882 4799 974 4869 qui
998 4811 1134 4868 pene
1158 4795 1377 4851 licentia
1405 4792 1635 4851 maritali
1665 4790 1860 4846 futura:
1886 4804 2019 4843 uxo-

444 4898 522 4953 ris
546 4893 727 4951 omnia
753 4856 1015 4947 noverat:
1040 4887 1194 4955 Quod
1235 4894 1415 4940 autem
1444 4884 1641 4941 dicitur
1666 4900 1679 4936 :
1729 4881 2018 4951 Antequam
2121 4869 2274 4938 Saepe
2299 4866 2501 4921 etenim
2525 4864 2580 4918 in
2612 4861 2906 4933 Scripturis
2931 4859 3133 4915 sanctis
3171 4858 3298 4911 talia
3324 4856 3695 4920 inveniuntur,

444 4985 796 5047 convenirent,
828 4995 935 5035 non
971 4977 1236 5046 sequitur,
1266 4983 1325 5029 ut
1353 4983 1539 5045 postea
1563 4944 1931 5035 convenerint,
1962 4977 2024 5023 ut
2123 4968 2183 5015 ut
2213 4959 2279 5014 de
2301 4957 2414 5016 Deo
2442 4954 2670 5011 solerter
2694 4951 3086 5024 cogitantibus,
3116 4956 3417 5019 Opportuna
3441 4944 3699 4999 adhibea-

784 5034 913 5124 'vult
939 5034 1245 5129 Helvidius,
1284 5034 1377 5120 sed
1416 5062 1727 5132 Scriptura,
1771 5058 1902 5130 quid
1938 5058 2018 5114 fa-
2124 5063 2212 5107 tur
2232 5048 2551 5112 consolatio,
2599 5053 2659 5099 ut
2683 5044 2891 5099 duobus
2918 5042 2973 5096 in
3003 5040 3090 5094 via
3119 5035 3540 5100 ambulantibus,
3570 5034 3700 5088 dum

446 5174 595 5221 ctum
621 5178 728 5219 non
753 5161 854 5226 sit,
883 5157 1137 5214 ostendit.
1179 5154 1482 5210 Notandum
1519 5125 1663 5224 quod
1696 5125 1811 5206 ait:
1854 5151 2042 5205 Ante-~
2121 5147 2187 5203 de
2220 5159 2279 5199 se
2321 5141 2833 5201 sermocinarentur,
2857 5142 3106 5189 ostensus
3128 5139 3214 5186 est
3239 5129 3498 5184 Dominus
3542 5125 3694 5196 (Luc.

446 5270 605 5327 quam
653 5251 1014 5314 convenirent,
1076 5246 1243 5302 verbo
1290 5244 1639 5301 conveniendi
1689 5256 1798 5298 non
1842 5242 2017 5311 ipsum
2120 5236 2290 5309 xxrv).
2320 5236 2388 5291 Et
2412 5247 2630 5289 rursus:
2663 5223 3189 5295 Undecimapostolis
3205 5222 3272 5277 de
3301 5235 3369 5275 eo
3392 5218 3699 5287 colloquen-

450 5309 822 5406 concubitum,
871 5342 964 5397 sed
988 5309 1318 5410 nuptiarum,
1368 5353 1486 5408 qua:
1514 5336 1818 5406 prmcedere
1845 5309 2042 5399 solent,
2122 5331 2287 5395 tibus,
2331 5326 2523 5383 clausis
2563 5324 2690 5379 licet
2722 5319 2941 5389 januis,
2987 5315 3160 5373 adfuit
3202 5313 3383 5386 (Ioan.
3423 5309 3540 5380 xx).
3593 5309 3697 5380 (Ex

447 5448 660 5509 tempus
710 5396 1081 5496 insinuatum;
1109 5396 1322 5499 quando
1348 5396 1434 5492 ea,
1470 5396 1589 5497 qua:
1612 5426 1764 5497 prius
1793 5396 2036 5495 deSpon;
2121 5417 2277 5473 Ioan.
2318 5412 2537 5485 Chrys.)
2567 5411 2677 5467 Cur
2720 5409 2774 5463 in
2819 5405 3023 5463 somnis
3051 5413 3106 5459 et
3133 5418 3242 5458 non
3269 5401 3450 5472 potius
3472 5396 3696 5469 aperte?

451 5494 579 5586 sata
594 5528 791 5592 fuerat,
815 5538 935 5580 esse
964 5494 1156 5590 conjux
1181 5519 1385 5591 incipit.
1416 5494 1523 5591 (Ea:
1545 5494 1738 5586 Beda.)
1764 5517 1905 5589 Ergo
1924 5532 2020 5571 αη-
2125 5511 2255 5581 quia
2299 5510 2507 5566 scilicet
2540 5512 2662 5562 erat
2687 5504 2773 5558 vir
2800 5515 3020 5573 prorsus
3049 5499 3221 5555 fidelis
3249 5507 3305 5554 et
3329 5494 3701 5552 manifestiora

452 5629 660 5689 tequam
697 5613 1021 5670 convenirent
1047 5610 1196 5677 dicit,
1242 5610 1298 5665 id
1330 5618 1454 5675 est,
1489 5618 1781 5679 antequam
1804 5607 2019 5677 nuptia-

454 5721 576 5765 rum
599 5703 857 5761 solemnia
884 5702 987 5757 rite
1010 5701 1368 5757 celebrarent.

526 5800 739 5856 Inventa
762 5805 834 5851 est
872 5799 925 5854 in
956 5804 1102 5849 utero
1136 5790 1330 5846 habens
1358 5789 1421 5843 de
1452 5787 1651 5858 Spiritu
1694 5796 1891 5840 sancto.
1939 5784 2023 5840 Si-

2127 5600 2452 5655 revelatione
2499 5611 2607 5650 non
2660 5593 2925 5663 indigens.
2984 5590 3235 5646 Pastores
3280 5600 3496 5657 quoque
3547 5590 3700 5641 tanto

2128 5688 2488 5752 manifestius,
2515 5694 2720 5755 quanto
2748 5682 2921 5752 magis
2965 5680 3032 5737 ab
3059 5677 3364 5749 hujusmodi
3398 5674 3703 5732 eruditione

2129 5796 2226 5852 per
2257 5786 2521 5848 agrestem
2547 5783 2704 5831 erant
2727 5773 2888 5827 vitam
2916 5770 3129 5826 remoti.
3162 5767 3438 5838 Sequitur.
