3946 6422
253 371 318 434 at
1076 342 1596 430 CDLLECTIONES
1635 371 1704 427 IN
1744 369 2126 427 EPiSTOLAS
2163 371 2252 426 ar
2290 372 2699 428 EVANGELIA.
3444 377 3516 431 se

322 493 517 566 Ioseph
549 493 629 564 [ili
657 492 846 547 David.
876 492 1073 548 Diccns
1097 511 1109 546 :
1137 492 1329 564 Joseph
1354 493 1434 561 ﬁli
1465 492 1657 557 David,
1684 490 1836 546 blan-
1862 492 1912 552 Α
1938 487 2167 543 mortuis
2206 485 2273 540 ad
2316 484 2517 540 inferos
2549 492 2921 555 perrexerunt.
2963 485 3157 541 Anima
3201 486 3347 542 enim
3392 502 3539 559 qua}

255 586 453 642 dicutis
483 585 678 641 all'eetu
722 584 1032 654 alloquitur,
1067 592 1127 638 ut
1150 599 1259 639 non
1284 585 1441 653 quasi
1482 583 1723 655 ignotum
1744 597 1838 636 ex-

258 684 485 733 terreret
510 690 667 741 eum,
715 689 836 730 cum
865 683 920 729 et
945 674 1162 732 nomine
1203 684 1258 729 et
1298 689 1497 746 genere
1532 681 1691 729 notus
1723 673 1839 729 exi-

257 774 440 823 steret.
472 765 879 821 Familiaritatis
899 766 1041 820 enim
1074 765 1333 820 indicium
1361 775 1463 830 est,
1495 764 1715 835 proprio
1740 765 1839 818 ali-

257 870 419 925 quem
472 870 669 911 vocare
713 856 968 921 nomine,
1019 854 1287 925 simulque
1341 855 1637 909 notandum
1693 855 1837 924 quod

256 944 456 1016 Ioseph
484 945 627 999 ﬁlius
650 960 771 1000 esse
798 945 1010 1001 dicatur
1050 944 1239 1009 David,
1289 952 1349 998 ut
1374 944 1541 999 Maria
1569 945 1637 999 de
1666 944 1836 998 David

256 1034 426 1105 stirpe
450 1040 888 1090 monstraretur..
913 1032 1005 1088 Sic
1032 1034 1174 1088 enim
1206 1034 1467 1089 Dominus
1505 1033 1639 1090 Mosi
1664 1034 1795 1089 dicit
1820 1053 1833 1088 :

258 1126 427 1182 Nemo
466 1128 571 1182 nisi
613 1128 679 1182 de
708 1126 852 1181 tribu
897 1141 992 1197 sua
1041 1124 1294 1196 coniugio
1322 1125 1606 1196 copuletur
1643 1125 1834 1195 (Num.

258 1204 466 1288 xxxvi).
499 1214 711 1287 (ναις.)
748 1216 861 1271 Cur
881 1230 986 1270 non
1013 1213 1181 1270 Iacob
1222 1216 1403 1285 potius
1427 1214 1567 1269 illius
1590 1215 1838 1269 nomina-

258 1316 366 1371 tur,
396 1306 491 1361 sed
516 1305 683 1359 David
709 1303 940 1361 refertur
959 1318 1082 1359 esse
1111 1302 1273 1367 ﬁlius,
1304 1303 1493 1357 multis
1522 1314 1837 1372 procreato-

258 1396 408 1451 ribus
446 1396 499 1449 in
526 1394 703 1449 medio
730 1393 1022 1456 derelictis,
1073 1394 1178 1449 nisi
1211 1402 1272 1449 ut
1300 1394 1456 1463 origo
1484 1396 1631 1466 regia
1659 1395 1837 1452 deela-

258 1495 471 1542 raretur
490 1526 507 1552 ,
552 1484 621 1541 de
646 1500 753 1557 qua
781 1493 1006 1543 ventura
1045 1485 1440 1556 praedicebatur
1465 1485 1668 1541 Christi
1697 1489 1839 1543 nati-

258 1577 422 1631 vitas.

331 1666 461 1721 Noli
496 1667 678 1721 timere
710 1668 941 1738 accipere
979 1666 1210 1721 Mariam
1246 1668 1518 1739 conjugem
1544 1678 1727 1756 tuam;
1743 1671 1836 1726 Ti-

258 1759 439 1814 mebat
485 1774 719 1830 namque
768 1774 983 1831 sponsae
1028 1761 1174 1816 illius
1216 1762 1460 1831 profiteri
1506 1763 1835 1834 coniugium,

1937 577 2247 647 peccaverit
2270 577 2385 648 ipsa
2412 577 2692 631 morietur.
2724 577 2926 632 Umbra
2965 585 3143 633 autem
3187 578 3378 634 mortis
3419 594 3513 635 eo-

1939 683 2093 734 rum,
2145 669 2238 738 qui
2285 683 2410 723 cum
2454 676 2715 737 peccent,
2764 669 2994 723 necdum
3044 669 3112 725 de
3157 670 3268 725 vita
3308 670 3512 742 egressi

1937 768 2098 823 sunt,
2141 766 2370 828 possunt
2391 759 2571 823 enim,
2602 759 2651 814 si
2676 758 2895 823 volunt,
2926 760 3299 829 paenitentiam
3327 776 3509 832 agere.

2009 848 2274 905 Parvulas
2315 851 2453 904 enim
2495 860 2650 905 natus
2693 861 2769 905 est
2795 852 2941 905 nobis
2961 892 2975 916 ,
3006 861 3055 906 et
3081 852 3224 921 ﬁlius
3250 853 3406 908 datus
3435 863 3513 908 est

1939 939 2105 993 nobis.
2148 938 2256 994 Iste
2281 939 2449 1011 igitur
2473 955 2611 1011 puer
2637 942 2729 1013 qui
2755 950 2914 998 natus
2937 944 3113 998 estde
3139 944 3385 1015 virgine,
3416 961 3514 1016 ap-

1935 1030 2168 1100 pellatur
2196 1030 2550 1097 Emmanuel,
2582 1031 2637 1086 id
2666 1040 2779 1094 est,
2815 1034 3095 1089 nobiscum
3126 1035 3302 1101 Deus,
3329 1045 3387 1091 et
3412 1037 3512 1091 ha-

1936 1119 2029 1174 bet
2058 1120 2422 1190 principatum
2454 1136 2619 1192 super
2647 1123 2965 1188 humerum,
3005 1124 3089 1177 vel
3129 1125 3255 1194 quia
3296 1141 3537 1182 crucem.

1936 1224 2089 1263 suam
2122 1210 2237 1280 ipse
2262 1211 2536 1280 portavit,
2562 1211 2649 1266 vel
2686 1213 2812 1282 quia
2844 1214 2910 1268 de
2939 1214 3057 1284 ipso
3082 1215 3344 1285 scriptum
3383 1224 3469 1272 est
3498 1235 3510 1270 :

1937 1296 2216 1353 Revelavit
2260 1297 2520 1357 Dominus
2564 1301 2709 1356 Deus
2753 1302 3034 1358 brachium
3075 1312 3320 1360 sanctum
3351 1322 3511 1362 suum

1936 1388 2189 1443 omnibus
2214 1389 2482 1459 gentibus.
2511 1390 2580 1444 Et
2603 1390 2766 1445 illud:
2796 1391 2865 1445 Et
2885 1392 3156 1446 brachium
3180 1392 3397 1449 Domini
3428 1398 3513 1449 cui

1938 1476 2219 1532 revelatum
2261 1487 2335 1531 est
2366 1477 2521 1549 (lsa.
2566 1480 2732 1551 un)?
2770 1480 3059 1537 Vocabitur
3085 1497 3217 1552 ergo
3246 1493 3369 1554 post
3407 1486 3538 1540 duo.

1939 1564 2154 1619 nomina
2177 1605 2193 1630 ,
2225 1580 2319 1621 sex
2350 1567 2471 1622 aliis
2509 1568 2848 1635 nominibus,
2879 1570 3205 1626 admirabilis
3225 1612 3240 1639 ,
3266 1574 3516 1628 consilia-

1940 1654 2048 1707 rius
2068 1693 2082 1719 ,
2109 1654 2246 1709 Deus
2265 1696 2279 1721 ,
2306 1656 2461 1725 fortis
2478 1698 2493 1723 ,
2520 1655 2684 1712 Pater
2711 1660 2879 1728 futuri
2910 1661 3089 1716 swculi
3109 1702 3125 1728 ,
3151 1664 3391 1735 princeps
3415 1682 3514 1735 pa—

1939 1744 2033 1798 cis.
2066 1744 2181 1799 Non
2209 1746 2388 1813 enim,
2432 1755 2494 1802 ut
2536 1749 2780 1819 plerique
2822 1760 3042 1821 putant,
3089 1747 3206 1808 una'
3236 1742 3514 1825 jungeuda

260 1850 415 1921 cuius
471 1852 764 1923 spiritalem
800 1830 1253 1925 ’dcprehendem’t
1316 1871 1438 1912 esse
1486 1830 1832 1928 οοηέθῐςιυω,
1865 1830 1912 1889 Β
1939 1847 2067 1891 sunt
2106 1838 2323 1893 nomina
2347 1879 2364 1905 ,
2391 1848 2450 1895 ut
2480 1840 2721 1912 legamus
2740 1882 2755 1906 ,
2782 1843 3115 1899 admirabilis
3140 1844 3510 1910 consiliarius,

259 1941 370 2014 (Et
396 1942 586 2017 Beda.)
634 1945 894 2016 Accipere
931 1954 1110 2001 autem
1138 1947 1291 2011 dixit,
1345 1963 1451 2003 non
1494 1948 1563 2004 ad
1601 1948 1835 2020 coniugii
1937 1937 1994 1982 et
2035 1943 2284 1994 rursum,
2310 1929 2453 1985 Deus
2490 1931 2641 1999 fortis
2667 1972 2682 1997 ,
2718 1932 2813 1987 sed
2867 1933 3194 2020 admirabilis
3227 1935 3539 2006 legendum.

256 2009 527 2103 copulam,
567 2009 665 2090 sed
710 2036 776 2091 ad
810 2036 1069 2106 spiritalis
1113 2038 1371 2093 consortii
1417 2038 1824 2108 inseparabilem

1937 2026 2018 2072 est
2056 2020 2349 2088 separatim
2372 2062 2385 2087 ,
2430 2023 2572 2092 quod
2605 2022 2871 2080 Hebraiee
2901 2024 3101 2080 dicitur
3135 2009 3278 2091 κίνει,
3308 2034 3364 2081 et
3388 2043 3513 2080 cou-

258 2124 593 2179 soeietatem.
643 2124 865 2183 Mariam
891 2140 1105 2196 quoque
1145 2135 1202 2180 et
1239 2127 1411 2197 ipsam
1446 2128 1671 2199 angelus
1713 2145 1824 2199 pro-

1937 2110 2169 2165 siliarius
2231 2128 2513 2179 seorsum,
2567 2116 2658 2184 qui
2710 2110 2906 2187 lingua
2969 2118 3513 2199 eorum-appellatur

256 2214 376 2283 prio
412 2224 686 2286 nuncupat
729 2216 977 2280 nomine,
1029 2225 1089 2272 ut
1117 2219 1399 2273 amborum
1444 2219 1660 2274 nomina
1695 2221 1838 2276 desi-

1932 2209 2087 2286 Vw,
2119 2208 2177 2257 et
2214 2202 2356 2258 Deus
2396 2204 2692 2274 separatim
2712 2245 2728 2271 ,
2757 2205 2853 2286 qui
2892 2190 3263 2266 Hebraice'bu
3290 2205 3512 2271 dicitur,

256 2282 384 2375 gnet
406 2308 460 2362 in
491 2282 641 2363 emlis
669 2322 788 2363 esse
813 2308 1103 2379 descripta,
1132 2324 1253 2380 qua:
1285 2310 1510 2380 angelus
1538 2311 1824 2368 nominavit

1937 2282 2089 2359 fortis
2128 2291 2394 2348 Hebraiee
2437 2302 2572 2355 πω
2609 2282 2950 2365 appellatur:
2984 2302 3195 2364 patrem
3223 2304 3402 2355 autem
3429 2295 3513 2350 fu-

255 2397 308 2450 in
346 2403 512 2451 terra.
544 2396 807 2467 Sequitur
830 2416 845 2453 :

326 2487 483 2554 Quod
513 2489 649 2543 enim
673 2490 727 2544 in
753 2507 815 2546 ea
854 2502 1035 2547 natum
1060 2502 1158 2559 est,
1195 2494 1260 2548 de
1285 2493 1487 2566 Spiritu
1525 2505 1706 2551 sancto
1734 2507 1830 2552 est.

254 2577 311 2632 In
338 2592 424 2643 ea,
452 2579 878 2649 inquit,.uatum,
910 2598 1016 2638 non
1048 2584 1386 2640 extrinsecus
1412 2586 1757 2642 scminatum.

326 2668 507 2725 Pariet
536 2680 710 2727 autem
749 2673 917 2742 filium
947 2685 996 2731 et
1022 2677 1228 2732 vocabis
1258 2694 1447 2732 nomen
1487 2680 1602 2750 ejus
1625 2681 1833 2737 Iesum.

257 2760 378 2831 Ipse
419 2762 561 2816 enim
606 2762 807 2818 salvum
852 2764 1009 2834 faciet
1043 2766 1291 2837 papulum
1329 2785 1482 2823 suum
1529 2787 1562 2824 a
1605 2773 1833 2841 peccatis

255 2869 453 2906 eorum.
492 2846 750 2925 Sequitur
789 2857 1110 2928 etymologia
1135 2860 1371 2916 nominis
1393 2859 1521 2917 Jesu
1541 2903 1555 2927 ,
1595 2877 1717 2917 cum
1747 2863 1831 2918 di-

254 2941 364 2995 cit:
399 2941 617 2997 Salvum
657 2943 812 3014 faciet
845 2946 1095 3017 populum
1134 2966 1308 3004 suum.
1340 2951 1483 3006 Vere
1507 2968 1639 3008 suus
1663 2968 1832 3025 popu-

258 3025 341 3081 lus
365 3034 467 3093 est,
496 3029 588 3098 qui
622 3045 721 3099 per
749 3030 923 3101 ipsum
950 3032 1130 3089 salvus
1166 3032 1224 3089 tit
1249 3050 1280 3089 a
1303 3038 1559 3105 peccatis.

546 3134 737 3174 LECTIO
766 3136 918 3176 ISAl/E
948 3138 1239 3179 ιιιιοιδιιετάς
1259 3164 1281 3193 τ
1305 3143 1424 3182 CAP.
1456 3143 1532 3182 IX.

1938 2381 2042 2435 turi
2069 2382 2250 2438 saeculi
2267 2423 2283 2449 ,
2309 2384 2454 2453 quod
2480 2383 2534 2438 in
2562 2392 2750 2439 nostra
2774 2385 3057 2441 vocatione
3084 2385 3387 2456 completur
3414 2400 3428 2439 :
3458 2396 3513 2440 et

1932 2473 2233 2543 principem
2260 2475 2444 2545 pacis,
2477 2476 2569 2546 qui
2610 2475 2824 2532 locutus
2850 2485 2933 2533 est
2959 2477 3029 2532 ad
3057 2476 3330 2546 apostolos
3355 2495 3368 2527 :
3403 2475 3511 2530 Pa-

1935 2580 2048 2619 cem
2095 2582 2266 2621 meam
2308 2567 2378 2622 do
2425 2567 2598 2635 vobis,
2647 2585 2828 2639 pacem
2874 2585 3042 2623 meam
3090 2567 3326 2640 relinquo
3369 2568 3509 2623 vobis

1935 2653 2136 2727 (Joan.
2166 2657 2300 2731 xxv).
2345 2657 2463 2715 Non
2508 2658 2812 2726 dubitabit,
2860 2660 2951 2728 qui
2995 2675 3183 2731 pacem
3232 2668 3510 2724 nostram,

1926 2748 2086 2820 juxta
2110 2750 2425 2822 Apostolum
2442 2792 2458 2819 ,
2486 2767 2608 2809 esse
2632 2753 2823 2824 legerit
2848 2754 3135 2810 Dominum
3159 2753 3505 2810 salvatorem.

2003 2843 2448 2917 Multiplicabttur
2480 2847 2596 2917 ejus
2638 2848 2951 2917 imperium,
2993 2856 3040 2902 et
3083 2848 3230 2918 pacis
3272 2862 3377 2900 non
3411 2846 3509 2899 erit

1930 2935 2074 3003 ﬁnis.
2122 2935 2234 2992 Nec
2276 2937 2525 2993 dubitare
2567 2939 2768 3009 poterit
2805 2938 2873 2994 de
2912 2937 3194 3009 multiplici
3225 2937 3512 2993 salvatoris

1932 3025 2160 3094 imperio
2200 3035 2255 3080 et
2286 3042 2419 3096 pace
2463 3027 2579 3097 ejus
2605 3068 2621 3093 ,
2664 3044 2785 3099 qua:
2815 3044 2918 3084 non
2950 3029 3150 3084 habeat
3188 3028 3385 3093 ﬁnem,
3415 3029 3509 3097 qui

1932 3115 1987 3169 in
2014 3114 2242 3171 Psalmis
2269 3116 2461 3187 legerit
2487 3133 2502 3172 :
2535 3116 2759 3172 Postulo
2787 3136 2819 3172 α
2848 3135 2929 3173 me
2956 3129 3003 3173 et
3030 3119 3166 3173 dabo
3197 3119 3291 3172 tibi
3321 3129 3498 3188 gentes

329 3225 349 3258 ι
395 3207 630 3279 populus
662 3213 903 3280 gentium
941 3215 1036 3284 qui
1073 3216 1390 3273 ambulabat
1433 3219 1490 3272 in
1542 3221 1785 3277 tenebris
1809 3262 1824 3287 ν
1855 3199 1899 3262 C
1930 3203 2287 3259 htereditatem
2334 3215 2482 3259 tuam
2532 3215 2582 3261 et
2629 3208 3006 3276 possessionem
3057 3216 3204 3262 tuam
3255 3207 3505 3261 terminos

258 3315 279 3351 ι
314 3299 447 3354 vidit
482 3299 657 3356 lucem
686 3318 958 3373 magnam,
982 3304 1354 3364 habitantibus
1384 3309 1438 3363 in
1464 3311 1686 3381 regione
1713 3327 1829 3367 um-

262 3408 281 3438 σ
318 3389 430 3443 bra:
470 3392 661 3446 mortis
702 3392 793 3447 lux
819 3390 939 3448 orta
965 3403 1051 3451 est
1073 3397 1173 3451 eis.
1204 3397 1470 3454 Parvulus
1495 3401 1641 3456 enim
1673 3410 1830 3459 natus

268 3498 285 3528 ι
322 3488 410 3534 est
436 3482 627 3547 nobis,
658 3493 711 3538 et
740 3484 881 3540 filius
908 3486 1069 3542 datus
1097 3495 1182 3543 est
1220 3489 1396 3545 nobis.
1433 3492 1501 3545 Et
1537 3492 1713 3548 factus
1745 3504 1831 3550 est

259 3587 277 3618 ι
313 3571 647 3641 principatus
690 3575 810 3645 ejus
848 3591 1011 3648 super
1055 3579 1340 3635 humerum
1380 3582 1517 3650 ejus.
1563 3583 1631 3638 Et
1666 3600 1828 3640 voca-

259 3676 275 3705 ο
312 3659 460 3713 bitur
481 3663 684 3717 'nomen
714 3662 840 3747 ejus
857 3666 1223 3736 admirabilis,
1255 3672 1629 3739 consiliarius,
1662 3674 1824 3743 Deus,

259 3769 276 3799 ι
315 3749 501 3818 fortis,
529 3753 690 3809 Pater
719 3755 885 3812 futuri
919 3760 1134 3825 saeculi,
1162 3762 1415 3834 princeps
1439 3767 1608 3834 pacis.
1644 3767 1824 3822 Multi-

258 3861 275 3892 ι
314 3843 607 3913 plicabitur
639 3845 758 3915 ejus
793 3849 1111 3920 imperium,
1151 3863 1207 3909 ct
1239 3857 1391 3924 pacis
1425 3856 1545 3927 ejus
1580 3874 1688 3914 non
1723 3860 1829 3915 erit

258 3955 275 3983 ι
314 3935 455 3991 linis.
486 3936 660 4007 Super
704 3941 898 3996 solium
948 3944 1116 3999 David
1154 3954 1210 4001 el
1255 3963 1417 4018 super
1448 3966 1674 4022 regnum
1708 3951 1826 4021 ejus

258 4043 276 4073 ι
312 4026 555 4093 sedebit,
592 4036 650 4083 ut
682 4032 966 4089 continuet
1000 4036 1129 4092 illud
1162 4046 1217 4094 et
1250 4043 1569 4098 corroboret
1602 4044 1656 4099 in
1679 4045 1825 4113 judi-

258 4133 274 4163 ι
311 4114 398 4169 cio
418 4123 473 4170 et
504 4115 734 4185 iustitia,
772 4124 969 4179 amodo
1013 4134 1069 4180 et
1110 4142 1282 4197 usque
1317 4128 1372 4183 in
1410 4132 1819 4203 sempiternum.

256 4221 274 4253 ι
309 4204 471 4260 Zelus
498 4208 701 4264 domini
732 4210 893 4268 faciet
922 4214 1045 4270 hoc.
1086 4236 1105 4269 ι

324 4298 560 4371 Populus
597 4306 824 4374 gentium
860 4310 951 4378 qui
988 4310 1288 4366 ambulabat
1316 4314 1383 4388 :in
1427 4317 1648 4371 tenebris
1694 4318 1821 4372 vidit

252 4393 419 4446 lucem
452 4412 712 4465 magnam.
766 4397 886 4469 (Ex
938 4400 1205 4473 Hieron.)
1261 4403 1361 4459 Hic
1410 4404 1562 4461 locus
1615 4406 1692 4461 ita
1724 4422 1822 4462 ex-

250 4482 529 4552 planatus,
561 4485 874 4541 adveniente
907 4488 1126 4545 Christo
1167 4499 1223 4546 et
1259 4495 1645 4564 praedicatione
1675 4496 1818 4553 illius

1929 3302 2082 3349 terra:
2110 3292 2297 3365 (Psal.
2325 3295 2426 3367 ιι).
2470 3296 2537 3350 Ει
2580 3312 2792 3363 rursum
2823 3313 2836 3351 :
2883 3297 2950 3351 Et
2988 3297 3275 3353 multitudo
3314 3298 3467 3367 pacis
3490 3338 3504 3364 ,

1928 3386 2101 3442 donec
2141 3385 2420 3441 auferatur
2456 3387 2581 3442 luna
2622 3386 2813 3461 (Psal.
2840 3403 2966 3444 Lm
3011 3387 3064 3460 ),
3097 3388 3150 3444 id
3178 3396 3293 3456 est,
3338 3404 3508 3459 usque

1927 3475 1995 3531 ad
2024 3478 2545 3533 consummationem
2574 3478 2777 3534 saeculi.

1998 3564 2171 3635 Super
2195 3565 2387 3622 solium
2413 3567 2585 3622 David
2626 3577 2673 3623 et
2699 3585 2857 3640 super
2887 3587 3101 3641 regnum
3128 3571 3265 3642 ejus,
3297 3580 3353 3625 ut
3383 3588 3507 3626 con-

1924 3654 2095 3722 ﬁrmet
2138 3654 2273 3711 illud
2315 3666 2363 3711 et
2407 3657 2740 3724 corroboret,
2785 3667 2892 3728 etc.
2935 3661 3278 3731 Principatus
3321 3670 3504 3718 autem

1925 3744 2067 3800 illius
2094 3754 2151 3800 et
2177 3747 2463 3817 imperium
2487 3750 2593 3805 erit
2619 3766 2781 3821 super
2808 3752 3003 3807 solium
3044 3762 3101 3808 et
3146 3770 3373 3824 regnum
3405 3754 3509 3808 Da-

1925 3837 2014 3892 vid
2034 3877 2049 3902 ,
2074 3839 2220 3907 quod
2242 3847 2367 3910 post
2391 3842 2761 3910 captivitatem
2785 3843 3165 3916 Babylonicum
3192 3846 3370 3901 fuerat
3396 3847 3508 3903 dis-

1924 3927 2158 3997 sipatum
2175 3968 2193 3993 ,
2216 3937 2278 3983 ut
2301 3929 2585 3985 continuet
2609 3932 2738 3988 illud
2763 3941 2818 3988 et
2846 3936 3065 3991 roboret
3087 3944 3149 3991 et
3171 3938 3361 3992 doceat
3384 3953 3506 3993 esse

1923 4028 2265 4088 perpetuum.
2302 4020 2383 4076 Ne
2406 4020 2564 4077 cassa
2592 4026 2941 4094 repromissio
2982 4028 3079 4087 Dei
3119 4029 3395 4099 iudicetur
3436 4032 3506 4085 ab

1924 4106 2318 4165 incarnationis
2344 4119 2587 4181 tempore
2612 4130 2782 4183 usque
2808 4116 2861 4169 in
2892 4116 3300 4186 sempiternum.

1991 4196 2150 4253 Zelus
2178 4199 2391 4254 Domini
2416 4204 2739 4258 exercituum
2764 4205 2920 4273 faciet
2948 4206 3065 4259 hoc.
3098 4207 3274 4272 Zelus,
3306 4208 3358 4262 id
3385 4219 3465 4264 cst
3488 4250 3502 4271 ,

1921 4290 2191 4347 aemulatio
2217 4292 2428 4348 Domini
2450 4294 2581 4349 fecit
2616 4297 2746 4361 hoc,
2789 4299 2914 4367 quia
2958 4299 3058 4368 ipsi
3088 4315 3211 4355 cum
3242 4303 3310 4357 ad
3336 4319 3503 4361 aemu-

1923 4380 2178 4437 lationem
2211 4394 2645 4454 provocaverunt
2674 4387 2728 4441 in
2761 4388 2847 4443 his
2874 4391 2967 4458 qui
2994 4406 3098 4445 non
3129 4401 3287 4447 erant
3314 4395 3416 4459 dii,
3446 4405 3505 4451 et

1923 4473 2011 4528 ille
2048 4488 2143 4529 eos
2183 4477 2498 4545 provocavit
2536 4477 2604 4546 ad
2646 4479 3008 4537 mutulandum
3038 4483 3093 4537 in
3121 4492 3339 4554 gentem
3381 4501 3503 4556 qua:

248 4547 597 4639 coruscante,
646 4575 822 4643 primo
870 4584 1014 4633 terra
1066 4547 1308 4637 Zabuldn

1939 4581 2028 4620 lOll
2056 4574 2175 4620 erat
2199 4582 2332 4637 gens
2359 4568 2378 4639 (
2401 4566 2553 4622 Rom.
2581 4585 2611 4623 ι
2658 4569 2700 4640 ).

250 4663 560 4718 Scribarum
580 4672 635 4720 et
655 4663 1047 4723 Pharisaeorum
1073 4671 1353 4727 erroribus
1380 4681 1465 4728 est
1492 4675 1739 4741 liberata,
1764 4685 1820 4731 et

249 4751 629 4821 gravissimum
659 4755 1007 4811 traditionum
1037 4756 1385 4815 Iudaicarum
1408 4760 1596 4832 jugum
1624 4780 1818 4820 excus-

248 4843 321 4896 sit
347 4842 416 4898 de
444 4843 747 4901 cervicibus
775 4848 919 4914 suis,
950 4857 1137 4918 postea
1163 4866 1261 4921 per
1284 4850 1633 4923 Evangelium
1667 4856 1816 4911 Pauli

247 4932 507 5002 apostoli,
539 4934 630 5004 qui
665 4936 990 4994 novissimus
1018 4940 1382 5010 apostolorum
1409 4944 1653 4999 omnium
1683 4945 1814 5012 fuit,

249 5021 524 5093 ingravata
551 5025 668 5092 est,
700 5026 754 5082 id
782 5022 898 5094 ett,
934 5030 1292 5101 multiplicata
1325 5020 1643 5102 praedicatio
1679 5044 1732 5090 et
1761 5036 1813 5091 in

246 5115 509 5170 terminos
541 5119 815 5187 gentium,
850 5131 907 5176 et
938 5120 1083 5176 viam
1121 5122 1363 5178 universi
1400 5126 1567 5179 maris
1609 5126 1813 5182 Christi

245 5205 594 5277 Evangelium
642 5210 932 5279 splenduit.
981 5212 1225 5283 Denique
1267 5214 1447 5270 omnis
1489 5216 1672 5283 orbis,
1720 5220 1813 5290 qui

244 5301 371 5349 ante
400 5294 739 5364 ambulabat,
773 5299 857 5355 vel
885 5300 1108 5356 sedebat
1133 5302 1186 5356 in
1218 5304 1484 5372 tenebris,
1513 5314 1569 5361 et
1597 5308 1816 5365 idolola-

245 5384 361 5439 triae
406 5399 471 5440 ac
513 5388 704 5442 mortis
752 5390 980 5447 vinculis
1025 5394 1330 5461 tenebatur,
1376 5396 1584 5452 clarum
1629 5398 1807 5455 lumen

244 5477 517 5547 Evangelii
545 5481 771 5549 aspexit.

312 5566 687 5623 Habitantibus
722 5571 779 5624 in
816 5573 1027 5644 regione
1062 5575 1263 5630 umbrae
1297 5580 1512 5644 mortis,
1560 5578 1655 5635 lux
1692 5591 1809 5637 orta

242 5668 315 5712 est
354 5660 451 5712 eis.
496 5658 642 5714 Inter
681 5671 909 5716 mortem
949 5671 1003 5717 et
1041 5665 1286 5719 umbram
1323 5669 1515 5723 mortis
1546 5669 1648 5724 hoc
1689 5687 1810 5727 esse

242 5757 405 5818 puto,
455 5751 598 5805 uuod
647 5768 791 5807 Illol‘s
840 5769 1027 5809 eorum
1079 5762 1200 5821 est,
1250 5758 1340 5826 qui
1378 5775 1508 5829 cum
1555 5762 1809 5832 operibus

2294 4694 2634 4735 ενΑΝοειιυι
2669 4698 2841 4747 ιυεκε,
2880 4699 2999 4739 CAP.
3042 4702 3102 4741 11.
3282 4756 3287 4761 ᾖ

1996 4782 2012 4812 ε
2054 4764 2276 4819 Factum
2308 4776 2392 4822 est
2419 4779 2599 4823 autem
2628 4771 2680 4824 in
2711 4772 2901 4828 diebus
2930 4774 3054 4830 illis.
3087 4777 3231 4832 Exiit
3258 4780 3497 4838 edictum

1925 4875 1942 4906 ι
1983 4872 2012 4910 a
2061 4856 2275 4912 Caesare
2319 4858 2593 4929 Augusto,
2644 4872 2705 4917 ut
2757 4865 3158 4925 describeremr
3204 4872 3488 4931 universus

1924 4966 1942 4997 ‹
1980 4947 2151 5001 orbis.
2203 4947 2331 5003 Haec
2370 4950 2661 5021 descriptio
2697 4954 2871 5024 prima
2914 4956 3055 5013 facta
3091 4970 3174 5016 est
3203 4978 3233 5016 a
3261 4966 3490 5033 pmide

1922 5055 1943 5090 ι
1977 5036 2150 5107 Syria:
2188 5038 2407 5110 Cyrino.
2454 5041 2521 5096 Et
2559 5043 2711 5099 ibant
2749 5061 2937 5102 omnes
2985 5058 3045 5104 ut
3085 5052 3491 5121 profiterentur,

1923 5149 1942 5179 ο
1979 5130 2175 5200 singuli
2203 5131 2260 5185 in
2290 5133 2563 5189 civitatem
2592 5151 2765 5191 suam.
2796 5138 3057 5196 Ascendit
3084 5153 3265 5199 autem
3304 5159 3361 5203 et
3403 5147 3495 5205 Jo-

1922 5239 1940 5272 s
1977 5222 2110 5291 scph
2153 5238 2184 5277 a
2225 5222 2450 5280 Galihea
2484 5226 2553 5282 de
2588 5228 2808 5285 civitate
2846 5229 3110 5288 Nazareth
3138 5236 3191 5290 in
3216 5236 3454 5294 Judamm
3475 5282 3488 5304 ,

1921 5331 1939 5364 ι
1978 5315 2031 5368 in
2075 5315 2351 5371 civitatem
2392 5317 2595 5385 David,
2642 5334 2763 5390 qua:
2807 5330 3032 5378 vocatur
3074 5324 3377 5392 Bethleem,
3425 5346 3491 5383 eo

1920 5423 1938 5456 σ
1975 5406 2117 5475 quod
2148 5415 2296 5463 esset
2322 5409 2390 5463 de
2417 5410 2580 5467 domo
2607 5420 2664 5468 et
2689 5412 2888 5471 familia
2932 5417 3131 5487 David,
3173 5431 3233 5475 ut
3271 5423 3489 5492 proﬁte-

1922 5694 1938 5727 I
1973 5677 2091 5732 dies
2119 5686 2175 5730 ut
2204 5690 2443 5747 pareret.
2487 5683 2553 5736 Et
2589 5688 2800 5756 peperit
2831 5689 3000 5744 lilium
3030 5707 3183 5747 suum
3214 5694 3486 5769 primoge-

1922 5785 1938 5818 ι
1978 5768 2178 5834 nilum,
2222 5779 2275 5825 et
2316 5774 2506 5841 pannis
2548 5789 2673 5831 eum
2719 5778 2973 5846 involvit,
3013 5791 3068 5837 et
3112 5785 3389 5843 reclinavit
3429 5793 3482 5846 in
