3946 6420
429 359 502 416 9.3
1717 353 2067 410 SMARAGDI
2107 355 2402 410 ABBATIS
3595 357 3670 415 24

437 493 454 520 ι
493 470 782 541 praesepio,
811 468 934 537 quia
963 482 1068 521 non
1098 474 1214 520 erat
1241 466 1290 520 ei
1317 466 1468 521 locus
1496 467 1548 521 in
1577 464 1895 523 diversorio.
1924 469 1991 524 Et
2020 475 2070 534 Α
2093 483 2349 539 prospera
2394 467 2575 522 mundi
2617 467 2776 522 simul
2816 476 2872 522 et
2917 467 3144 524 adversa
3187 477 3564 538 contemnere,
3612 481 3669 530 et

437 581 455 612 ι
495 570 740 631 pastores
776 566 933 612 erant
962 559 1013 611 in
1047 557 1264 624 regione
1289 558 1481 611 eadem
1510 559 1795 628 vigilantes
1822 568 1880 613 et
1903 575 1996 614 eu-

436 671 455 703 ‹
494 651 788 706 stodientes
828 648 1039 719 vigilias
1077 648 1254 703 noctis
1284 663 1447 718 supra
1471 663 1688 718 gregem
1718 664 1894 704 suum.
1927 649 1998 704 Et

434 762 454 791 ι
490 755 617 796 ecce
641 738 862 807 angelus
901 737 1113 792 Domini
1155 737 1304 791 stetit
1337 735 1492 805 juxta
1529 736 1648 792 illos
1687 746 1744 792 et
1779 737 1998 792 claritas

433 851 455 884 ‹
491 833 586 888 Dei
630 829 986 886 circumfulsit
1030 829 1168 884 illos.
1215 829 1282 882 Et
1322 829 1618 883 timuerunt
1655 829 1848 885 timore
1878 845 1995 884 ma-

435 942 454 973 ι
489 937 621 992 gno,
662 930 719 976 et
759 921 897 976 dixit
936 919 1044 974 illis
1079 918 1340 989 angelus:
1383 917 1560 974 Nolite
1602 919 1814 974 timere.
1858 920 1998 976 Ecce

433 1032 450 1062 ι
489 1011 633 1066 enim
675 1007 986 1078 evangelizo
1030 1006 1183 1062 vobis
1227 1007 1480 1076 gaudium
1521 1022 1809 1078 magnum,
1853 1010 1998 1077 quod

434 1120 452 1150 ε
489 1101 594 1156 erit
619 1099 766 1154 omni
795 1097 991 1168 populo
1009 1137 1025 1163 ,
1057 1097 1183 1166 quia
1213 1106 1374 1152 natus
1400 1106 1484 1152 est
1519 1099 1675 1154 vobis
1701 1098 1863 1154 hodie
1891 1099 1998 1154 sal-

434 1212 450 1243 s
491 1202 661 1257 vator,
691 1191 784 1262 qui
820 1200 904 1246 est
946 1188 1196 1245 Christus
1237 1189 1526 1256 Dominus,
1558 1189 1612 1246 in
1643 1191 1863 1245 civitate
1892 1192 1998 1246 Da-

433 1302 452 1334 ι
491 1283 600 1337 vid.
647 1282 715 1336 Et
762 1282 870 1335 hoc
907 1279 1060 1335 vobis
1103 1279 1355 1349 signum:
1401 1277 1688 1335 Invenietis
1736 1279 1995 1334 infantem

432 1390 450 1422 ε
487 1371 679 1441 pannis
733 1369 1032 1425 involutum
1069 1376 1125 1424 et
1152 1367 1388 1438 positum
1417 1369 1470 1422 in
1500 1369 1781 1439 przesepio.
1816 1370 1882 1424 Et
1907 1386 1998 1425 su-

427 1485 450 1516 ‹
488 1466 600 1520 bito
637 1464 778 1519 facta
804 1471 888 1518 est
915 1477 1038 1518 cum
1063 1461 1254 1533 angelo
1282 1461 1569 1516 multitudo
1599 1462 1805 1516 militiae
1832 1463 1996 1519 coale-

431 1576 450 1610 ι
487 1559 614 1624 stis,
657 1557 992 1612 laudantium
1035 1557 1201 1611 Deum
1242 1564 1297 1611 et
1341 1555 1671 1610 dicentium:
1716 1555 1895 1611 Gloria
1939 1557 1993 1610 in

431 1667 450 1699 ι
488 1649 766 1703 altissimis
801 1649 933 1703 Deo.
962 1647 1029 1702 Et
1065 1647 1118 1701 in
1158 1654 1298 1700 terra
1337 1662 1446 1716 pax
1489 1647 1798 1702 hominibus
1840 1647 1995 1702 bona:

430 1759 449 1790 ε
487 1739 794 1795 voluntatis.
833 1757 852 1790 ι

493 1830 636 1884 Exiit
667 1830 892 1883 edictum
922 1846 955 1883 α
985 1826 1193 1883 Ctesare
1230 1829 1493 1898 Augusto,
1526 1838 1582 1882 ut
1612 1829 1989 1884 describeretur
2014 1817 2063 1875 Β

419 1922 691 1976 universus
735 1921 894 1976 orbis.
937 1919 1058 1990 (Ex
1089 1919 1293 1990 Beda.)
1321 1918 1438 1974 Non
1468 1920 1641 1974 solum
1671 1929 1850 1975 autem
1879 1923 1994 1978 hare

419 2028 558 2068 nova
601 2014 785 2068 mundi
831 2013 1123 2084 descriptio
1153 2013 1295 2068 illius
1342 2013 1536 2068 summi
1569 2014 1710 2084 regis
1740 2014 1990 2069 adventui

419 2103 789 2159 testimonium
817 2103 1164 2172 perhibebat,
1198 2102 1290 2172 qui
1321 2111 1678 2174 congregatos
1698 2144 1712 2168 ,
1743 2119 1773 2158 a
1805 2104 1990 2158 mundi

417 2195 592 2266 plagis
633 2193 912 2260 omnibus,
951 2194 1154 2250 electos
1197 2208 1356 2259 suos,
1387 2201 1605 2248 aeternae
1645 2193 1992 2250 beatitudinis

417 2290 542 2345 albo
581 2288 981 2354 conscriberet,
1019 2288 1372 2343 verumetiam
1411 2287 1654 2356 ejusdem
1703 2289 1852 2358 regni
1895 2290 1992 2344 du-

417 2394 542 2446 ces,
578 2379 758 2448 quieta
790 2378 870 2434 sui
904 2377 1288 2433 moderaminis
1316 2393 1450 2448 pace
1471 2377 1715 2446 juvahat.
1747 2379 1885 2446 Quia
1911 2379 1991 2432 ni-

416 2471 616 2526 mirum
665 2469 991 2540 compressis
1039 2483 1070 2523 a
1124 2469 1430 2538 prteliorum
1481 2469 1692 2524 turbine
1742 2470 1991 2538 gentibus

416 2562 685 2618 universis
705 2601 720 2628 ,
748 2561 1138 2632 praedicatores
1165 2561 1282 2615 orbi
1309 2561 1512 2616 Christi
1539 2560 1856 2629 discipulos,
1883 2576 1991 2630 quo

414 2653 547 2709 libet
588 2661 812 2722 propter
855 2651 1078 2706 verbum
1127 2651 1208 2706 ire
1245 2650 1474 2714 vellent,
1519 2651 1586 2704 ab
1627 2651 1988 2720 ingruentium

413 2743 630 2802 fervore
668 2743 1021 2806 seditionum,
1071 2740 1350 2796 tremenda
1390 2741 1443 2795 id
1491 2743 1782 2812 temporis,
1818 2750 1877 2796 ut
1912 2742 1988 2797 ita

412 2817 642 2890 dixerim
671 2871 690 2900 τ
715 2833 944 2888 Romani
989 2831 1226 2888 nominis
1259 2832 1448 2886 umbra
1478 2834 1811 2902 protegebat.
1844 2833 1990 2888 Exiit

413 2939 545 2996 ergo
573 2923 811 2979 edictum
842 2937 873 2977 a
903 2922 1115 2977 Caesare
1154 2922 1428 2993 Augusto,
1472 2931 1530 2977 ut
1568 2938 1792 2979 censum
1829 2924 1990 2995 proﬂ-

411 3023 620 3070 teretur
663 3014 948 3069 universus
988 3013 1164 3078 orbis,
1213 3014 1340 3082 quia
1388 3014 1702 3070 imminebat
1749 3015 1986 3072 edictum

410 3106 555 3178 regis
582 3103 804 3169 Christi,
835 3120 940 3175 quo
965 3105 1192 3160 salutem
1229 3113 1656 3175 consequeretur
1696 3107 1983 3160 universus

408 3196 590 3263 orbis,
633 3197 724 3266 qui
764 3195 1086 3251 vocabulum
1129 3194 1357 3263 Augusti
1400 3193 1796 3264 perfectissime
1835 3210 1984 3249 eom-

408 3286 563 3356 plens
581 3325 597 3350 ,
625 3292 686 3340 ut
711 3293 838 3354 pote
863 3299 990 3339 suos
1015 3291 1069 3338 et
1095 3297 1387 3352 augescere
1413 3283 1754 3346 desiderans,
1786 3292 1842 3338 et
1871 3285 1984 3352 ipse

409 3389 609 3443 augere
649 3373 948 3439 sufﬁciens,
981 3373 1300 3428 censoribus
1338 3387 1448 3426 suae
1483 3370 1836 3441 professionis
1873 3387 1983 3428 non

413 3463 687 3520 ablatione
722 3463 966 3532 pecuniae
1006 3460 1309 3529 subjectos,
1341 3461 1436 3515 sed
1465 3460 1590 3514 ﬁdei
1615 3459 1886 3515 oblatione
1910 3460 1984 3515 si-

411 3568 580 3623 gnare
607 3552 863 3622 praecepit
889 3569 903 3605 :
935 3551 1155 3616 Euntes,
1187 3551 1466 3620 inquiens,
1497 3549 1551 3604 in
1578 3550 1834 3604 mundum
1864 3551 1983 3604 uni-

408 3657 610 3699 versum
629 3684 644 3707 ,
673 3643 954 3713 pra'dicate
997 3639 1338 3712 Evangelium
1376 3642 1518 3696 omni
1559 3651 1814 3696 creatura:
1843 3659 1861 3696 :
1892 3643 1982 3713 qui

411 3732 691 3788 crediderit
716 3742 764 3789 et
792 3733 1086 3804 baptizatus
1113 3733 1269 3802 fuerit
1293 3731 1467 3788 salvus
1492 3733 1588 3787 erit
1616 3733 1811 3805 (Marc.
1843 3733 1976 3806 xvr).

480 3820 613 3876 Herc
661 3823 940 3894 descriptio
978 3823 1150 3894 prima
1192 3822 1334 3892 facta
1374 3831 1470 3894 est.
1517 3821 1800 3894 Signiﬁcat
1838 3824 1980 3878 banc

411 3912 831 3982 descriptionem
869 3912 954 3966 vel
988 3912 1218 3982 primam
1259 3925 1379 3967 esse
1420 3926 1608 3966 earum
1651 3926 1771 3980 quae
1804 3919 1977 3968 totum

405 4002 592 4058 orbem
621 4003 1020 4070 concluserint,
1051 4003 1176 4073 quia
1204 3983 1471 4073 pleneque
1503 4001 1615 4073 jam
1651 4010 1834 4070 partes
1873 4011 1979 4056 ter-

408 4109 592 4148 rarum
639 4108 781 4164 stepe
824 4093 1074 4164 leguntur
1118 4091 1284 4147 fuisse
1331 4092 1645 4161 descriptae,
1695 4089 1781 4145 vel
1827 4098 1978 4145 certe

405 4181 583 4252 primo
611 4191 738 4238 tunc
777 4183 1037 4252 cwpisse,
1065 4184 1282 4251 quando
1313 4181 1605 4252 Cyrenius,
1635 4181 1721 4235 vir
1745 4196 1883 4235 unus
1909 4196 1976 4236 ex

406 4287 673 4328 consensu
701 4273 864 4328 curia:
904 4273 1180 4334 Romanae,
1211 4286 1241 4325 a
1271 4272 1504 4336 Caesare,
1528 4270 1618 4339 jus
1645 4272 1777 4326 dare
1803 4272 1976 4341 genti-

403 4361 541 4424 bus,
571 4359 785 4430 Syriam
818 4363 1016 4416 missus
1043 4371 1146 4416 est.
1179 4361 1460 4428 Quomodo
1489 4371 1644 4426 tunc,
1675 4361 1974 4430 imperante

401 4451 646 4520 Augusto
670 4459 725 4505 et
752 4450 985 4521 Cyrenio
1007 4452 1353 4520 praesidente,
1379 4451 1529 4506 ibant
1550 4465 1738 4504 omnes
1764 4459 1824 4504 ut
1850 4464 1974 4503 cen-

404 4556 524 4596 sum
552 4542 960 4610 proﬁterentur,
991 4542 1187 4610 singuli
1220 4541 1271 4594 in
1301 4557 1450 4594 suam
1479 4541 1755 4594 civitatem
1775 4580 1790 4604 ,
1818 4540 1890 4594 ita
1919 4548 1973 4595 et

401 4647 547 4686 nunc
572 4633 868 4701 imperante
893 4647 988 4700 per
1016 4631 1270 4686 Ecclesiae
1313 4631 1598 4699 praesides,
1631 4629 1684 4683 id
1724 4638 1837 4693 est,
1878 4631 1971 4684 (ἰοί

401 4728 612 4785 ctores,
641 4720 750 4774 imo
790 4720 1048 4774 suadente
1075 4728 1129 4773 et
1158 4719 1377 4786 pnemia
1405 4717 1690 4786 pollicente
1718 4717 1934 4772 Christo
1952 4759 1966 4782 ,

399 4825 588 4865 eamus
627 4824 843 4874 omnes,
891 4809 1068 4863 nullus
1105 4808 1409 4877 excipiatur
1449 4823 1479 4860 a
1519 4823 1681 4862 censu
1706 4807 1963 4877 justitite,

401 4902 684 4956 veniamus
711 4902 778 4956 ad
805 4916 929 4956 eum
958 4899 1049 4969 qui
1087 4899 1393 4953 laboramus
1417 4905 1470 4952 et
1498 4899 1707 4953 onerati
1749 4915 1966 4965 sumus,

398 5003 452 5048 et
481 4995 597 5064 ipse
625 4993 832 5048 reﬁciet
860 5007 978 5047 nos.
1013 4991 1286 5046 Tollamus
1303 4990 1488 5060 jugum
1517 4989 1634 5059 ejus
1660 5006 1821 5061 super
1846 5007 1964 5057 nos,

396 5094 452 5140 et
481 5084 752 5140 discamus
778 5084 845 5138 ab
883 5093 949 5138 eo
981 5082 1104 5152 quia
1146 5082 1291 5136 mitis
1321 5090 1405 5136 est
1430 5091 1484 5137 et
1513 5083 1730 5137 humilis
1767 5083 1962 5149 corde,

395 5187 453 5231 ct
495 5176 832 5232 inveniemus
869 5176 1108 5245 requiem
1150 5175 1432 5231 animabus
1468 5177 1688 5231 nostris.
1733 5175 1858 5230 llwc
1883 5181 1968 5229 est

394 5268 540 5322 enim
595 5277 781 5322 nostra
829 5268 1023 5324 civitas
1076 5276 1133 5323 et
1180 5269 1390 5338 patria,
1446 5270 1663 5340 requies
1718 5267 1967 5322 videlicet

394 5356 555 5412 beata
581 5365 638 5412 et
663 5357 901 5413 cmlestis
943 5358 1245 5414 animarum
1268 5398 1282 5425 ,
1315 5360 1381 5414 ad
1409 5376 1572 5430 quam
1601 5358 1856 5412 nimirum
1887 5357 1964 5411 ci-

393 5446 619 5502 vitatem
662 5448 812 5516 pacis
852 5457 908 5503 et
943 5449 1140 5518 quietis
1181 5450 1262 5504 ire
1299 5458 1355 5503 et
1390 5451 1580 5505 devote
1623 5448 1734 5516 regi
1774 5457 1962 5500 nostro

392 5534 709 5591 thesaurum
751 5537 984 5604 referre,
1015 5547 1099 5592 est
1125 5538 1494 5594 crescentibus
1522 5535 1763 5605 quotidie
1791 5536 1962 5589 virtu-

393 5628 467 5681 tis
514 5642 579 5682 ac
625 5629 746 5683 ﬁdei
795 5630 1126 5700 profectibus
1176 5644 1422 5699 superum
1464 5627 1627 5689 lucis,
1672 5641 1792 5694 qua:
1836 5635 1961 5680 sunt

400 5719 594 5788 gaudia
624 5729 822 5776 aeterna
890 5721 1188 5791 speculari,
1219 5729 1271 5772 et
1312 5734 1407 5787 pro
1449 5718 1532 5772 his
1575 5715 1956 5785 acquirendis,

2099 560 2184 615 his
2213 559 2492 629 acquisitis
2510 599 2524 624 ,
2553 559 2838 614 mundatos
2862 575 2960 614 nos
2983 560 3053 614 ab
3079 561 3228 614 omni
3255 561 3670 631 inquinamento

2098 649 2306 714 carnis,
2355 657 2412 703 et
2468 648 2726 717 spiritus,
2775 648 3067 718 pretiosius
3123 663 3256 705 auro
3313 650 3424 705 Deo
3472 667 3669 707 munus

2097 737 2311 793 offerre.
2345 738 2620 808 Sequitur.

2168 830 2412 884 Ascendit
2455 839 2630 883 autem
2675 838 2724 883 et
2777 828 2972 900 Ioseph
3013 847 3046 883 a
3085 827 3310 884 Galilcea
3353 830 3418 883 de
3463 830 3670 884 civitate

2100 920 2368 975 Nasaretlt
2385 961 2400 987 ,
2428 922 2484 975 in
2511 920 2757 976 Judwam
2785 922 3046 975 civitatem
3072 921 3242 975 David
3261 961 3276 986 ,
3307 939 3424 991 qua:
3453 933 3670 976 vocatur

2097 1010 2392 1078 Bethleem,
2433 1021 2483 1066 et
2527 1011 2747 1082 reliqua.
2788 1011 2908 1083 (Ex
2935 1011 3098 1066 Beda.
3125 1011 3143 1082 )
3175 1011 3372 1082 Joseph
3393 1052 3408 1078 ,
3440 1022 3664 1078 auctus,

2096 1103 2180 1159 vel
2233 1113 2584 1176 augmentum
2637 1103 3047 1173 interpretatur.
3099 1105 3360 1171 Calilaea,
3413 1107 3667 1161 transmi-

2097 1197 2300 1266 gratio,
2334 1195 2673 1261 volubilitas,
2711 1205 2862 1261 rota,
2896 1196 2979 1252 vel
3007 1197 3317 1265 confessio;
3359 1197 3663 1265 Nazaretb,

2095 1290 2222 1356 ﬁos,
2267 1291 2594 1360 virgultum,
2643 1291 2730 1345 vel
2777 1291 3077 1357 munditia;
3129 1290 3316 1346 Judzea
3362 1290 3666 1356 confessio,

2095 1383 2209 1437 sive
2250 1381 2592 1453 gloriﬁcans;
2635 1381 2946 1446 Bethleem,
2985 1381 3179 1436 domus
3215 1381 3406 1450 panis;
3458 1381 3660 1445 David,

2095 1472 2251 1528 fortis
2278 1487 2462 1538 manu,
2497 1473 2580 1527 vel
2605 1471 2982 1527 desiderabilis
3013 1473 3416 1542 interpretatur.
3458 1471 3665 1526 Nomen

2093 1563 2310 1633 quidem
2341 1563 2466 1617 inde
2493 1572 2780 1628 mutuans,
2811 1562 2954 1631 quod
2984 1562 3255 1632 gigantem
3285 1563 3500 1617 fortiter
3527 1571 3668 1616 stra-

2093 1664 2234 1709 vent
2251 1694 2266 1719 ,
2297 1662 2352 1709 et
2377 1653 2602 1725 pulcher
2629 1663 2846 1724 aspectu
2886 1655 3190 1722 decoraque
3221 1653 3358 1708 facie
3387 1651 3570 1708 fuerit.
3599 1651 3666 1706 ll-

2092 1743 2204 1799 lum
2252 1743 2464 1799 scilicet
2506 1743 2575 1798 de
2619 1757 2717 1798 sua
2769 1743 2930 1798 domo
2975 1757 3040 1797 ac
3085 1741 3285 1796 familia
3331 1741 3665 1796 nasciturum

2091 1833 2479 1905 prmﬁgurans,
2516 1833 2610 1902 qui
2647 1832 2996 1903 singulariter
3019 1831 3203 1885 mundi
3239 1830 3538 1900 principem
3575 1830 3668 1884 de-

2091 1924 2353 1990 bellaret,
2382 1925 2650 1994 speciosus
2693 1924 2865 1993 forma
2887 1937 2996 1992 pra:
3020 1921 3145 1990 ﬁliis
3170 1922 3437 1975 hominum
3469 1921 3486 1989 (
3510 1919 3661 1976 Psal.

2091 2012 2266 2085 xuv):
2293 2023 2346 2070 et
2393 2015 2507 2084 ipse
2536 2014 2590 2067 in
2617 2012 2894 2068 Bethleem
2921 2021 3085 2067 natus
3109 2020 3221 2078 est,
3243 2021 3302 2065 ut
3326 2011 3664 2067 intellectua-

2090 2103 2221 2160 lium
2250 2113 2435 2174 pastor
2461 2112 2608 2160 esset
2632 2104 2812 2158 ovium
2830 2143 2843 2168 ,
2873 2103 2974 2158 hoc
2999 2112 3110 2168 est,
3135 2103 3457 2173 simplicium
3485 2111 3665 2158 rector

2091 2195 2416 2250 animarum.

2159 2284 2386 2340 Factum
2413 2293 2488 2340 est
2514 2295 2688 2340 autem
2719 2299 2836 2338 cum
2865 2291 2995 2338 esset
3024 2282 3130 2349 ibi,
3159 2281 3355 2354 impleti
3381 2291 3501 2336 sunt
3527 2283 3659 2348 dies,

2090 2387 2146 2431 ut
2170 2385 2404 2447 pareret,
2432 2385 2479 2430 et
2510 2376 2706 2447 peperit
2734 2375 2904 2443 ﬁlium
2935 2389 3088 2428 suum
3111 2372 3529 2443 primogenitum.
3561 2371 3664 2426 Be-

2090 2484 2190 2533 ne,
2228 2483 2335 2522 non
2375 2467 2551 2522 solum
2578 2476 2800 2536 propter
2840 2466 3097 2522 iudicium
3139 2464 3272 2533 regii
3315 2465 3653 2530 stemmatis,

2089 2556 2183 2612 sed
2211 2565 2434 2628 propter
2459 2557 2694 2611 nominis
2724 2563 3155 2618 sacramentum,
3187 2554 3448 2608 Dominus
3475 2556 3528 2607 in
3557 2555 3658 2608 Be-

2089 2649 2286 2704 thleem
2334 2649 2592 2702 nascitur.
2640 2646 2763 2718 (Ea:
2798 2644 3056 2717 (ἕτερον.)
3104 2645 3382 2700 Bethleem
3428 2659 3662 2713 namque

2089 2739 2280 2794 domus
2321 2737 2476 2807 panis
2521 2737 2930 2806 interpretatur,
2977 2735 3093 2805 ipse
3140 2750 3371 2804 namque
3411 2744 3522 2799 est,
3566 2735 3660 2805 qui
3721 2759 3734 2770 -

2087 2828 2208 2882 ait:
2259 2827 2374 2898 Ego
2420 2842 2538 2881 sum
2581 2826 2732 2896 panis
2781 2827 2956 2890 virus,
3002 2824 3092 2896 qui
3138 2823 3202 2878 de
3249 2823 3374 2877 coelo
3417 2823 3660 2878 descendi

2088 2918 2289 2991 (Joan.
2316 2917 2435 2982 vr).
2465 2917 2660 2973 .Locus
2705 2931 2862 2986 ergo,
2910 2915 2966 2970 in
3011 2931 3118 2984 quo
3161 2914 3420 2970 Dominus
3464 2927 3657 2969 nasce-

2086 3023 2258 3080 retur,
2305 3013 2497 3069 domus
2544 3013 2700 3082 panis
2744 3020 2870 3066 ante
2911 3019 3134 3066 vocatus
3180 3019 3298 3074 est,
3335 3011 3460 3080 quia
3512 3009 3657 3064 futu—

2086 3121 2206 3161 rum
2235 3113 2353 3159 erat
2379 3112 2439 3157 ut
2464 3103 2553 3157 ille
2581 3116 2678 3170 per
2702 3100 2984 3154 materiam
3011 3099 3191 3154 carnis
3217 3108 3532 3168 appareret,
3561 3100 3655 3170 qui

2083 3195 2379 3250 electorum
2415 3199 2627 3246 mentes
2667 3191 2874 3245 interna
2918 3190 3168 3246 satietate
3207 3190 3475 3246 reﬁceret.
3528 3191 3654 3262 (Ea:

2085 3281 2293 3353 Beda.)
2335 3281 2443 3337 Sed
2485 3288 2541 3336 et
2580 3294 2752 3350 usque
2792 3279 2953 3334 hodie
2987 3286 3043 3333 et
3078 3294 3249 3349 usque
3292 3279 3361 3334 ad
3403 3294 3656 3335 consum-

2083 3375 2376 3429 mationem
2430 3370 2614 3428 saeculi
2652 3371 2910 3425 Dominus
2950 3369 3005 3424 in
3045 3369 3309 3424 Nazareth
3351 3370 3559 3440 concipi
3599 3378 3655 3426 et

2082 3465 2138 3520 in
2157 3463 2436 3520 Bethleem
2463 3463 2612 3519 nasci
2641 3478 2748 3519 non
2779 3463 3008 3528 desinit,
3036 3478 3157 3518 eum
3183 3462 3409 3532 quilibet
3434 3463 3655 3518 audien-

2083 3555 2217 3610 tium
2238 3595 2254 3620 ,
2281 3553 2433 3609 verbi
2470 3552 2600 3609 ﬁore
2629 3561 2910 3623 suscepto,
2941 3552 3161 3608 domum
3193 3567 3252 3607 se
3280 3551 3466 3606 aeterni
3495 3553 3653 3621 panis

2079 3647 2263 3703 eﬁicit.
2311 3645 2564 3714 Quotidie
2628 3648 2683 3702 in
2728 3656 2884 3703 utero
2939 3647 3221 3718 virginali,
3272 3647 3374 3703 hoc
3429 3655 3542 3712 est,
3594 3646 3650 3700 in

2079 3737 2260 3792 animo
2305 3736 2642 3792 credentium
2685 3751 2784 3806 per
2829 3735 2991 3792 ﬁdem
3037 3737 3356 3806 concipitur,
3404 3752 3501 3804 per
3541 3735 3646 3791 Ba-

2077 3827 2275 3897 ptisma
2330 3826 2589 3896 gignitur.
2648 3825 2897 3892 Quotidie
2945 3825 3174 3894 genitrix
3230 3825 3323 3879 Dei
3372 3824 3646 3890 Ecclesia,

2077 3929 2234 3970 suum
2263 3913 2520 3969 comitata
2545 3923 2852 3979 auctorem,
2882 3913 2948 3968 de
2976 3921 3094 3968 rota
3122 3912 3404 3967 mundanae
3426 3927 3650 3968 conver-

2076 4004 2334 4069 sationis,
2387 4003 2531 4074 quod
2573 4002 2792 4058 Galilaaa
2841 4011 3024 4066 sonat,
3067 4002 3122 4056 in
3161 4001 3438 4056 civitatem
3473 4000 3643 4066 Juda,

2077 4093 2432 4150 confessionis
2483 4093 2732 4148 videlicet
2777 4100 2834 4148 et
2876 4091 3088 4156 laudis,
3142 4091 3468 4157 ascendens,
3515 4106 3644 4146 cen-

2076 4201 2197 4242 sum
2246 4200 2359 4241 sua:
2409 4184 2710 4240 devotionis
2756 4192 2958 4239 aeterno
3001 4182 3134 4252 Regi
3179 4181 3455 4252 persolvit.
3514 4182 3645 4248 Quae

2076 4274 2130 4328 in
2172 4272 2477 4343 exemplum
2519 4275 2692 4328 beata:
2735 4288 2950 4342 semper
2988 4271 3214 4341 virginis
3256 4271 3438 4326 Mariae
3478 4280 3642 4341 nupta

2075 4367 2236 4422 simul
2261 4375 2316 4421 et
2341 4366 2685 4421 immaculata
2715 4365 2950 4434 concipit
2988 4379 3086 4419 nos
3120 4364 3273 4434 virgo
3301 4364 3367 4418 de
3406 4363 3598 4432 spiritu
3619 4404 3634 4428 ,

2076 4458 2217 4528 parit
2249 4473 2350 4513 nos
2389 4457 2540 4528 virgo
2577 4456 2694 4510 sine
2729 4455 2961 4526 gemitu,
3002 4461 3059 4508 et
3097 4453 3248 4522 quasi
3288 4452 3380 4506 alii
3423 4451 3639 4522 quidem

2078 4550 2399 4620 desponsata
2419 4590 2433 4616 ,
2463 4549 2557 4603 sed
2583 4547 2650 4601 ab
2679 4546 2784 4600 alio
2821 4545 3103 4600 fecundata
3121 4584 3136 4609 ,
3167 4560 3262 4613 per
3292 4543 3530 4614 singulas
3557 4543 3642 4598 sui

2077 4648 2290 4709 partes,
2337 4653 2457 4708 qua:
2497 4652 2660 4692 unam
2700 4634 3032 4690 Catholicam
3077 4631 3314 4694 faciunt,
3350 4630 3642 4700 praeposito

2075 4732 2179 4786 sibi
2207 4730 2450 4801 pontiﬁci
2500 4727 2788 4782 visibiliter
2811 4725 3072 4796 jungitur,
3107 4725 3200 4779 sed
3229 4722 3482 4778 invisibili
3513 4721 3639 4790 Spi-

2076 4821 2212 4876 ritus
2240 4819 2410 4874 sancti
2437 4817 2637 4870 virtute
2665 4814 2985 4868 cumulatur.
3020 4812 3172 4870 Unde
3197 4821 3252 4867 et
3279 4813 3416 4866 bene
3440 4808 3640 4879 Joseph

2075 4918 2266 4965 auctus
2311 4909 2720 4975 interpretatur,
2765 4903 3010 4959 indicans
3052 4901 3306 4957 nimirum
3344 4901 3448 4955 hoc
3481 4913 3642 4954 voca-

2067 4999 2224 5062 bulo,
2258 4996 2402 5067 quod
2433 4994 2691 5049 instantia
2721 4993 2962 5064 magistri
2991 4992 3259 5061 loquentis
3284 4991 3359 5044 nil
3385 4989 3559 5055 valet,
3591 4987 3639 5042 si

2067 5101 2173 5142 non
2195 5090 2540 5153 augmentum
2569 5082 2784 5151 superni
2809 5081 3130 5151 juvaminis,
3160 5088 3220 5134 ut
3247 5079 3517 5144 audiatur,
3546 5092 3640 5132 ac-

2068 5170 2460 5241 ceperit.Quod
2484 5177 2663 5223 autem
2695 5170 2860 5224 ﬁlium
2884 5184 3040 5224 suum
3068 5167 3483 5238 primogenitum
3522 5165 3635 5220 Ma-

2068 5265 2148 5318 ria
2174 5261 2449 5332 peperisse
2477 5259 2822 5325 describitur,
2853 5275 2958 5314 non
2985 5257 3142 5326 juxta
3178 5257 3519 5312 Helvidianos
3548 5270 3639 5311 ac-

2067 5349 2373 5421 cipiendum
2403 5358 2519 5414 est,
2548 5349 2685 5403 alios
2709 5363 2924 5418 quoque
2960 5347 3099 5403 ﬁlios
3133 5362 3252 5402 eam
3289 5359 3632 5416 procreasse,

2065 5441 2218 5511 quasi
2271 5450 2502 5509 nequeat
2535 5439 2934 5509 primogenitus
2981 5437 3116 5499 dici,
3156 5437 3258 5491 nisi
3311 5437 3402 5506 qui
3439 5437 3637 5491 habeat

2066 5534 2290 5596 fratres,
2319 5534 2458 5588 sicut
2494 5549 2600 5586 non
2639 5532 2947 5601 unigenitus
2992 5532 3093 5586 nisi
3132 5533 3223 5601 qui
3268 5539 3418 5586 caret
3455 5529 3636 5584 fratri-

2065 5626 2195 5688 bus,
2235 5624 2370 5679 solet
2405 5624 2678 5693 appellari.
2717 5622 2851 5689 Quia
2887 5632 2942 5677 et
2981 5623 3346 5678 testimonium
3384 5621 3550 5692 legis,
3579 5628 3637 5674 et

2065 5715 2352 5771 manifesta
2391 5713 2538 5798 ratiq
2565 5713 2834 5779 declarat,
2872 5730 3057 5771 omnes
3093 5713 3429 5784 urﬁgenitos,
3467 5713 3634 5768 etiam
