3946 6418
243 359 315 415 25
1048 357 1561 416 COLLECTIONES
1597 358 1664 416 lN
1704 354 2085 417 EPISTOLAS
2124 361 2213 416 ET
2250 362 2663 422 EVANGELIA.
3420 365 3490 424 26

245 468 655 542 primogenitos,
684 483 790 523 non
820 475 1001 523 autem
1025 483 1215 524 omnes
1240 469 1631 539 primogenitos
1656 469 1819 524 etiam
1846 469 1902 530 Α
1923 485 2168 540 magnum
2186 510 2201 536 ,
2238 473 2377 542 quod
2413 475 2509 527 erit
2546 474 2687 529 omni
2721 475 2932 546 populo.
2975 476 3096 548 (Ex
3127 475 3289 531 Beda.
3317 475 3336 548 )
3376 475 3496 530 Non

246 557 558 629 unigenitos
593 555 753 629 posse
788 557 1005 624 vocari,
1044 558 1148 613 hoc
1192 565 1308 625 est,
1344 574 1452 613 non
1489 558 1663 613 solum
1704 573 1825 615 esse

248 648 704 721 primogenitum,
750 654 875 717 post
917 662 1078 717 quem
1122 646 1252 712 alii,
1301 648 1396 703 sed
1438 662 1653 703 omnem
1699 655 1827 703 ante

250 752 412 806 quem
439 736 618 793 nullus
647 752 677 792 e
701 736 861 791 vulva
896 737 1244 806 processerit.
1282 734 1379 792 Est
1414 751 1544 807 ergo
1576 737 1826 812 Christus

249 824 406 881 Jesus
440 826 748 897 unigenitus
784 826 839 881 in
875 826 1178 882 substantia
1208 826 1464 894 Deitatis,
1491 826 1822 897 primogeni-

252 926 341 971 tus
387 916 443 971 in
490 917 832 988 susceptione
880 915 1273 985 humanitatis;
1324 918 1720 991 primogenitus
1768 917 1823 973 in

253 1009 426 1080 gratia
444 1049 459 1074 ,
485 1008 795 1080 unigenitus
822 1009 877 1063 in
906 1016 1123 1064 natura.

322 1102 392 1156 Et
427 1103 617 1174 pannis
658 1119 774 1157 eum
821 1101 1031 1158 involvit
1068 1110 1117 1158 et
1160 1103 1429 1159 reclinavit
1454 1105 1509 1160 in
1535 1105 1819 1177 prtesepio,

250 1196 375 1264 quia
422 1212 527 1250 non
571 1205 682 1249 erat
727 1197 776 1250 ei
817 1195 963 1252 locus
1003 1197 1058 1251 in
1100 1197 1408 1253 diversorio.
1457 1198 1576 1272 (Ex
1617 1199 1821 1271 Beda.)

252 1284 390 1352 Quid
416 1286 710 1340 retribuam
741 1286 965 1342 Domino
998 1302 1098 1356 pro
1127 1288 1378 1344 omnibus
1412 1305 1534 1359 quae
1570 1289 1824 1346 retribuit

254 1373 403 1427 mihi.
453 1373 556 1441 Qui
603 1384 775 1429 totum
830 1376 1087 1431 mundum
1135 1378 1297 1432 vestit
1340 1386 1534 1433 ornatu
1558 1418 1574 1445 ,
1628 1379 1823 1448 pannis

250 1463 451 1519 vilibus
485 1464 801 1531 involvitur,
844 1474 907 1521 ut
940 1482 1040 1520 nos
1076 1465 1270 1522 stolam
1305 1467 1538 1536 primam
1578 1468 1822 1538 recipere

252 1556 549 1611 valeamus.
580 1555 691 1621 Per
724 1572 883 1633 quem
918 1556 1099 1612 omnia
1134 1557 1277 1613 facta
1314 1568 1469 1625 sunt,
1500 1576 1695 1616 manus
1729 1577 1823 1632 pe-

252 1645 455 1716 desque
499 1647 653 1702 cunis
694 1647 1030 1718 astringitur,
1057 1655 1117 1702 ut
1142 1658 1343 1707 nostra:
1369 1664 1564 1705 manus
1590 1650 1659 1706 ad
1687 1665 1822 1720 opus

251 1738 449 1793 bonum
482 1746 711 1803 exerte,
751 1740 923 1795 nostri
961 1740 1070 1795 sint
1095 1740 1270 1811 pedes
1306 1740 1363 1795 in
1390 1740 1532 1795 viam
1560 1741 1710 1812 pacis
1738 1742 1821 1798 di-

1926 562 2072 614 omni
2110 560 2307 629 populo
2342 561 2684 630 Iudaeorum,
2725 581 2953 635 quorum
3001 565 3218 636 plurimi
3267 566 3502 622 rebelles

1925 653 2213 720 exstitere,
2243 655 2339 709 scd
2368 656 2515 711 omni
2542 655 2780 714 ﬁdelium
2808 659 3038 730 populo,
3069 659 3136 715 de
3161 660 3372 722 cunctis
3398 659 3498 714 tri-

1925 741 2128 809 bubus,
2159 745 2440 815 gentibus,
2471 753 2529 801 et
2555 746 2773 820 linguis,
2803 748 2859 804 in
2887 765 3053 805 unam
3081 748 3280 806 Christi
3306 750 3495 806 Eccle-

1926 829 2063 886 slam
2111 844 2437 908 congregato
2458 876 2474 902 ,
2511 844 2772 894 aeternum
2810 840 3063 909 gaudium
3101 841 3502 913 evangelizatur

1924 926 1982 973 et
2008 935 2285 992 magnum.

2000 1007 2139 1075 Quia
2178 1021 2333 1068 natus
2362 1023 2439 1068 est
2466 1015 2613 1071 nobis
2638 1017 2793 1072 hodie
2823 1017 3089 1087 Salvator,
3116 1020 3207 1092 qui
3235 1029 3311 1076 est
3341 1020 3501 1076 Chri-

1924 1107 2036 1154 stus
2060 1099 2319 1158 Dominus
2335 1145 2350 1169 ,
2377 1105 2432 1160 in
2458 1107 2666 1162 civitate
2691 1107 2882 1164 David.
2908 1108 3010 1166 Ubi
3037 1110 3330 1167 notandum
3357 1114 3504 1183 quod

1925 1192 2147 1263 angelus
2176 1196 2268 1265 qui
2300 1196 2354 1251 in
2385 1198 2561 1253 noctis
2587 1200 2772 1270 utique
2793 1200 2994 1273 vigiliis
3015 1210 3259 1274 pastores
3285 1203 3501 1271 affatur,

1925 1296 2031 1336 non
2058 1282 2135 1337 ait
2167 1302 2180 1339 :
2213 1283 2327 1340 Hac
2355 1296 2542 1353 nocte,
2574 1289 2667 1345 sed
2686 1331 2701 1356 ,
2729 1291 2885 1346 hodie
2915 1302 3068 1349 natus
3100 1304 3175 1349 est
3205 1295 3347 1351 vobis
3379 1295 3505 1352 Sal-

1924 1377 2092 1423 vator.
2124 1368 2241 1426 Non
2272 1373 2437 1429 aliam
2465 1376 2673 1433 scilicet
2697 1379 2766 1433 ob
2792 1394 3013 1435 causam
3032 1421 3048 1446 ,
3080 1381 3187 1437 nisi
3218 1385 3344 1453 quia
3373 1400 3504 1455 gau-

1924 1457 2073 1514 dium
2111 1477 2366 1534 magnum
2399 1467 2772 1538 evangelizare
2800 1470 3069 1526 veniebat.
3108 1471 3240 1528 Nam
3277 1475 3370 1529 ubi
3402 1476 3501 1530 tri—

1924 1549 2072 1604 stitia
2102 1552 2456 1624 signiﬁcatur,
2492 1558 2565 1612 ibi
2596 1574 2737 1629 sa-pe
2764 1576 2868 1615 nox
2913 1561 3241 1634 adjungitur,
3280 1565 3364 1619 vel
3401 1581 3501 1620 no-

1924 1639 2184 1708 minatur,
2208 1652 2269 1699 ut
2292 1645 2456 1703 illud:
2487 1646 2682 1705 Omnes
2709 1668 2798 1706 vos
2821 1652 3130 1707 scandalum
3152 1655 3420 1727 patiemini
3448 1657 3506 1711 in

1924 1747 2005 1786 me
2033 1732 2088 1787 in
2114 1733 2215 1789 ista
2242 1747 2391 1793 nocte
2420 1737 2440 1811 (
2464 1738 2656 1795 Matth.
2689 1740 2876 1816 xxvr).
2904 1743 3091 1814 Neque
3118 1747 3262 1802 enim
3301 1745 3504 1803 frustra

253 1828 410 1882 recti.
440 1826 607 1900 Cujus
641 1828 837 1885 ccelum
874 1830 1031 1886 sedes
1064 1837 1178 1895 est,
1206 1830 1329 1886 duri
1365 1831 1622 1902 praesepis
1655 1847 1823 1902 angu-
1849 1812 1898 1873 Β
1926 1824 2149 1895 angelus
2189 1833 2336 1886 tanto
2376 1829 2581 1887 lumine
2620 1812 2844 1890 cinctus
2870 1812 3149 1906 apparuit,
3183 1846 3244 1893 ut
3283 1838 3505 1897 claritas

251 1918 357 1972 stia
402 1919 681 1985 continet,
731 1928 793 1975 ut
845 1936 946 1976 nos
990 1937 1088 1992 per
1133 1921 1372 1978 caelestis
1425 1922 1576 1994 regni
1625 1922 1822 1994 gaudia

250 2006 461 2063 dilatet.
493 2008 595 2077 Qui
620 2010 774 2081 panis
802 2019 889 2066 est
914 2011 1227 2083 angelorum
1245 2051 1261 2077 ,
1290 2012 1344 2066 in
1374 2011 1639 2082 praesepio
1666 2011 1823 2066 recli-

252 2106 431 2164 natur,
462 2109 521 2153 ut
549 2116 649 2156 nos
675 2101 827 2170 quasi
858 2111 1045 2157 sancta
1074 2102 1330 2159 animalia
1357 2102 1542 2159 carnis
1568 2117 1680 2157 suae
1708 2102 1823 2157 fru-

250 2196 433 2243 mento
461 2190 686 2245 reﬁciat.
718 2190 819 2258 Qui
848 2191 917 2246 ad
945 2192 1189 2248 dextram
1217 2192 1391 2263 patris
1416 2192 1604 2258 sedet,
1643 2192 1699 2246 in
1735 2193 1821 2249 di-

251 2279 493 2335 versorio
540 2279 657 2336 loco
706 2289 858 2352 eget,
905 2290 964 2338 ut
1009 2283 1165 2339 nobis
1212 2284 1268 2338 in
1316 2283 1475 2341 domo
1518 2284 1698 2341 Patris
1738 2285 1823 2341 sui

252 2366 447 2424 multas
483 2370 789 2426 mansiones
821 2382 1171 2444 praepararet.
1213 2372 1474 2441 Quamvis
1514 2373 1648 2443 hoc,
1678 2375 1824 2445 quod

252 2475 360 2514 non
391 2461 443 2514 in
468 2472 752 2533 parentum
782 2465 971 2531 domo,
1002 2466 1097 2523 sed
1124 2468 1175 2522 in
1215 2467 1514 2524 diversorio
1552 2477 1609 2525 et
1643 2469 1699 2525 in
1734 2470 1823 2525 via

249 2551 510 2616 nascitur,
547 2567 643 2622 per
678 2551 1127 2624 signiﬁcationem
1163 2556 1387 2629 intelligi
1424 2557 1586 2615 altius
1622 2567 1819 2630 potest.

250 2641 370 2714 Ipse
394 2659 628 2713 namque
655 2645 732 2699 ait
759 2664 775 2699 :
804 2645 917 2718 Ego
945 2664 1062 2702 sum
1090 2649 1192 2715 via,
1208 2657 1399 2704 veritas
1426 2659 1475 2705 et
1501 2651 1608 2706 vita
1638 2649 1820 2724 (Joan.

252 2735 418 2806 xiv),
450 2736 541 2805 qui
579 2752 708 2808 ergo
745 2753 841 2807 per
878 2739 1175 2813 divinitatis
1212 2744 1505 2801 essentiam
1531 2745 1733 2801 veritas
1766 2754 1824 2801 et

252 2826 364 2879 vita
418 2836 724 2896 permanet,
785 2844 882 2899 per
927 2830 1317 2890 incarnationis
1365 2836 1686 2907 mysterium
1734 2838 1823 2893 via

252 2916 427 2974 factus
452 2926 563 2986 est,
594 2935 697 2989 qua
730 2935 829 2975 nos
869 2923 934 2978 ad
962 2924 1223 2993 patriam,
1252 2925 1344 2981 ubi
1372 2927 1603 2983 veritate
1628 2935 1684 2984 et
1711 2928 1824 2986 vita

254 3005 575 3076 frueremur,
606 3011 914 3068 adduceret.

323 3097 394 3153 Et
435 3110 666 3171 pastores
706 3114 854 3157 erant
881 3105 938 3160 in
970 3107 1178 3178 regione
1218 3109 1401 3164 eadem
1440 3111 1745 3182 vigilantes,
1772 3121 1820 3168 et

253 3160 597 3247 custodientes
624 3192 824 3264 vigilias
852 3160 1211 3268 noctisvsuperx
1228 3216 1432 3270 gregem
1460 3160 1634 3257 suum.
1665 3201 1821 3270 Quod
1846 3160 1896 3226 α

253 3282 476 3354 vigilant
502 3284 685 3356 itaque
712 3293 841 3341 nato
868 3286 1097 3345 Domino
1120 3298 1369 3360 pastores
1397 3306 1560 3363 supra
1597 3309 1820 3370 gregem

252 3372 432 3428 ovium
460 3389 677 3430 suarum
698 3416 711 3441 ,
741 3376 1051 3447 signiﬁcant
1085 3395 1212 3447 eos,
1257 3397 1382 3437 cum
1419 3383 1824 3455 dispensatione

254 3464 570 3533 manifesta,
609 3466 923 3539 vigilaturos
956 3470 1013 3526 in
1048 3468 1291 3528 Ecclesia
1331 3480 1582 3545 pastores
1615 3477 1824 3531 anima-

254 3567 374 3607 rum
402 3564 706 3624 castarum,
743 3558 939 3628 quibus
979 3560 1190 3616 dicatur
1213 3580 1226 3617 :
1253 3561 1496 3633 Pascite,
1523 3566 1614 3637 qui
1652 3565 1706 3622 in
1735 3582 1823 3622 vo-

253 3641 330 3698 bis
357 3653 461 3709 est,
492 3662 694 3719 gregem
724 3648 819 3704 Dei
849 3648 922 3721 (1
949 3649 1093 3706 Petr.
1122 3668 1155 3706 v
1176 3652 1217 3725 ).

322 3736 393 3792 Et
422 3756 537 3794 ecce
570 3741 785 3813 angelus
826 3743 1038 3800 Domini
1065 3747 1206 3801 stetit
1240 3747 1404 3818 juxta
1432 3748 1584 3816 illos,
1613 3758 1662 3807 et
1705 3750 1821 3809 cla-

253 3826 384 3882 ritas
413 3827 510 3883 Dei
539 3830 885 3901 circumfutsit
912 3833 1051 3890 illos.
1081 3834 1202 3908 (Ex
1228 3835 1391 3908 Greg.
1415 3836 1436 3909 )
1462 3839 1607 3895 Bene
1638 3849 1822 3897 autem

253 3918 596 3989 vigilantibus
623 3924 959 3992 pastoribus,
988 3927 1212 3997 angelus
1231 3937 1473 3999 apparet,
1497 3945 1700 4001 eosque
1723 3932 1822 3987 Dei

252 4007 470 4065 claritas
511 4011 915 4086 circumfulget,
961 4017 1088 4088 quia
1130 4018 1207 4073 illi
1240 4035 1351 4091 pra:
1388 4022 1601 4077 caeteris
1639 4022 1825 4078 videre

253 4097 504 4153 sublimia
543 4110 837 4170 merentur,
883 4105 975 4176 qui
1014 4106 1264 4163 ﬁdelibus
1303 4108 1560 4180 gregibus
1586 4125 1823 4180 prmesse

254 4188 487 4245 sollicite
527 4192 721 4247 sciunt.
762 4194 1008 4266 Dumque
1044 4196 1148 4268 ipsi
1183 4197 1272 4267 pie
1313 4213 1475 4268 super
1499 4213 1715 4270 gregem
1744 4199 1825 4255 vi-

253 4278 459 4348 gilant,
504 4280 681 4337 divina
726 4300 887 4354 super
935 4302 1030 4343 eos
1075 4288 1247 4358 gratia
1290 4287 1493 4358 largius
1549 4297 1820 4345 coruscat.

254 4366 510 4441 (Ambr.)
541 4370 729 4428 Videte
751 4372 1006 4430 Ecclesiae
1031 4376 1300 4447 surgentis
1324 4378 1608 4433 exordium
1626 4419 1641 4444 ,
1672 4379 1825 4435 Chri-

252 4464 373 4512 stus
395 4460 651 4527 nascitur,
673 4472 727 4516 et
749 4473 993 4532 pastores
1015 4466 1239 4537 vigilare
1260 4478 1541 4537 coeperunt
1557 4511 1573 4537 ,
1599 4480 1654 4526 et
1684 4471 1821 4527 bene

251 4552 500 4616 pastores
526 4549 744 4620 vigilant
784 4568 920 4623 quos
954 4554 1129 4611 bonus
1155 4566 1342 4627 pastor
1367 4559 1645 4616 informat.
1674 4559 1820 4617 Grex

251 4636 439 4709 igitur,
483 4642 725 4711 populus.
768 4643 919 4712 Nox,
965 4647 1238 4703 saeculum.
1279 4648 1537 4706 Pastores
1573 4662 1699 4706 sunt
1736 4668 1822 4709 sa-

253 4729 530 4798 cerdotes,
558 4742 649 4787 aut
676 4734 902 4793 fortasse
946 4738 1033 4795 ille
1080 4741 1151 4795 sit
1191 4751 1400 4812 pastor,
1445 4744 1531 4798 cui
1581 4745 1819 4803 dicitur:

250 4814 383 4873 Esto
411 4820 638 4890 vigilans
663 4833 719 4878 et
750 4825 1010 4883 conﬁrma
1050 4838 1305 4895 caeteros,
1338 4832 1465 4900 quia
1504 4848 1610 4887 non
1647 4834 1822 4890 solum

250 4912 562 4981 episcopos,
615 4914 708 4969 sed
753 4917 916 4971 etiam
965 4920 1186 4991 angelos
1224 4921 1532 4978 destinavit.
1579 4926 1822 4995 Angelus

250 4998 471 5057 Mariam
489 5046 503 5067 ,
536 5007 757 5075 angelus
779 5007 978 5079 Ioseph
999 5051 1014 5076 ,
1044 5011 1269 5083 angelus
1293 5024 1540 5083 pastores
1569 5016 1817 5086 instruit,

248 5097 304 5143 et
350 5093 794 5163 concipiendum,
844 5106 898 5151 et
934 5109 1287 5170 conceptum,
1329 5111 1386 5159 et
1434 5114 1652 5171 natum,
1691 5108 1820 5164 caeli

246 5179 395 5236 cives
440 5180 607 5237 Deum
656 5192 940 5256 testantur,
981 5198 1042 5244 ut
1087 5198 1144 5246 et
1187 5194 1444 5251 mortales
1486 5195 1822 5255 sufﬁcienter

245 5268 532 5341 imbuant,
586 5285 642 5332 et
691 5293 846 5333 suum
898 5283 1111 5339 auctori
1150 5285 1431 5349 servitium
1479 5287 1819 5346 incessanter

246 5363 580 5436 impendant.
619 5368 753 5425 Nam
784 5381 838 5428 et
865 5374 918 5428 in
947 5377 1301 5445 sequentibus
1339 5386 1580 5448 tentato,
1618 5398 1814 5452 passu-

242 5468 339 5521 ro,
388 5460 663 5528 surgenti,
708 5472 871 5533 atque
912 5464 979 5522 ad
1020 5467 1189 5524 ctelos
1226 5470 1571 5540 ascendenti,
1604 5480 1817 5547 semper

243 5545 431 5601 adesse
458 5550 831 5617 perhibentur.
860 5552 863 5555 ’

311 5633 383 5689 Et
411 5636 697 5694 timuerunt
726 5643 912 5698 timore
941 5661 1150 5716 magno,
1182 5656 1230 5701 et
1265 5649 1399 5704 dixit
1427 5650 1533 5707 illis
1560 5654 1814 5739 gngelus:

249 5725 428 5784 Nolite
464 5731 673 5796 timere,
712 5750 825 5790 ecce
860 5738 998 5791 enim
1036 5739 1332 5809 evangelise
1380 5743 1520 5799 vobis
1561 5725 1814 5817 gaudium

1923 1910 2019 1967 Dei
2050 1921 2301 1983 pastores
2326 1918 2773 1989 circumfulsisse,
2800 1925 2904 1980 hoc
2932 1933 3050 1993 est,
3083 1943 3150 1982 ex
3178 1929 3323 1982 omni
3348 1937 3504 1999 parte

1925 2002 2140 2061 illorum
2170 2008 2351 2064 radios
2375 2009 2594 2067 luminis
2617 2015 2916 2084 aspersisse
2941 2017 3176 2084 dicatur,
3200 2020 3341 2089 quod
3368 2036 3505 2075 nun-

1923 2108 2087 2165 quam
2116 2096 2171 2151 in
2200 2104 2314 2154 tota
2343 2099 2674 2158 Testamenti
2704 2103 2913 2160 Veteris
2955 2107 3124 2174 serie,
3155 2109 3319 2165 toties
3345 2124 3505 2182 ange-

1923 2182 1992 2239 lis
2030 2188 2453 2256 apparentibus,
2485 2192 2816 2264 adiungitur.
2859 2194 2968 2251 Sed
3010 2199 3236 2270 mystice
3274 2215 3505 2270 praemo-

1923 2275 2069 2340 nuit,
2103 2278 2247 2346 quod
2278 2290 2465 2351 aperte
2490 2293 2679 2352 postea
2707 2287 2915 2342 monuit
2938 2287 3249 2359 Apostolus,
3280 2290 3494 2347 dicens:

1925 2364 2053 2421 Non:
2075 2373 2372 2440 pracessit,
2410 2372 2521 2427 dies
2561 2384 2735 2429 autem
2780 2380 3233 2451 appropinquavit.
3260 2381 3497 2453 Abjicia-

1922 2474 2040 2514 mus
2072 2476 2193 2532 ergo
2223 2479 2381 2533 opera
2409 2465 2736 2521 tenebrarum
2766 2476 2814 2523 et
2844 2469 3129 2526 induamur
3157 2490 3306 2528 arma
3333 2473 3466 2530 lucis
3486 2516 3501 2543 ,

1922 2551 2060 2605 sicut
2089 2553 2145 2607 in
2168 2554 2253 2608 die
2279 2555 2492 2612 honeste
2518 2558 2862 2616 ambulemus.

1993 2663 2065 2719 Et
2094 2666 2191 2722 hoc
2232 2668 2373 2723 vobis
2412 2670 2618 2742 signum
2644 2685 2663 2724 :
2694 2670 2975 2730 Invenietis
3016 2675 3272 2747 infantem
3311 2674 3511 2749 pannis

1923 2755 2247 2826 involutum,
2293 2768 2399 2817 etc.
2453 2761 2570 2832 (Ex
2629 2762 2837 2837 Beda.)
2888 2765 3194 2824 Notandum
3242 2770 3498 2827 solertius

1923 2850 2067 2919 quod
2115 2851 2331 2922 signum
2371 2853 2485 2908 nati
2534 2852 2832 2912 Salvatoris
2871 2857 3049 2922 datur,
3093 2859 3353 2916 infantem
3397 2877 3504 2918 non

1924 2938 2089 3009 Tyrio
2140 2952 2428 3012 exceptum
2480 2953 2630 3001 ostro
2658 2985 2675 3010 ,
2729 2947 2825 3002 sed
2878 2949 3072 3019 pannis
3131 2950 3510 3020 squalentibus

1923 3029 2266 3087 involutum:
2298 3050 2406 3090 non
2449 3036 2506 3091 in
2547 3037 2757 3093 ornatis
2804 3054 2939 3094 auro
2981 3042 3277 3107 stratoriis,
3316 3042 3410 3098 sed
3450 3042 3508 3098 in

1923 3122 2255 3192 praesepibus
2279 3123 2690 3191 inveniendum,
2720 3126 2825 3182 hoc
2852 3128 2969 3194 est,
3002 3143 3109 3183 non
3155 3138 3364 3184 tantum
3402 3132 3506 3186 hu-

1925 3213 2173 3269 militatis
2201 3229 2326 3269 eum
2356 3223 2411 3271 et
2438 3215 2812 3283 mortalitatis,
2843 3216 2937 3273 sed
2961 3226 3016 3273 et
3038 3221 3376 3290 paupertatis
3398 3222 3500 3277 ha—

1921 3308 2094 3362 bitum
2130 3307 2430 3378 suscepisse
2466 3322 2567 3379 pro
2605 3307 2792 3375 nobis,
2830 3309 2957 3379 quia
2993 3325 3119 3365 cum
3148 3310 3301 3366 dives
3324 3321 3504 3378 esset,

1921 3413 2127 3469 pauper
2163 3396 2338 3453 factus
2373 3406 2458 3453 est
2482 3413 2584 3471 pro
2612 3399 2800 3467 nobis,
2832 3408 2893 3455 ut
2920 3416 3019 3456 nos
3045 3399 3189 3456 illius
3216 3401 3395 3472 inopia
3426 3403 3509 3459 di-

1925 3495 2166 3543 taremur
2207 3487 2227 3560 (
2248 3487 2313 3541 Il
2339 3486 2465 3543 Cor.
2489 3488 2645 3562 vin).
2688 3489 2824 3545 Cum
2861 3498 3008 3547 esset
3050 3491 3312 3549 Dominus
3338 3494 3508 3549 coelo-

1923 3593 2077 3643 rum,
2103 3593 2307 3650 pauper
2348 3577 2525 3635 factus
2566 3588 2651 3635 est
2682 3579 2736 3635 in
2770 3581 2962 3648 terris,
2992 3590 3054 3636 ut
3082 3582 3386 3654 terrigenas
3412 3585 3507 3640 do-

1923 3676 2075 3723 ceret
2118 3676 2435 3739 paupertate
2480 3670 2706 3740 spiritus
2754 3686 2979 3743 regnum
3023 3673 3307 3743 acquirere
3347 3689 3509 3746 posse

1923 3756 2205 3814 cmlorum.

1993 3847 2066 3904 Et
2099 3849 2269 3904 subito
2310 3850 2453 3921 facta
2496 3860 2573 3907 est
2611 3869 2731 3907 cum
2769 3853 2955 3924 angelo
2984 3862 3267 3912 multitudo
3297 3857 3505 3915 militia:

1924 3941 2141 3998 cwlestis
2169 3941 2504 3998 laudantium
2531 3944 2698 4000 Deum
2717 3955 2766 4001 et
2791 3946 3304 4003 dicentium:Gloria
3332 3950 3388 4004 in
3412 3967 3507 4005 ex-

1925 4032 2077 4089 celsis
2105 4033 2217 4088 Deo
2245 4044 2296 4090 et
2323 4035 2378 4089 in
2408 4044 2549 4091 terra
2576 4054 2683 4108 pax
2710 4038 3005 4094 hominibus
3030 4040 3177 4096 bonte
3202 4041 3502 4100 voluntatis.

1926 4121 2048 4179 Uno
2086 4123 2491 4195 evangelizante
2550 4129 2773 4193 nuntio,
2801 4136 2987 4183 natum
3017 4129 3075 4184 in
3111 4145 3273 4186 carne
3300 4131 3503 4200 Deum,

1924 4226 2050 4267 mox
2079 4212 2367 4269 multitudo
2395 4215 2602 4271 militia:
2627 4217 2868 4273 caelestis
2896 4219 3156 4275 advolans
3178 4236 3418 4277 consono
3449 4223 3504 4278 in

1926 4302 2084 4359 laude
2109 4306 2373 4360 creatoris
2397 4320 2492 4361 ore
2517 4310 2849 4377 prorumpit,
2881 4316 2941 4365 ut
2966 4316 3021 4364 et
3048 4310 3129 4366 sui
3145 4351 3160 4374 ,
3192 4312 3335 4367 sicut
3361 4328 3503 4370 sem-

1925 4406 2039 4461 per,
2073 4392 2318 4463 obsequii
2346 4393 2688 4450 devotionem
2716 4396 2934 4454 Christo
2962 4398 3272 4468 impendat,
3311 4410 3367 4457 et
3403 4419 3505 4460 nos

1928 4499 2027 4540 suo
2063 4485 2269 4553 pariter
2305 4484 2539 4540 instruat
2582 4488 2863 4558 exemplo,
2904 4491 3121 4560 quoties
3170 4491 3253 4547 vel
3305 4492 3505 4564 aliquis

1924 4573 2154 4629 fratrum
2180 4591 2352 4631 sacra:
2377 4578 2699 4634 eruditionis
2724 4581 2902 4638 verbis
2929 4581 3258 4650 insonuerit,
3288 4585 3373 4639 vel
3400 4586 3503 4656 ipsi

1923 4664 2063 4721 lecta
2099 4666 2213 4721 sive
2250 4667 2467 4733 audita,
2507 4684 2628 4739 qua:
2671 4670 2894 4741 pietatis
2939 4680 3098 4739 sunt,
3151 4674 3219 4729 ad
3264 4684 3503 4731 mentem

1925 4756 2330 4822 reduxerimus,
2385 4757 2496 4813 Deo
2547 4761 2732 4815 statim
2784 4762 3002 4828 laudes,
3055 4777 3185 4829 ore,
3234 4765 3398 4820 corde
3446 4774 3505 4822 et

1922 4856 2086 4913 opere
2123 4845 2448 4900 reddendas.
2489 4847 2556 4901 Et
2592 4849 2732 4905 bene
2769 4851 2971 4908 chorus
3006 4852 3299 4909 adveniens
3344 4869 3508 4927 ango-

1925 4932 2128 4998 lorum,
2169 4933 2376 4989 militia:
2414 4936 2650 4994 cmlestis
2690 4940 3007 4996 vocabulum
3045 4943 3277 5012 accipit,
3314 4945 3407 5017 qui
3446 4952 3506 5002 et

1926 5020 2049 5076 duci
2077 5020 2167 5076 illo
2193 5023 2401 5092 potenti
2420 5023 2474 5078 in
2497 5026 2703 5094 pnnlio,
2730 5027 2821 5097 qui
2850 5029 2920 5084 ad
2946 5031 3290 5088 debellandas
3310 5049 3501 5091 aereas

1923 5120 2221 5182 potestates
2252 5116 2533 5184 apparuit,
2563 5119 2840 5176 humiliter
2876 5122 3240 5191 obsecundat,
3289 5134 3345 5180 et
3385 5127 3505 5197 ipse

1922 5212 2220 5275 potestates
2260 5209 2478 5264 easdem
2516 5214 2850 5280 contrarias,
2890 5230 2959 5270 ne
2995 5219 3251 5274 mortales
3292 5227 3502 5275 tantum

1922 5302 2133 5351 tentare
2157 5298 2400 5365 valeant,
2428 5311 2692 5372 quantum
2717 5305 2930 5374 volunt,
2956 5307 3171 5366 fortiter
3198 5311 3365 5366 armis
3393 5324 3504 5365 cm-

1923 5386 2148 5444 lestibus
2188 5391 2492 5460 perturbat.
2538 5392 2675 5460 Quia
2721 5411 2886 5453 verus
2936 5399 3078 5456 Deus
3124 5409 3209 5456 est
3244 5409 3300 5457 et
3336 5401 3503 5457 homo

1921 5484 2185 5551 nascitur,
2209 5482 2335 5563 jure
2352 5486 2662 5545 hominibus
2688 5505 2794 5561 pax
2822 5501 2879 5548 et
2900 5492 3129 5550 Domino
3149 5493 3319 5566 gloria
3347 5494 3500 5549 cani.-

1923 5582 2028 5631 tur.
2057 5574 2373 5632 Gloriticant
2398 5579 2571 5651 angeli
2600 5580 2769 5637 Deum
2793 5598 2894 5654 pro
2919 5593 3104 5640 nostra
3127 5585 3499 5657 redemptione

1922 5664 2258 5720 incarnatum
2276 5707 2291 5733 ,
2318 5668 2444 5738 quia
2470 5669 2597 5725 dum
2624 5687 2722 5727 nos
2742 5675 3083 5744 conspiciunt
3108 5676 3308 5746 recipi,
3335 5692 3494 5734 suum

1921 5754 2153 5824 gaudent
2205 5772 2490 5813 numerum
2529 5760 2722 5831 repleri
2753 5777 2767 5816 :
2806 5771 2995 5835 optant
3026 5780 3216 5837 pacem
3259 5768 3493 5826 homini-
