3946 6462
452 399 522 456 27
1743 399 2019 457 SMARAG
2028 401 2092 455 Dl
2130 400 2419 458 ABBATIS
3392 427 3400 433 ο
3617 416 3690 473 23

451 517 584 583 bus,
612 518 736 588 quia
763 518 1164 589 quos'iuﬁrmos
1188 519 1341 589 prius
1382 516 1730 587 abjectosque
1769 516 2017 585 dispexe-
2044 518 2094 577 Α
2120 514 2218 569 sio.
2264 513 2397 569 Cum
2423 531 2553 583 ergo
2577 516 2742 571 dicit:
2776 516 2943 583 Quem
2972 521 3238 576 constituit
3281 524 3537 580 ha'redem
3574 530 3693 584 uni-

451 619 614 675 rant,
653 618 905 665 nascente
942 609 995 663 in
1032 624 1196 664 carne
1232 609 1479 673 Domino,
1501 608 1613 679 jam
1643 608 1820 662 socios
1857 622 2016 660 vene—
2119 621 2403 669 versorum,
2434 605 2871 677 subintelligitur,
2904 611 3069 665 totius
3095 613 3300 666 mundi.

450 709 659 756 rantur.
697 700 831 768 Qui,
861 715 984 754 cum
1013 714 1201 770 pacem
1233 699 1543 753 hominibus
1568 704 1825 767 poscunt,
1853 709 2017 763 expo-

449 800 585 847 nunt
650 801 705 846 et
727 791 943 861 quibus,
977 790 1229 845 videlicet
1256 790 1409 845 bona:
1434 788 1744 853 voluntatis,
1771 789 1873 842 hoc
1901 794 2011 850 est,

451 883 534 937 eis
563 883 655 951 qui
680 882 980 951 suscipiunt
1008 891 1192 935 natum
1221 880 1525 945 Christum,
1555 895 1662 934 non
1694 888 1872 933 autem
1905 877 2011 932 lle-

2190 689 2296 744 Per
2312 707 2463 761 quem
2486 690 2627 760 fecit,
2662 692 2854 761 inquit,
2884 704 2932 746 et
2954 695 3171 749 strcula.
3206 697 3309 753 Ubi
3338 708 3462 753 sunt
3489 701 3580 770 qui
3610 701 3694 757 di-

2116 787 2246 833 cunt
2271 797 2284 835 :
2309 778 2459 843 Erat,
2486 778 2699 849 quando
2728 795 2835 834 non
2862 790 2981 835 erat
3005 778 3030 833 ?
3061 782 3217 839 Sicut
3241 787 3385 840 enim
3415 789 3693 844 neminem

2106 866 2314 936 judicat
2347 868 2531 934 Pater,
2569 868 2662 923 sed
2687 868 2885 925 dicitur
2902 869 3148 941 judicare
3177 890 3273 944 per
3309 875 3524 941 Filium,
3558 895 3693 949 quo-

449 970 594 1032 τοδί⁹
644 971 990 1040 pontiﬁcibus
1032 979 1088 1024 ει
1130 970 1452 1035 Ριιπίεωίε,
1501 968 1821 1036 exterisque
1863 965 2017 1020 Auti-
2114 958 2260 1013 niam
2281 956 2516 1029 judioem
2558 958 2764 1028 genuit,
2812 959 2891 1014 sic
2934 961 3100 1016 etiam
3129 963 3328 1019 dicitur
3354 968 3566 1036 operari
3595 984 3694 1038 per

447 1061 700 1125 christis,
738 1061 830 1131 qui
867 1061 984 1131 ejus
1019 1060 1301 1115 nativitate
1337 1060 1553 1125 audita,
1603 1057 1803 1113 turbati
1852 1068 2011 1123 sunt,

447 1166 712 1220 cumque,
751 1158 1009 1219 quantum
1054 1149 1300 1214 valuere,
1338 1148 1532 1221 gladiis
1568 1146 1798 1202 insecuti
1830 1164 1843 1199 :
1888 1145 2012 1200 Non

446 1248 522 1292 est
565 1238 704 1293 enim
746 1255 849 1309 pax
888 1238 1060 1308 impiis
1081 1278 1096 1304 ,
1134 1239 1259 1292 dicit
1289 1237 1545 1292 Dominus
1575 1235 1731 1308 (Isa.
1759 1251 1925 1290 XLVIII
1954 1233 2009 1306 ),

449 1325 568 1380 Pax
591 1339 769 1381 autem
794 1327 959 1381 multa
983 1328 1314 1398 diligentibus
1340 1344 1525 1382 nomen
1552 1336 1699 1380 tuum
1719 1366 1734 1392 ,
1765 1324 2008 1391 Domine,

443 1427 491 1471 ct
524 1433 628 1471 non
661 1427 734 1471 est
764 1416 868 1471 illis
901 1416 1207 1471 scandalum
1236 1419 1255 1489 (
1280 1415 1429 1472 Psal.
1457 1433 1623 1472 cvaII
1647 1414 1690 1487 ).

673 1524 929 1564 EPISTOLA
967 1526 1118 1564 ΡΑιιιι
1157 1526 1225 1563 ΑΙ)
1263 1525 1538 1575 ιιειιιιιεοε,
1576 1525 1697 1564 CAP.
1736 1525 1775 1563 ι.

516 1616 535 1646 ι
574 1597 920 1653 Multifariam
946 1599 1236 1671 multisque
1264 1601 1439 1656 modis
1462 1602 1589 1655 olim
1618 1600 1760 1655 Deus
1782 1600 2010 1670 loquens

447 1706 465 1736 ι
505 1685 755 1741 Patribus
781 1688 833 1741 in
861 1689 1154 1758 prophetis.
1183 1689 1481 1745 Novissime
1507 1690 1696 1745 diebus
1719 1690 1839 1745 istis
1864 1691 2010 1747 locu-

445 1793 462 1823 ι
503 1782 588 1828 tus
625 1783 709 1830 est
745 1776 900 1831 nobis
938 1777 992 1831 in
1030 1776 1198 1843 Filio,
1229 1793 1389 1847 quem
1424 1778 1702 1834 constituit
1739 1780 2006 1836 hatredem

2112 1046 2327 1112 Filium,
2345 1050 2470 1118 quia
2492 1065 2616 1105 eum
2636 1059 2849 1107 constat
2867 1052 3114 1123 Opiﬁcem
3138 1052 3385 1125 genuisse
3402 1056 3583 1130 (Joan.
3612 1060 3687 1131 v).

2184 1136 2287 1203 Qui
2312 1145 2388 1192 est
2402 1137 2648 1209 splendor
2666 1140 2845 1210 gloria:
2863 1151 2910 1194 et
2936 1144 3205 1197 character
3226 1138 3531 1201 substantia:
3550 1149 3687 1217 ejus.

2111 1229 2226 1284 Non
2252 1230 2396 1284 enim
2415 1246 2481 1285 ex
2508 1231 2783 1287 intellectu
2813 1233 3043 1315 proprio.
3060 1235 3176 1291 haec
3202 1235 3522 1306 loquebatur
3541 1238 3688 1308 Apo-

2109 1320 2277 1375 stolus
2295 1361 2310 1385 ,
2341 1335 2441 1375 nec
2461 1320 2696 1377 humano
2726 1322 2865 1377 hanc
2900 1323 3361 1393 dispensationem
3387 1330 3694 1398 reperiebat

2111 1410 2344 1481 ingenio,
2374 1411 2467 1465 sed
2509 1409 2744 1481 Spiritus
2780 1414 2953 1467 sancti
2986 1414 3101 1471 haec
3129 1416 3205 1471 illi
3241 1421 3561 1489 suggerebat
3591 1421 3690 1474 ad.-

2109 1499 2457 1554 ministratio.
2484 1499 2596 1555 Hoc
2620 1515 2744 1555 cum
2771 1501 3123 1573 religiositate
3144 1505 3401 1561 debemus
3421 1509 3687 1579 accipere,

2108 1589 2234 1659 quia
2262 1604 2326 1643 ex
2358 1590 2474 1659 ipso
2500 1591 2904 1660 impassibilitcr
2933 1601 3111 1659 natus,
3161 1611 3338 1665 neque
3365 1597 3688 1665 diminutus,

2108 1693 2285 1747 neque
2310 1678 2365 1732 in
2394 1678 2576 1749 aliquo
2601 1680 2935 1747 minoratus,
2980 1683 3073 1738 sed
3099 1683 3241 1739 Deus
3270 1702 3460 1753 verus,
3491 1688 3556 1743 de
3579 1689 3692 1744 Deo

2107 1782 2258 1832 vero,
2283 1768 2624 1837 omnipotens
2644 1769 2709 1824 de
2734 1772 3120 1841 omnipotente,
3167 1772 3344 1829 lumen
3373 1776 3437 1829 de
3466 1777 3688 1844 lumine,

445 1884 462 1913 ι
503 1865 907 1931 universorum,
938 1884 1035 1938 per
1061 1885 1221 1939 quem
1250 1868 1375 1924 fecit
1400 1877 1456 1924 ει
1485 1870 1701 1925 saecula.
1742 1870 1843 1937 Qui
1881 1889 2006 1929 cum
2037 1845 2083 1904 Β
2109 1874 2177 1915 εἰ
2214 1874 2323 1930 (Ιηο
2351 1860 2549 1921 omnia:
2577 1875 2675 1929 ρετ
2696 1875 2856 1929 quem
2884 1862 3087 1929 omnia.
3118 1863 3170 1918 ίιι
3200 1880 3309 1934 quo
3341 1867 3543 1920 omnia-

442 1972 460 2003 ι
497 1954 568 2007 sit
596 1954 851 2025 splendor
876 1957 1059 2025 gloria:
1087 1966 1141 2012 et
1168 1957 1339 2028 ﬁgura
1367 1959 1682 2015 substantia:
1708 1961 1824 2031 ejus
1841 2001 1856 2028 ,
1882 1977 2009 2031 por-

444 2060 462 2093 ι
503 2051 729 2114 tansque
765 2046 945 2101 omnia
981 2048 1147 2103 verbo
1181 2049 1399 2104 virtutis
1436 2066 1548 2105 suae
1575 2090 1591 2116 ,
1629 2052 2005 2122 purgationem

440 2155 459 2188 ι
497 2148 840 2207 peccatorum
867 2138 1089 2196 faciens.
1121 2140 1282 2196 Sedet
1308 2143 1375 2197 ad
1399 2143 1680 2198 dexteram
1706 2143 2007 2213 maiestatis

446 2244 465 2277 ι
504 2227 556 2281 in
585 2228 831 2284 excelsis.
874 2229 1047 2285 Tanto
1073 2230 1263 2286 melior
1289 2232 1493 2303 angelis
1519 2232 1773 2300 effectus,
1803 2243 2005 2304 quanto

437 2334 457 2367 ι
494 2316 830 2373 diﬁ‘erentius
858 2336 969 2390 pra:
994 2320 1101 2374 illis
1130 2336 1323 2376 nomen
1352 2322 1709 2379 hmreditavit.
1738 2323 1834 2380 Cui
1859 2327 2007 2381 enim

436 2423 458 2456 ι
494 2406 629 2460 dixit
653 2407 941 2479 aliquando
962 2411 1305 2479 angelorum:
1333 2410 1504 2468 Filius
1531 2428 1686 2468 meus
1708 2429 1769 2469 es
1793 2423 1848 2469 tu
1864 2456 1880 2481 ,
1902 2431 2004 2487 ego

444 2513 462 2544 ι
501 2493 658 2551 hodie
680 2497 838 2567 genui
869 2505 1021 2565 te;et
1048 2515 1260 2554 rursum
1285 2518 1298 2554 :
1326 2500 1439 2572 Ego
1460 2517 1554 2557 ero
1579 2501 1656 2556 illi
1683 2503 1737 2557 in
1761 2514 1969 2574 patrem
1985 2547 2001 2573 ,

436 2603 454 2634 ι
492 2593 547 2639 ει
575 2585 689 2655 ipse
722 2587 827 2641 erit
864 2588 997 2643 mihi
1036 2589 1088 2643 in
1119 2589 1325 2644 ﬁlium?
1350 2591 1419 2645 Et
1447 2607 1568 2646 cum
1600 2592 1795 2647 iterum
1827 2594 2001 2649 intro-

435 2693 454 2726 ι
492 2676 641 2731 ducit
680 2677 1095 2749 primogenitum
1139 2680 1195 2734 in
1235 2680 1421 2736 orbem
1467 2688 1660 2747 terrae,
1710 2682 1887 2738 dicit:
1936 2683 2003 2739 Et

434 2780 453 2813 ι
491 2763 716 2819 adorent
751 2779 873 2821 eum
910 2782 1100 2823 omnes
1135 2770 1310 2838 angeli
1338 2768 1475 2839 ejus.
1513 2769 1598 2826 Ad
1636 2772 1856 2842 angelos
1884 2774 2003 2843 qui-

435 2876 456 2908 ι
492 2859 613 2913 dem
638 2859 770 2915 dicit
795 2878 809 2914 :
841 2860 942 2928 Qui
969 2860 1101 2917 facit
1126 2864 1346 2934 angelos
1372 2880 1501 2921 suos
1531 2865 1755 2935 spiritus
1773 2907 1788 2932 ,
1819 2876 1874 2922 et
1902 2868 2004 2922 mi-

434 2965 456 3000 ι
493 2949 691 3004 nistros
728 2965 856 3006 suos
892 2950 1162 3008 ﬂammam
1209 2954 1367 3022 ignis.
1408 2954 1491 3011 Ad
1535 2955 1732 3012 Filium
1778 2968 1997 3015 autem:

436 3055 456 3088 ι
492 3037 741 3093 Thronus
767 3045 889 3094 tuus
913 3039 1055 3096 Deus
1079 3041 1134 3095 in
1154 3042 1408 3098 smculum
1438 3044 1639 3109 ειεειιιί,
1667 3045 1816 3116 virga
1835 3046 2004 3115 aequi-

435 3146 454 3179 ι
488 3130 631 3194 tatis,
649 3129 792 3201 virga
815 3132 962 3201 regni
986 3133 1081 3187 tui.
1101 3133 1347 3189 Dilexisti
1364 3133 1633 3204 justitiam
1648 3149 1703 3193 et
1717 3138 1878 3195 odisti
1902 3139 2002 3193 ini-

433 3239 451 3270 ι
487 3220 771 3289 quitatem,
792 3230 1075 3292 propterea
1097 3224 1254 3278 unxit
1275 3232 1330 3280 te
1352 3191 1514 3291 Deus,
1538 3224 1680 3283 Deus
1708 3236 1852 3295 tuus,
1879 3228 1998 3285 oleo
2027 3191 2072 3253 Ο

432 3329 451 3361 ι
489 3311 867 3366 exsultationis
886 3327 999 3382 pra:
1018 3314 1372 3383 participibus
1397 3316 1525 3371 tuis.
1552 3316 1618 3371 Et
1639 3326 1694 3373 ιιι
1715 3319 1769 3373 in
1798 3320 2000 3389 princi-

433 3418 452 3450 ι
487 3400 577 3470 pio
619 3400 844 3456 Domine
884 3411 1084 3458 terram
1127 3404 1394 3473 fundasti,
1440 3416 1496 3463 ει
1538 3425 1701 3479 opera
1741 3427 1998 3466 manuum

433 3512 451 3542 ι
493 3501 703 3547 tuarum
748 3501 874 3549 sunt
913 3496 1056 3551 caeli.
1097 3497 1203 3568 lpsi
1241 3499 1525 3569 peribunt,
1559 3511 1617 3556 ιιι
1657 3511 1839 3559 autem
1879 3517 2001 3574 per-

438 3603 455 3632 ι
496 3583 757 3640 manebis.
798 3585 865 3640 Et
900 3586 1087 3643 omnes
1115 3597 1177 3644 ιιι
1211 3590 1589 3647 vestimentum
1627 3602 1997 3658 veterascent,

434 3694 451 3724 ι
491 3681 556 3729 ει-
574 3675 720 3731 velut
743 3678 998 3734 amictum
1028 3682 1264 3738 mutabis
1291 3698 1413 3752 eos,
1438 3694 1495 3740 et
1521 3687 1893 3742 mutabuntur.
1920 3687 1999 3741 Tu

432 3784 450 3815 ι
489 3775 667 3822 autem
694 3769 835 3824 idem
865 3771 977 3840 ipse
1003 3788 1089 3839 es,
1118 3782 1173 3831 et
1200 3777 1325 3830 anni
1356 3778 1432 3832 tui
1462 3793 1570 3833 non
1599 3778 1868 3834 deﬁcient.
1905 3798 1924 3830 ι

498 3856 791 3930 Multifarie
816 3875 863 3916 et
890 3864 1063 3919 multis
1086 3868 1251 3923 modis
1276 3868 1400 3923 olim
1435 3869 1575 3925 Deus
1599 3870 1812 3942 loquens
1836 3870 2003 3941 patri-

427 3946 522 4001 bus
553 3947 608 4001 in
633 3952 910 4019 prophetis.
954 3953 1054 4025 (Ex
1080 3955 1237 4012 Joan.
1270 3958 1490 4030 Chrys.)
1541 3959 1781 4014 Dicendo
1815 3958 1997 4013 enim:

430 4038 724 4110 Multifarie
771 4052 820 4097 et
850 4045 1027 4101 multis
1059 4051 1228 4105 modis
1253 4050 1377 4105 olim
1407 4051 1549 4106 Deus
1576 4050 1780 4105 locutus
1816 4059 1889 4106 est
1907 4067 2000 4121 pa-

426 4129 591 4184 tribus
614 4133 806 4188 nostris
835 4136 890 4190 in
918 4139 1212 4209 prophetis,
1257 4141 1524 4212 signiﬁcat
1565 4141 1709 4210 quod
1745 4141 1873 4195 alibi
1917 4141 2001 4196 di-

425 4229 572 4276 ctum
598 4232 716 4279 est:
749 4226 860 4298 Ego
888 4230 1033 4285 enim
1055 4231 1294 4288 visiones
1322 4231 1692 4302 multiplii-avi,
1729 4240 1782 4285 et
1808 4231 1862 4286 in
1887 4248 2003 4286 ma-

425 4312 583 4368 nibus
603 4317 988 4386 prophetarum
1023 4322 1352 4377 assimilatus
1376 4337 1495 4376 sum
1523 4321 1677 4392 (Osee
1697 4321 1818 4393 xu).
1847 4322 2001 4389 Quod

425 4411 605 4457 autem
635 4408 926 4476 sequitur:
974 4410 1034 4465 In
1074 4414 1385 4467 novissimis
1433 4413 1625 4467 diebus
1665 4412 1876 4468 locutus
1917 4422 2001 4468 est

426 4494 581 4589 nobis
614 4497 667 4551 in
692 4499 830 4556 Filio
856 4518 975 4568 suo,
1018 4504 1182 4559 veluti
1212 4504 1256 4557 si
1284 4504 1487 4559 diceret
1512 4523 1523 4557 :
1557 4504 1694 4570 Quid
1722 4520 1995 4574 magnum,
2024 4530 2077 4589 Ι)

425 4585 469 4639 si
520 4590 811 4659 prophetas
860 4594 1005 4648 misit
1055 4594 1299 4664 patribus
1346 4594 1587 4648 nostris?
1646 4593 1800 4648 nobis
1852 4593 1997 4647 enim

425 4675 598 4746 ipsum
624 4682 899 4750 proprium
922 4683 1115 4738 Filium
1143 4685 1477 4755 unigenitum
1502 4684 1668 4739 misit.

496 4767 661 4834 Quem
686 4774 954 4827 constituit
982 4776 1239 4829 hirredem
1268 4776 1643 4830 universorum.
1672 4776 1805 4833 Cum
1834 4776 1994 4833 dicit:

424 4856 595 4923 Quem
641 4862 923 4917 constituit
966 4864 1232 4919 ltzeredem
1277 4866 1666 4922 humanitatem
1708 4868 1997 4938 signiﬁcat,

424 4946 510 5000 cui
543 4947 745 5003 dictum
769 4958 889 5005 est:
934 4949 1061 5007 Pete
1100 4971 1132 5007 a
1159 4971 1238 5007 me
1260 4964 1307 5007 et
1334 4955 1470 5009 dabo
1509 4957 1603 5009 tibi
1625 4967 1800 5027 gentes
1834 4959 1999 5013 ha’re-

424 5036 640 5092 dt'tatem
667 5049 812 5095 tuam
840 5041 1011 5113 (Psal.
1039 5042 1121 5114 ιι).
1153 5044 1293 5113 Ergo
1316 5061 1419 5099 non
1441 5046 1554 5117 jam
1583 5049 1761 5118 portio
1788 5049 2000 5104 Domini

427 5137 634 5185 tantum
672 5131 861 5199 Iacob,
892 5142 948 5187 et
984 5150 1103 5190 sors
1129 5136 1247 5206 ejus
1272 5137 1456 5204 Israel,
1502 5142 1595 5195 sed
1620 5157 1808 5198 omnes
1830 5144 2001 5198 natio-

428 5235 524 5277 nes
553 5232 609 5277 et
628 5234 818 5293 gentes
850 5235 962 5282 toto
990 5228 1121 5283 orbe
1148 5231 1380 5298 divisas,
1408 5233 1461 5287 in
1493 5234 1862 5290 htereditatem
1894 5238 2001 5291 dis-

428 5309 644 5364 tinctim
690 5315 907 5383 sanguis
950 5318 1294 5387 amplectitur
1326 5321 1547 5377 Christi.
1598 5324 1706 5397 (Ea:
1734 5322 1999 5397 Cassiod.)

427 5397 727 5457 linireditas
769 5405 837 5460 ab
880 5407 1014 5462 hero
1051 5409 1193 5464 dicta
1218 5420 1319 5476 est,
1365 5412 1418 5467 id
1442 5422 1544 5477 est,
1591 5414 1826 5479 domino,
1859 5414 2003 5485 quod

428 5486 486 5544 in
506 5504 571 5545 ea
607 5498 876 5560 potestate
897 5495 1065 5552 libera
1090 5499 1412 5554 dominetur.
1465 5500 1573 5572 (Ex
1595 5501 1756 5555 Joan.
1788 5499 2001 5573 Chrys.)

429 5580 669 5637 titeredis
697 5585 785 5639 hic
808 5588 976 5642 utitur
1006 5591 1242 5656 nomine,
1271 5599 1331 5645 ut
1369 5592 1475 5647 duo
1504 5594 1749 5661 quaedam
1781 5607 1877 5661 per
1901 5594 2003 5647 hoc

430 5680 637 5724 astruat
661 5680 717 5726 et
741 5676 991 5731 ostendat
1016 5719 1029 5741 ,
1069 5680 1170 5733 hoc
1204 5688 1309 5743 est,
1355 5682 1495 5748 quod
1542 5683 1787 5749 proprius
1819 5682 1888 5734 sit
1918 5682 2002 5736 lii-

430 5763 552 5831 lius,
589 5773 637 5820 et
678 5769 818 5838 quod
846 5770 1224 5828 dominationis
1258 5773 1331 5828 illi
1368 5772 1511 5827 nulla
1541 5774 1812 5842 contingat
1843 5775 2001 5829 amis-

2178 1948 2408 2006 Portans
2450 1952 2625 2005 omnia
2655 1951 2803 2006 verba
2848 1954 3052 2008 virtutis
3101 1971 3231 2010 suae.
3281 1955 3471 2012 Solent
3499 1956 3691 2014 Ariani

2103 2057 2403 2115 proponere
2430 2058 2445 2096 :
2485 2042 2623 2109 Quia
2649 2058 2771 2098 cum
2800 2044 3024 2099 dixisset
3051 2046 3226 2101 Deus:
3263 2044 3387 2101 Fiat
3414 2047 3507 2101 lux
3532 2047 3688 2120 (Gen.

2106 2133 2169 2203 ι),
2193 2131 2355 2187 Pater
2373 2132 2713 2202 praeceperit,
2738 2132 2907 2189 Filius
2928 2135 3210 2191 obedierit.
3241 2136 3348 2191 Sed
3371 2152 3497 2192 ecce
3510 2146 3695 2193 osten-

2104 2224 2282 2280 dimus
2304 2223 2430 2293 quia
2459 2238 2558 2279 suo
2601 2224 2768 2279 verbo
2795 2232 2987 2279 cuncta
3011 2226 3238 2295 perfecit
3268 2247 3281 2281 :
3325 2228 3529 2284 Ferens
3571 2244 3692 2283 om-

2103 2317 2213 2387 nia,
2244 2305 2440 2385 inquit,
2483 2315 2587 2371 hoc
2609 2322 2712 2381 est,
2763 2317 3104 2386 gubernans,
3136 2319 3402 2389 siquidem
3432 2320 3682 2374 cadentia

2100 2419 2157 2466 et
2182 2412 2252 2467 ad
2288 2409 2516 2465 nihilum
2554 2409 2831 2466 tendentia
2863 2411 3122 2466 continet.
3172 2410 3289 2465 Non
3326 2410 3474 2465 enim
3505 2410 3689 2465 minus

2102 2511 2208 2567 est,
2234 2501 2513 2557 continere
2540 2500 2796 2556 mundum
2823 2516 2991 2570 quam
3012 2500 3223 2555 fecisse.
3256 2500 3363 2555 Sed
3393 2499 3437 2554 si
3468 2508 3692 2569 oportet

2101 2589 2303 2661 aliquid
2335 2590 2594 2645 audacius
2615 2590 2817 2654 dicere,
2858 2590 3035 2644 adhuc
3062 2589 3293 2658 amplius
3328 2597 3431 2642 est.
3462 2586 3596 2640 Nam
3630 2586 3684 2640 in

2104 2681 2350 2739 faciendo
2379 2682 2597 2753 quidem
2621 2696 2690 2737 ex
2721 2681 2882 2737 nullis
2906 2680 3266 2737 existentibus
3295 2694 3476 2733 rerum
3505 2680 3694 2733 essen"

2106 2774 2192 2829 tite
2215 2773 2490 2845 producta:
2533 2779 2698 2837 sunt;
2751 2772 2805 2827 in
2836 2770 3162 2827 continendo
3189 2785 3319 2824 vero
3338 2810 3353 2835 ,
3382 2784 3502 2839 qua:
3548 2767 3689 2821 facta

2102 2874 2247 2931 sunt,
2280 2878 2348 2920 ne
2378 2862 2447 2918 ad
2472 2862 2700 2918 nihilum
2742 2864 2985 2928 redeant,
3022 2861 3389 2917 continentur.
3430 2859 3530 2914 llic
3558 2874 3689 2930 ergo

2101 2956 2231 3012 dum
2287 2961 2589 3026 reguntur,
2649 2961 2706 3009 et
2757 2954 2825 3007 ad
2879 2953 3108 3008 invicem
3174 2952 3276 3006 sibi
3333 2950 3686 3020 repugnantia

2102 3051 2453 3115 coaptantur,
2501 3057 2754 3113 magnum
2780 3048 2836 3096 et
2861 3041 3021 3096 valde
3045 3039 3291 3094 mirabile
3331 3038 3688 3108 plurimmque

2102 3137 2321 3193 virtutis
2347 3135 2605 3190 indicium
2635 3133 2961 3187 declaratur.

2174 3226 2551 3299 Purgationem
2577 3233 2907 3295 peccatorum
2956 3222 3172 3292 faciem.
3212 3221 3506 3292 Postquam
3543 3223 3687 3276 enim

2098 3319 2237 3377 dixit
2272 3317 2521 3389 superius
2571 3315 2661 3371 illa
2710 3328 2906 3386 magna
2953 3313 3214 3384 valdeque
3256 3306 3521 3378 miranda,
3552 3315 3686 3369 dicit

2100 3425 2245 3466 nunc
2287 3417 2341 3465 et
2386 3407 2453 3463 de
2506 3422 2637 3462 cura
2681 3405 2797 3476 ejus
2846 3412 2901 3460 ει
2945 3405 3265 3476 purgatione
3312 3414 3683 3475 peccatorum,

2098 3515 2260 3570 quam
2288 3512 2416 3569 erga
2453 3511 2553 3552 nos
2598 3494 2731 3565 egit,
2767 3495 2846 3549 sic
2884 3504 2939 3549 et
2965 3494 3159 3550 Petrus
3200 3496 3268 3550 de
3302 3494 3393 3549 illo
3430 3494 3543 3549 ait:
3581 3494 3683 3562 Qui

2098 3596 2319 3659 peccata
2354 3594 2538 3641 nostra
2565 3584 2788 3655 pertulit
2818 3584 2872 3638 in
2902 3599 3129 3654 corpore
3149 3600 3248 3641 suo
3277 3600 3436 3654 super
3455 3585 3684 3656 lignum,

2100 3686 2160 3732 ut
2186 3676 2425 3747 peccatis
2449 3672 2685 3740 liberati,
2727 3687 2851 3727 cum
2883 3671 3096 3741 justitia
3140 3673 3387 3727 vivamus
3437 3671 3488 3742 (1
3536 3668 3681 3725 Petr.

2101 3766 2187 3836 ιι).
2235 3766 2303 3820 Ει
2328 3764 2566 3821 Joannes
2596 3764 2673 3819 ait
2713 3783 2725 3819 :
2767 3763 2871 3832 Qui
2897 3763 3085 3820 dilexit
3127 3779 3249 3830 nos,
3279 3774 3335 3819 et
3360 3763 3494 3818 lavit
3523 3778 3621 3818 nos
3650 3778 3681 3817 a

2099 3858 2337 3929 peccatis
2356 3857 2572 3920 nostris,
2598 3857 2653 3911 in
2679 3856 2937 3927 sanguine
2948 3870 3068 3922 suo,
3091 3862 3145 3911 et
3168 3854 3291 3911 fecit
3313 3871 3411 3910 nos
3434 3870 3682 3925 regnum,

2100 3949 2414 4005 sacerdotes
2437 3950 2548 4005 Deo
2573 3956 2628 4003 et
2657 3948 2805 4003 Patri
2831 3962 2949 4003 suo.

2172 4040 2325 4095 Sedet
2347 4039 2415 4093 ad
2437 4039 2703 4093 dexteram
2724 4039 3014 4107 majestatis
3042 4037 3096 4091 in
3114 4036 3349 4091 excelsis.
3376 4035 3441 4091 In
3468 4036 3682 4092 excelsis

2098 4143 2231 4197 ergo
2255 4127 2464 4192 dicens,
2493 4142 2599 4181 non
2626 4142 2748 4181 eum
2789 4127 2841 4180 in
2867 4126 2982 4180 loco
3006 4124 3295 4187 concludit,
3324 4127 3418 4181 sed
3446 4127 3685 4184 ostendit

2099 4217 2350 4274 omnibus
2377 4216 2623 4271 altiorem
2644 4256 2657 4280 ,
2692 4214 2946 4284 quoniam
2977 4229 3148 4283 usque
3174 4216 3242 4269 ad
3271 4215 3443 4284 ipsum
3489 4214 3680 4269 solium

2098 4317 2339 4379 paterna:
2375 4307 2658 4362 claritatis.
2706 4305 2857 4361 Sicut
2884 4320 3012 4374 ergo
3038 4304 3201 4359 Pater
3229 4305 3281 4358 in
3320 4305 3549 4359 excelsis
3577 4313 3678 4365 est,

2100 4399 2180 4453 sic
2204 4406 2258 4453 et
2282 4397 2470 4451 Filius.
2502 4396 2800 4452 Consessus
2824 4394 2966 4448 enim
2993 4393 3127 4449 nihil
3157 4394 3492 4449 demonstrat
3515 4394 3677 4457 aliud,

2101 4492 2203 4546 nisi
2237 4490 2458 4545 honoris
2479 4489 2863 4557 :equalitatem.

2173 4580 2339 4635 Tanto
2367 4580 2505 4634 enim
2529 4579 2714 4633 melior
2734 4576 2932 4648 angelis
2954 4578 3185 4645 c/fectus,
3215 4584 3408 4647 quanto
3437 4574 3683 4644 diﬂ‘cren-

2100 4672 2203 4725 tius
2231 4687 2340 4741 pra:
2363 4669 2469 4724 illis
2506 4680 2693 4723 nomen
2731 4668 3073 4721 hwredituvit.
3124 4667 3180 4721 In
3212 4668 3312 4721 hoc
3356 4666 3497 4735 quod
3524 4665 3681 4729 uixit,

2102 4763 2295 4825 factus,
2348 4778 2445 4833 pro
2474 4768 2780 4829 susceptus,
2809 4759 3065 4827 intellige,
3095 4768 3351 4828 tanquam
3379 4758 3424 4812 si
3454 4757 3681 4823 diceret,

2099 4854 2293 4910 melius
2315 4861 2404 4907 est
2423 4860 2706 4921 susceptus
2743 4848 2811 4902 ab
2840 4849 3065 4919 angelis.

2172 4967 2271 5022 Cui
2297 4967 2433 5019 enim
2462 4962 2768 5032 angelorum
2798 4963 2929 5015 dixit
2959 4960 3245 5031 aliquando
3268 4973 3286 5010 :
3333 4956 3507 5011 Filius
3538 4972 3684 5011 meus

2100 5078 2154 5116 es
2184 5058 2287 5111 tu?
2316 5056 2417 5129 (Ex
2444 5051 2709 5125 Cassiod.)
2740 5052 3085 5108 lntendamus
3119 5066 3250 5120 ergo
3280 5049 3424 5119 quod
3459 5046 3677 5116 posuit:

2102 5149 2249 5204 Dixit
2272 5147 2341 5201 ad
2369 5160 2474 5209 me,
2510 5142 2683 5197 Filius
2714 5160 2859 5197 meus
2884 5159 2937 5197 es
2961 5151 3041 5204 tu,
3070 5140 3212 5210 quod
3237 5139 3401 5194 etiam
3425 5137 3477 5192 ei
3512 5136 3685 5191 dictu-

2103 5253 2197 5291 rus
2218 5242 2335 5291 erat
2360 5242 2484 5302 post
2520 5232 2885 5301 baptismum:
2930 5230 3034 5284 Hic
3078 5239 3153 5283 est
3193 5227 3337 5297 ﬁlius
3366 5244 3512 5280 meus
3546 5225 3681 5279 dile-

2102 5336 2238 5389 ctus,
2287 5324 2343 5378 in
2379 5338 2481 5393 quo
2519 5321 2647 5375 mihi
2682 5322 2806 5375 bene
2844 5318 3155 5388 complacui.
3198 5317 3266 5371 Et
3308 5326 3369 5371 ut
3405 5315 3684 5371 Christum

2102 5432 2265 5471 unam
2312 5429 2630 5487 personant,
2669 5414 2723 5468 id
2763 5420 2881 5477 est,
2932 5412 3167 5468 Verbum
3212 5425 3430 5466 carnem
3481 5408 3683 5464 factum
3776 5446 3789 5453 -

2102 5521 2222 5562 esse
2262 5506 2512 5570 sentires,
2561 5501 2791 5571 adjecit:
2821 5501 2934 5572 Ego
2971 5501 3125 5556 hodie
3164 5502 3320 5573 genui
3348 5511 3415 5555 te.
3448 5499 3685 5553 Dicenda

2102 5598 2267 5661 enim,
2300 5595 2476 5661 hodie,
2501 5592 2929 5649 comtcrnitatem
2960 5606 3069 5645 sum
3097 5590 3397 5659 majestatis
3421 5588 3680 5673 ostendit,

2102 5689 2254 5741 hodie
2294 5689 2459 5748 enim,
2511 5685 2649 5755 apud
2694 5684 2862 5739 Deum
2904 5685 3047 5738 nullo
3094 5683 3247 5738 initio
3289 5683 3496 5753 incipit,
3537 5681 3683 5734 nullo

2105 5779 2209 5832 line
2236 5776 2586 5833 concluditur.
2622 5775 2738 5830 Non
2767 5784 2845 5829 est
2876 5776 3020 5829 enim
3044 5776 3148 5838 ibi,
3181 5774 3301 5839 fuit,
3334 5789 3526 5843 neque,
3556 5774 3678 5834 erit,
