  <div class='ocr_page' id='page_1' title='image "/cluster/home/n/w/nwhite01/storage/ocr_20150623/102/umn.31951002477395f/022.png"; bbox 0 0 3946 6416; ppageno 0'>
   <div class='ocr_carea' id='block_1_1' title="bbox 223 374 3487 451">
    <p class='ocr_par' dir='ltr' id='par_1_1' title="bbox 223 374 3487 451">
     <span class='ocr_line' id='line_1_1' title="bbox 223 374 3487 451; baseline 0.009 -31"><span class='ocrx_word' id='word_1_1' title='bbox 223 379 292 435; x_wconf 75' lang='lat'><strong>29</strong></span> <span class='ocrx_word' id='word_1_2' title='bbox 1063 375 1579 435; x_wconf 84' lang='lat' dir='ltr'><strong>COLLECTIONES</strong></span> <span class='ocrx_word' id='word_1_3' title='bbox 1616 378 1684 435; x_wconf 86' lang='lat' dir='ltr'><strong>IN</strong></span> <span class='ocrx_word' id='word_1_4' title='bbox 1724 380 2104 440; x_wconf 81' lang='lat' dir='ltr'><strong>EPISTOLAS</strong></span> <span class='ocrx_word' id='word_1_5' title='bbox 2145 374 2232 440; x_wconf 82' lang='grc' dir='ltr'>ΕΤ</span> <span class='ocrx_word' id='word_1_6' title='bbox 2270 386 2682 445; x_wconf 80' lang='lat' dir='ltr'><strong>EVANGELIA.</strong></span> <span class='ocrx_word' id='word_1_7' title='bbox 3414 395 3487 451; x_wconf 77' lang='lat' dir='ltr'><strong>5t)</strong></span> 
     </span>
    </p>
   </div>
   <div class='ocr_carea' id='block_1_2' title="bbox 216 482 3491 581">
    <p class='ocr_par' dir='ltr' id='par_1_2' title="bbox 216 482 3491 581">
     <span class='ocr_line' id='line_1_2' title="bbox 216 482 3491 581; baseline 0.006 -35"><span class='ocrx_word' id='word_1_8' title='bbox 216 491 310 546; x_wconf 84' lang='lat' dir='ltr'><strong>sed</strong></span> <span class='ocrx_word' id='word_1_9' title='bbox 357 503 576 558; x_wconf 88' lang='lat' dir='ltr'><strong>semper</strong></span> <span class='ocrx_word' id='word_1_10' title='bbox 614 495 923 560; x_wconf 88' lang='lat' dir='ltr'><strong>permanet,</strong></span> <span class='ocrx_word' id='word_1_11' title='bbox 968 497 1025 544; x_wconf 90' lang='lat' dir='ltr'><strong>et</strong></span> <span class='ocrx_word' id='word_1_12' title='bbox 1059 482 1275 562; x_wconf 78' lang='lat' dir='ltr'><strong>semper</strong></span> <span class='ocrx_word' id='word_1_13' title='bbox 1309 500 1417 556; x_wconf 89' lang='lat' dir='ltr'><strong>est,</strong></span> <span class='ocrx_word' id='word_1_14' title='bbox 1458 501 1514 548; x_wconf 88' lang='lat' dir='ltr'><strong>et</strong></span> <span class='ocrx_word' id='word_1_15' title='bbox 1537 493 1798 563; x_wconf 85' lang='lat' dir='ltr'><strong>quidquid</strong></span> <span class='ocrx_word' id='word_1_16' title='bbox 1824 498 1878 557; x_wconf 80' lang='grc' dir='ltr'><strong>Α</strong></span> <span class='ocrx_word' id='word_1_17' title='bbox 1901 495 2046 551; x_wconf 90' lang='lat' dir='ltr'><strong>nulla</strong></span> <span class='ocrx_word' id='word_1_18' title='bbox 2072 497 2342 568; x_wconf 87' lang='lat' dir='ltr'><strong>pravitate</strong></span> <span class='ocrx_word' id='word_1_19' title='bbox 2368 511 2660 570; x_wconf 76' lang='lat' dir='ltr'><strong>curvatur,</strong></span> <span class='ocrx_word' id='word_1_20' title='bbox 2690 505 2839 576; x_wconf 86' lang='lat' dir='ltr'><strong>virga</strong></span> <span class='ocrx_word' id='word_1_21' title='bbox 2870 507 2971 562; x_wconf 89' lang='lat' dir='ltr'><strong>ista</strong></span> <span class='ocrx_word' id='word_1_22' title='bbox 2998 506 3175 577; x_wconf 80' lang='lat' dir='ltr'><strong>justas</strong></span> <span class='ocrx_word' id='word_1_23' title='bbox 3203 512 3363 581; x_wconf 84' lang='lat' dir='ltr'><strong>regit,</strong></span> <span class='ocrx_word' id='word_1_24' title='bbox 3394 512 3491 567; x_wconf 85' lang='lat' dir='ltr'><strong>im-</strong></span> 
     </span>
    </p>
   </div>
   <div class='ocr_carea' id='block_1_3' title="bbox 219 579 1801 650">
    <p class='ocr_par' dir='ltr' id='par_1_3' title="bbox 219 579 1801 650">
     <span class='ocr_line' id='line_1_3' title="bbox 219 579 1801 650; baseline 0.004 -16"><span class='ocrx_word' id='word_1_25' title='bbox 219 581 418 635; x_wconf 76' lang='lat' dir='ltr'><strong>dixeris</strong></span> <span class='ocrx_word' id='word_1_26' title='bbox 446 580 546 647; x_wconf 84' lang='lat' dir='ltr'><strong>illi,</strong></span> <span class='ocrx_word' id='word_1_27' title='bbox 584 580 743 635; x_wconf 85' lang='lat' dir='ltr'><strong>hodie</strong></span> <span class='ocrx_word' id='word_1_28' title='bbox 764 587 866 636; x_wconf 89' lang='lat' dir='ltr'><strong>est.</strong></span> <span class='ocrx_word' id='word_1_29' title='bbox 905 579 1057 647; x_wconf 87' lang='lat' dir='ltr'><strong>Quod</strong></span> <span class='ocrx_word' id='word_1_30' title='bbox 1077 582 1190 638; x_wconf 90' lang='lat' dir='ltr'><strong>ait:</strong></span> <span class='ocrx_word' id='word_1_31' title='bbox 1222 580 1391 638; x_wconf 83' lang='lat' dir='ltr'><strong>Genui</strong></span> <span class='ocrx_word' id='word_1_32' title='bbox 1434 595 1505 650; x_wconf 86' lang='lat' dir='ltr'><strong>te,</strong></span> <span class='ocrx_word' id='word_1_33' title='bbox 1540 586 1801 641; x_wconf 88' lang='lat' dir='ltr'><strong>nativita-</strong></span> 
     </span>
    </p>
   </div>
   <div class='ocr_carea' id='block_1_4' title="bbox 222 669 1803 741">
    <p class='ocr_par' dir='ltr' id='par_1_4' title="bbox 222 669 1803 741">
     <span class='ocr_line' id='line_1_4' title="bbox 222 669 1803 741; baseline 0.004 -16"><span class='ocrx_word' id='word_1_34' title='bbox 222 680 324 725; x_wconf 90' lang='lat' dir='ltr'><strong>tem</strong></span> <span class='ocrx_word' id='word_1_35' title='bbox 352 669 499 724; x_wconf 89' lang='lat' dir='ltr'><strong>illam</strong></span> <span class='ocrx_word' id='word_1_36' title='bbox 541 669 833 741; x_wconf 91' lang='lat' dir='ltr'><strong>signiﬁcat,</strong></span> <span class='ocrx_word' id='word_1_37' title='bbox 866 671 932 725; x_wconf 89' lang='lat' dir='ltr'><strong>de</strong></span> <span class='ocrx_word' id='word_1_38' title='bbox 959 686 1063 741; x_wconf 86' lang='lat' dir='ltr'><strong>qua</strong></span> <span class='ocrx_word' id='word_1_39' title='bbox 1098 670 1264 727; x_wconf 88' lang='lat' dir='ltr'><strong>Isaias</strong></span> <span class='ocrx_word' id='word_1_40' title='bbox 1284 672 1455 729; x_wconf 90' lang='lat' dir='ltr'><strong>dicit:</strong></span> <span class='ocrx_word' id='word_1_41' title='bbox 1495 672 1803 731; x_wconf 84' lang='lat' dir='ltr'><strong>Generatio-</strong></span> 
     </span>
    </p>
   </div>
   <div class='ocr_carea' id='block_1_5' title="bbox 220 760 1286 834">
    <p class='ocr_par' dir='ltr' id='par_1_5' title="bbox 220 760 1286 834">
     <span class='ocr_line' id='line_1_5' title="bbox 220 760 1286 834; baseline 0.001 -18"><span class='ocrx_word' id='word_1_42' title='bbox 220 776 336 816; x_wconf 77' lang='lat' dir='ltr'><strong>nem</strong></span> <span class='ocrx_word' id='word_1_43' title='bbox 362 760 481 831; x_wconf 85' lang='lat' dir='ltr'><strong>ejus</strong></span> <span class='ocrx_word' id='word_1_44' title='bbox 506 761 626 830; x_wconf 86' lang='lat' dir='ltr'><strong>quis</strong></span> <span class='ocrx_word' id='word_1_45' title='bbox 654 760 919 814; x_wconf 79' lang='lat' dir='ltr'><strong>enarrabit</strong></span> <span class='ocrx_word' id='word_1_46' title='bbox 954 760 1088 833; x_wconf 85' lang='lat' dir='ltr'><strong>(Isa.</strong></span> <span class='ocrx_word' id='word_1_47' title='bbox 1117 763 1239 834; x_wconf 79' lang='grc' dir='ltr'>ιιιι)</span> <span class='ocrx_word' id='word_1_48' title='bbox 1262 764 1286 817; x_wconf 85' lang='lat'><strong>?</strong></span> 
     </span>
    </p>
   </div>
   <div class='ocr_carea' id='block_1_6' title="bbox 286 850 1803 926">
    <p class='ocr_par' dir='ltr' id='par_1_6' title="bbox 286 850 1803 926">
     <span class='ocr_line' id='line_1_6' title="bbox 286 850 1803 926; baseline 0.003 -20"><span class='ocrx_word' id='word_1_49' title='bbox 286 851 356 906; x_wconf 82' lang='lat' dir='ltr'><strong>Et</strong></span> <span class='ocrx_word' id='word_1_50' title='bbox 378 868 596 905; x_wconf 86' lang='lat' dir='ltr'><strong>rursum</strong></span> <span class='ocrx_word' id='word_1_51' title='bbox 619 868 638 905; x_wconf 90' lang='lat'><strong>:</strong></span> <span class='ocrx_word' id='word_1_52' title='bbox 664 850 778 921; x_wconf 85' lang='lat' dir='ltr'><strong>Ego</strong></span> <span class='ocrx_word' id='word_1_53' title='bbox 806 867 895 906; x_wconf 85' lang='lat' dir='ltr'><strong>ero</strong></span> <span class='ocrx_word' id='word_1_54' title='bbox 924 851 1004 906; x_wconf 87' lang='lat' dir='ltr'><strong>illi</strong></span> <span class='ocrx_word' id='word_1_55' title='bbox 1024 854 1080 907; x_wconf 83' lang='lat' dir='ltr'><strong>in</strong></span> <span class='ocrx_word' id='word_1_56' title='bbox 1107 864 1310 923; x_wconf 88' lang='lat' dir='ltr'><strong>patrem</strong></span> <span class='ocrx_word' id='word_1_57' title='bbox 1345 864 1395 909; x_wconf 88' lang='lat' dir='ltr'><strong>et</strong></span> <span class='ocrx_word' id='word_1_58' title='bbox 1419 856 1529 926; x_wconf 87' lang='lat' dir='ltr'><strong>ipse</strong></span> <span class='ocrx_word' id='word_1_59' title='bbox 1551 856 1649 910; x_wconf 88' lang='lat' dir='ltr'><strong>erit</strong></span> <span class='ocrx_word' id='word_1_60' title='bbox 1672 856 1803 911; x_wconf 77' lang='lat' dir='ltr'><strong>milii</strong></span> 
     </span>
    </p>
   </div>
   <div class='ocr_carea' id='block_1_7' title="bbox 219 942 1805 1012">
    <p class='ocr_par' dir='ltr' id='par_1_7' title="bbox 219 942 1805 1012">
     <span class='ocr_line' id='line_1_7' title="bbox 219 942 1805 1012; baseline 0.004 -16"><span class='ocrx_word' id='word_1_61' title='bbox 219 944 275 997; x_wconf 79' lang='lat' dir='ltr'><strong>in</strong></span> <span class='ocrx_word' id='word_1_62' title='bbox 294 942 485 1012; x_wconf 79' lang='lat' dir='ltr'><strong>ﬁlium.</strong></span> <span class='ocrx_word' id='word_1_63' title='bbox 518 942 579 997; x_wconf 89' lang='lat' dir='ltr'><strong>In</strong></span> <span class='ocrx_word' id='word_1_64' title='bbox 605 942 692 998; x_wconf 90' lang='lat' dir='ltr'><strong>his</strong></span> <span class='ocrx_word' id='word_1_65' title='bbox 719 944 925 999; x_wconf 89' lang='lat' dir='ltr'><strong>duobus</strong></span> <span class='ocrx_word' id='word_1_66' title='bbox 948 944 1215 1009; x_wconf 81' lang='lat' dir='ltr'><strong>versibus,</strong></span> <span class='ocrx_word' id='word_1_67' title='bbox 1241 945 1484 1001; x_wconf 83' lang='lat' dir='ltr'><strong>absolute</strong></span> <span class='ocrx_word' id='word_1_68' title='bbox 1505 947 1805 1003; x_wconf 83' lang='lat' dir='ltr'><strong>debellatur</strong></span> 
     </span>
    </p>
   </div>
   <div class='ocr_carea' id='block_1_8' title="bbox 219 1032 1835 1109">
    <p class='ocr_par' dir='ltr' id='par_1_8' title="bbox 219 1032 1835 1109">
     <span class='ocr_line' id='line_1_8' title="bbox 219 1032 1835 1109; baseline 0.002 -18"><span class='ocrx_word' id='word_1_69' title='bbox 219 1034 476 1105; x_wconf 86' lang='lat' dir='ltr'><strong>iniquitas</strong></span> <span class='ocrx_word' id='word_1_70' title='bbox 528 1032 872 1100; x_wconf 66' lang='lat' dir='ltr'><strong>Iudaeorum;</strong></span> <span class='ocrx_word' id='word_1_71' title='bbox 921 1035 1050 1105; x_wconf 90' lang='lat' dir='ltr'><strong>quid</strong></span> <span class='ocrx_word' id='word_1_72' title='bbox 1090 1036 1235 1091; x_wconf 91' lang='lat' dir='ltr'><strong>enim</strong></span> <span class='ocrx_word' id='word_1_73' title='bbox 1286 1037 1626 1104; x_wconf 79' lang='lat' dir='ltr'><strong>evidentius,</strong></span> <span class='ocrx_word' id='word_1_74' title='bbox 1674 1039 1835 1109; x_wconf 21' lang='lat' dir='ltr'><strong>quid:</strong></span> 
     </span>
    </p>
   </div>
   <div class='ocr_carea' id='block_1_9' title="bbox 221 1126 1806 1201">
    <p class='ocr_par' dir='ltr' id='par_1_9' title="bbox 221 1126 1806 1201">
     <span class='ocr_line' id='line_1_9' title="bbox 221 1126 1806 1201; baseline 0.005 -22"><span class='ocrx_word' id='word_1_75' title='bbox 221 1126 435 1196; x_wconf 86' lang='lat' dir='ltr'><strong>planius</strong></span> <span class='ocrx_word' id='word_1_76' title='bbox 459 1166 474 1191; x_wconf 98' lang='lat'><strong>,</strong></span> <span class='ocrx_word' id='word_1_77' title='bbox 515 1141 678 1196; x_wconf 89' lang='lat' dir='ltr'><strong>quam</strong></span> <span class='ocrx_word' id='word_1_78' title='bbox 722 1135 783 1181; x_wconf 89' lang='lat' dir='ltr'><strong>ut</strong></span> <span class='ocrx_word' id='word_1_79' title='bbox 812 1140 933 1182; x_wconf 90' lang='lat' dir='ltr'><strong>esse</strong></span> <span class='ocrx_word' id='word_1_80' title='bbox 959 1127 1215 1183; x_wconf 84' lang='lat' dir='ltr'><strong>credatur</strong></span> <span class='ocrx_word' id='word_1_81' title='bbox 1241 1128 1414 1196; x_wconf 91' lang='lat' dir='ltr'><strong>ﬁlius,</strong></span> <span class='ocrx_word' id='word_1_82' title='bbox 1460 1130 1556 1201; x_wconf 89' lang='lat' dir='ltr'><strong>qui</strong></span> <span class='ocrx_word' id='word_1_83' title='bbox 1589 1131 1806 1187; x_wconf 82' lang='lat' dir='ltr'><strong>invocat</strong></span> 
     </span>
    </p>
   </div>
   <div class='ocr_carea' id='block_1_10' title="bbox 219 1217 1808 1292">
    <p class='ocr_par' dir='ltr' id='par_1_10' title="bbox 219 1217 1808 1292">
     <span class='ocr_line' id='line_1_10' title="bbox 219 1217 1808 1292; baseline 0.004 -23"><span class='ocrx_word' id='word_1_84' title='bbox 219 1224 469 1286; x_wconf 85' lang='lat' dir='ltr'><strong>patrem:</strong></span> <span class='ocrx_word' id='word_1_85' title='bbox 508 1224 566 1270; x_wconf 90' lang='lat' dir='ltr'><strong>et</strong></span> <span class='ocrx_word' id='word_1_86' title='bbox 594 1232 807 1272; x_wconf 86' lang='lat' dir='ltr'><strong>rursum</strong></span> <span class='ocrx_word' id='word_1_87' title='bbox 851 1217 1106 1273; x_wconf 87' lang='lat' dir='ltr'><strong>credatur</strong></span> <span class='ocrx_word' id='word_1_88' title='bbox 1137 1233 1256 1277; x_wconf 89' lang='lat' dir='ltr'><strong>esse</strong></span> <span class='ocrx_word' id='word_1_89' title='bbox 1282 1217 1474 1291; x_wconf 75' lang='lat' dir='ltr'><strong>pater,</strong></span> <span class='ocrx_word' id='word_1_90' title='bbox 1496 1222 1588 1292; x_wconf 90' lang='lat' dir='ltr'><strong>qui</strong></span> <span class='ocrx_word' id='word_1_91' title='bbox 1621 1222 1808 1292; x_wconf 87' lang='lat' dir='ltr'><strong>appel-</strong></span> 
     </span>
    </p>
   </div>
   <div class='ocr_carea' id='block_1_11' title="bbox 223 1306 1699 1361">
    <p class='ocr_par' dir='ltr' id='par_1_11' title="bbox 223 1306 1699 1361">
     <span class='ocr_line' id='line_1_11' title="bbox 223 1306 1699 1361; baseline 0.006 -3"><span class='ocrx_word' id='word_1_92' title='bbox 223 1306 295 1360; x_wconf 87' lang='lat' dir='ltr'><strong>lat</strong></span> <span class='ocrx_word' id='word_1_93' title='bbox 320 1307 514 1361; x_wconf 86' lang='lat' dir='ltr'><strong>ﬁlium.</strong></span> <span class='ocrx_word' id='word_1_94' title='bbox 1252 1324 1261 1333; x_wconf 85' lang='lat'>&#39;</span> <span class='ocrx_word' id='word_1_95' title='bbox 1694 1320 1699 1329; x_wconf 83' lang='lat'><strong>’</strong></span> 
     </span>
    </p>
   </div>
   <div class='ocr_carea' id='block_1_12' title="bbox 290 1395 1804 1474">
    <p class='ocr_par' dir='ltr' id='par_1_12' title="bbox 290 1395 1804 1474">
     <span class='ocr_line' id='line_1_12' title="bbox 290 1395 1804 1474; baseline 0.008 -26"><span class='ocrx_word' id='word_1_96' title='bbox 290 1395 508 1450; x_wconf 78' lang='lat' dir='ltr'><strong>Etcum</strong></span> <span class='ocrx_word' id='word_1_97' title='bbox 544 1398 734 1452; x_wconf 80' lang='lat' dir='ltr'><strong>iterum</strong></span> <span class='ocrx_word' id='word_1_98' title='bbox 772 1400 1058 1455; x_wconf 75' lang='lat' dir='ltr'><strong>introducit</strong></span> <span class='ocrx_word' id='word_1_99' title='bbox 1097 1402 1500 1474; x_wconf 83' lang='lat' dir='ltr'><strong>primogenitum</strong></span> <span class='ocrx_word' id='word_1_100' title='bbox 1538 1404 1594 1459; x_wconf 89' lang='lat' dir='ltr'><strong>in</strong></span> <span class='ocrx_word' id='word_1_101' title='bbox 1629 1405 1804 1460; x_wconf 84' lang='lat' dir='ltr'><strong>orbem</strong></span> 
     </span>
    </p>
   </div>
   <div class='ocr_carea' id='block_1_13' title="bbox 221 1488 1809 1566">
    <p class='ocr_par' dir='ltr' id='par_1_13' title="bbox 221 1488 1809 1566">
     <span class='ocr_line' id='line_1_13' title="bbox 221 1488 1809 1566; baseline 0.008 -26"><span class='ocrx_word' id='word_1_102' title='bbox 221 1498 392 1553; x_wconf 70' lang='lat' dir='ltr'><strong>terra,</strong></span> <span class='ocrx_word' id='word_1_103' title='bbox 409 1488 559 1541; x_wconf 68' lang='lat' dir='ltr'><strong>dicit.</strong></span> <span class='ocrx_word' id='word_1_104' title='bbox 579 1488 680 1559; x_wconf 86' lang='lat' dir='ltr'><strong>(Ex</strong></span> <span class='ocrx_word' id='word_1_105' title='bbox 706 1488 862 1544; x_wconf 82' lang='lat' dir='ltr'><strong>Joan.</strong></span> <span class='ocrx_word' id='word_1_106' title='bbox 889 1489 1108 1565; x_wconf 85' lang='lat' dir='ltr'><strong>Chrys.)</strong></span> <span class='ocrx_word' id='word_1_107' title='bbox 1129 1492 1417 1550; x_wconf 90' lang='lat' dir='ltr'><strong>Introitum</strong></span> <span class='ocrx_word' id='word_1_108' title='bbox 1444 1511 1572 1566; x_wconf 89' lang='lat' dir='ltr'><strong>ergo</strong></span> <span class='ocrx_word' id='word_1_109' title='bbox 1597 1510 1809 1552; x_wconf 86' lang='lat' dir='ltr'><strong>assum-</strong></span> 
     </span>
    </p>
   </div>
   <div class='ocr_carea' id='block_1_14' title="bbox 221 1580 1802 1656">
    <p class='ocr_par' dir='ltr' id='par_1_14' title="bbox 221 1580 1802 1656">
     <span class='ocr_line' id='line_1_14' title="bbox 221 1580 1802 1656; baseline 0.007 -22"><span class='ocrx_word' id='word_1_110' title='bbox 221 1582 457 1653; x_wconf 89' lang='lat' dir='ltr'><strong>ptionem</strong></span> <span class='ocrx_word' id='word_1_111' title='bbox 498 1583 680 1637; x_wconf 89' lang='lat' dir='ltr'><strong>carnis</strong></span> <span class='ocrx_word' id='word_1_112' title='bbox 716 1584 967 1653; x_wconf 85' lang='lat' dir='ltr'><strong>appellat,</strong></span> <span class='ocrx_word' id='word_1_113' title='bbox 1016 1585 1150 1642; x_wconf 86' lang='lat' dir='ltr'><strong>foris</strong></span> <span class='ocrx_word' id='word_1_114' title='bbox 1178 1589 1322 1642; x_wconf 87' lang='lat' dir='ltr'><strong>enim</strong></span> <span class='ocrx_word' id='word_1_115' title='bbox 1365 1580 1584 1644; x_wconf 85' lang='lat' dir='ltr'><strong>eramus</strong></span> <span class='ocrx_word' id='word_1_116' title='bbox 1610 1606 1642 1644; x_wconf 88' lang='lat' dir='ltr'><strong>a</strong></span> <span class='ocrx_word' id='word_1_117' title='bbox 1671 1589 1802 1656; x_wconf 89' lang='lat' dir='ltr'><strong>Deo,</strong></span> 
     </span>
    </p>
   </div>
   <div class='ocr_carea' id='block_1_15' title="bbox 226 1672 1807 1744">
    <p class='ocr_par' dir='ltr' id='par_1_15' title="bbox 226 1672 1807 1744">
     <span class='ocr_line' id='line_1_15' title="bbox 226 1672 1807 1744; baseline 0.005 -17"><span class='ocrx_word' id='word_1_118' title='bbox 226 1673 367 1727; x_wconf 89' lang='lat' dir='ltr'><strong>sicut</strong></span> <span class='ocrx_word' id='word_1_119' title='bbox 400 1672 498 1742; x_wconf 91' lang='lat' dir='ltr'><strong>qui</strong></span> <span class='ocrx_word' id='word_1_120' title='bbox 528 1680 659 1727; x_wconf 93' lang='lat' dir='ltr'><strong>sunt</strong></span> <span class='ocrx_word' id='word_1_121' title='bbox 691 1683 843 1728; x_wconf 83' lang='lat' dir='ltr'><strong>extra</strong></span> <span class='ocrx_word' id='word_1_122' title='bbox 875 1675 1083 1744; x_wconf 80' lang='lat' dir='ltr'><strong>regales</strong></span> <span class='ocrx_word' id='word_1_123' title='bbox 1113 1676 1260 1732; x_wconf 89' lang='lat' dir='ltr'><strong>aulas</strong></span> <span class='ocrx_word' id='word_1_124' title='bbox 1304 1677 1360 1732; x_wconf 86' lang='lat' dir='ltr'><strong>in</strong></span> <span class='ocrx_word' id='word_1_125' title='bbox 1388 1678 1620 1734; x_wconf 91' lang='lat' dir='ltr'><strong>vinculis</strong></span> <span class='ocrx_word' id='word_1_126' title='bbox 1658 1679 1807 1735; x_wconf 91' lang='lat' dir='ltr'><strong>colli-</strong></span> 
     </span>
    </p>
   </div>
   <div class='ocr_carea' id='block_1_16' title="bbox 222 1761 1829 1841">
    <p class='ocr_par' dir='ltr' id='par_1_16' title="bbox 222 1761 1829 1841">
     <span class='ocr_line' id='line_1_16' title="bbox 222 1761 1829 1841; baseline 0.006 -25"><span class='ocrx_word' id='word_1_127' title='bbox 222 1763 350 1833; x_wconf 85' lang='lat' dir='ltr'><strong>ga&#39;ti.</strong></span> <span class='ocrx_word' id='word_1_128' title='bbox 401 1761 493 1817; x_wconf 90' lang='lat' dir='ltr'><strong>Sic</strong></span> <span class='ocrx_word' id='word_1_129' title='bbox 523 1763 690 1818; x_wconf 90' lang='lat' dir='ltr'><strong>etiam</strong></span> <span class='ocrx_word' id='word_1_130' title='bbox 718 1763 963 1820; x_wconf 84' lang='lat' dir='ltr'><strong>Christus</strong></span> <span class='ocrx_word' id='word_1_131' title='bbox 987 1765 1184 1833; x_wconf 80' lang='lat' dir='ltr'><strong>effecit,</strong></span> <span class='ocrx_word' id='word_1_132' title='bbox 1232 1784 1484 1834; x_wconf 79' lang='lat' dir='ltr'><strong>egressus</strong></span> <span class='ocrx_word' id='word_1_133' title='bbox 1512 1771 1710 1841; x_wconf 85' lang='lat' dir='ltr'><strong>quippe</strong></span> <span class='ocrx_word' id='word_1_134' title='bbox 1737 1772 1829 1826; x_wconf 58' lang='lat' dir='ltr'><strong>ad&#39;</strong></span> 
     </span>
    </p>
   </div>
   <div class='ocr_carea' id='block_1_17' title="bbox 224 1845 1883 1929">
    <p class='ocr_par' dir='ltr' id='par_1_17' title="bbox 224 1845 1883 1929">
     <span class='ocr_line' id='line_1_17' title="bbox 224 1845 1883 1929; baseline 0.005 -20"><span class='ocrx_word' id='word_1_135' title='bbox 224 1870 343 1919; x_wconf 89' lang='lat' dir='ltr'><strong>nos,</strong></span> <span class='ocrx_word' id='word_1_136' title='bbox 373 1855 475 1910; x_wconf 90' lang='lat' dir='ltr'><strong>hoc</strong></span> <span class='ocrx_word' id='word_1_137' title='bbox 498 1862 604 1920; x_wconf 87' lang='lat' dir='ltr'><strong>est,</strong></span> <span class='ocrx_word' id='word_1_138' title='bbox 629 1871 848 1910; x_wconf 91' lang='lat' dir='ltr'><strong>carnem</strong></span> <span class='ocrx_word' id='word_1_139' title='bbox 872 1872 1092 1913; x_wconf 88' lang='lat' dir='ltr'><strong>sumens</strong></span> <span class='ocrx_word' id='word_1_140' title='bbox 1115 1868 1169 1915; x_wconf 90' lang='lat' dir='ltr'><strong>et</strong></span> <span class='ocrx_word' id='word_1_141' title='bbox 1189 1861 1480 1917; x_wconf 91' lang='lat' dir='ltr'><strong>collocatus</strong></span> <span class='ocrx_word' id='word_1_142' title='bbox 1502 1863 1805 1929; x_wconf 88' lang='lat' dir='ltr'><strong>nobiscum,</strong></span> <span class='ocrx_word' id='word_1_143' title='bbox 1835 1845 1883 1903; x_wconf 82' lang='lat' dir='ltr'><strong>B</strong></span> 
     </span>
    </p>
   </div>
   <div class='ocr_carea' id='block_1_18' title="bbox 223 1947 1811 2023">
    <p class='ocr_par' dir='ltr' id='par_1_18' title="bbox 223 1947 1811 2023">
     <span class='ocr_line' id='line_1_18' title="bbox 223 1947 1811 2023; baseline 0.004 -23"><span class='ocrx_word' id='word_1_144' title='bbox 223 1955 486 2018; x_wconf 69' lang='lat' dir='ltr'><strong>pmcepta</strong></span> <span class='ocrx_word' id='word_1_145' title='bbox 512 1947 679 2019; x_wconf 83' lang='lat' dir='ltr'><strong>Regis</strong></span> <span class='ocrx_word' id='word_1_146' title='bbox 700 1948 953 2015; x_wconf 86' lang='lat' dir='ltr'><strong>innotuit,</strong></span> <span class='ocrx_word' id='word_1_147' title='bbox 991 1958 1047 2006; x_wconf 91' lang='lat' dir='ltr'><strong>et</strong></span> <span class='ocrx_word' id='word_1_148' title='bbox 1076 1952 1156 2006; x_wconf 90' lang='lat' dir='ltr'><strong>sic</strong></span> <span class='ocrx_word' id='word_1_149' title='bbox 1184 1967 1282 2008; x_wconf 89' lang='lat' dir='ltr'><strong>nos</strong></span> <span class='ocrx_word' id='word_1_150' title='bbox 1305 1968 1335 2007; x_wconf 91' lang='lat' dir='ltr'><strong>a</strong></span> <span class='ocrx_word' id='word_1_151' title='bbox 1360 1954 1598 2023; x_wconf 84' lang='lat' dir='ltr'><strong>peccatis</strong></span> <span class='ocrx_word' id='word_1_152' title='bbox 1622 1969 1811 2009; x_wconf 89' lang='lat' dir='ltr'><strong>emun-</strong></span> 
     </span>
    </p>
   </div>
   <div class='ocr_carea' id='block_1_19' title="bbox 224 2038 1813 2117">
    <p class='ocr_par' dir='ltr' id='par_1_19' title="bbox 224 2038 1813 2117">
     <span class='ocr_line' id='line_1_19' title="bbox 224 2038 1813 2117; baseline 0.004 -25"><span class='ocrx_word' id='word_1_153' title='bbox 224 2038 381 2103; x_wconf 89' lang='lat' dir='ltr'><strong>dans,</strong></span> <span class='ocrx_word' id='word_1_154' title='bbox 407 2047 463 2093; x_wconf 90' lang='lat' dir='ltr'><strong>et</strong></span> <span class='ocrx_word' id='word_1_155' title='bbox 492 2038 559 2093; x_wconf 93' lang='lat' dir='ltr'><strong>ad</strong></span> <span class='ocrx_word' id='word_1_156' title='bbox 586 2040 753 2094; x_wconf 89' lang='lat' dir='ltr'><strong>Deum</strong></span> <span class='ocrx_word' id='word_1_157' title='bbox 777 2049 1120 2108; x_wconf 87' lang='lat' dir='ltr'><strong>convertens,</strong></span> <span class='ocrx_word' id='word_1_158' title='bbox 1149 2043 1203 2097; x_wconf 93' lang='lat' dir='ltr'><strong>in</strong></span> <span class='ocrx_word' id='word_1_159' title='bbox 1226 2045 1404 2099; x_wconf 86' lang='lat' dir='ltr'><strong>aulam</strong></span> <span class='ocrx_word' id='word_1_160' title='bbox 1429 2045 1606 2117; x_wconf 83' lang='lat' dir='ltr'><strong>regale</strong></span> <span class='ocrx_word' id='word_1_161' title='bbox 1630 2061 1684 2110; x_wconf 77' lang='grc' dir='ltr'><strong>ιι,</strong></span> <span class='ocrx_word' id='word_1_162' title='bbox 1706 2045 1813 2099; x_wconf 86' lang='lat' dir='ltr'><strong>vel-</strong></span> 
     </span>
    </p>
   </div>
   <div class='ocr_carea' id='block_1_20' title="bbox 225 2131 1812 2207">
    <p class='ocr_par' dir='ltr' id='par_1_20' title="bbox 225 2131 1812 2207">
     <span class='ocr_line' id='line_1_20' title="bbox 225 2131 1812 2207; baseline 0.005 -24"><span class='ocrx_word' id='word_1_163' title='bbox 225 2139 283 2184; x_wconf 91' lang='lat' dir='ltr'><strong>ut</strong></span> <span class='ocrx_word' id='word_1_164' title='bbox 330 2131 602 2186; x_wconf 86' lang='lat' dir='ltr'><strong>mediator</strong></span> <span class='ocrx_word' id='word_1_165' title='bbox 644 2133 921 2202; x_wconf 82' lang='lat' dir='ltr'><strong>Optimus,</strong></span> <span class='ocrx_word' id='word_1_166' title='bbox 970 2133 1288 2190; x_wconf 78' lang='lat' dir='ltr'><strong>introduxit.</strong></span> <span class='ocrx_word' id='word_1_167' title='bbox 1339 2135 1632 2206; x_wconf 86' lang='lat' dir='ltr'><strong>Propterea</strong></span> <span class='ocrx_word' id='word_1_168' title='bbox 1681 2152 1812 2207; x_wconf 87' lang='lat' dir='ltr'><strong>ergo</strong></span> 
     </span>
    </p>
   </div>
   <div class='ocr_carea' id='block_1_21' title="bbox 224 2220 1815 2284">
    <p class='ocr_par' dir='ltr' id='par_1_21' title="bbox 224 2220 1815 2284">
     <span class='ocr_line' id='line_1_21' title="bbox 224 2220 1815 2284; baseline 0.005 -8"><span class='ocrx_word' id='word_1_169' title='bbox 224 2220 429 2276; x_wconf 83' lang='lat' dir='ltr'><strong>exitum</strong></span> <span class='ocrx_word' id='word_1_170' title='bbox 476 2231 641 2277; x_wconf 86' lang='lat' dir='ltr'><strong>vocat</strong></span> <span class='ocrx_word' id='word_1_171' title='bbox 694 2239 805 2278; x_wconf 70' lang='lat' dir='ltr'><strong>sua:</strong></span> <span class='ocrx_word' id='word_1_172' title='bbox 853 2224 1238 2282; x_wconf 82' lang='lat' dir='ltr'><strong>incarnationis</strong></span> <span class='ocrx_word' id='word_1_173' title='bbox 1288 2228 1598 2282; x_wconf 86' lang='lat' dir='ltr'><strong>adventum.</strong></span> <span class='ocrx_word' id='word_1_174' title='bbox 1660 2227 1815 2284; x_wconf 89' lang='lat' dir='ltr'><strong>Tunc</strong></span> 
     </span>
    </p>
   </div>
   <div class='ocr_carea' id='block_1_22' title="bbox 225 2311 1814 2384">
    <p class='ocr_par' dir='ltr' id='par_1_22' title="bbox 225 2311 1814 2384">
     <span class='ocr_line' id='line_1_22' title="bbox 225 2311 1814 2384; baseline 0.006 -19"><span class='ocrx_word' id='word_1_175' title='bbox 225 2311 368 2366; x_wconf 88' lang='lat' dir='ltr'><strong>enim</strong></span> <span class='ocrx_word' id='word_1_176' title='bbox 415 2320 588 2367; x_wconf 87' lang='lat' dir='ltr'><strong>totum</strong></span> <span class='ocrx_word' id='word_1_177' title='bbox 633 2315 818 2369; x_wconf 84' lang='lat' dir='ltr'><strong>urbem</strong></span> <span class='ocrx_word' id='word_1_178' title='bbox 848 2316 1124 2384; x_wconf 88' lang='lat' dir='ltr'><strong>possedit,</strong></span> <span class='ocrx_word' id='word_1_179' title='bbox 1175 2333 1298 2373; x_wconf 90' lang='lat' dir='ltr'><strong>cum</strong></span> <span class='ocrx_word' id='word_1_180' title='bbox 1328 2320 1395 2373; x_wconf 89' lang='lat' dir='ltr'><strong>ab</strong></span> <span class='ocrx_word' id='word_1_181' title='bbox 1424 2319 1695 2375; x_wconf 81' lang='lat' dir='ltr'><strong>universis</strong></span> <span class='ocrx_word' id='word_1_182' title='bbox 1730 2327 1814 2375; x_wconf 92' lang='lat' dir='ltr'><strong>est</strong></span> 
     </span>
    </p>
   </div>
   <div class='ocr_carea' id='block_1_23' title="bbox 227 2402 1814 2478">
    <p class='ocr_par' dir='ltr' id='par_1_23' title="bbox 227 2402 1814 2478">
     <span class='ocr_line' id='line_1_23' title="bbox 227 2402 1814 2478; baseline 0.006 -24"><span class='ocrx_word' id='word_1_183' title='bbox 227 2402 473 2473; x_wconf 79' lang='lat' dir='ltr'><strong>agnitus,</strong></span> <span class='ocrx_word' id='word_1_184' title='bbox 519 2404 793 2473; x_wconf 84' lang='lat' dir='ltr'><strong>quomodo</strong></span> <span class='ocrx_word' id='word_1_185' title='bbox 825 2405 871 2459; x_wconf 91' lang='lat' dir='ltr'><strong>si</strong></span> <span class='ocrx_word' id='word_1_186' title='bbox 898 2406 1021 2474; x_wconf 90' lang='lat' dir='ltr'><strong>quis</strong></span> <span class='ocrx_word' id='word_1_187' title='bbox 1060 2407 1113 2461; x_wconf 90' lang='lat' dir='ltr'><strong>in</strong></span> <span class='ocrx_word' id='word_1_188' title='bbox 1149 2408 1436 2478; x_wconf 88' lang='lat' dir='ltr'><strong>quamdam</strong></span> <span class='ocrx_word' id='word_1_189' title='bbox 1470 2409 1688 2464; x_wconf 90' lang='lat' dir='ltr'><strong>domum</strong></span> <span class='ocrx_word' id='word_1_190' title='bbox 1733 2410 1814 2464; x_wconf 90' lang='lat' dir='ltr'><strong>in-</strong></span> 
     </span>
    </p>
   </div>
   <div class='ocr_carea' id='block_1_24' title="bbox 227 2493 1815 2564">
    <p class='ocr_par' dir='ltr' id='par_1_24' title="bbox 227 2493 1815 2564">
     <span class='ocr_line' id='line_1_24' title="bbox 227 2493 1815 2564; baseline 0.006 -18"><span class='ocrx_word' id='word_1_191' title='bbox 227 2493 473 2549; x_wconf 88' lang='lat' dir='ltr'><strong>troducat</strong></span> <span class='ocrx_word' id='word_1_192' title='bbox 504 2494 763 2564; x_wconf 82' lang='lat' dir='ltr'><strong>aliquem,</strong></span> <span class='ocrx_word' id='word_1_193' title='bbox 814 2502 869 2550; x_wconf 89' lang='lat' dir='ltr'><strong>et</strong></span> <span class='ocrx_word' id='word_1_194' title='bbox 914 2496 1199 2553; x_wconf 80' lang='lat' dir='ltr'><strong>confestim</strong></span> <span class='ocrx_word' id='word_1_195' title='bbox 1227 2514 1415 2554; x_wconf 90' lang='lat' dir='ltr'><strong>omnes</strong></span> <span class='ocrx_word' id='word_1_196' title='bbox 1458 2499 1600 2556; x_wconf 89' lang='lat' dir='ltr'><strong>illius</strong></span> <span class='ocrx_word' id='word_1_197' title='bbox 1624 2500 1815 2556; x_wconf 91' lang='lat' dir='ltr'><strong>domus</strong></span> 
     </span>
    </p>
   </div>
   <div class='ocr_carea' id='block_1_25' title="bbox 225 2585 1814 2659">
    <p class='ocr_par' dir='ltr' id='par_1_25' title="bbox 225 2585 1814 2659">
     <span class='ocr_line' id='line_1_25' title="bbox 225 2585 1814 2659; baseline 0.007 -20"><span class='ocrx_word' id='word_1_198' title='bbox 225 2586 493 2657; x_wconf 88' lang='lat' dir='ltr'><strong>principes</strong></span> <span class='ocrx_word' id='word_1_199' title='bbox 519 2585 740 2655; x_wconf 76' lang='lat' dir='ltr'><strong>iubeat,</strong></span> <span class='ocrx_word' id='word_1_200' title='bbox 787 2596 849 2642; x_wconf 91' lang='lat' dir='ltr'><strong>ut</strong></span> <span class='ocrx_word' id='word_1_201' title='bbox 882 2588 1031 2644; x_wconf 89' lang='lat' dir='ltr'><strong>illum</strong></span> <span class='ocrx_word' id='word_1_202' title='bbox 1072 2591 1227 2659; x_wconf 88' lang='lat' dir='ltr'><strong>proni</strong></span> <span class='ocrx_word' id='word_1_203' title='bbox 1268 2591 1429 2647; x_wconf 89' lang='lat' dir='ltr'><strong>simul</strong></span> <span class='ocrx_word' id='word_1_204' title='bbox 1468 2607 1656 2648; x_wconf 87' lang='lat' dir='ltr'><strong>omnes</strong></span> <span class='ocrx_word' id='word_1_205' title='bbox 1680 2595 1814 2650; x_wconf 88' lang='lat' dir='ltr'><strong>ado-</strong></span> 
     </span>
    </p>
   </div>
   <div class='ocr_carea' id='block_1_26' title="bbox 229 2678 1817 2754">
    <p class='ocr_par' dir='ltr' id='par_1_26' title="bbox 229 2678 1817 2754">
     <span class='ocr_line' id='line_1_26' title="bbox 229 2678 1817 2754; baseline 0.004 -22"><span class='ocrx_word' id='word_1_206' title='bbox 229 2686 365 2732; x_wconf 89' lang='lat' dir='ltr'><strong>rent.</strong></span> <span class='ocrx_word' id='word_1_207' title='bbox 390 2678 468 2733; x_wconf 89' lang='lat' dir='ltr'><strong>Ita</strong></span> <span class='ocrx_word' id='word_1_208' title='bbox 498 2688 560 2733; x_wconf 88' lang='lat' dir='ltr'><strong>et</strong></span> <span class='ocrx_word' id='word_1_209' title='bbox 585 2678 858 2735; x_wconf 84' lang='lat' dir='ltr'><strong>Christum</strong></span> <span class='ocrx_word' id='word_1_210' title='bbox 888 2681 1183 2736; x_wconf 88' lang='lat' dir='ltr'><strong>secundum</strong></span> <span class='ocrx_word' id='word_1_211' title='bbox 1210 2696 1427 2737; x_wconf 91' lang='lat' dir='ltr'><strong>carnem</strong></span> <span class='ocrx_word' id='word_1_212' title='bbox 1450 2683 1612 2754; x_wconf 86' lang='lat' dir='ltr'><strong>jussit</strong></span> <span class='ocrx_word' id='word_1_213' title='bbox 1631 2699 1663 2738; x_wconf 90' lang='lat' dir='ltr'><strong>a</strong></span> <span class='ocrx_word' id='word_1_214' title='bbox 1688 2700 1817 2740; x_wconf 82' lang='lat' dir='ltr'><strong>cun—</strong></span> 
     </span>
    </p>
   </div>
   <div class='ocr_carea' id='block_1_27' title="bbox 231 2768 1815 2838">
    <p class='ocr_par' dir='ltr' id='par_1_27' title="bbox 231 2768 1815 2838">
     <span class='ocr_line' id='line_1_27' title="bbox 231 2768 1815 2838; baseline 0.005 -13"><span class='ocrx_word' id='word_1_215' title='bbox 231 2768 331 2825; x_wconf 90' lang='lat' dir='ltr'><strong>ctis</strong></span> <span class='ocrx_word' id='word_1_216' title='bbox 356 2769 571 2838; x_wconf 78' lang='lat' dir='ltr'><strong>angelis</strong></span> <span class='ocrx_word' id='word_1_217' title='bbox 597 2771 831 2838; x_wconf 87' lang='lat' dir='ltr'><strong>adorari,</strong></span> <span class='ocrx_word' id='word_1_218' title='bbox 876 2773 1100 2828; x_wconf 89' lang='lat' dir='ltr'><strong>dicens:</strong></span> <span class='ocrx_word' id='word_1_219' title='bbox 1133 2773 1204 2828; x_wconf 86' lang='lat' dir='ltr'><strong>Et</strong></span> <span class='ocrx_word' id='word_1_220' title='bbox 1243 2774 1461 2830; x_wconf 88' lang='lat' dir='ltr'><strong>adorent</strong></span> <span class='ocrx_word' id='word_1_221' title='bbox 1491 2793 1611 2831; x_wconf 86' lang='lat' dir='ltr'><strong>eum</strong></span> <span class='ocrx_word' id='word_1_222' title='bbox 1638 2792 1815 2833; x_wconf 78' lang='lat' dir='ltr'><strong>omnes</strong></span> 
     </span>
    </p>
   </div>
   <div class='ocr_carea' id='block_1_28' title="bbox 230 2849 1827 2934">
    <p class='ocr_par' dir='ltr' id='par_1_28' title="bbox 230 2849 1827 2934">
     <span class='ocr_line' id='line_1_28' title="bbox 230 2849 1827 2934; baseline 0.006 -18"><span class='ocrx_word' id='word_1_223' title='bbox 230 2863 396 2934; x_wconf 82' lang='lat' dir='ltr'><strong>angeli</strong></span> <span class='ocrx_word' id='word_1_224' title='bbox 424 2863 549 2919; x_wconf 83' lang='lat' dir='ltr'><strong>Dei.</strong></span> <span class='ocrx_word' id='word_1_225' title='bbox 1106 2896 1115 2906; x_wconf 87' lang='lat'><strong>-</strong></span> <span class='ocrx_word' id='word_1_226' title='bbox 1809 2849 1827 2865; x_wconf 55' lang='grc'><strong>’</strong></span> 
     </span>
    </p>
   </div>
   <div class='ocr_carea' id='block_1_29' title="bbox 298 2953 1817 3034">
    <p class='ocr_par' dir='ltr' id='par_1_29' title="bbox 298 2953 1817 3034">
     <span class='ocr_line' id='line_1_29' title="bbox 298 2953 1817 3034; baseline 0.008 -26"><span class='ocrx_word' id='word_1_227' title='bbox 298 2953 366 3009; x_wconf 83' lang='grc' dir='ltr'>Ει</span> <span class='ocrx_word' id='word_1_228' title='bbox 393 2955 462 3009; x_wconf 86' lang='lat' dir='ltr'><strong>ad</strong></span> <span class='ocrx_word' id='word_1_229' title='bbox 491 2956 708 3027; x_wconf 78' lang='lat' dir='ltr'><strong>angelos</strong></span> <span class='ocrx_word' id='word_1_230' title='bbox 728 2958 936 3029; x_wconf 83' lang='lat' dir='ltr'><strong>quidem</strong></span> <span class='ocrx_word' id='word_1_231' title='bbox 967 2961 1093 3015; x_wconf 80' lang='lat' dir='ltr'><strong>dicit</strong></span> <span class='ocrx_word' id='word_1_232' title='bbox 1123 2979 1135 3015; x_wconf 76' lang='grc' dir='ltr'><strong>ε</strong></span> <span class='ocrx_word' id='word_1_233' title='bbox 1167 2960 1273 3028; x_wconf 85' lang='lat' dir='ltr'><strong>Qui</strong></span> <span class='ocrx_word' id='word_1_234' title='bbox 1300 2963 1430 3032; x_wconf 79' lang='lat' dir='ltr'><strong>facit</strong></span> <span class='ocrx_word' id='word_1_235' title='bbox 1460 2963 1670 3034; x_wconf 84' lang='lat' dir='ltr'><strong>angelos</strong></span> <span class='ocrx_word' id='word_1_236' title='bbox 1692 2981 1817 3020; x_wconf 84' lang='lat' dir='ltr'><strong>suos</strong></span> 
     </span>
    </p>
   </div>
   <div class='ocr_carea' id='block_1_30' title="bbox 229 3049 1812 3129">
    <p class='ocr_par' dir='ltr' id='par_1_30' title="bbox 229 3049 1812 3129">
     <span class='ocr_line' id='line_1_30' title="bbox 229 3049 1812 3129; baseline 0.008 -27"><span class='ocrx_word' id='word_1_237' title='bbox 229 3049 459 3118; x_wconf 77' lang='lat' dir='ltr'><strong>spiritus.</strong></span> <span class='ocrx_word' id='word_1_238' title='bbox 490 3050 592 3122; x_wconf 80' lang='lat' dir='ltr'><strong>(Ex</strong></span> <span class='ocrx_word' id='word_1_239' title='bbox 618 3051 887 3123; x_wconf 84' lang='lat' dir='ltr'><strong>Cassiod.)</strong></span> <span class='ocrx_word' id='word_1_240' title='bbox 917 3053 1020 3120; x_wconf 81' lang='lat' dir='ltr'><strong>Qui</strong></span> <span class='ocrx_word' id='word_1_241' title='bbox 1044 3054 1174 3125; x_wconf 80' lang='lat' dir='ltr'><strong>facit</strong></span> <span class='ocrx_word' id='word_1_242' title='bbox 1195 3057 1407 3127; x_wconf 85' lang='lat' dir='ltr'><strong>angelos</strong></span> <span class='ocrx_word' id='word_1_243' title='bbox 1435 3074 1558 3113; x_wconf 87' lang='lat' dir='ltr'><strong>suos</strong></span> <span class='ocrx_word' id='word_1_244' title='bbox 1578 3060 1812 3129; x_wconf 83' lang='lat' dir='ltr'><strong>spiritus.</strong></span> 
     </span>
    </p>
   </div>
   <div class='ocr_carea' id='block_1_31' title="bbox 237 3138 1814 3222">
    <p class='ocr_par' dir='ltr' id='par_1_31' title="bbox 237 3138 1814 3222">
     <span class='ocr_line' id='line_1_31' title="bbox 237 3138 1814 3222; baseline 0.009 -27"><span class='ocrx_word' id='word_1_245' title='bbox 237 3138 464 3211; x_wconf 88' lang='lat' dir='ltr'><strong>Spiritus</strong></span> <span class='ocrx_word' id='word_1_246' title='bbox 498 3143 747 3213; x_wconf 87' lang='lat' dir='ltr'><strong>generale</strong></span> <span class='ocrx_word' id='word_1_247' title='bbox 779 3160 974 3201; x_wconf 89' lang='lat' dir='ltr'><strong>nomen</strong></span> <span class='ocrx_word' id='word_1_248' title='bbox 1012 3155 1116 3213; x_wconf 90' lang='lat' dir='ltr'><strong>est,</strong></span> <span class='ocrx_word' id='word_1_249' title='bbox 1167 3149 1525 3220; x_wconf 90' lang='lat' dir='ltr'><strong>incorporalis</strong></span> <span class='ocrx_word' id='word_1_250' title='bbox 1548 3153 1814 3222; x_wconf 88' lang='lat' dir='ltr'><strong>potentis-</strong></span> 
     </span>
    </p>
   </div>
   <div class='ocr_carea' id='block_1_32' title="bbox 231 3212 1887 3316">
    <p class='ocr_par' dir='ltr' id='par_1_32' title="bbox 231 3212 1887 3316">
     <span class='ocr_line' id='line_1_32' title="bbox 231 3212 1887 3316; baseline 0.009 -29"><span class='ocrx_word' id='word_1_251' title='bbox 231 3248 332 3304; x_wconf 89' lang='lat' dir='ltr'><strong>que</strong></span> <span class='ocrx_word' id='word_1_252' title='bbox 353 3212 692 3300; x_wconf 65' lang='lat' dir='ltr'><strong>substantiis,</strong></span> <span class='ocrx_word' id='word_1_253' title='bbox 717 3237 1015 3305; x_wconf 90' lang='lat' dir='ltr'><strong>visibiliter,</strong></span> <span class='ocrx_word' id='word_1_254' title='bbox 1049 3212 1162 3296; x_wconf 84' lang='lat' dir='ltr'><strong>sive</strong></span> <span class='ocrx_word' id='word_1_255' title='bbox 1189 3212 1566 3310; x_wconf 48' lang='lat' dir='ltr'><strong>invisibiliter,-</strong></span> <span class='ocrx_word' id='word_1_256' title='bbox 1583 3259 1817 3316; x_wconf 83' lang='lat' dir='ltr'><strong>operans</strong></span> <span class='ocrx_word' id='word_1_257' title='bbox 1843 3212 1887 3276; x_wconf 78' lang='lat' dir='ltr'>C</span> 
     </span>
    </p>
   </div>
   <div class='ocr_carea' id='block_1_33' title="bbox 233 3324 1817 3401">
    <p class='ocr_par' dir='ltr' id='par_1_33' title="bbox 233 3324 1817 3401">
     <span class='ocr_line' id='line_1_33' title="bbox 233 3324 1817 3401; baseline 0.008 -23"><span class='ocrx_word' id='word_1_258' title='bbox 233 3324 373 3394; x_wconf 88' lang='lat' dir='ltr'><strong>quod</strong></span> <span class='ocrx_word' id='word_1_259' title='bbox 391 3326 441 3381; x_wconf 90' lang='lat' dir='ltr'><strong>ei</strong></span> <span class='ocrx_word' id='word_1_260' title='bbox 466 3326 728 3383; x_wconf 89' lang='lat' dir='ltr'><strong>divinitus</strong></span> <span class='ocrx_word' id='word_1_261' title='bbox 755 3328 1067 3400; x_wconf 89' lang='lat' dir='ltr'><strong>inspiratur.</strong></span> <span class='ocrx_word' id='word_1_262' title='bbox 1100 3331 1427 3401; x_wconf 84' lang='lat' dir='ltr'><strong>Angelorum</strong></span> <span class='ocrx_word' id='word_1_263' title='bbox 1453 3324 1598 3390; x_wconf 83' lang='lat' dir='ltr'><strong>enim</strong></span> <span class='ocrx_word' id='word_1_264' title='bbox 1622 3352 1817 3391; x_wconf 90' lang='lat' dir='ltr'><strong>nomen</strong></span> 
     </span>
    </p>
   </div>
   <div class='ocr_carea' id='block_1_34' title="bbox 234 3418 1819 3502">
    <p class='ocr_par' dir='ltr' id='par_1_34' title="bbox 234 3418 1819 3502">
     <span class='ocr_line' id='line_1_34' title="bbox 234 3418 1819 3502; baseline 0.01 -32"><span class='ocrx_word' id='word_1_265' title='bbox 234 3431 338 3471; x_wconf 91' lang='lat' dir='ltr'><strong>non</strong></span> <span class='ocrx_word' id='word_1_266' title='bbox 391 3418 665 3489; x_wconf 89' lang='lat' dir='ltr'><strong>signiﬁcat</strong></span> <span class='ocrx_word' id='word_1_267' title='bbox 713 3426 990 3486; x_wconf 90' lang='lat' dir='ltr'><strong>naturam,</strong></span> <span class='ocrx_word' id='word_1_268' title='bbox 1037 3423 1133 3479; x_wconf 86' lang='lat' dir='ltr'><strong>sed</strong></span> <span class='ocrx_word' id='word_1_269' title='bbox 1178 3424 1561 3493; x_wconf 83' lang='lat' dir='ltr'><strong>obedientiam,</strong></span> <span class='ocrx_word' id='word_1_270' title='bbox 1608 3425 1819 3502; x_wconf 73' lang='grc' dir='ltr'><strong>ἄγγελος</strong></span> 
     </span>
    </p>
   </div>
   <div class='ocr_carea' id='block_1_35' title="bbox 232 3506 1820 3583">
    <p class='ocr_par' dir='ltr' id='par_1_35' title="bbox 232 3506 1820 3583">
     <span class='ocr_line' id='line_1_35' title="bbox 232 3506 1820 3583; baseline 0.006 -21"><span class='ocrx_word' id='word_1_271' title='bbox 232 3507 371 3562; x_wconf 89' lang='lat' dir='ltr'><strong>enim</strong></span> <span class='ocrx_word' id='word_1_272' title='bbox 400 3506 592 3563; x_wconf 71' lang='lat' dir='ltr'><strong>Gmca</strong></span> <span class='ocrx_word' id='word_1_273' title='bbox 634 3508 816 3580; x_wconf 85' lang='lat' dir='ltr'><strong>lingua</strong></span> <span class='ocrx_word' id='word_1_274' title='bbox 844 3511 1072 3578; x_wconf 90' lang='lat' dir='ltr'><strong>dicitur,</strong></span> <span class='ocrx_word' id='word_1_275' title='bbox 1125 3514 1217 3583; x_wconf 90' lang='lat' dir='ltr'><strong>qui</strong></span> <span class='ocrx_word' id='word_1_276' title='bbox 1253 3514 1444 3570; x_wconf 90' lang='lat' dir='ltr'><strong>Latine</strong></span> <span class='ocrx_word' id='word_1_277' title='bbox 1489 3517 1711 3572; x_wconf 90' lang='lat' dir='ltr'><strong>nuntius</strong></span> <span class='ocrx_word' id='word_1_278' title='bbox 1738 3517 1820 3572; x_wconf 92' lang='lat' dir='ltr'><strong>in-</strong></span> 
     </span>
    </p>
   </div>
   <div class='ocr_carea' id='block_1_36' title="bbox 234 3597 1816 3679">
    <p class='ocr_par' dir='ltr' id='par_1_36' title="bbox 234 3597 1816 3679">
     <span class='ocr_line' id='line_1_36' title="bbox 234 3597 1816 3679; baseline 0.008 -27"><span class='ocrx_word' id='word_1_279' title='bbox 234 3603 583 3669; x_wconf 87' lang='lat' dir='ltr'><strong>terpretatur.</strong></span> <span class='ocrx_word' id='word_1_280' title='bbox 633 3597 769 3655; x_wconf 81' lang='lat' dir='ltr'><strong>Nam</strong></span> <span class='ocrx_word' id='word_1_281' title='bbox 816 3603 1047 3672; x_wconf 80' lang='lat' dir='ltr'><strong>quando</strong></span> <span class='ocrx_word' id='word_1_282' title='bbox 1079 3604 1401 3671; x_wconf 89' lang='lat' dir='ltr'><strong>mittuntur,</strong></span> <span class='ocrx_word' id='word_1_283' title='bbox 1450 3607 1622 3679; x_wconf 83' lang='lat' dir='ltr'><strong>angeli</strong></span> <span class='ocrx_word' id='word_1_284' title='bbox 1662 3607 1816 3676; x_wconf 87' lang='lat' dir='ltr'><strong>ﬁunt,</strong></span> 
     </span>
    </p>
   </div>
   <div class='ocr_carea' id='block_1_37' title="bbox 232 3693 1817 3766">
    <p class='ocr_par' dir='ltr' id='par_1_37' title="bbox 232 3693 1817 3766">
     <span class='ocr_line' id='line_1_37' title="bbox 232 3693 1817 3766; baseline 0.007 -23"><span class='ocrx_word' id='word_1_285' title='bbox 232 3700 354 3743; x_wconf 88' lang='lat' dir='ltr'><strong>cum</strong></span> <span class='ocrx_word' id='word_1_286' title='bbox 386 3697 570 3745; x_wconf 89' lang='lat' dir='ltr'><strong>tamen</strong></span> <span class='ocrx_word' id='word_1_287' title='bbox 595 3698 788 3745; x_wconf 88' lang='lat' dir='ltr'><strong>natura</strong></span> <span class='ocrx_word' id='word_1_288' title='bbox 827 3693 1052 3763; x_wconf 86' lang='lat' dir='ltr'><strong>spiritus</strong></span> <span class='ocrx_word' id='word_1_289' title='bbox 1076 3708 1195 3750; x_wconf 90' lang='lat' dir='ltr'><strong>esse</strong></span> <span class='ocrx_word' id='word_1_290' title='bbox 1228 3704 1539 3751; x_wconf 88' lang='lat' dir='ltr'><strong>noscantur.</strong></span> <span class='ocrx_word' id='word_1_291' title='bbox 1580 3697 1817 3766; x_wconf 82' lang='lat' dir='ltr'><strong>Addidit,</strong></span> 
     </span>
    </p>
   </div>
   <div class='ocr_carea' id='block_1_38' title="bbox 234 3780 1818 3856">
    <p class='ocr_par' dir='ltr' id='par_1_38' title="bbox 234 3780 1818 3856">
     <span class='ocr_line' id='line_1_38' title="bbox 234 3780 1818 3856; baseline 0.006 -21"><span class='ocrx_word' id='word_1_292' title='bbox 234 3795 354 3835; x_wconf 87' lang='lat' dir='ltr'><strong>suos</strong></span> <span class='ocrx_word' id='word_1_293' title='bbox 371 3822 385 3845; x_wconf 93' lang='lat'><strong>,</strong></span> <span class='ocrx_word' id='word_1_294' title='bbox 410 3789 472 3835; x_wconf 92' lang='lat' dir='ltr'><strong>ut</strong></span> <span class='ocrx_word' id='word_1_295' title='bbox 496 3780 617 3836; x_wconf 89' lang='lat' dir='ltr'><strong>illos</strong></span> <span class='ocrx_word' id='word_1_296' title='bbox 645 3783 974 3850; x_wconf 79' lang='lat' dir='ltr'><strong>ostenderet,</strong></span> <span class='ocrx_word' id='word_1_297' title='bbox 996 3786 1088 3856; x_wconf 90' lang='lat' dir='ltr'><strong>qui</strong></span> <span class='ocrx_word' id='word_1_298' title='bbox 1116 3794 1266 3841; x_wconf 90' lang='lat' dir='ltr'><strong>recta</strong></span> <span class='ocrx_word' id='word_1_299' title='bbox 1286 3795 1465 3843; x_wconf 88' lang='lat' dir='ltr'><strong>mente</strong></span> <span class='ocrx_word' id='word_1_300' title='bbox 1486 3788 1699 3844; x_wconf 91' lang='lat' dir='ltr'><strong>Domini</strong></span> <span class='ocrx_word' id='word_1_301' title='bbox 1725 3805 1818 3844; x_wconf 85' lang='lat' dir='ltr'><strong>vo-</strong></span> 
     </span>
    </p>
   </div>
   <div class='ocr_carea' id='block_1_39' title="bbox 236 3872 945 3931">
    <p class='ocr_par' dir='ltr' id='par_1_39' title="bbox 236 3872 945 3931">
     <span class='ocr_line' id='line_1_39' title="bbox 236 3872 945 3931; baseline 0.006 -5"><span class='ocrx_word' id='word_1_302' title='bbox 236 3872 530 3928; x_wconf 88' lang='lat' dir='ltr'><strong>luntatibus</strong></span> <span class='ocrx_word' id='word_1_303' title='bbox 556 3874 945 3931; x_wconf 85' lang='lat' dir='ltr'><strong>obsecundant.</strong></span> 
     </span>
    </p>
   </div>
   <div class='ocr_carea' id='block_1_40' title="bbox 305 3961 1818 4046">
    <p class='ocr_par' dir='ltr' id='par_1_40' title="bbox 305 3961 1818 4046">
     <span class='ocr_line' id='line_1_40' title="bbox 305 3961 1818 4046; baseline 0.007 -30"><span class='ocrx_word' id='word_1_304' title='bbox 305 3961 372 4017; x_wconf 86' lang='lat' dir='ltr'><strong>Et</strong></span> <span class='ocrx_word' id='word_1_305' title='bbox 400 3964 669 4019; x_wconf 88' lang='lat' dir='ltr'><strong>ministros</strong></span> <span class='ocrx_word' id='word_1_306' title='bbox 694 3982 816 4020; x_wconf 88' lang='lat' dir='ltr'><strong>suos</strong></span> <span class='ocrx_word' id='word_1_307' title='bbox 842 3968 1110 4036; x_wconf 78' lang='lat' dir='ltr'><strong>ﬂammam</strong></span> <span class='ocrx_word' id='word_1_308' title='bbox 1144 3969 1299 4041; x_wconf 88' lang='lat' dir='ltr'><strong>ignis.</strong></span> <span class='ocrx_word' id='word_1_309' title='bbox 1351 3971 1453 4043; x_wconf 79' lang='lat' dir='ltr'><strong>(Ex</strong></span> <span class='ocrx_word' id='word_1_310' title='bbox 1477 3970 1818 4046; x_wconf 80' lang='lat' dir='ltr'><strong>Hieronym.)</strong></span> 
     </span>
    </p>
   </div>
   <div class='ocr_carea' id='block_1_41' title="bbox 237 4055 1823 4127">
    <p class='ocr_par' dir='ltr' id='par_1_41' title="bbox 237 4055 1823 4127">
     <span class='ocr_line' id='line_1_41' title="bbox 237 4055 1823 4127; baseline 0.006 -17"><span class='ocrx_word' id='word_1_311' title='bbox 237 4055 415 4127; x_wconf 77' lang='lat' dir='ltr'><strong>Ignem</strong></span> <span class='ocrx_word' id='word_1_312' title='bbox 437 4065 687 4113; x_wconf 90' lang='lat' dir='ltr'><strong>urentem</strong></span> <span class='ocrx_word' id='word_1_313' title='bbox 708 4058 856 4124; x_wconf 91' lang='lat' dir='ltr'><strong>dicit,</strong></span> <span class='ocrx_word' id='word_1_314' title='bbox 890 4068 949 4115; x_wconf 93' lang='lat' dir='ltr'><strong>ut</strong></span> <span class='ocrx_word' id='word_1_315' title='bbox 964 4061 1017 4115; x_wconf 90' lang='lat' dir='ltr'><strong>in</strong></span> <span class='ocrx_word' id='word_1_316' title='bbox 1040 4061 1156 4116; x_wconf 88' lang='lat' dir='ltr'><strong>aliis</strong></span> <span class='ocrx_word' id='word_1_317' title='bbox 1181 4061 1359 4118; x_wconf 90' lang='lat' dir='ltr'><strong>lumen</strong></span> <span class='ocrx_word' id='word_1_318' title='bbox 1384 4065 1627 4120; x_wconf 78' lang='lat' dir='ltr'><strong>veritatis</strong></span> <span class='ocrx_word' id='word_1_319' title='bbox 1648 4065 1823 4120; x_wconf 87' lang='lat' dir='ltr'><strong>infun-</strong></span> 
     </span>
    </p>
   </div>
   <div class='ocr_carea' id='block_1_42' title="bbox 244 4147 1823 4227">
    <p class='ocr_par' dir='ltr' id='par_1_42' title="bbox 244 4147 1823 4227">
     <span class='ocr_line' id='line_1_42' title="bbox 244 4147 1823 4227; baseline 0.008 -26"><span class='ocrx_word' id='word_1_320' title='bbox 244 4147 389 4215; x_wconf 90' lang='lat' dir='ltr'><strong>dant,</strong></span> <span class='ocrx_word' id='word_1_321' title='bbox 420 4151 477 4203; x_wconf 92' lang='lat' dir='ltr'><strong>in</strong></span> <span class='ocrx_word' id='word_1_322' title='bbox 507 4148 629 4205; x_wconf 88' lang='lat' dir='ltr'><strong>aliis</strong></span> <span class='ocrx_word' id='word_1_323' title='bbox 659 4158 877 4221; x_wconf 88' lang='lat' dir='ltr'><strong>peccata</strong></span> <span class='ocrx_word' id='word_1_324' title='bbox 904 4163 1244 4209; x_wconf 88' lang='lat' dir='ltr'><strong>consumant.</strong></span> <span class='ocrx_word' id='word_1_325' title='bbox 1291 4154 1432 4227; x_wconf 93' lang='lat' dir='ltr'><strong>Ignis</strong></span> <span class='ocrx_word' id='word_1_326' title='bbox 1477 4157 1579 4212; x_wconf 91' lang='lat' dir='ltr'><strong>iste</strong></span> <span class='ocrx_word' id='word_1_327' title='bbox 1604 4166 1823 4213; x_wconf 90' lang='lat' dir='ltr'><strong>sanctos</strong></span> 
     </span>
    </p>
   </div>
   <div class='ocr_carea' id='block_1_43' title="bbox 239 4244 1823 4318">
    <p class='ocr_par' dir='ltr' id='par_1_43' title="bbox 239 4244 1823 4318">
     <span class='ocr_line' id='line_1_43' title="bbox 239 4244 1823 4318; baseline 0.008 -25"><span class='ocrx_word' id='word_1_328' title='bbox 239 4249 452 4311; x_wconf 89' lang='lat' dir='ltr'><strong>purgat,</strong></span> <span class='ocrx_word' id='word_1_329' title='bbox 492 4250 803 4312; x_wconf 89' lang='lat' dir='ltr'><strong>peccatores</strong></span> <span class='ocrx_word' id='word_1_330' title='bbox 831 4244 1120 4297; x_wconf 89' lang='lat' dir='ltr'><strong>consumit.</strong></span> <span class='ocrx_word' id='word_1_331' title='bbox 1153 4244 1332 4316; x_wconf 88' lang='lat' dir='ltr'><strong>Ignem</strong></span> <span class='ocrx_word' id='word_1_332' title='bbox 1367 4246 1551 4313; x_wconf 91' lang='lat' dir='ltr'><strong>istum,</strong></span> <span class='ocrx_word' id='word_1_333' title='bbox 1582 4249 1672 4318; x_wconf 89' lang='lat' dir='ltr'><strong>qui</strong></span> <span class='ocrx_word' id='word_1_334' title='bbox 1699 4265 1823 4304; x_wconf 83' lang='lat' dir='ltr'><strong>san-</strong></span> 
     </span>
    </p>
   </div>
   <div class='ocr_carea' id='block_1_44' title="bbox 243 4331 1823 4410">
    <p class='ocr_par' dir='ltr' id='par_1_44' title="bbox 243 4331 1823 4410">
     <span class='ocr_line' id='line_1_44' title="bbox 243 4331 1823 4410; baseline 0.007 -27"><span class='ocrx_word' id='word_1_335' title='bbox 243 4336 360 4383; x_wconf 91' lang='lat' dir='ltr'><strong>ctus</strong></span> <span class='ocrx_word' id='word_1_336' title='bbox 385 4338 491 4396; x_wconf 89' lang='lat' dir='ltr'><strong>est,</strong></span> <span class='ocrx_word' id='word_1_337' title='bbox 520 4346 626 4385; x_wconf 88' lang='lat' dir='ltr'><strong>non</strong></span> <span class='ocrx_word' id='word_1_338' title='bbox 660 4331 879 4396; x_wconf 86' lang='lat' dir='ltr'><strong>timeat;</strong></span> <span class='ocrx_word' id='word_1_339' title='bbox 928 4333 1021 4402; x_wconf 89' lang='lat' dir='ltr'><strong>qui</strong></span> <span class='ocrx_word' id='word_1_340' title='bbox 1046 4343 1298 4404; x_wconf 87' lang='lat' dir='ltr'><strong>peccator</strong></span> <span class='ocrx_word' id='word_1_341' title='bbox 1322 4343 1425 4401; x_wconf 91' lang='lat' dir='ltr'><strong>est,</strong></span> <span class='ocrx_word' id='word_1_342' title='bbox 1454 4337 1660 4393; x_wconf 87' lang='lat' dir='ltr'><strong>timeat.</strong></span> <span class='ocrx_word' id='word_1_343' title='bbox 1713 4339 1823 4410; x_wconf 88' lang='lat' dir='ltr'><strong>Ego</strong></span> 
     </span>
    </p>
   </div>
   <div class='ocr_carea' id='block_1_45' title="bbox 245 4420 1821 4502">
    <p class='ocr_par' dir='ltr' id='par_1_45' title="bbox 245 4420 1821 4502">
     <span class='ocr_line' id='line_1_45' title="bbox 245 4420 1821 4502; baseline 0.008 -30"><span class='ocrx_word' id='word_1_344' title='bbox 245 4426 372 4489; x_wconf 89' lang='lat' dir='ltr'><strong>puto</strong></span> <span class='ocrx_word' id='word_1_345' title='bbox 398 4420 531 4477; x_wconf 88' lang='lat' dir='ltr'><strong>istos</strong></span> <span class='ocrx_word' id='word_1_346' title='bbox 555 4436 676 4477; x_wconf 87' lang='lat' dir='ltr'><strong>esse</strong></span> <span class='ocrx_word' id='word_1_347' title='bbox 722 4423 873 4493; x_wconf 87' lang='lat' dir='ltr'><strong>ignes</strong></span> <span class='ocrx_word' id='word_1_348' title='bbox 907 4424 1128 4496; x_wconf 83' lang='lat' dir='ltr'><strong>angelos</strong></span> <span class='ocrx_word' id='word_1_349' title='bbox 1170 4425 1305 4497; x_wconf 87' lang='lat' dir='ltr'><strong>ejus.</strong></span> <span class='ocrx_word' id='word_1_350' title='bbox 1351 4427 1443 4483; x_wconf 88' lang='lat' dir='ltr'><strong>Isti</strong></span> <span class='ocrx_word' id='word_1_351' title='bbox 1469 4444 1597 4498; x_wconf 88' lang='lat' dir='ltr'><strong>ergo</strong></span> <span class='ocrx_word' id='word_1_352' title='bbox 1623 4431 1821 4502; x_wconf 78' lang='lat' dir='ltr'><strong>angeli,</strong></span> 
     </span>
    </p>
   </div>
   <div class='ocr_carea' id='block_1_46' title="bbox 1899 590 3489 672">
    <p class='ocr_par' dir='ltr' id='par_1_46' title="bbox 1899 590 3489 672">
     <span class='ocr_line' id='line_1_46' title="bbox 1899 590 3489 672; baseline 0.009 -29"><span class='ocrx_word' id='word_1_353' title='bbox 1899 590 2017 658; x_wconf 91' lang='lat' dir='ltr'><strong>pios</strong></span> <span class='ocrx_word' id='word_1_354' title='bbox 2061 594 2314 661; x_wconf 88' lang='lat' dir='ltr'><strong>percutit,</strong></span> <span class='ocrx_word' id='word_1_355' title='bbox 2363 597 2605 653; x_wconf 90' lang='lat' dir='ltr'><strong>continet</strong></span> <span class='ocrx_word' id='word_1_356' title='bbox 2642 600 2910 655; x_wconf 86' lang='lat' dir='ltr'><strong>veraciter</strong></span> <span class='ocrx_word' id='word_1_357' title='bbox 2950 603 3345 672; x_wconf 86' lang='lat' dir='ltr'><strong>supplicantes,</strong></span> <span class='ocrx_word' id='word_1_358' title='bbox 3392 604 3489 658; x_wconf 89' lang='lat' dir='ltr'><strong>sed</strong></span> 
     </span>
    </p>
   </div>
   <div class='ocr_carea' id='block_1_47' title="bbox 1900 682 3491 762">
    <p class='ocr_par' dir='ltr' id='par_1_47' title="bbox 1900 682 3491 762">
     <span class='ocr_line' id='line_1_47' title="bbox 1900 682 3491 762; baseline 0.007 -26"><span class='ocrx_word' id='word_1_359' title='bbox 1900 682 2016 737; x_wconf 62' lang='lat' dir='ltr'><strong>haec</strong></span> <span class='ocrx_word' id='word_1_360' title='bbox 2045 684 2199 755; x_wconf 88' lang='lat' dir='ltr'><strong>virga</strong></span> <span class='ocrx_word' id='word_1_361' title='bbox 2229 701 2335 740; x_wconf 84' lang='lat' dir='ltr'><strong>non</strong></span> <span class='ocrx_word' id='word_1_362' title='bbox 2367 687 2435 742; x_wconf 90' lang='lat' dir='ltr'><strong>de</strong></span> <span class='ocrx_word' id='word_1_363' title='bbox 2472 690 2677 759; x_wconf 84' lang='lat' dir='ltr'><strong>cespite</strong></span> <span class='ocrx_word' id='word_1_364' title='bbox 2721 691 2934 746; x_wconf 88' lang='lat' dir='ltr'><strong>arboris</strong></span> <span class='ocrx_word' id='word_1_365' title='bbox 2960 693 3256 762; x_wconf 88' lang='lat' dir='ltr'><strong>egreditur,</strong></span> <span class='ocrx_word' id='word_1_366' title='bbox 3301 694 3398 749; x_wconf 89' lang='lat' dir='ltr'><strong>sed</strong></span> <span class='ocrx_word' id='word_1_367' title='bbox 3421 693 3491 747; x_wconf 88' lang='lat' dir='ltr'><strong>ab</strong></span> 
     </span>
    </p>
   </div>
   <div class='ocr_carea' id='block_1_48' title="bbox 1901 770 3487 849">
    <p class='ocr_par' dir='ltr' id='par_1_48' title="bbox 1901 770 3487 849">
     <span class='ocr_line' id='line_1_48' title="bbox 1901 770 3487 849; baseline 0.007 -24"><span class='ocrx_word' id='word_1_368' title='bbox 1901 770 2069 842; x_wconf 91' lang='lat' dir='ltr'><strong>ipsius</strong></span> <span class='ocrx_word' id='word_1_369' title='bbox 2092 774 2391 831; x_wconf 80' lang='lat' dir='ltr'><strong>divinitatis</strong></span> <span class='ocrx_word' id='word_1_370' title='bbox 2423 776 2635 847; x_wconf 86' lang='lat' dir='ltr'><strong>justitia</strong></span> <span class='ocrx_word' id='word_1_371' title='bbox 2673 781 2945 849; x_wconf 88' lang='lat' dir='ltr'><strong>procedit,</strong></span> <span class='ocrx_word' id='word_1_372' title='bbox 2980 780 3236 836; x_wconf 88' lang='lat' dir='ltr'><strong>fortitudo</strong></span> <span class='ocrx_word' id='word_1_373' title='bbox 3264 781 3487 847; x_wconf 87' lang='lat' dir='ltr'><strong>invicta,</strong></span> 
     </span>
    </p>
   </div>
   <div class='ocr_carea' id='block_1_49' title="bbox 1900 864 3154 940">
    <p class='ocr_par' dir='ltr' id='par_1_49' title="bbox 1900 864 3154 940">
     <span class='ocr_line' id='line_1_49' title="bbox 1900 864 3154 940; baseline 0.006 -23"><span class='ocrx_word' id='word_1_374' title='bbox 1900 864 2130 935; x_wconf 69' lang='lat' dir='ltr'><strong>aequitas</strong></span> <span class='ocrx_word' id='word_1_375' title='bbox 2162 867 2487 933; x_wconf 89' lang='lat' dir='ltr'><strong>rectissima,</strong></span> <span class='ocrx_word' id='word_1_376' title='bbox 2512 868 2822 927; x_wconf 82' lang='lat' dir='ltr'><strong>inﬂexibilis</strong></span> <span class='ocrx_word' id='word_1_377' title='bbox 2852 871 3154 940; x_wconf 87' lang='lat' dir='ltr'><strong>disciplina.</strong></span> 
     </span>
    </p>
   </div>
   <div class='ocr_carea' id='block_1_50' title="bbox 1976 970 3486 1049">
    <p class='ocr_par' dir='ltr' id='par_1_50' title="bbox 1976 970 3486 1049">
     <span class='ocr_line' id='line_1_50' title="bbox 1976 970 3486 1049; baseline 0.005 -24"><span class='ocrx_word' id='word_1_378' title='bbox 1976 970 2216 1028; x_wconf 72' lang='lat' dir='ltr'><strong>Dilexisti</strong></span> <span class='ocrx_word' id='word_1_379' title='bbox 2243 974 2507 1045; x_wconf 82' lang='lat' dir='ltr'><strong>justitiam</strong></span> <span class='ocrx_word' id='word_1_380' title='bbox 2538 987 2585 1031; x_wconf 88' lang='lat' dir='ltr'><strong>et</strong></span> <span class='ocrx_word' id='word_1_381' title='bbox 2637 977 2792 1032; x_wconf 87' lang='lat' dir='ltr'><strong>odisti</strong></span> <span class='ocrx_word' id='word_1_382' title='bbox 2836 980 3189 1049; x_wconf 84' lang='lat' dir='ltr'><strong>iniquitatem.</strong></span> <span class='ocrx_word' id='word_1_383' title='bbox 3236 979 3354 1049; x_wconf 86' lang='lat' dir='ltr'><strong>Ipsa</strong></span> <span class='ocrx_word' id='word_1_384' title='bbox 3402 986 3486 1035; x_wconf 88' lang='lat' dir='ltr'><strong>est</strong></span> 
     </span>
    </p>
   </div>
   <div class='ocr_carea' id='block_1_51' title="bbox 1854 1060 3487 1140">
    <p class='ocr_par' dir='ltr' id='par_1_51' title="bbox 1854 1060 3487 1140">
     <span class='ocr_line' id='line_1_51' title="bbox 1854 1060 3487 1140; baseline 0.006 -25"><span class='ocrx_word' id='word_1_385' title='bbox 1854 1127 1863 1137; x_wconf 31' lang='grc' dir='ltr'><strong>ν</strong></span> <span class='ocrx_word' id='word_1_386' title='bbox 1901 1060 2049 1133; x_wconf 88' lang='lat' dir='ltr'><strong>virga</strong></span> <span class='ocrx_word' id='word_1_387' title='bbox 2098 1072 2246 1119; x_wconf 87' lang='lat' dir='ltr'><strong>recta</strong></span> <span class='ocrx_word' id='word_1_388' title='bbox 2266 1107 2280 1132; x_wconf 94' lang='lat'><strong>,</strong></span> <span class='ocrx_word' id='word_1_389' title='bbox 2319 1081 2504 1122; x_wconf 87' lang='lat' dir='ltr'><strong>amare</strong></span> <span class='ocrx_word' id='word_1_390' title='bbox 2534 1067 2845 1137; x_wconf 73' lang='lat' dir='ltr'><strong>aequitatem</strong></span> <span class='ocrx_word' id='word_1_391' title='bbox 2875 1077 2929 1123; x_wconf 90' lang='lat' dir='ltr'><strong>et</strong></span> <span class='ocrx_word' id='word_1_392' title='bbox 2961 1070 3142 1124; x_wconf 88' lang='lat' dir='ltr'><strong>odisse</strong></span> <span class='ocrx_word' id='word_1_393' title='bbox 3172 1070 3487 1140; x_wconf 86' lang='lat' dir='ltr'><strong>nequitiam.</strong></span> 
     </span>
    </p>
   </div>
   <div class='ocr_carea' id='block_1_52' title="bbox 1902 1149 3494 1231">
    <p class='ocr_par' dir='ltr' id='par_1_52' title="bbox 1902 1149 3494 1231">
     <span class='ocr_line' id='line_1_52' title="bbox 1902 1149 3494 1231; baseline 0.007 -26"><span class='ocrx_word' id='word_1_394' title='bbox 1902 1149 2072 1206; x_wconf 87' lang='lat' dir='ltr'><strong>Nemo</strong></span> <span class='ocrx_word' id='word_1_395' title='bbox 2114 1155 2259 1209; x_wconf 90' lang='lat' dir='ltr'><strong>enim</strong></span> <span class='ocrx_word' id='word_1_396' title='bbox 2306 1156 2546 1224; x_wconf 79' lang='lat' dir='ltr'><strong>perfecte</strong></span> <span class='ocrx_word' id='word_1_397' title='bbox 2589 1157 2761 1229; x_wconf 86' lang='lat' dir='ltr'><strong>diligit</strong></span> <span class='ocrx_word' id='word_1_398' title='bbox 2799 1156 3106 1227; x_wconf 87' lang='lat' dir='ltr'><strong>justitiam,</strong></span> <span class='ocrx_word' id='word_1_399' title='bbox 3157 1162 3259 1215; x_wconf 90' lang='lat' dir='ltr'><strong>nisi</strong></span> <span class='ocrx_word' id='word_1_400' title='bbox 3295 1160 3387 1231; x_wconf 90' lang='lat' dir='ltr'><strong>qui</strong></span> <span class='ocrx_word' id='word_1_401' title='bbox 3438 1169 3494 1216; x_wconf 87' lang='lat' dir='ltr'><strong>et</strong></span> 
     </span>
    </p>
   </div>
   <div class='ocr_carea' id='block_1_53' title="bbox 1903 1245 3495 1321">
    <p class='ocr_par' dir='ltr' id='par_1_53' title="bbox 1903 1245 3495 1321">
     <span class='ocr_line' id='line_1_53' title="bbox 1903 1245 3495 1321; baseline 0.006 -26"><span class='ocrx_word' id='word_1_402' title='bbox 1903 1250 2056 1297; x_wconf 90' lang='lat' dir='ltr'><strong>actus</strong></span> <span class='ocrx_word' id='word_1_403' title='bbox 2082 1245 2346 1313; x_wconf 89' lang='lat' dir='ltr'><strong>pessimos</strong></span> <span class='ocrx_word' id='word_1_404' title='bbox 2369 1256 2713 1313; x_wconf 82' lang='lat' dir='ltr'><strong>exsecratur,</strong></span> <span class='ocrx_word' id='word_1_405' title='bbox 2765 1250 3022 1318; x_wconf 88' lang='lat' dir='ltr'><strong>quoniam</strong></span> <span class='ocrx_word' id='word_1_406' title='bbox 3050 1250 3282 1305; x_wconf 86' lang='lat' dir='ltr'><strong>diversis</strong></span> <span class='ocrx_word' id='word_1_407' title='bbox 3320 1250 3495 1321; x_wconf 88' lang='lat' dir='ltr'><strong>quali-</strong></span> 
     </span>
    </p>
   </div>
   <div class='ocr_carea' id='block_1_54' title="bbox 1906 1335 3492 1411">
    <p class='ocr_par' dir='ltr' id='par_1_54' title="bbox 1906 1335 3492 1411">
     <span class='ocr_line' id='line_1_54' title="bbox 1906 1335 3492 1411; baseline 0.006 -25"><span class='ocrx_word' id='word_1_408' title='bbox 1906 1335 2124 1400; x_wconf 91' lang='lat' dir='ltr'><strong>tatibus,</strong></span> <span class='ocrx_word' id='word_1_409' title='bbox 2156 1335 2345 1390; x_wconf 89' lang='lat' dir='ltr'><strong>eodem</strong></span> <span class='ocrx_word' id='word_1_410' title='bbox 2371 1347 2612 1408; x_wconf 88' lang='lat' dir='ltr'><strong>tempore</strong></span> <span class='ocrx_word' id='word_1_411' title='bbox 2637 1355 2743 1394; x_wconf 92' lang='lat' dir='ltr'><strong>non</strong></span> <span class='ocrx_word' id='word_1_412' title='bbox 2767 1348 2850 1394; x_wconf 91' lang='lat' dir='ltr'><strong>est</strong></span> <span class='ocrx_word' id='word_1_413' title='bbox 2869 1340 2922 1394; x_wconf 91' lang='lat' dir='ltr'><strong>in</strong></span> <span class='ocrx_word' id='word_1_414' title='bbox 2951 1356 3058 1394; x_wconf 92' lang='lat' dir='ltr'><strong>uno</strong></span> <span class='ocrx_word' id='word_1_415' title='bbox 3078 1340 3217 1395; x_wconf 90' lang='lat' dir='ltr'><strong>loco.</strong></span> <span class='ocrx_word' id='word_1_416' title='bbox 3268 1339 3378 1395; x_wconf 86' lang='lat' dir='ltr'><strong>Nec</strong></span> <span class='ocrx_word' id='word_1_417' title='bbox 3398 1357 3492 1411; x_wconf 83' lang='lat' dir='ltr'><strong>po-</strong></span> 
     </span>
    </p>
   </div>
   <div class='ocr_carea' id='block_1_55' title="bbox 1906 1425 3496 1502">
    <p class='ocr_par' dir='ltr' id='par_1_55' title="bbox 1906 1425 3496 1502">
     <span class='ocr_line' id='line_1_55' title="bbox 1906 1425 3496 1502; baseline 0.005 -24"><span class='ocrx_word' id='word_1_418' title='bbox 1906 1432 2012 1479; x_wconf 88' lang='lat' dir='ltr'><strong>test</strong></span> <span class='ocrx_word' id='word_1_419' title='bbox 2039 1425 2156 1496; x_wconf 92' lang='lat' dir='ltr'><strong>ipso</strong></span> <span class='ocrx_word' id='word_1_420' title='bbox 2183 1436 2457 1483; x_wconf 92' lang='lat' dir='ltr'><strong>momento</strong></span> <span class='ocrx_word' id='word_1_421' title='bbox 2488 1428 2560 1484; x_wconf 91' lang='lat' dir='ltr'><strong>ibi</strong></span> <span class='ocrx_word' id='word_1_422' title='bbox 2591 1429 2801 1502; x_wconf 88' lang='lat' dir='ltr'><strong>nigrum</strong></span> <span class='ocrx_word' id='word_1_423' title='bbox 2831 1430 3023 1496; x_wconf 90' lang='lat' dir='ltr'><strong>videri,</strong></span> <span class='ocrx_word' id='word_1_424' title='bbox 3059 1430 3152 1486; x_wconf 91' lang='lat' dir='ltr'><strong>ubi</strong></span> <span class='ocrx_word' id='word_1_425' title='bbox 3181 1431 3384 1486; x_wconf 89' lang='lat' dir='ltr'><strong>candor</strong></span> <span class='ocrx_word' id='word_1_426' title='bbox 3411 1432 3496 1486; x_wconf 88' lang='lat' dir='ltr'><strong>in-</strong></span> 
     </span>
    </p>
   </div>
   <div class='ocr_carea' id='block_1_56' title="bbox 1905 1513 3494 1589">
    <p class='ocr_par' dir='ltr' id='par_1_56' title="bbox 1905 1513 3494 1589">
     <span class='ocr_line' id='line_1_56' title="bbox 1905 1513 3494 1589; baseline 0.003 -18"><span class='ocrx_word' id='word_1_427' title='bbox 1905 1513 2147 1583; x_wconf 89' lang='lat' dir='ltr'><strong>sederit,</strong></span> <span class='ocrx_word' id='word_1_428' title='bbox 2198 1517 2325 1587; x_wconf 91' lang='lat' dir='ltr'><strong>quia</strong></span> <span class='ocrx_word' id='word_1_429' title='bbox 2369 1525 2425 1573; x_wconf 91' lang='lat' dir='ltr'><strong>et</strong></span> <span class='ocrx_word' id='word_1_430' title='bbox 2460 1520 2757 1589; x_wconf 75' lang='lat' dir='ltr'><strong>przcsentia</strong></span> <span class='ocrx_word' id='word_1_431' title='bbox 2803 1520 2974 1589; x_wconf 90' lang='lat' dir='ltr'><strong>lucis,</strong></span> <span class='ocrx_word' id='word_1_432' title='bbox 3024 1522 3201 1578; x_wconf 86' lang='lat' dir='ltr'><strong>noctis</strong></span> <span class='ocrx_word' id='word_1_433' title='bbox 3248 1522 3494 1578; x_wconf 85' lang='lat' dir='ltr'><strong>absentia</strong></span> 
     </span>
    </p>
   </div>
   <div class='ocr_carea' id='block_1_57' title="bbox 1906 1612 2010 1660">
    <p class='ocr_par' dir='ltr' id='par_1_57' title="bbox 1906 1612 2010 1660">
     <span class='ocr_line' id='line_1_57' title="bbox 1906 1612 2010 1660; baseline -0.019 0"><span class='ocrx_word' id='word_1_434' title='bbox 1906 1612 2010 1660; x_wconf 90' lang='lat' dir='ltr'><strong>est.</strong></span> 
     </span>
    </p>
   </div>
   <div class='ocr_carea' id='block_1_58' title="bbox 1977 1692 3497 1767">
    <p class='ocr_par' dir='ltr' id='par_1_58' title="bbox 1977 1692 3497 1767">
     <span class='ocr_line' id='line_1_58' title="bbox 1977 1692 3497 1767; baseline 0.003 -18"><span class='ocrx_word' id='word_1_435' title='bbox 1977 1692 2263 1767; x_wconf 87' lang='lat' dir='ltr'><strong>Propterea</strong></span> <span class='ocrx_word' id='word_1_436' title='bbox 2285 1698 2433 1752; x_wconf 74' lang='lat' dir='ltr'><strong>unxit</strong></span> <span class='ocrx_word' id='word_1_437' title='bbox 2461 1706 2510 1753; x_wconf 85' lang='lat' dir='ltr'><strong>te</strong></span> <span class='ocrx_word' id='word_1_438' title='bbox 2541 1698 2696 1764; x_wconf 83' lang='lat' dir='ltr'><strong>Deus,</strong></span> <span class='ocrx_word' id='word_1_439' title='bbox 2727 1698 2865 1755; x_wconf 87' lang='lat' dir='ltr'><strong>Deus</strong></span> <span class='ocrx_word' id='word_1_440' title='bbox 2888 1710 3028 1765; x_wconf 87' lang='lat' dir='ltr'><strong>tuus,</strong></span> <span class='ocrx_word' id='word_1_441' title='bbox 3055 1701 3167 1756; x_wconf 88' lang='lat' dir='ltr'><strong>oleo</strong></span> <span class='ocrx_word' id='word_1_442' title='bbox 3194 1700 3497 1756; x_wconf 77' lang='lat' dir='ltr'><strong>exsultatio—</strong></span> 
     </span>
    </p>
   </div>
   <div class='ocr_carea' id='block_1_59' title="bbox 1910 1787 3496 1865">
    <p class='ocr_par' dir='ltr' id='par_1_59' title="bbox 1910 1787 3496 1865">
     <span class='ocr_line' id='line_1_59' title="bbox 1910 1787 3496 1865; baseline 0.003 -24"><span class='ocrx_word' id='word_1_443' title='bbox 1910 1787 1991 1842; x_wconf 90' lang='lat' dir='ltr'><strong>nis</strong></span> <span class='ocrx_word' id='word_1_444' title='bbox 2021 1804 2129 1859; x_wconf 78' lang='lat' dir='ltr'><strong>pra:</strong></span> <span class='ocrx_word' id='word_1_445' title='bbox 2150 1790 2491 1860; x_wconf 80' lang='lat' dir='ltr'><strong>participibus</strong></span> <span class='ocrx_word' id='word_1_446' title='bbox 2516 1792 2640 1845; x_wconf 85' lang='lat' dir='ltr'><strong>tuis.</strong></span> <span class='ocrx_word' id='word_1_447' title='bbox 2671 1791 2770 1861; x_wconf 78' lang='lat' dir='ltr'><strong>(Ex</strong></span> <span class='ocrx_word' id='word_1_448' title='bbox 2797 1792 3040 1865; x_wconf 84' lang='lat' dir='ltr'><strong>Hieron.)</strong></span> <span class='ocrx_word' id='word_1_449' title='bbox 3068 1793 3172 1847; x_wconf 90' lang='lat' dir='ltr'><strong>Alii</strong></span> <span class='ocrx_word' id='word_1_450' title='bbox 3203 1809 3375 1863; x_wconf 87' lang='lat' dir='ltr'><strong>rcges,</strong></span> <span class='ocrx_word' id='word_1_451' title='bbox 3402 1792 3496 1861; x_wconf 88' lang='lat' dir='ltr'><strong>qui</strong></span> 
     </span>
    </p>
   </div>
   <div class='ocr_carea' id='block_1_60' title="bbox 1911 1876 3509 1953">
    <p class='ocr_par' dir='ltr' id='par_1_60' title="bbox 1911 1876 3509 1953">
     <span class='ocr_line' id='line_1_60' title="bbox 1911 1876 3509 1953; baseline 0.004 -24"><span class='ocrx_word' id='word_1_452' title='bbox 1911 1885 2093 1949; x_wconf 87' lang='lat' dir='ltr'><strong>typum</strong></span> <span class='ocrx_word' id='word_1_453' title='bbox 2124 1878 2267 1933; x_wconf 90' lang='lat' dir='ltr'><strong>illius</strong></span> <span class='ocrx_word' id='word_1_454' title='bbox 2293 1881 2646 1948; x_wconf 72' lang='lat' dir='ltr'><strong>pnctulerunt</strong></span> <span class='ocrx_word' id='word_1_455' title='bbox 2666 1922 2680 1945; x_wconf 90' lang='lat'><strong>,</strong></span> <span class='ocrx_word' id='word_1_456' title='bbox 2733 1888 2789 1935; x_wconf 91' lang='lat' dir='ltr'><strong>ct</strong></span> <span class='ocrx_word' id='word_1_457' title='bbox 2816 1884 3087 1953; x_wconf 87' lang='lat' dir='ltr'><strong>regnando</strong></span> <span class='ocrx_word' id='word_1_458' title='bbox 3110 1891 3390 1937; x_wconf 88' lang='lat' dir='ltr'><strong>consortes</strong></span> <span class='ocrx_word' id='word_1_459' title='bbox 3415 1876 3509 1936; x_wconf 83' lang='lat' dir='ltr'><strong>di-&#39;</strong></span> 
     </span>
    </p>
   </div>
   <div class='ocr_carea' id='block_1_61' title="bbox 1911 1970 3496 2042">
    <p class='ocr_par' dir='ltr' id='par_1_61' title="bbox 1911 1970 3496 2042">
     <span class='ocr_line' id='line_1_61' title="bbox 1911 1970 3496 2042; baseline 0.001 -19"><span class='ocrx_word' id='word_1_460' title='bbox 1911 1970 1983 2023; x_wconf 90' lang='lat' dir='ltr'><strong>cti</strong></span> <span class='ocrx_word' id='word_1_461' title='bbox 2012 1978 2158 2034; x_wconf 88' lang='lat' dir='ltr'><strong>sunt,</strong></span> <span class='ocrx_word' id='word_1_462' title='bbox 2190 1971 2311 2025; x_wconf 88' lang='lat' dir='ltr'><strong>oleo</strong></span> <span class='ocrx_word' id='word_1_463' title='bbox 2342 1971 2679 2042; x_wconf 88' lang='lat' dir='ltr'><strong>corruptibili</strong></span> <span class='ocrx_word' id='word_1_464' title='bbox 2706 1981 2833 2027; x_wconf 91' lang='lat' dir='ltr'><strong>sunt</strong></span> <span class='ocrx_word' id='word_1_465' title='bbox 2857 1972 3083 2027; x_wconf 90' lang='lat' dir='ltr'><strong>inuncti.</strong></span> <span class='ocrx_word' id='word_1_466' title='bbox 3130 1973 3230 2028; x_wconf 87' lang='lat' dir='ltr'><strong>Hic</strong></span> <span class='ocrx_word' id='word_1_467' title='bbox 3259 1988 3384 2026; x_wconf 88' lang='lat' dir='ltr'><strong>vero</strong></span> <span class='ocrx_word' id='word_1_468' title='bbox 3405 1970 3496 2025; x_wconf 81' lang='lat' dir='ltr'><strong>Fi-</strong></span> 
     </span>
    </p>
   </div>
   <div class='ocr_carea' id='block_1_62' title="bbox 1911 2061 3496 2127">
    <p class='ocr_par' dir='ltr' id='par_1_62' title="bbox 1911 2061 3496 2127">
     <span class='ocr_line' id='line_1_62' title="bbox 1911 2061 3496 2127; baseline 0 -12"><span class='ocrx_word' id='word_1_469' title='bbox 1911 2061 2016 2116; x_wconf 87' lang='lat' dir='ltr'><strong>lius</strong></span> <span class='ocrx_word' id='word_1_470' title='bbox 2050 2061 2153 2117; x_wconf 71' lang='lat' dir='ltr'><strong>‘Dei</strong></span> <span class='ocrx_word' id='word_1_471' title='bbox 2185 2078 2216 2116; x_wconf 88' lang='lat' dir='ltr'><strong>a</strong></span> <span class='ocrx_word' id='word_1_472' title='bbox 2258 2062 2369 2117; x_wconf 89' lang='lat' dir='ltr'><strong>Deo</strong></span> <span class='ocrx_word' id='word_1_473' title='bbox 2398 2061 2575 2126; x_wconf 90' lang='lat' dir='ltr'><strong>Patre,</strong></span> <span class='ocrx_word' id='word_1_474' title='bbox 2629 2062 2748 2117; x_wconf 90' lang='lat' dir='ltr'><strong>oleo</strong></span> <span class='ocrx_word' id='word_1_475' title='bbox 2787 2062 3166 2118; x_wconf 81' lang='lat' dir='ltr'><strong>exsultationis</strong></span> <span class='ocrx_word' id='word_1_476' title='bbox 3191 2104 3205 2127; x_wconf 96' lang='lat'><strong>,</strong></span> <span class='ocrx_word' id='word_1_477' title='bbox 3256 2064 3361 2118; x_wconf 89' lang='lat' dir='ltr'><strong>hoc</strong></span> <span class='ocrx_word' id='word_1_478' title='bbox 3389 2070 3496 2127; x_wconf 85' lang='lat' dir='ltr'><strong>est,</strong></span> 
     </span>
    </p>
   </div>
   <div class='ocr_carea' id='block_1_63' title="bbox 1913 2152 3496 2224">
    <p class='ocr_par' dir='ltr' id='par_1_63' title="bbox 1913 2152 3496 2224">
     <span class='ocr_line' id='line_1_63' title="bbox 1913 2152 3496 2224; baseline -0.001 -16"><span class='ocrx_word' id='word_1_479' title='bbox 1913 2154 2349 2219; x_wconf 90' lang='lat' dir='ltr'><strong>resurrectionis,</strong></span> <span class='ocrx_word' id='word_1_480' title='bbox 2378 2154 2715 2209; x_wconf 88' lang='lat' dir='ltr'><strong>ascensionis</strong></span> <span class='ocrx_word' id='word_1_481' title='bbox 2741 2154 3229 2224; x_wconf 87' lang='lat' dir='ltr'><strong>dominationisque</strong></span> <span class='ocrx_word' id='word_1_482' title='bbox 3257 2161 3341 2208; x_wconf 90' lang='lat' dir='ltr'><strong>est</strong></span> <span class='ocrx_word' id='word_1_483' title='bbox 3362 2152 3496 2208; x_wconf 84' lang='lat' dir='ltr'><strong>deli-</strong></span> 
     </span>
    </p>
   </div>
   <div class='ocr_carea' id='block_1_64' title="bbox 1911 2242 3498 2316">
    <p class='ocr_par' dir='ltr' id='par_1_64' title="bbox 1911 2242 3498 2316">
     <span class='ocr_line' id='line_1_64' title="bbox 1911 2242 3498 2316; baseline 0.001 -19"><span class='ocrx_word' id='word_1_484' title='bbox 1911 2243 2077 2299; x_wconf 90' lang='lat' dir='ltr'><strong>butus</strong></span> <span class='ocrx_word' id='word_1_485' title='bbox 2100 2284 2116 2311; x_wconf 96' lang='lat'><strong>,</strong></span> <span class='ocrx_word' id='word_1_486' title='bbox 2154 2245 2282 2314; x_wconf 87' lang='lat' dir='ltr'><strong>quia</strong></span> <span class='ocrx_word' id='word_1_487' title='bbox 2310 2242 2560 2301; x_wconf 88' lang='lat' dir='ltr'><strong>Christus</strong></span> <span class='ocrx_word' id='word_1_488' title='bbox 2600 2252 2794 2300; x_wconf 86' lang='lat' dir='ltr'><strong>natura</strong></span> <span class='ocrx_word' id='word_1_489' title='bbox 2828 2254 3045 2312; x_wconf 88' lang='lat' dir='ltr'><strong>unctus,</strong></span> <span class='ocrx_word' id='word_1_490' title='bbox 3094 2262 3192 2301; x_wconf 89' lang='lat' dir='ltr'><strong>nos</strong></span> <span class='ocrx_word' id='word_1_491' title='bbox 3234 2260 3332 2316; x_wconf 87' lang='lat' dir='ltr'><strong>per</strong></span> <span class='ocrx_word' id='word_1_492' title='bbox 3372 2260 3498 2316; x_wconf 89' lang='lat' dir='ltr'><strong>gra-</strong></span> 
     </span>
    </p>
   </div>
   <div class='ocr_carea' id='block_1_65' title="bbox 1914 2335 2069 2389">
    <p class='ocr_par' dir='ltr' id='par_1_65' title="bbox 1914 2335 2069 2389">
     <span class='ocr_line' id='line_1_65' title="bbox 1914 2335 2069 2389; baseline 0.006 -1"><span class='ocrx_word' id='word_1_493' title='bbox 1914 2335 2069 2389; x_wconf 88' lang='lat' dir='ltr'><strong>tiam.</strong></span> 
     </span>
    </p>
   </div>
   <div class='ocr_carea' id='block_1_66' title="bbox 1984 2423 3499 2497">
    <p class='ocr_par' dir='ltr' id='par_1_66' title="bbox 1984 2423 3499 2497">
     <span class='ocr_line' id='line_1_66' title="bbox 1984 2423 3499 2497; baseline -0.001 -20"><span class='ocrx_word' id='word_1_494' title='bbox 1984 2423 2053 2477; x_wconf 80' lang='lat' dir='ltr'><strong>Et</strong></span> <span class='ocrx_word' id='word_1_495' title='bbox 2075 2433 2132 2480; x_wconf 92' lang='lat' dir='ltr'><strong>tu</strong></span> <span class='ocrx_word' id='word_1_496' title='bbox 2158 2424 2214 2479; x_wconf 90' lang='lat' dir='ltr'><strong>in</strong></span> <span class='ocrx_word' id='word_1_497' title='bbox 2235 2426 2512 2497; x_wconf 86' lang='lat' dir='ltr'><strong>principio,</strong></span> <span class='ocrx_word' id='word_1_498' title='bbox 2528 2425 2767 2491; x_wconf 88' lang='lat' dir='ltr'><strong>Domine,</strong></span> <span class='ocrx_word' id='word_1_499' title='bbox 2792 2433 2986 2479; x_wconf 84' lang='lat' dir='ltr'><strong>terram</strong></span> <span class='ocrx_word' id='word_1_500' title='bbox 3008 2423 3248 2495; x_wconf 81' lang='lat' dir='ltr'><strong>fundasti</strong></span> <span class='ocrx_word' id='word_1_501' title='bbox 3264 2435 3311 2477; x_wconf 88' lang='lat' dir='ltr'><strong>et</strong></span> <span class='ocrx_word' id='word_1_502' title='bbox 3340 2440 3499 2494; x_wconf 89' lang='lat' dir='ltr'><strong>opera</strong></span> 
     </span>
    </p>
   </div>
   <div class='ocr_carea' id='block_1_67' title="bbox 1913 2515 3498 2587">
    <p class='ocr_par' dir='ltr' id='par_1_67' title="bbox 1913 2515 3498 2587">
     <span class='ocr_line' id='line_1_67' title="bbox 1913 2515 3498 2587; baseline -0.001 -19"><span class='ocrx_word' id='word_1_503' title='bbox 1913 2531 2166 2569; x_wconf 88' lang='lat' dir='ltr'><strong>manuum</strong></span> <span class='ocrx_word' id='word_1_504' title='bbox 2211 2525 2423 2570; x_wconf 86' lang='lat' dir='ltr'><strong>tuarum</strong></span> <span class='ocrx_word' id='word_1_505' title='bbox 2463 2526 2584 2570; x_wconf 89' lang='lat' dir='ltr'><strong>sunt</strong></span> <span class='ocrx_word' id='word_1_506' title='bbox 2624 2516 2756 2583; x_wconf 78' lang='lat' dir='ltr'><strong>cteli,</strong></span> <span class='ocrx_word' id='word_1_507' title='bbox 2794 2516 2893 2587; x_wconf 89' lang='lat' dir='ltr'><strong>ipsi</strong></span> <span class='ocrx_word' id='word_1_508' title='bbox 2930 2515 3168 2587; x_wconf 84' lang='lat' dir='ltr'><strong>peribunt</strong></span> <span class='ocrx_word' id='word_1_509' title='bbox 3191 2556 3208 2580; x_wconf 96' lang='lat'><strong>,</strong></span> <span class='ocrx_word' id='word_1_510' title='bbox 3236 2524 3293 2567; x_wconf 89' lang='lat' dir='ltr'><strong>tu</strong></span> <span class='ocrx_word' id='word_1_511' title='bbox 3322 2523 3498 2568; x_wconf 86' lang='lat' dir='ltr'><strong>autem</strong></span> 
     </span>
    </p>
   </div>
   <div class='ocr_carea' id='block_1_68' title="bbox 1913 2606 3497 2681">
    <p class='ocr_par' dir='ltr' id='par_1_68' title="bbox 1913 2606 3497 2681">
     <span class='ocr_line' id='line_1_68' title="bbox 1913 2606 3497 2681; baseline 0 -21"><span class='ocrx_word' id='word_1_512' title='bbox 1913 2606 2255 2677; x_wconf 86' lang='lat' dir='ltr'><strong>permanebis.</strong></span> <span class='ocrx_word' id='word_1_513' title='bbox 2305 2607 2405 2678; x_wconf 86' lang='lat' dir='ltr'><strong>(Ex</strong></span> <span class='ocrx_word' id='word_1_514' title='bbox 2433 2606 2699 2681; x_wconf 90' lang='lat' dir='ltr'><strong>Cassiod.)</strong></span> <span class='ocrx_word' id='word_1_515' title='bbox 2747 2608 2883 2663; x_wconf 89' lang='lat' dir='ltr'><strong>Cum</strong></span> <span class='ocrx_word' id='word_1_516' title='bbox 2908 2607 3036 2663; x_wconf 90' lang='lat' dir='ltr'><strong>dicit</strong></span> <span class='ocrx_word' id='word_1_517' title='bbox 3062 2621 3077 2660; x_wconf 93' lang='lat'><strong>:</strong></span> <span class='ocrx_word' id='word_1_518' title='bbox 3105 2606 3264 2661; x_wconf 89' lang='lat' dir='ltr'><strong>Initio</strong></span> <span class='ocrx_word' id='word_1_519' title='bbox 3294 2614 3497 2660; x_wconf 88' lang='lat' dir='ltr'><strong>terram</strong></span> 
     </span>
    </p>
   </div>
   <div class='ocr_carea' id='block_1_69' title="bbox 1915 2697 3499 2769">
    <p class='ocr_par' dir='ltr' id='par_1_69' title="bbox 1915 2697 3499 2769">
     <span class='ocr_line' id='line_1_69' title="bbox 1915 2697 3499 2769; baseline 0.003 -19"><span class='ocrx_word' id='word_1_520' title='bbox 1915 2704 1973 2752; x_wconf 89' lang='lat' dir='ltr'><strong>tu</strong></span> <span class='ocrx_word' id='word_1_521' title='bbox 2002 2697 2261 2763; x_wconf 86' lang='lat' dir='ltr'><strong>fundasti,</strong></span> <span class='ocrx_word' id='word_1_522' title='bbox 2286 2699 2532 2764; x_wconf 84' lang='lat' dir='ltr'><strong>Domine,</strong></span> <span class='ocrx_word' id='word_1_523' title='bbox 2562 2699 2799 2767; x_wconf 81' lang='lat' dir='ltr'><strong>ostendit</strong></span> <span class='ocrx_word' id='word_1_524' title='bbox 2822 2697 2965 2769; x_wconf 90' lang='lat' dir='ltr'><strong>quod</strong></span> <span class='ocrx_word' id='word_1_525' title='bbox 2990 2713 3021 2753; x_wconf 89' lang='lat' dir='ltr'><strong>a</strong></span> <span class='ocrx_word' id='word_1_526' title='bbox 3050 2700 3198 2755; x_wconf 88' lang='lat' dir='ltr'><strong>sanis</strong></span> <span class='ocrx_word' id='word_1_527' title='bbox 3225 2698 3499 2754; x_wconf 88' lang='lat' dir='ltr'><strong>mentibus</strong></span> 
     </span>
    </p>
   </div>
   <div class='ocr_carea' id='block_1_70' title="bbox 1916 2791 3504 2862">
    <p class='ocr_par' dir='ltr' id='par_1_70' title="bbox 1916 2791 3504 2862">
     <span class='ocr_line' id='line_1_70' title="bbox 1916 2791 3504 2862; baseline 0.002 -19"><span class='ocrx_word' id='word_1_528' title='bbox 1916 2804 2022 2845; x_wconf 87' lang='lat' dir='ltr'><strong>non</strong></span> <span class='ocrx_word' id='word_1_529' title='bbox 2068 2798 2247 2859; x_wconf 89' lang='lat' dir='ltr'><strong>potest</strong></span> <span class='ocrx_word' id='word_1_530' title='bbox 2280 2791 2561 2862; x_wconf 88' lang='lat' dir='ltr'><strong>abnegari,</strong></span> <span class='ocrx_word' id='word_1_531' title='bbox 2614 2791 2741 2862; x_wconf 88' lang='lat' dir='ltr'><strong>quia</strong></span> <span class='ocrx_word' id='word_1_532' title='bbox 2795 2800 3009 2848; x_wconf 87' lang='lat' dir='ltr'><strong>creator</strong></span> <span class='ocrx_word' id='word_1_533' title='bbox 3050 2800 3177 2847; x_wconf 90' lang='lat' dir='ltr'><strong>ante</strong></span> <span class='ocrx_word' id='word_1_534' title='bbox 3223 2801 3504 2846; x_wconf 88' lang='lat' dir='ltr'><strong>creaturas</strong></span> 
     </span>
    </p>
   </div>
   <div class='ocr_carea' id='block_1_71' title="bbox 1917 2882 3501 2956">
    <p class='ocr_par' dir='ltr' id='par_1_71' title="bbox 1917 2882 3501 2956">
     <span class='ocr_line' id='line_1_71' title="bbox 1917 2882 3501 2956; baseline 0.001 -21"><span class='ocrx_word' id='word_1_535' title='bbox 1917 2897 2067 2949; x_wconf 90' lang='lat' dir='ltr'><strong>suas,</strong></span> <span class='ocrx_word' id='word_1_536' title='bbox 2099 2882 2216 2938; x_wconf 90' lang='lat' dir='ltr'><strong>sine</strong></span> <span class='ocrx_word' id='word_1_537' title='bbox 2242 2882 2422 2953; x_wconf 89' lang='lat' dir='ltr'><strong>aliquo</strong></span> <span class='ocrx_word' id='word_1_538' title='bbox 2450 2884 2606 2939; x_wconf 90' lang='lat' dir='ltr'><strong>initio</strong></span> <span class='ocrx_word' id='word_1_539' title='bbox 2630 2885 2976 2956; x_wconf 85' lang='lat' dir='ltr'><strong>cognoscitur</strong></span> <span class='ocrx_word' id='word_1_540' title='bbox 3005 2884 3299 2940; x_wconf 75' lang='lat' dir='ltr'><strong>exstitisse.</strong></span> <span class='ocrx_word' id='word_1_541' title='bbox 3330 2884 3396 2938; x_wconf 87' lang='lat' dir='ltr'><strong>Et</strong></span> <span class='ocrx_word' id='word_1_542' title='bbox 3421 2884 3501 2938; x_wconf 85' lang='lat' dir='ltr'><strong>iii-</strong></span> 
     </span>
    </p>
   </div>
   <div class='ocr_carea' id='block_1_72' title="bbox 1917 2972 3505 3048">
    <p class='ocr_par' dir='ltr' id='par_1_72' title="bbox 1917 2972 3505 3048">
     <span class='ocr_line' id='line_1_72' title="bbox 1917 2972 3505 3048; baseline 0.001 -20"><span class='ocrx_word' id='word_1_543' title='bbox 1917 2972 2096 3038; x_wconf 84' lang='lat' dir='ltr'><strong>tende,</strong></span> <span class='ocrx_word' id='word_1_544' title='bbox 2148 2974 2273 3043; x_wconf 90' lang='lat' dir='ltr'><strong>quia</strong></span> <span class='ocrx_word' id='word_1_545' title='bbox 2320 2973 2410 3030; x_wconf 90' lang='lat' dir='ltr'><strong>hic</strong></span> <span class='ocrx_word' id='word_1_546' title='bbox 2454 2975 2737 3044; x_wconf 90' lang='lat' dir='ltr'><strong>opiniones</strong></span> <span class='ocrx_word' id='word_1_547' title='bbox 2780 2976 3222 3048; x_wconf 88' lang='lat' dir='ltr'><strong>philosophorum</strong></span> <span class='ocrx_word' id='word_1_548' title='bbox 3270 2974 3505 3030; x_wconf 86' lang='lat' dir='ltr'><strong>mirabili</strong></span> 
     </span>
    </p>
   </div>
   <div class='ocr_carea' id='block_1_73' title="bbox 1918 3064 3502 3136">
    <p class='ocr_par' dir='ltr' id='par_1_73' title="bbox 1918 3064 3502 3136">
     <span class='ocr_line' id='line_1_73' title="bbox 1918 3064 3502 3136; baseline 0 -17"><span class='ocrx_word' id='word_1_549' title='bbox 1918 3065 2185 3119; x_wconf 86' lang='lat' dir='ltr'><strong>brevitate</strong></span> <span class='ocrx_word' id='word_1_550' title='bbox 2215 3064 2505 3131; x_wconf 85' lang='lat' dir='ltr'><strong>destruxit,</strong></span> <span class='ocrx_word' id='word_1_551' title='bbox 2553 3082 2782 3136; x_wconf 85' lang='lat' dir='ltr'><strong>quarum</strong></span> <span class='ocrx_word' id='word_1_552' title='bbox 2812 3067 2986 3136; x_wconf 89' lang='lat' dir='ltr'><strong>prima</strong></span> <span class='ocrx_word' id='word_1_553' title='bbox 3012 3075 3095 3122; x_wconf 89' lang='lat' dir='ltr'><strong>est</strong></span> <span class='ocrx_word' id='word_1_554' title='bbox 3123 3085 3135 3120; x_wconf 90' lang='lat'><strong>:</strong></span> <span class='ocrx_word' id='word_1_555' title='bbox 3187 3066 3444 3120; x_wconf 80' lang='lat' dir='ltr'><strong>Mundam</strong></span> <span class='ocrx_word' id='word_1_556' title='bbox 3471 3082 3502 3119; x_wconf 90' lang='lat' dir='ltr'><strong>a</strong></span> 
     </span>
    </p>
   </div>
   <div class='ocr_carea' id='block_1_74' title="bbox 1918 3154 3498 3211">
    <p class='ocr_par' dir='ltr' id='par_1_74' title="bbox 1918 3154 3498 3211">
     <span class='ocr_line' id='line_1_74' title="bbox 1918 3154 3498 3211; baseline -0.001 -1"><span class='ocrx_word' id='word_1_557' title='bbox 1918 3154 2065 3210; x_wconf 90' lang='lat' dir='ltr'><strong>nullo</strong></span> <span class='ocrx_word' id='word_1_558' title='bbox 2090 3170 2209 3211; x_wconf 88' lang='lat' dir='ltr'><strong>esse</strong></span> <span class='ocrx_word' id='word_1_559' title='bbox 2237 3163 2496 3211; x_wconf 85' lang='lat' dir='ltr'><strong>creatum.</strong></span> <span class='ocrx_word' id='word_1_560' title='bbox 2531 3155 2815 3211; x_wconf 85' lang='lat' dir='ltr'><strong>Secunda:</strong></span> <span class='ocrx_word' id='word_1_561' title='bbox 2851 3154 2982 3211; x_wconf 91' lang='lat' dir='ltr'><strong>Sine</strong></span> <span class='ocrx_word' id='word_1_562' title='bbox 3024 3156 3130 3211; x_wconf 90' lang='lat' dir='ltr'><strong>ﬁne</strong></span> <span class='ocrx_word' id='word_1_563' title='bbox 3160 3171 3498 3210; x_wconf 89' lang='lat' dir='ltr'><strong>mansurum.</strong></span> 
     </span>
    </p>
   </div>
   <div class='ocr_carea' id='block_1_75' title="bbox 1921 3244 3499 3311">
    <p class='ocr_par' dir='ltr' id='par_1_75' title="bbox 1921 3244 3499 3311">
     <span class='ocr_line' id='line_1_75' title="bbox 1921 3244 3499 3311; baseline -0.001 -9"><span class='ocrx_word' id='word_1_564' title='bbox 1921 3245 2029 3302; x_wconf 86' lang='lat' dir='ltr'><strong>Sed</strong></span> <span class='ocrx_word' id='word_1_565' title='bbox 2055 3261 2178 3302; x_wconf 90' lang='lat' dir='ltr'><strong>cum</strong></span> <span class='ocrx_word' id='word_1_566' title='bbox 2204 3246 2403 3301; x_wconf 87' lang='lat' dir='ltr'><strong>dicitur</strong></span> <span class='ocrx_word' id='word_1_567' title='bbox 2429 3263 2441 3300; x_wconf 91' lang='lat'><strong>:</strong></span> <span class='ocrx_word' id='word_1_568' title='bbox 2471 3245 2632 3301; x_wconf 87' lang='lat' dir='ltr'><strong>Initio</strong></span> <span class='ocrx_word' id='word_1_569' title='bbox 2660 3253 2859 3300; x_wconf 84' lang='lat' dir='ltr'><strong>terrain</strong></span> <span class='ocrx_word' id='word_1_570' title='bbox 2886 3254 2942 3300; x_wconf 91' lang='lat' dir='ltr'><strong>tu</strong></span> <span class='ocrx_word' id='word_1_571' title='bbox 2973 3245 3230 3311; x_wconf 82' lang='lat' dir='ltr'><strong>fundasti,</strong></span> <span class='ocrx_word' id='word_1_572' title='bbox 3252 3244 3499 3311; x_wconf 88' lang='lat' dir='ltr'><strong>Domine,</strong></span> 
     </span>
    </p>
   </div>
   <div class='ocr_carea' id='block_1_76' title="bbox 1919 3335 3505 3407">
    <p class='ocr_par' dir='ltr' id='par_1_76' title="bbox 1919 3335 3505 3407">
     <span class='ocr_line' id='line_1_76' title="bbox 1919 3335 3505 3407; baseline 0 -16"><span class='ocrx_word' id='word_1_573' title='bbox 1919 3344 1971 3392; x_wconf 86' lang='lat' dir='ltr'><strong>et</strong></span> <span class='ocrx_word' id='word_1_574' title='bbox 1993 3353 2149 3407; x_wconf 89' lang='lat' dir='ltr'><strong>opera</strong></span> <span class='ocrx_word' id='word_1_575' title='bbox 2173 3352 2387 3389; x_wconf 87' lang='lat' dir='ltr'><strong>manum</strong></span> <span class='ocrx_word' id='word_1_576' title='bbox 2419 3344 2629 3389; x_wconf 86' lang='lat' dir='ltr'><strong>tuarum</strong></span> <span class='ocrx_word' id='word_1_577' title='bbox 2658 3345 2777 3390; x_wconf 88' lang='lat' dir='ltr'><strong>sunt</strong></span> <span class='ocrx_word' id='word_1_578' title='bbox 2802 3335 2937 3401; x_wconf 71' lang='lat' dir='ltr'><strong>caeli,</strong></span> <span class='ocrx_word' id='word_1_579' title='bbox 2968 3335 3143 3406; x_wconf 87' lang='lat' dir='ltr'><strong>prima</strong></span> <span class='ocrx_word' id='word_1_580' title='bbox 3165 3336 3252 3390; x_wconf 88' lang='lat' dir='ltr'><strong>illa</strong></span> <span class='ocrx_word' id='word_1_581' title='bbox 3287 3351 3505 3407; x_wconf 90' lang='lat' dir='ltr'><strong>persua-</strong></span> 
     </span>
    </p>
   </div>
   <div class='ocr_carea' id='block_1_77' title="bbox 1919 3428 3502 3499">
    <p class='ocr_par' dir='ltr' id='par_1_77' title="bbox 1919 3428 3502 3499">
     <span class='ocr_line' id='line_1_77' title="bbox 1919 3428 3502 3499; baseline -0.003 -12"><span class='ocrx_word' id='word_1_582' title='bbox 1919 3431 2002 3487; x_wconf 89' lang='lat' dir='ltr'><strong>sio</strong></span> <span class='ocrx_word' id='word_1_583' title='bbox 2045 3428 2277 3486; x_wconf 88' lang='lat' dir='ltr'><strong>nefanda</strong></span> <span class='ocrx_word' id='word_1_584' title='bbox 2307 3429 2668 3485; x_wconf 85' lang='lat' dir='ltr'><strong>convincitur.</strong></span> <span class='ocrx_word' id='word_1_585' title='bbox 2717 3428 2853 3485; x_wconf 90' lang='lat' dir='ltr'><strong>Cum</strong></span> <span class='ocrx_word' id='word_1_586' title='bbox 2900 3443 3029 3483; x_wconf 89' lang='lat' dir='ltr'><strong>vero</strong></span> <span class='ocrx_word' id='word_1_587' title='bbox 3077 3429 3502 3499; x_wconf 87' lang='lat' dir='ltr'><strong>pronuntiatur:</strong></span> 
     </span>
    </p>
   </div>
   <div class='ocr_carea' id='block_1_78' title="bbox 1920 3519 3504 3595">
    <p class='ocr_par' dir='ltr' id='par_1_78' title="bbox 1920 3519 3504 3595">
     <span class='ocr_line' id='line_1_78' title="bbox 1920 3519 3504 3595; baseline -0.003 -18"><span class='ocrx_word' id='word_1_588' title='bbox 1920 3523 2031 3595; x_wconf 83' lang='lat' dir='ltr'><strong>Ipsi</strong></span> <span class='ocrx_word' id='word_1_589' title='bbox 2066 3522 2328 3594; x_wconf 87' lang='lat' dir='ltr'><strong>peribunt,</strong></span> <span class='ocrx_word' id='word_1_590' title='bbox 2362 3522 2524 3577; x_wconf 88' lang='lat' dir='ltr'><strong>linem</strong></span> <span class='ocrx_word' id='word_1_591' title='bbox 2548 3536 2642 3576; x_wconf 89' lang='lat' dir='ltr'><strong>eos</strong></span> <span class='ocrx_word' id='word_1_592' title='bbox 2667 3520 2868 3576; x_wconf 85' lang='lat' dir='ltr'><strong>habere</strong></span> <span class='ocrx_word' id='word_1_593' title='bbox 2894 3520 3209 3585; x_wconf 85' lang='lat' dir='ltr'><strong>declaravit,</strong></span> <span class='ocrx_word' id='word_1_594' title='bbox 3240 3526 3307 3573; x_wconf 88' lang='lat' dir='ltr'><strong>ut</strong></span> <span class='ocrx_word' id='word_1_595' title='bbox 3326 3519 3504 3573; x_wconf 89' lang='lat' dir='ltr'><strong>nullus</strong></span> 
     </span>
    </p>
   </div>
   <div class='ocr_carea' id='block_1_79' title="bbox 1920 3608 3507 3682">
    <p class='ocr_par' dir='ltr' id='par_1_79' title="bbox 1920 3608 3507 3682">
     <span class='ocr_line' id='line_1_79' title="bbox 1920 3608 3507 3682; baseline -0.004 -15"><span class='ocrx_word' id='word_1_596' title='bbox 1920 3614 1974 3667; x_wconf 91' lang='lat' dir='ltr'><strong>in</strong></span> <span class='ocrx_word' id='word_1_597' title='bbox 2004 3612 2194 3677; x_wconf 90' lang='lat' dir='ltr'><strong>stellis,</strong></span> <span class='ocrx_word' id='word_1_598' title='bbox 2227 3611 2410 3682; x_wconf 89' lang='lat' dir='ltr'><strong>gentili</strong></span> <span class='ocrx_word' id='word_1_599' title='bbox 2443 3625 2651 3675; x_wconf 88' lang='lat' dir='ltr'><strong>errore,</strong></span> <span class='ocrx_word' id='word_1_600' title='bbox 2685 3609 3001 3675; x_wconf 85' lang='lat' dir='ltr'><strong>conﬁderet,</strong></span> <span class='ocrx_word' id='word_1_601' title='bbox 3037 3624 3159 3664; x_wconf 91' lang='lat' dir='ltr'><strong>cum</strong></span> <span class='ocrx_word' id='word_1_602' title='bbox 3197 3624 3291 3663; x_wconf 89' lang='lat' dir='ltr'><strong>eas</strong></span> <span class='ocrx_word' id='word_1_603' title='bbox 3314 3608 3507 3661; x_wconf 88' lang='lat' dir='ltr'><strong>immu-</strong></span> 
     </span>
    </p>
   </div>
   <div class='ocr_carea' id='block_1_80' title="bbox 1920 3697 3509 3767">
    <p class='ocr_par' dir='ltr' id='par_1_80' title="bbox 1920 3697 3509 3767">
     <span class='ocr_line' id='line_1_80' title="bbox 1920 3697 3509 3767; baseline -0.004 -10"><span class='ocrx_word' id='word_1_604' title='bbox 1920 3702 2112 3758; x_wconf 88' lang='lat' dir='ltr'><strong>tandas</strong></span> <span class='ocrx_word' id='word_1_605' title='bbox 2138 3717 2258 3757; x_wconf 91' lang='lat' dir='ltr'><strong>esse</strong></span> <span class='ocrx_word' id='word_1_606' title='bbox 2286 3701 2532 3756; x_wconf 90' lang='lat' dir='ltr'><strong>sentiret.</strong></span> <span class='ocrx_word' id='word_1_607' title='bbox 2564 3699 2719 3767; x_wconf 86' lang='lat' dir='ltr'><strong>Quod</strong></span> <span class='ocrx_word' id='word_1_608' title='bbox 2742 3707 2922 3753; x_wconf 88' lang='lat' dir='ltr'><strong>autem</strong></span> <span class='ocrx_word' id='word_1_609' title='bbox 2950 3698 3062 3752; x_wconf 89' lang='lat' dir='ltr'><strong>ait:</strong></span> <span class='ocrx_word' id='word_1_610' title='bbox 3096 3697 3173 3751; x_wconf 87' lang='lat' dir='ltr'><strong>Tu</strong></span> <span class='ocrx_word' id='word_1_611' title='bbox 3197 3706 3369 3751; x_wconf 86' lang='lat' dir='ltr'><strong>autem</strong></span> <span class='ocrx_word' id='word_1_612' title='bbox 3390 3714 3509 3767; x_wconf 85' lang='lat' dir='ltr'><strong>per-</strong></span> 
     </span>
    </p>
   </div>
   <div class='ocr_carea' id='block_1_81' title="bbox 1918 3789 3509 3859">
    <p class='ocr_par' dir='ltr' id='par_1_81' title="bbox 1918 3789 3509 3859">
     <span class='ocr_line' id='line_1_81' title="bbox 1918 3789 3509 3859; baseline -0.004 -11"><span class='ocrx_word' id='word_1_613' title='bbox 1918 3811 2118 3859; x_wconf 83' lang='lat' dir='ltr'><strong>manes,</strong></span> <span class='ocrx_word' id='word_1_614' title='bbox 2148 3793 2285 3848; x_wconf 89' lang='lat' dir='ltr'><strong>sicut</strong></span> <span class='ocrx_word' id='word_1_615' title='bbox 2312 3792 2669 3846; x_wconf 63' lang='lat' dir='ltr'><strong>aeternitatem</strong></span> <span class='ocrx_word' id='word_1_616' title='bbox 2685 3789 2899 3844; x_wconf 91' lang='lat' dir='ltr'><strong>Domini</strong></span> <span class='ocrx_word' id='word_1_617' title='bbox 2925 3790 3179 3856; x_wconf 88' lang='lat' dir='ltr'><strong>ostendit,</strong></span> <span class='ocrx_word' id='word_1_618' title='bbox 3207 3789 3332 3844; x_wconf 89' lang='lat' dir='ltr'><strong>dum</strong></span> <span class='ocrx_word' id='word_1_619' title='bbox 3357 3803 3509 3844; x_wconf 90' lang='lat' dir='ltr'><strong>crea-</strong></span> 
     </span>
    </p>
   </div>
   <div class='ocr_carea' id='block_1_82' title="bbox 1920 3878 3502 3953">
    <p class='ocr_par' dir='ltr' id='par_1_82' title="bbox 1920 3878 3502 3953">
     <span class='ocr_line' id='line_1_82' title="bbox 1920 3878 3502 3953; baseline -0.002 -15"><span class='ocrx_word' id='word_1_620' title='bbox 1920 3892 2003 3939; x_wconf 86' lang='lat' dir='ltr'><strong>ret</strong></span> <span class='ocrx_word' id='word_1_621' title='bbox 2024 3885 2226 3947; x_wconf 89' lang='lat' dir='ltr'><strong>omnia,</strong></span> <span class='ocrx_word' id='word_1_622' title='bbox 2272 3883 2372 3949; x_wconf 91' lang='lat' dir='ltr'><strong>sic,</strong></span> <span class='ocrx_word' id='word_1_623' title='bbox 2421 3889 2543 3953; x_wconf 91' lang='lat' dir='ltr'><strong>post</strong></span> <span class='ocrx_word' id='word_1_624' title='bbox 2569 3880 2737 3937; x_wconf 77' lang='lat' dir='ltr'><strong>cmlos</strong></span> <span class='ocrx_word' id='word_1_625' title='bbox 2763 3887 3018 3946; x_wconf 88' lang='lat' dir='ltr'><strong>mutatos,</strong></span> <span class='ocrx_word' id='word_1_626' title='bbox 3070 3878 3246 3950; x_wconf 90' lang='lat' dir='ltr'><strong>ipsum</strong></span> <span class='ocrx_word' id='word_1_627' title='bbox 3286 3878 3418 3935; x_wconf 90' lang='lat' dir='ltr'><strong>dicit</strong></span> <span class='ocrx_word' id='word_1_628' title='bbox 3446 3880 3502 3935; x_wconf 89' lang='lat' dir='ltr'><strong>in</strong></span> 
     </span>
    </p>
   </div>
   <div class='ocr_carea' id='block_1_83' title="bbox 1919 3974 2922 4046">
    <p class='ocr_par' dir='ltr' id='par_1_83' title="bbox 1919 3974 2922 4046">
     <span class='ocr_line' id='line_1_83' title="bbox 1919 3974 2922 4046; baseline -0.003 -16"><span class='ocrx_word' id='word_1_629' title='bbox 1919 3974 2221 4045; x_wconf 74' lang='lat' dir='ltr'><strong>maiestatis</strong></span> <span class='ocrx_word' id='word_1_630' title='bbox 2248 3990 2357 4031; x_wconf 68' lang='lat' dir='ltr'><strong>sum</strong></span> <span class='ocrx_word' id='word_1_631' title='bbox 2384 3975 2555 4046; x_wconf 85' lang='lat' dir='ltr'><strong>gloria</strong></span> <span class='ocrx_word' id='word_1_632' title='bbox 2580 3988 2922 4044; x_wconf 86' lang='lat' dir='ltr'><strong>permanere.</strong></span> 
     </span>
    </p>
   </div>
   <div class='ocr_carea' id='block_1_84' title="bbox 1991 4082 3510 4151">
    <p class='ocr_par' dir='ltr' id='par_1_84' title="bbox 1991 4082 3510 4151">
     <span class='ocr_line' id='line_1_84' title="bbox 1991 4082 3510 4151; baseline -0.001 -11"><span class='ocrx_word' id='word_1_633' title='bbox 1991 4086 2061 4141; x_wconf 86' lang='lat' dir='ltr'><strong>Et</strong></span> <span class='ocrx_word' id='word_1_634' title='bbox 2110 4087 2325 4151; x_wconf 88' lang='lat' dir='ltr'><strong>omnia,</strong></span> <span class='ocrx_word' id='word_1_635' title='bbox 2376 4095 2434 4139; x_wconf 87' lang='lat' dir='ltr'><strong>ut</strong></span> <span class='ocrx_word' id='word_1_636' title='bbox 2478 4085 2835 4138; x_wconf 83' lang='lat' dir='ltr'><strong>vestimentum</strong></span> <span class='ocrx_word' id='word_1_637' title='bbox 2875 4092 3211 4137; x_wconf 85' lang='lat' dir='ltr'><strong>veterascent.</strong></span> <span class='ocrx_word' id='word_1_638' title='bbox 3270 4082 3510 4139; x_wconf 85' lang='lat' dir='ltr'><strong>Dicendo</strong></span> 
     </span>
    </p>
   </div>
   <div class='ocr_carea' id='block_1_85' title="bbox 1919 4173 3509 4244">
    <p class='ocr_par' dir='ltr' id='par_1_85' title="bbox 1919 4173 3509 4244">
     <span class='ocr_line' id='line_1_85' title="bbox 1919 4173 3509 4244; baseline -0.003 -9"><span class='ocrx_word' id='word_1_639' title='bbox 1919 4178 2085 4244; x_wconf 89' lang='lat' dir='ltr'><strong>enim,</strong></span> <span class='ocrx_word' id='word_1_640' title='bbox 2116 4177 2314 4243; x_wconf 89' lang='lat' dir='ltr'><strong>omnia,</strong></span> <span class='ocrx_word' id='word_1_641' title='bbox 2339 4186 2398 4231; x_wconf 91' lang='lat' dir='ltr'><strong>ut</strong></span> <span class='ocrx_word' id='word_1_642' title='bbox 2419 4176 2672 4241; x_wconf 89' lang='lat' dir='ltr'><strong>arbitror,</strong></span> <span class='ocrx_word' id='word_1_643' title='bbox 2699 4190 2806 4229; x_wconf 90' lang='lat' dir='ltr'><strong>non</strong></span> <span class='ocrx_word' id='word_1_644' title='bbox 2835 4173 3072 4244; x_wconf 88' lang='lat' dir='ltr'><strong>angelos,</strong></span> <span class='ocrx_word' id='word_1_645' title='bbox 3100 4188 3208 4229; x_wconf 88' lang='lat' dir='ltr'><strong>non</strong></span> <span class='ocrx_word' id='word_1_646' title='bbox 3232 4173 3509 4243; x_wconf 88' lang='lat' dir='ltr'><strong>spiritales</strong></span> 
     </span>
    </p>
   </div>
   <div class='ocr_carea' id='block_1_86' title="bbox 1868 4264 3510 4339">
    <p class='ocr_par' dir='ltr' id='par_1_86' title="bbox 1868 4264 3510 4339">
     <span class='ocr_line' id='line_1_86' title="bbox 1868 4264 3510 4339; baseline -0.001 -16"><span class='ocrx_word' id='word_1_647' title='bbox 1868 4310 1874 4315; x_wconf 82' lang='lat'><strong>.</strong></span> <span class='ocrx_word' id='word_1_648' title='bbox 1922 4277 2200 4325; x_wconf 89' lang='lat' dir='ltr'><strong>creaturas</strong></span> <span class='ocrx_word' id='word_1_649' title='bbox 2228 4268 2506 4339; x_wconf 89' lang='lat' dir='ltr'><strong>designat,</strong></span> <span class='ocrx_word' id='word_1_650' title='bbox 2543 4281 2664 4335; x_wconf 82' lang='lat' dir='ltr'><strong>quae</strong></span> <span class='ocrx_word' id='word_1_651' title='bbox 2707 4265 2760 4318; x_wconf 92' lang='lat' dir='ltr'><strong>in</strong></span> <span class='ocrx_word' id='word_1_652' title='bbox 2801 4279 2898 4319; x_wconf 87' lang='lat' dir='ltr'><strong>sua</strong></span> <span class='ocrx_word' id='word_1_653' title='bbox 2940 4264 3200 4334; x_wconf 89' lang='lat' dir='ltr'><strong>dignitate</strong></span> <span class='ocrx_word' id='word_1_654' title='bbox 3240 4280 3510 4321; x_wconf 75' lang='lat' dir='ltr'><strong>mansura:</strong></span> 
     </span>
    </p>
   </div>
   <div class='ocr_carea' id='block_1_87' title="bbox 1921 4354 3505 4427">
    <p class='ocr_par' dir='ltr' id='par_1_87' title="bbox 1921 4354 3505 4427">
     <span class='ocr_line' id='line_1_87' title="bbox 1921 4354 3505 4427; baseline -0.004 -10"><span class='ocrx_word' id='word_1_655' title='bbox 1921 4368 2066 4426; x_wconf 91' lang='lat' dir='ltr'><strong>sunt,</strong></span> <span class='ocrx_word' id='word_1_656' title='bbox 2092 4358 2318 4423; x_wconf 81' lang='lat' dir='ltr'><strong>sedilia,</strong></span> <span class='ocrx_word' id='word_1_657' title='bbox 2344 4372 2465 4427; x_wconf 65' lang='lat' dir='ltr'><strong>quae</strong></span> <span class='ocrx_word' id='word_1_658' title='bbox 2489 4355 2912 4412; x_wconf 89' lang='lat' dir='ltr'><strong>commutatione</strong></span> <span class='ocrx_word' id='word_1_659' title='bbox 2932 4354 3230 4423; x_wconf 90' lang='lat' dir='ltr'><strong>probantur</strong></span> <span class='ocrx_word' id='word_1_660' title='bbox 3249 4355 3505 4411; x_wconf 83' lang='lat' dir='ltr'><strong>obnoxia.</strong></span> 
     </span>
    </p>
   </div>
   <div class='ocr_carea' id='block_1_88' title="bbox 1922 4445 3507 4520">
    <p class='ocr_par' dir='ltr' id='par_1_88' title="bbox 1922 4445 3507 4520">
     <span class='ocr_line' id='line_1_88' title="bbox 1922 4445 3507 4520; baseline -0.004 -12"><span class='ocrx_word' id='word_1_661' title='bbox 1922 4452 2077 4520; x_wconf 86' lang='lat' dir='ltr'><strong>Quod</strong></span> <span class='ocrx_word' id='word_1_662' title='bbox 2119 4458 2300 4506; x_wconf 87' lang='lat' dir='ltr'><strong>autem</strong></span> <span class='ocrx_word' id='word_1_663' title='bbox 2347 4448 2517 4503; x_wconf 88' lang='lat' dir='ltr'><strong>dicit:</strong></span> <span class='ocrx_word' id='word_1_664' title='bbox 2567 4445 2717 4502; x_wconf 88' lang='lat' dir='ltr'><strong>Sicut</strong></span> <span class='ocrx_word' id='word_1_665' title='bbox 2761 4445 3120 4500; x_wconf 78' lang='lat' dir='ltr'><strong>vestimentum</strong></span> <span class='ocrx_word' id='word_1_666' title='bbox 3168 4457 3507 4515; x_wconf 85' lang='lat' dir='ltr'><strong>veterascent,</strong></span> 
     </span>
    </p>
   </div>
   <div class='ocr_carea' id='block_1_89' title="bbox 245 4515 1817 4620">
    <p class='ocr_par' dir='ltr' id='par_1_89' title="bbox 245 4515 1817 4592">
     <span class='ocr_line' id='line_1_89' title="bbox 245 4515 1817 4592; baseline 0.008 -28"><span class='ocrx_word' id='word_1_667' title='bbox 245 4523 380 4578; x_wconf 89' lang='lat' dir='ltr'><strong>quos</strong></span> <span class='ocrx_word' id='word_1_668' title='bbox 427 4515 791 4568; x_wconf 89' lang='lat' dir='ltr'><strong>consumunt?</strong></span> <span class='ocrx_word' id='word_1_669' title='bbox 834 4515 1168 4587; x_wconf 86' lang='lat' dir='ltr'><strong>quiscunque</strong></span> <span class='ocrx_word' id='word_1_670' title='bbox 1214 4526 1298 4573; x_wconf 90' lang='lat' dir='ltr'><strong>est</strong></span> <span class='ocrx_word' id='word_1_671' title='bbox 1343 4518 1564 4592; x_wconf 91' lang='lat' dir='ltr'><strong>lignum,</strong></span> <span class='ocrx_word' id='word_1_672' title='bbox 1616 4521 1817 4590; x_wconf 87' lang='lat' dir='ltr'><strong>fenum,</strong></span> 
     </span>
    </p>
   </div>
   <div class='ocr_carea' id='block_1_90' title="bbox 1923 4515 3509 4620">
    <p class='ocr_par' dir='ltr' id='par_1_90' title="bbox 1926 4515 3509 4613">
     <span class='ocr_line' id='line_1_90' title="bbox 1926 4515 3509 4613; baseline -0.004 -13"><span class='ocrx_word' id='word_1_673' title='bbox 1926 4515 1995 4600; x_wconf 64' lang='lat' dir='ltr'><strong>ad</strong></span> <span class='ocrx_word' id='word_1_674' title='bbox 2046 4542 2227 4602; x_wconf 87' lang='lat' dir='ltr'><strong>carnis</strong></span> <span class='ocrx_word' id='word_1_675' title='bbox 2279 4540 2627 4613; x_wconf 89' lang='lat' dir='ltr'><strong>fragilitatem</strong></span> <span class='ocrx_word' id='word_1_676' title='bbox 2683 4537 2899 4592; x_wconf 89' lang='lat' dir='ltr'><strong>videtur</strong></span> <span class='ocrx_word' id='word_1_677' title='bbox 2948 4536 3274 4607; x_wconf 86' lang='lat' dir='ltr'><strong>aptandum,</strong></span> <span class='ocrx_word' id='word_1_678' title='bbox 3333 4538 3509 4607; x_wconf 90' lang='lat' dir='ltr'><strong>ipsum</strong></span> 
     </span>
    </p>
   </div>
   <div class='ocr_carea' id='block_1_91' title="bbox 246 4597 1823 4685">
    <p class='ocr_par' dir='ltr' id='par_1_91' title="bbox 246 4597 1823 4685">
     <span class='ocr_line' id='line_1_91' title="bbox 246 4597 1823 4685; baseline 0.008 -29"><span class='ocrx_word' id='word_1_679' title='bbox 246 4600 458 4671; x_wconf 86' lang='lat' dir='ltr'><strong>stipula,</strong></span> <span class='ocrx_word' id='word_1_680' title='bbox 495 4604 586 4673; x_wconf 92' lang='lat' dir='ltr'><strong>qui</strong></span> <span class='ocrx_word' id='word_1_681' title='bbox 632 4614 810 4660; x_wconf 91' lang='lat' dir='ltr'><strong>autem</strong></span> <span class='ocrx_word' id='word_1_682' title='bbox 850 4622 1041 4661; x_wconf 89' lang='lat' dir='ltr'><strong>aurum</strong></span> <span class='ocrx_word' id='word_1_683' title='bbox 1069 4615 1122 4663; x_wconf 90' lang='lat' dir='ltr'><strong>et</strong></span> <span class='ocrx_word' id='word_1_684' title='bbox 1152 4597 1433 4680; x_wconf 69' lang='lat' dir='ltr'><strong>argentum</strong></span> <span class='ocrx_word' id='word_1_685' title='bbox 1465 4620 1578 4680; x_wconf 91' lang='lat' dir='ltr'><strong>est,</strong></span> <span class='ocrx_word' id='word_1_686' title='bbox 1611 4621 1665 4668; x_wconf 91' lang='lat' dir='ltr'><strong>et</strong></span> <span class='ocrx_word' id='word_1_687' title='bbox 1689 4613 1823 4685; x_wconf 90' lang='lat' dir='ltr'><strong>lapi-</strong></span> 
     </span>
    </p>
   </div>
   <div class='ocr_carea' id='block_1_92' title="bbox 247 4690 1820 4772">
    <p class='ocr_par' dir='ltr' id='par_1_92' title="bbox 247 4690 1820 4772">
     <span class='ocr_line' id='line_1_92' title="bbox 247 4690 1820 4772; baseline 0.01 -27"><span class='ocrx_word' id='word_1_688' title='bbox 247 4690 340 4746; x_wconf 87' lang='lat' dir='ltr'><strong>des</strong></span> <span class='ocrx_word' id='word_1_689' title='bbox 381 4693 624 4763; x_wconf 90' lang='lat' dir='ltr'><strong>pretiosi,</strong></span> <span class='ocrx_word' id='word_1_690' title='bbox 673 4695 919 4750; x_wconf 89' lang='lat' dir='ltr'><strong>mittetur</strong></span> <span class='ocrx_word' id='word_1_691' title='bbox 955 4698 1171 4768; x_wconf 88' lang='lat' dir='ltr'><strong>quidem</strong></span> <span class='ocrx_word' id='word_1_692' title='bbox 1199 4700 1255 4755; x_wconf 92' lang='lat' dir='ltr'><strong>in</strong></span> <span class='ocrx_word' id='word_1_693' title='bbox 1284 4700 1483 4772; x_wconf 89' lang='lat' dir='ltr'><strong>ignem,</strong></span> <span class='ocrx_word' id='word_1_694' title='bbox 1527 4705 1622 4759; x_wconf 91' lang='lat' dir='ltr'><strong>sed</strong></span> <span class='ocrx_word' id='word_1_695' title='bbox 1663 4721 1820 4760; x_wconf 87' lang='lat' dir='ltr'><strong>mun-</strong></span> 
     </span>
    </p>
   </div>
   <div class='ocr_carea' id='block_1_93' title="bbox 248 4782 718 4841">
    <p class='ocr_par' dir='ltr' id='par_1_93' title="bbox 248 4782 718 4841">
     <span class='ocr_line' id='line_1_93' title="bbox 248 4782 718 4841; baseline 0.006 -3"><span class='ocrx_word' id='word_1_696' title='bbox 248 4782 365 4839; x_wconf 88' lang='lat' dir='ltr'><strong>dior</strong></span> <span class='ocrx_word' id='word_1_697' title='bbox 396 4785 718 4841; x_wconf 88' lang='lat' dir='ltr'><strong>invenietur.</strong></span> 
     </span>
    </p>
   </div>
   <div class='ocr_carea' id='block_1_94' title="bbox 314 4876 1821 4946">
    <p class='ocr_par' dir='ltr' id='par_1_94' title="bbox 314 4876 1821 4946">
     <span class='ocr_line' id='line_1_94' title="bbox 314 4876 1821 4946; baseline 0.01 -17"><span class='ocrx_word' id='word_1_698' title='bbox 314 4877 395 4930; x_wconf 82' lang='lat' dir='ltr'><strong>Ad</strong></span> <span class='ocrx_word' id='word_1_699' title='bbox 423 4876 591 4946; x_wconf 81' lang='lat' dir='ltr'><strong>ﬁlium</strong></span> <span class='ocrx_word' id='word_1_700' title='bbox 629 4888 841 4934; x_wconf 89' lang='lat' dir='ltr'><strong>autem:</strong></span> <span class='ocrx_word' id='word_1_701' title='bbox 875 4881 1270 4940; x_wconf 82' lang='lat' dir='ltr'><strong>Tlironus&#39;tuus</strong></span> <span class='ocrx_word' id='word_1_702' title='bbox 1309 4885 1450 4942; x_wconf 89' lang='lat' dir='ltr'><strong>Deus</strong></span> <span class='ocrx_word' id='word_1_703' title='bbox 1491 4888 1546 4943; x_wconf 89' lang='lat' dir='ltr'><strong>in</strong></span> <span class='ocrx_word' id='word_1_704' title='bbox 1571 4889 1821 4944; x_wconf 69' lang='lat' dir='ltr'><strong>saxulum</strong></span> 
     </span>
    </p>
   </div>
   <div class='ocr_carea' id='block_1_95' title="bbox 248 4955 1819 5050">
    <p class='ocr_par' dir='ltr' id='par_1_95' title="bbox 248 4955 1819 5050">
     <span class='ocr_line' id='line_1_95' title="bbox 248 4955 1819 5050; baseline 0.01 -30"><span class='ocrx_word' id='word_1_705' title='bbox 248 4968 445 5022; x_wconf 75' lang='lat' dir='ltr'><strong>siccati.</strong></span> <span class='ocrx_word' id='word_1_706' title='bbox 494 4968 595 5042; x_wconf 82' lang='lat' dir='ltr'><strong>(Ex</strong></span> <span class='ocrx_word' id='word_1_707' title='bbox 617 4968 769 5026; x_wconf 84' lang='lat' dir='ltr'><strong>Joan.</strong></span> <span class='ocrx_word' id='word_1_708' title='bbox 818 4972 1037 5047; x_wconf 86' lang='lat' dir='ltr'><strong>Chrys.)</strong></span> <span class='ocrx_word' id='word_1_709' title='bbox 1076 4955 1217 5032; x_wconf 71' lang='lat' dir='ltr'><strong>Ecce</strong></span> <span class='ocrx_word' id='word_1_710' title='bbox 1262 4993 1455 5050; x_wconf 89' lang='lat' dir='ltr'><strong>magna</strong></span> <span class='ocrx_word' id='word_1_711' title='bbox 1493 4978 1819 5048; x_wconf 79' lang='lat' dir='ltr'><strong>diﬁ&#39;ercntia,</strong></span> 
     </span>
    </p>
   </div>
   <div class='ocr_carea' id='block_1_96' title="bbox 248 5058 1819 5133">
    <p class='ocr_par' dir='ltr' id='par_1_96' title="bbox 248 5058 1819 5133">
     <span class='ocr_line' id='line_1_96' title="bbox 248 5058 1819 5133; baseline 0.01 -22"><span class='ocrx_word' id='word_1_712' title='bbox 248 5058 371 5127; x_wconf 89' lang='lat' dir='ltr'><strong>quia</strong></span> <span class='ocrx_word' id='word_1_713' title='bbox 397 5059 473 5115; x_wconf 90' lang='lat' dir='ltr'><strong>illi</strong></span> <span class='ocrx_word' id='word_1_714' title='bbox 510 5061 728 5130; x_wconf 89' lang='lat' dir='ltr'><strong>quidem</strong></span> <span class='ocrx_word' id='word_1_715' title='bbox 771 5066 936 5119; x_wconf 89' lang='lat' dir='ltr'><strong>creati</strong></span> <span class='ocrx_word' id='word_1_716' title='bbox 969 5076 1125 5133; x_wconf 92' lang='lat' dir='ltr'><strong>sunt,</strong></span> <span class='ocrx_word' id='word_1_717' title='bbox 1170 5069 1261 5125; x_wconf 89' lang='lat' dir='ltr'><strong>hic</strong></span> <span class='ocrx_word' id='word_1_718' title='bbox 1298 5077 1481 5124; x_wconf 89' lang='lat' dir='ltr'><strong>autem</strong></span> <span class='ocrx_word' id='word_1_719' title='bbox 1526 5071 1819 5128; x_wconf 89' lang='lat' dir='ltr'><strong>increatus.</strong></span> 
     </span>
    </p>
   </div>
   <div class='ocr_carea' id='block_1_97' title="bbox 248 5145 1825 5229">
    <p class='ocr_par' dir='ltr' id='par_1_97' title="bbox 248 5145 1825 5229">
     <span class='ocr_line' id='line_1_97' title="bbox 248 5145 1825 5229; baseline 0.011 -27"><span class='ocrx_word' id='word_1_720' title='bbox 248 5145 475 5205; x_wconf 89' lang='lat' dir='ltr'><strong>Intueris</strong></span> <span class='ocrx_word' id='word_1_721' title='bbox 512 5153 784 5220; x_wconf 90' lang='lat' dir='ltr'><strong>quomodo</strong></span> <span class='ocrx_word' id='word_1_722' title='bbox 825 5154 1040 5222; x_wconf 90' lang='lat' dir='ltr'><strong>dividit,</strong></span> <span class='ocrx_word' id='word_1_723' title='bbox 1082 5165 1138 5212; x_wconf 90' lang='lat' dir='ltr'><strong>et</strong></span> <span class='ocrx_word' id='word_1_724' title='bbox 1176 5173 1301 5213; x_wconf 90' lang='lat' dir='ltr'><strong>cum</strong></span> <span class='ocrx_word' id='word_1_725' title='bbox 1332 5168 1534 5229; x_wconf 89' lang='lat' dir='ltr'><strong>quanta</strong></span> <span class='ocrx_word' id='word_1_726' title='bbox 1578 5160 1825 5220; x_wconf 89' lang='lat' dir='ltr'><strong>claritate</strong></span> 
     </span>
    </p>
   </div>
   <div class='ocr_carea' id='block_1_98' title="bbox 249 5247 1827 5320">
    <p class='ocr_par' dir='ltr' id='par_1_98' title="bbox 249 5247 1827 5320">
     <span class='ocr_line' id='line_1_98' title="bbox 249 5247 1827 5320; baseline 0.011 -27"><span class='ocrx_word' id='word_1_727' title='bbox 249 5250 588 5296; x_wconf 54' lang='lat' dir='ltr'><strong>creaturas‘a</strong></span> <span class='ocrx_word' id='word_1_728' title='bbox 622 5253 867 5301; x_wconf 84' lang='lat' dir='ltr'><strong>creatore</strong></span> <span class='ocrx_word' id='word_1_729' title='bbox 896 5247 1176 5316; x_wconf 88' lang='lat' dir='ltr'><strong>discernit,</strong></span> <span class='ocrx_word' id='word_1_730' title='bbox 1209 5251 1484 5308; x_wconf 87' lang='lat' dir='ltr'><strong>ministros</strong></span> <span class='ocrx_word' id='word_1_731' title='bbox 1518 5268 1740 5320; x_wconf 86' lang='lat' dir='ltr'><strong>vocans,</strong></span> <span class='ocrx_word' id='word_1_732' title='bbox 1770 5263 1827 5310; x_wconf 93' lang='lat' dir='ltr'><strong>et</strong></span> 
     </span>
    </p>
   </div>
   <div class='ocr_carea' id='block_1_99' title="bbox 253 5329 1825 5414">
    <p class='ocr_par' dir='ltr' id='par_1_99' title="bbox 253 5329 1825 5414">
     <span class='ocr_line' id='line_1_99' title="bbox 253 5329 1825 5414; baseline 0.012 -31"><span class='ocrx_word' id='word_1_733' title='bbox 253 5329 532 5387; x_wconf 83' lang='lat' dir='ltr'><strong>Dominum</strong></span> <span class='ocrx_word' id='word_1_734' title='bbox 556 5352 569 5387; x_wconf 93' lang='lat'><strong>:</strong></span> <span class='ocrx_word' id='word_1_735' title='bbox 596 5348 782 5392; x_wconf 86' lang='lat' dir='ltr'><strong>servos</strong></span> <span class='ocrx_word' id='word_1_736' title='bbox 807 5346 861 5391; x_wconf 91' lang='lat' dir='ltr'><strong>et</strong></span> <span class='ocrx_word' id='word_1_737' title='bbox 885 5338 1174 5396; x_wconf 70' lang='lat' dir='ltr'><strong>hzeredem.</strong></span> <span class='ocrx_word' id='word_1_738' title='bbox 1218 5342 1300 5398; x_wconf 80' lang='lat' dir='ltr'><strong>Ad</strong></span> <span class='ocrx_word' id='word_1_739' title='bbox 1319 5345 1596 5414; x_wconf 91' lang='lat' dir='ltr'><strong>proprium</strong></span> <span class='ocrx_word' id='word_1_740' title='bbox 1629 5345 1825 5403; x_wconf 84' lang='lat' dir='ltr'><strong>Filium</strong></span> 
     </span>
    </p>
   </div>
   <div class='ocr_carea' id='block_1_100' title="bbox 250 5422 1855 5495">
    <p class='ocr_par' dir='ltr' id='par_1_100' title="bbox 250 5422 1855 5495">
     <span class='ocr_line' id='line_1_100' title="bbox 250 5422 1855 5495; baseline 0.012 -19"><span class='ocrx_word' id='word_1_741' title='bbox 250 5423 408 5479; x_wconf 90' lang='lat' dir='ltr'><strong>dicit:</strong></span> <span class='ocrx_word' id='word_1_742' title='bbox 456 5424 627 5481; x_wconf 88' lang='lat' dir='ltr'><strong>Sedes</strong></span> <span class='ocrx_word' id='word_1_743' title='bbox 650 5435 740 5482; x_wconf 89' lang='lat' dir='ltr'><strong>tua</strong></span> <span class='ocrx_word' id='word_1_744' title='bbox 784 5429 926 5486; x_wconf 90' lang='lat' dir='ltr'><strong>Deus</strong></span> <span class='ocrx_word' id='word_1_745' title='bbox 950 5432 1005 5487; x_wconf 91' lang='lat' dir='ltr'><strong>in</strong></span> <span class='ocrx_word' id='word_1_746' title='bbox 1035 5434 1289 5489; x_wconf 62' lang='lat' dir='ltr'><strong>sacculum</strong></span> <span class='ocrx_word' id='word_1_747' title='bbox 1321 5437 1522 5492; x_wconf 77' lang='lat' dir='ltr'><strong>saeculi.</strong></span> <span class='ocrx_word' id='word_1_748' title='bbox 1557 5438 1697 5494; x_wconf 86' lang='lat' dir='ltr'><strong>Ecce</strong></span> <span class='ocrx_word' id='word_1_749' title='bbox 1726 5422 1855 5495; x_wconf 80' lang='lat' dir='ltr'><strong>ha-’</strong></span> 
     </span>
    </p>
   </div>
   <div class='ocr_carea' id='block_1_101' title="bbox 250 5514 1824 5602">
    <p class='ocr_par' dir='ltr' id='par_1_101' title="bbox 250 5514 1824 5602">
     <span class='ocr_line' id='line_1_101' title="bbox 250 5514 1824 5602; baseline 0.011 -32"><span class='ocrx_word' id='word_1_750' title='bbox 250 5514 521 5590; x_wconf 84' lang='lat' dir='ltr'><strong>besregni</strong></span> <span class='ocrx_word' id='word_1_751' title='bbox 552 5518 927 5588; x_wconf 89' lang='lat' dir='ltr'><strong>signaculum:</strong></span> <span class='ocrx_word' id='word_1_752' title='bbox 977 5523 1045 5578; x_wconf 89' lang='lat' dir='ltr'><strong>Et</strong></span> <span class='ocrx_word' id='word_1_753' title='bbox 1091 5526 1240 5597; x_wconf 86' lang='lat' dir='ltr'><strong>virga</strong></span> <span class='ocrx_word' id='word_1_754' title='bbox 1286 5528 1583 5598; x_wconf 72' lang='lat' dir='ltr'><strong>aequitatis,</strong></span> <span class='ocrx_word' id='word_1_755' title='bbox 1629 5530 1824 5602; x_wconf 84' lang='lat' dir='ltr'><strong>inquit,</strong></span> 
     </span>
    </p>
   </div>
   <div class='ocr_carea' id='block_1_102' title="bbox 249 5607 1825 5693">
    <p class='ocr_par' dir='ltr' id='par_1_102' title="bbox 249 5607 1825 5693">
     <span class='ocr_line' id='line_1_102' title="bbox 249 5607 1825 5693; baseline 0.011 -33"><span class='ocrx_word' id='word_1_756' title='bbox 249 5607 395 5678; x_wconf 88' lang='lat' dir='ltr'><strong>virga</strong></span> <span class='ocrx_word' id='word_1_757' title='bbox 446 5611 598 5681; x_wconf 86' lang='lat' dir='ltr'><strong>regni</strong></span> <span class='ocrx_word' id='word_1_758' title='bbox 650 5612 747 5666; x_wconf 86' lang='lat' dir='ltr'><strong>tui.</strong></span> <span class='ocrx_word' id='word_1_759' title='bbox 793 5613 930 5669; x_wconf 88' lang='lat' dir='ltr'><strong>Ecce</strong></span> <span class='ocrx_word' id='word_1_760' title='bbox 975 5616 1145 5673; x_wconf 88' lang='lat' dir='ltr'><strong>habes</strong></span> <span class='ocrx_word' id='word_1_761' title='bbox 1187 5626 1242 5673; x_wconf 88' lang='lat' dir='ltr'><strong>et</strong></span> <span class='ocrx_word' id='word_1_762' title='bbox 1277 5619 1420 5674; x_wconf 85' lang='lat' dir='ltr'><strong>aliud</strong></span> <span class='ocrx_word' id='word_1_763' title='bbox 1466 5621 1825 5693; x_wconf 78' lang='lat' dir='ltr'><strong>signaculum.</strong></span> 
     </span>
    </p>
   </div>
   <div class='ocr_carea' id='block_1_103' title="bbox 253 5693 1829 5785">
    <p class='ocr_par' dir='ltr' id='par_1_103' title="bbox 253 5693 1829 5785">
     <span class='ocr_line' id='line_1_103' title="bbox 253 5693 1829 5785; baseline 0.011 -33"><span class='ocrx_word' id='word_1_764' title='bbox 253 5693 357 5772; x_wconf 69' lang='lat' dir='ltr'><strong>(Ex</strong></span> <span class='ocrx_word' id='word_1_765' title='bbox 384 5700 651 5777; x_wconf 86' lang='lat' dir='ltr'><strong>Cassiod.)</strong></span> <span class='ocrx_word' id='word_1_766' title='bbox 698 5705 856 5785; x_wconf 83' lang='lat' dir='ltr'><strong>Virga</strong></span> <span class='ocrx_word' id='word_1_767' title='bbox 886 5725 1016 5764; x_wconf 89' lang='lat' dir='ltr'><strong>vero</strong></span> <span class='ocrx_word' id='word_1_768' title='bbox 1039 5710 1143 5764; x_wconf 87' lang='lat' dir='ltr'><strong>ista</strong></span> <span class='ocrx_word' id='word_1_769' title='bbox 1174 5712 1414 5782; x_wconf 88' lang='lat' dir='ltr'><strong>regulam</strong></span> <span class='ocrx_word' id='word_1_770' title='bbox 1444 5713 1637 5768; x_wconf 71' lang='lat' dir='ltr'><strong>divina:</strong></span> <span class='ocrx_word' id='word_1_771' title='bbox 1664 5714 1829 5785; x_wconf 86' lang='lat' dir='ltr'><strong>signi-</strong></span> 
     </span>
    </p>
   </div>
   <div class='ocr_carea' id='block_1_104' title="bbox 254 5784 1827 5873">
    <p class='ocr_par' dir='ltr' id='par_1_104' title="bbox 254 5784 1827 5873">
     <span class='ocr_line' id='line_1_104' title="bbox 254 5784 1827 5873; baseline 0.008 -27"><span class='ocrx_word' id='word_1_772' title='bbox 254 5786 375 5849; x_wconf 82' lang='lat' dir='ltr'><strong>ﬁcat</strong></span> <span class='ocrx_word' id='word_1_773' title='bbox 418 5795 689 5865; x_wconf 71' lang='lat' dir='ltr'><strong>aequitatis</strong></span> <span class='ocrx_word' id='word_1_774' title='bbox 714 5836 729 5864; x_wconf 94' lang='lat'><strong>,</strong></span> <span class='ocrx_word' id='word_1_775' title='bbox 759 5784 893 5869; x_wconf 69' lang='lat' dir='ltr'><strong>qua:</strong></span> <span class='ocrx_word' id='word_1_776' title='bbox 937 5801 1202 5856; x_wconf 88' lang='lat' dir='ltr'><strong>veraciter</strong></span> <span class='ocrx_word' id='word_1_777' title='bbox 1240 5791 1395 5858; x_wconf 59' lang='lat' dir='ltr'><strong>recta&#39;</strong></span> <span class='ocrx_word' id='word_1_778' title='bbox 1425 5802 1647 5872; x_wconf 83' lang='lat' dir='ltr'><strong>dicitur,</strong></span> <span class='ocrx_word' id='word_1_779' title='bbox 1702 5784 1827 5873; x_wconf 80' lang='lat' dir='ltr'><strong>quia</strong></span> 
     </span>
    </p>
   </div>
   <div class='ocr_carea' id='block_1_105' title="bbox 1921 4628 3512 4710">
    <p class='ocr_par' dir='ltr' id='par_1_105' title="bbox 1921 4628 3512 4710">
     <span class='ocr_line' id='line_1_105' title="bbox 1921 4628 3512 4710; baseline -0.004 -17"><span class='ocrx_word' id='word_1_780' title='bbox 1921 4636 2070 4695; x_wconf 86' lang='lat' dir='ltr'><strong>enim</strong></span> <span class='ocrx_word' id='word_1_781' title='bbox 2110 4634 2425 4700; x_wconf 88' lang='lat' dir='ltr'><strong>veterascit,</strong></span> <span class='ocrx_word' id='word_1_782' title='bbox 2468 4630 2612 4702; x_wconf 90' lang='lat' dir='ltr'><strong>quod</strong></span> <span class='ocrx_word' id='word_1_783' title='bbox 2647 4644 2800 4685; x_wconf 87' lang='lat' dir='ltr'><strong>more</strong></span> <span class='ocrx_word' id='word_1_784' title='bbox 2826 4628 2995 4685; x_wconf 85' lang='lat' dir='ltr'><strong>vestis</strong></span> <span class='ocrx_word' id='word_1_785' title='bbox 3018 4637 3202 4710; x_wconf 17' lang='lat' dir='ltr'><strong>morte.</strong></span> <span class='ocrx_word' id='word_1_786' title='bbox 3238 4632 3512 4688; x_wconf 89' lang='lat' dir='ltr'><strong>consumi-</strong></span> 
     </span>
    </p>
   </div>
   <div class='ocr_carea' id='block_1_106' title="bbox 1925 4739 2035 4784">
    <p class='ocr_par' dir='ltr' id='par_1_106' title="bbox 1925 4739 2035 4784">
     <span class='ocr_line' id='line_1_106' title="bbox 1925 4739 2035 4784; baseline -0.009 0"><span class='ocrx_word' id='word_1_787' title='bbox 1925 4739 2035 4784; x_wconf 88' lang='lat' dir='ltr'><strong>tur.</strong></span> 
     </span>
    </p>
   </div>
   <div class='ocr_carea' id='block_1_107' title="bbox 1997 4814 3508 4895">
    <p class='ocr_par' dir='ltr' id='par_1_107' title="bbox 1997 4814 3508 4895">
     <span class='ocr_line' id='line_1_107' title="bbox 1997 4814 3508 4895; baseline -0.002 -22"><span class='ocrx_word' id='word_1_788' title='bbox 1997 4819 2068 4873; x_wconf 87' lang='lat' dir='ltr'><strong>Et</strong></span> <span class='ocrx_word' id='word_1_789' title='bbox 2097 4818 2235 4895; x_wconf 75' lang='lat' dir='ltr'><strong>velut</strong></span> <span class='ocrx_word' id='word_1_790' title='bbox 2272 4819 2523 4873; x_wconf 85' lang='lat' dir='ltr'><strong>amictum</strong></span> <span class='ocrx_word' id='word_1_791' title='bbox 2568 4815 2871 4871; x_wconf 87' lang='lat' dir='ltr'><strong>immutabis</strong></span> <span class='ocrx_word' id='word_1_792' title='bbox 2913 4831 3021 4881; x_wconf 88' lang='lat' dir='ltr'><strong>eos,</strong></span> <span class='ocrx_word' id='word_1_793' title='bbox 3069 4822 3120 4870; x_wconf 87' lang='lat' dir='ltr'><strong>et</strong></span> <span class='ocrx_word' id='word_1_794' title='bbox 3147 4814 3508 4871; x_wconf 88' lang='lat' dir='ltr'><strong>mutabuntur.</strong></span> 
     </span>
    </p>
   </div>
   <div class='ocr_carea' id='block_1_108' title="bbox 1924 4904 3514 4978">
    <p class='ocr_par' dir='ltr' id='par_1_108' title="bbox 1924 4904 3514 4978">
     <span class='ocr_line' id='line_1_108' title="bbox 1924 4904 3514 4978; baseline -0.003 -12"><span class='ocrx_word' id='word_1_795' title='bbox 1924 4911 2219 4976; x_wconf 82' lang='lat' dir='ltr'><strong>Amictum,</strong></span> <span class='ocrx_word' id='word_1_796' title='bbox 2248 4909 2300 4964; x_wconf 89' lang='lat' dir='ltr'><strong>id</strong></span> <span class='ocrx_word' id='word_1_797' title='bbox 2317 4916 2401 4963; x_wconf 90' lang='lat' dir='ltr'><strong>est</strong></span> <span class='ocrx_word' id='word_1_798' title='bbox 2424 4908 2778 4978; x_wconf 86' lang='lat' dir='ltr'><strong>opertorium,</strong></span> <span class='ocrx_word' id='word_1_799' title='bbox 2807 4905 2974 4963; x_wconf 79' lang='lat' dir='ltr'><strong>caelos</strong></span> <span class='ocrx_word' id='word_1_800' title='bbox 3000 4904 3224 4961; x_wconf 90' lang='lat' dir='ltr'><strong>forsitan</strong></span> <span class='ocrx_word' id='word_1_801' title='bbox 3252 4906 3514 4963; x_wconf 82' lang='lat' dir='ltr'><strong>debemus</strong></span> 
     </span>
    </p>
   </div>
   <div class='ocr_carea' id='block_1_109' title="bbox 1927 4991 3508 5063">
    <p class='ocr_par' dir='ltr' id='par_1_109' title="bbox 1927 4991 3508 5063">
     <span class='ocr_line' id='line_1_109' title="bbox 1927 4991 3508 5063; baseline -0.002 -13"><span class='ocrx_word' id='word_1_802' title='bbox 1927 4996 2229 5060; x_wconf 88' lang='lat' dir='ltr'><strong>advertere,</strong></span> <span class='ocrx_word' id='word_1_803' title='bbox 2273 4993 2366 5063; x_wconf 90' lang='lat' dir='ltr'><strong>qui</strong></span> <span class='ocrx_word' id='word_1_804' title='bbox 2408 4993 2476 5048; x_wconf 89' lang='lat' dir='ltr'><strong>ad</strong></span> <span class='ocrx_word' id='word_1_805' title='bbox 2502 4993 2675 5047; x_wconf 91' lang='lat' dir='ltr'><strong>vicem</strong></span> <span class='ocrx_word' id='word_1_806' title='bbox 2704 4991 2989 5046; x_wconf 90' lang='lat' dir='ltr'><strong>velaminis</strong></span> <span class='ocrx_word' id='word_1_807' title='bbox 3019 4997 3194 5046; x_wconf 89' lang='lat' dir='ltr'><strong>terras</strong></span> <span class='ocrx_word' id='word_1_808' title='bbox 3235 4991 3508 5060; x_wconf 85' lang='lat' dir='ltr'><strong>Operiunt,</strong></span> 
     </span>
    </p>
   </div>
   <div class='ocr_carea' id='block_1_110' title="bbox 1925 5079 3512 5154">
    <p class='ocr_par' dir='ltr' id='par_1_110' title="bbox 1925 5079 3512 5154">
     <span class='ocr_line' id='line_1_110' title="bbox 1925 5079 3512 5154; baseline -0.002 -15"><span class='ocrx_word' id='word_1_809' title='bbox 1925 5085 2017 5154; x_wconf 90' lang='lat' dir='ltr'><strong>qui</strong></span> <span class='ocrx_word' id='word_1_810' title='bbox 2048 5083 2311 5145; x_wconf 84' lang='lat' dir='ltr'><strong>similiter,</strong></span> <span class='ocrx_word' id='word_1_811' title='bbox 2363 5089 2424 5136; x_wconf 90' lang='lat' dir='ltr'><strong>ut</strong></span> <span class='ocrx_word' id='word_1_812' title='bbox 2464 5080 2604 5145; x_wconf 89' lang='lat' dir='ltr'><strong>alia,</strong></span> <span class='ocrx_word' id='word_1_813' title='bbox 2645 5079 3141 5136; x_wconf 80' lang='lat' dir='ltr'><strong>commutabantur.</strong></span> <span class='ocrx_word' id='word_1_814' title='bbox 3194 5079 3262 5134; x_wconf 83' lang='lat' dir='ltr'><strong>Et</strong></span> <span class='ocrx_word' id='word_1_815' title='bbox 3291 5089 3348 5134; x_wconf 92' lang='lat' dir='ltr'><strong>ut</strong></span> <span class='ocrx_word' id='word_1_816' title='bbox 3370 5081 3512 5136; x_wconf 88' lang='lat' dir='ltr'><strong>facta</strong></span> 
     </span>
    </p>
   </div>
   <div class='ocr_carea' id='block_1_111' title="bbox 1927 5170 3513 5241">
    <p class='ocr_par' dir='ltr' id='par_1_111' title="bbox 1927 5170 3513 5241">
     <span class='ocr_line' id='line_1_111' title="bbox 1927 5170 3513 5241; baseline -0.003 -11"><span class='ocrx_word' id='word_1_817' title='bbox 1927 5175 2139 5231; x_wconf 90' lang='lat' dir='ltr'><strong>Domini</strong></span> <span class='ocrx_word' id='word_1_818' title='bbox 2178 5172 2510 5238; x_wconf 85' lang='lat' dir='ltr'><strong>ostenderet,</strong></span> <span class='ocrx_word' id='word_1_819' title='bbox 2538 5170 2650 5241; x_wconf 88' lang='lat' dir='ltr'><strong>jam</strong></span> <span class='ocrx_word' id='word_1_820' title='bbox 2681 5170 2781 5227; x_wconf 88' lang='lat' dir='ltr'><strong>sub</strong></span> <span class='ocrx_word' id='word_1_821' title='bbox 2805 5171 3108 5226; x_wconf 61' lang='lat' dir='ltr'><strong>aeternitate</strong></span> <span class='ocrx_word' id='word_1_822' title='bbox 3151 5185 3405 5226; x_wconf 89' lang='lat' dir='ltr'><strong>mansura</strong></span> <span class='ocrx_word' id='word_1_823' title='bbox 3431 5170 3513 5225; x_wconf 87' lang='lat' dir='ltr'><strong>di-</strong></span> 
     </span>
    </p>
   </div>
   <div class='ocr_carea' id='block_1_112' title="bbox 1923 5261 3509 5330">
    <p class='ocr_par' dir='ltr' id='par_1_112' title="bbox 1923 5261 3509 5330">
     <span class='ocr_line' id='line_1_112' title="bbox 1923 5261 3509 5330; baseline -0.004 -8"><span class='ocrx_word' id='word_1_824' title='bbox 1923 5266 2039 5323; x_wconf 85' lang='lat' dir='ltr'><strong>cit:</strong></span> <span class='ocrx_word' id='word_1_825' title='bbox 2091 5263 2325 5319; x_wconf 75' lang='lat' dir='ltr'><strong>Hutabis</strong></span> <span class='ocrx_word' id='word_1_826' title='bbox 2365 5279 2461 5328; x_wconf 89' lang='lat' dir='ltr'><strong>ea,</strong></span> <span class='ocrx_word' id='word_1_827' title='bbox 2533 5270 2589 5317; x_wconf 92' lang='lat' dir='ltr'><strong>et</strong></span> <span class='ocrx_word' id='word_1_828' title='bbox 2630 5261 3006 5325; x_wconf 85' lang='lat' dir='ltr'><strong>mutabuntur,</strong></span> <span class='ocrx_word' id='word_1_829' title='bbox 3053 5261 3178 5330; x_wconf 91' lang='lat' dir='ltr'><strong>quia</strong></span> <span class='ocrx_word' id='word_1_830' title='bbox 3236 5274 3509 5326; x_wconf 85' lang='lat' dir='ltr'><strong>nunquam</strong></span> 
     </span>
    </p>
   </div>
   <div class='ocr_carea' id='block_1_113' title="bbox 1927 5347 3512 5419">
    <p class='ocr_par' dir='ltr' id='par_1_113' title="bbox 1927 5347 3512 5419">
     <span class='ocr_line' id='line_1_113' title="bbox 1927 5347 3512 5419; baseline -0.004 -11"><span class='ocrx_word' id='word_1_831' title='bbox 1927 5362 2086 5409; x_wconf 88' lang='lat' dir='ltr'><strong>erunt</strong></span> <span class='ocrx_word' id='word_1_832' title='bbox 2130 5350 2198 5406; x_wconf 88' lang='lat' dir='ltr'><strong>ad</strong></span> <span class='ocrx_word' id='word_1_833' title='bbox 2243 5351 2349 5407; x_wconf 86' lang='lat' dir='ltr'><strong>hoc</strong></span> <span class='ocrx_word' id='word_1_834' title='bbox 2378 5349 2727 5419; x_wconf 88' lang='lat' dir='ltr'><strong>corruptibile</strong></span> <span class='ocrx_word' id='word_1_835' title='bbox 2766 5349 3024 5404; x_wconf 90' lang='lat' dir='ltr'><strong>reditura.</strong></span> <span class='ocrx_word' id='word_1_836' title='bbox 3069 5347 3204 5402; x_wconf 84' lang='lat' dir='ltr'><strong>Nam</strong></span> <span class='ocrx_word' id='word_1_837' title='bbox 3242 5348 3286 5403; x_wconf 90' lang='lat' dir='ltr'><strong>si</strong></span> <span class='ocrx_word' id='word_1_838' title='bbox 3325 5364 3512 5403; x_wconf 90' lang='lat' dir='ltr'><strong>corru-</strong></span> 
     </span>
    </p>
   </div>
   <div class='ocr_carea' id='block_1_114' title="bbox 1927 5439 3505 5515">
    <p class='ocr_par' dir='ltr' id='par_1_114' title="bbox 1927 5439 3505 5515">
     <span class='ocr_line' id='line_1_114' title="bbox 1927 5439 3505 5515; baseline -0.004 -17"><span class='ocrx_word' id='word_1_839' title='bbox 1927 5443 2097 5515; x_wconf 89' lang='lat' dir='ltr'><strong>ptioni</strong></span> <span class='ocrx_word' id='word_1_840' title='bbox 2125 5442 2352 5498; x_wconf 89' lang='lat' dir='ltr'><strong>ulterius</strong></span> <span class='ocrx_word' id='word_1_841' title='bbox 2379 5441 2749 5511; x_wconf 72' lang='lat' dir='ltr'><strong>subiacerent,</strong></span> <span class='ocrx_word' id='word_1_842' title='bbox 2779 5454 2885 5495; x_wconf 89' lang='lat' dir='ltr'><strong>non</strong></span> <span class='ocrx_word' id='word_1_843' title='bbox 2909 5439 3216 5494; x_wconf 90' lang='lat' dir='ltr'><strong>dicerentur</strong></span> <span class='ocrx_word' id='word_1_844' title='bbox 3239 5451 3359 5493; x_wconf 89' lang='lat' dir='ltr'><strong>esse</strong></span> <span class='ocrx_word' id='word_1_845' title='bbox 3384 5452 3505 5492; x_wconf 87' lang='lat' dir='ltr'><strong>mu-</strong></span> 
     </span>
    </p>
   </div>
   <div class='ocr_carea' id='block_1_115' title="bbox 1928 5522 3514 5602">
    <p class='ocr_par' dir='ltr' id='par_1_115' title="bbox 1928 5522 3514 5602">
     <span class='ocr_line' id='line_1_115' title="bbox 1928 5522 3514 5602; baseline -0.006 -12"><span class='ocrx_word' id='word_1_846' title='bbox 1928 5543 2061 5590; x_wconf 87' lang='lat' dir='ltr'><strong>tata.</strong></span> <span class='ocrx_word' id='word_1_847' title='bbox 2113 5531 2268 5588; x_wconf 89' lang='lat' dir='ltr'><strong>Sicut</strong></span> <span class='ocrx_word' id='word_1_848' title='bbox 2289 5530 2477 5587; x_wconf 88' lang='lat' dir='ltr'><strong>Daniel</strong></span> <span class='ocrx_word' id='word_1_849' title='bbox 2508 5529 2768 5602; x_wconf 84' lang='lat' dir='ltr'><strong>propheta</strong></span> <span class='ocrx_word' id='word_1_850' title='bbox 2806 5535 3068 5591; x_wconf 88' lang='lat' dir='ltr'><strong>testatur,</strong></span> <span class='ocrx_word' id='word_1_851' title='bbox 3115 5525 3299 5582; x_wconf 88' lang='lat' dir='ltr'><strong>dicens</strong></span> <span class='ocrx_word' id='word_1_852' title='bbox 3324 5542 3337 5577; x_wconf 91' lang='lat'><strong>:</strong></span> <span class='ocrx_word' id='word_1_853' title='bbox 3367 5522 3514 5593; x_wconf 85' lang='lat' dir='ltr'><strong>Quo-</strong></span> 
     </span>
    </p>
   </div>
   <div class='ocr_carea' id='block_1_116' title="bbox 1929 5613 3594 5695">
    <p class='ocr_par' dir='ltr' id='par_1_116' title="bbox 1929 5613 3594 5695">
     <span class='ocr_line' id='line_1_116' title="bbox 1929 5613 3594 5695; baseline -0.005 -15"><span class='ocrx_word' id='word_1_854' title='bbox 1929 5625 2075 5680; x_wconf 90' lang='lat' dir='ltr'><strong>niam</strong></span> <span class='ocrx_word' id='word_1_855' title='bbox 2096 5623 2361 5695; x_wconf 86' lang='lat' dir='ltr'><strong>sapicntia</strong></span> <span class='ocrx_word' id='word_1_856' title='bbox 2385 5630 2440 5678; x_wconf 90' lang='lat' dir='ltr'><strong>et</strong></span> <span class='ocrx_word' id='word_1_857' title='bbox 2464 5622 2635 5677; x_wconf 89' lang='lat' dir='ltr'><strong>virtus</strong></span> <span class='ocrx_word' id='word_1_858' title='bbox 2660 5628 2713 5675; x_wconf 87' lang='lat' dir='ltr'><strong>ct</strong></span> <span class='ocrx_word' id='word_1_859' title='bbox 2740 5616 3042 5673; x_wconf 87' lang='lat' dir='ltr'><strong>intellectus</strong></span> <span class='ocrx_word' id='word_1_860' title='bbox 3076 5613 3243 5683; x_wconf 88' lang='lat' dir='ltr'><strong>ipsius</strong></span> <span class='ocrx_word' id='word_1_861' title='bbox 3265 5621 3411 5680; x_wconf 91' lang='lat' dir='ltr'><strong>sunt,</strong></span> <span class='ocrx_word' id='word_1_862' title='bbox 3455 5623 3513 5669; x_wconf 89' lang='lat' dir='ltr'><strong>et</strong></span> <span class='ocrx_word' id='word_1_863' title='bbox 3578 5642 3594 5671; x_wconf 72' lang='lat'><strong>.-</strong></span> 
     </span>
    </p>
   </div>
   <div class='ocr_carea' id='block_1_117' title="bbox 1930 5702 3372 5784">
    <p class='ocr_par' dir='ltr' id='par_1_117' title="bbox 1930 5702 3372 5784">
     <span class='ocr_line' id='line_1_117' title="bbox 1930 5702 3372 5784; baseline -0.01 -14"><span class='ocrx_word' id='word_1_864' title='bbox 1930 5715 2044 5784; x_wconf 87' lang='lat' dir='ltr'><strong>ipsc</strong></span> <span class='ocrx_word' id='word_1_865' title='bbox 2068 5724 2239 5769; x_wconf 87' lang='lat' dir='ltr'><strong>mutat</strong></span> <span class='ocrx_word' id='word_1_866' title='bbox 2266 5722 2504 5781; x_wconf 86' lang='lat' dir='ltr'><strong>tempora</strong></span> <span class='ocrx_word' id='word_1_867' title='bbox 2529 5720 2585 5765; x_wconf 89' lang='lat' dir='ltr'><strong>et</strong></span> <span class='ocrx_word' id='word_1_868' title='bbox 2604 5709 2796 5766; x_wconf 63' lang='lat' dir='ltr'><strong>saecula</strong></span> <span class='ocrx_word' id='word_1_869' title='bbox 2822 5706 2985 5778; x_wconf 85' lang='lat' dir='ltr'><strong>(Dan.</strong></span> <span class='ocrx_word' id='word_1_870' title='bbox 3014 5702 3096 5773; x_wconf 89' lang='grc' dir='ltr'>ιι),</span> <span class='ocrx_word' id='word_1_871' title='bbox 3126 5703 3372 5771; x_wconf 76' lang='lat' dir='ltr'><strong>subjecit.</strong></span> 
     </span>
    </p>
   </div>
   <div class='ocr_carea' id='block_1_118' title="bbox 2008 5794 3503 5874">
    <p class='ocr_par' dir='ltr' id='par_1_118' title="bbox 2008 5794 3503 5874">
     <span class='ocr_line' id='line_1_118' title="bbox 2008 5794 3503 5874; baseline -0.007 -14"><span class='ocrx_word' id='word_1_872' title='bbox 2008 5805 2083 5859; x_wconf 84' lang='lat' dir='ltr'><strong>Tu</strong></span> <span class='ocrx_word' id='word_1_873' title='bbox 2114 5816 2287 5860; x_wconf 87' lang='lat' dir='ltr'><strong>autem</strong></span> <span class='ocrx_word' id='word_1_874' title='bbox 2322 5806 2457 5859; x_wconf 83' lang='lat' dir='ltr'><strong>idem</strong></span> <span class='ocrx_word' id='word_1_875' title='bbox 2496 5804 2603 5874; x_wconf 85' lang='lat' dir='ltr'><strong>ipse</strong></span> <span class='ocrx_word' id='word_1_876' title='bbox 2641 5818 2717 5867; x_wconf 81' lang='lat' dir='ltr'><strong>es,</strong></span> <span class='ocrx_word' id='word_1_877' title='bbox 2744 5811 2789 5853; x_wconf 89' lang='lat' dir='ltr'><strong>ct</strong></span> <span class='ocrx_word' id='word_1_878' title='bbox 2832 5796 2958 5852; x_wconf 85' lang='lat' dir='ltr'><strong>anni</strong></span> <span class='ocrx_word' id='word_1_879' title='bbox 3000 5798 3073 5851; x_wconf 86' lang='lat' dir='ltr'><strong>tui</strong></span> <span class='ocrx_word' id='word_1_880' title='bbox 3115 5814 3217 5851; x_wconf 85' lang='lat' dir='ltr'><strong>non</strong></span> <span class='ocrx_word' id='word_1_881' title='bbox 3245 5794 3503 5865; x_wconf 75' lang='lat' dir='ltr'><strong>deﬁcient.</strong></span> 
     </span>
    </p>
   </div>
  </div>
