3946 6430
413 389 476 444 ει
1720 339 2070 427 sumsum
2108 365 2399 423 ABBATIS
3598 366 3671 420 :52

416 499 564 552 Idem
590 497 820 566 positum
839 501 923 549 est
942 499 1126 547 contra
1153 491 1242 544 illa
1265 505 1382 559 qua:
1400 489 1542 544 dicta
1570 496 1715 552 sunt,
1736 484 1990 555 quoniam
2016 483 2060 544 Α
2092 480 2200 535 lem
2226 491 2282 536 et
2311 480 2632 536 invisibilem
2656 520 2671 544 ,
2694 478 2808 548 'per
2838 479 3010 548 ipsum
3057 479 3224 532 Deum
3257 477 3415 533 Pater
3457 476 3675 544 fecerit,

414 589 541 642 dum
571 587 657 641 illa
682 587 791 641 sint
814 582 1234 647 oommutabilia,
1278 581 1538 636 Dominus
1565 594 1779 647 semper
1800 578 1991 631 immu-

414 677 593 732 tabilis
617 683 922 745 perseverat
949 692 960 726 :
986 674 1093 742 ipse
1120 671 1568 740 omnipotentiam
1587 667 1704 736 ejus
1723 667 1990 738 designat,

415 765 541 833 quia
570 779 758 818 revera
783 765 896 832 ipse
921 769 1026 826 est,
1049 776 1175 816 curn
1198 775 1258 815 se
1284 761 1444 830 digna
1471 772 1686 826 semper
1713 765 1992 825 operatur,

416 870 538 910 csse
563 864 808 909 naturam
851 853 968 922 ejus
1000 853 1390 922 subsequenter
1417 849 1677 914 declarat,
1722 849 1850 917 quia
1881 847 1994 917 ipse

417 947 564 1000 solus
592 960 689 1015 per
709 960 768 999 se
802 944 949 998 novit
979 957 1117 1007 esse,
1153 942 1266 1011 qui,
1295 950 1351 993 ut
1371 940 1460 1005 sit,
1497 939 1602 994 alio
1629 953 1735 993 non
1759 946 1878 1007 eget
1900 936 1995 991 ad-

409 1034 630 1103 jutore:
665 1035 743 1090 sic
769 1033 887 1088 istis
929 1033 1102 1086 tribus
1139 1031 1414 1093 versibus,
1449 1038 1503 1083 et
1533 1028 1756 1082 mutatio
1783 1036 1997 1081 creatu-

419 1141 624 1188 rarum,
671 1133 727 1176 et
768 1121 1042 1177 aeternitas
1085 1119 1298 1174 Domini
1339 1118 1572 1173 mirabili
1606 1117 1872 1173 brevitate
1903 1115 1996 1171 de—

421 1216 624 1286 scripta
652 1223 794 1270 sunt.

803 1314 1134 1355 EVANGELIUI
1155 1313 1389 1362 JOANNIS,
1416 1313 1533 1350 CAP.
1565 1311 1604 1350 1.

495 1411 514 1444 ι
546 1392 602 1448 [ιι
632 1391 894 1462 principio
921 1399 1040 1444 erat
1072 1390 1323 1453 Verbum,
1363 1397 1416 1441 et
1443 1384 1676 1441 Verbum
1708 1394 1825 1441 erat
1855 1385 1996 1454 apud

427 1502 448 1536 ι
485 1483 676 1548 Deum,
701 1491 757 1537 et
783 1482 922 1536 Deus
946 1489 1064 1533 erat
1090 1479 1345 1534 Verbum.
1371 1478 1482 1532 Hoc
1507 1485 1626 1531 erat
1649 1476 1701 1531 in
1729 1475 1995 1545 principio

429 1594 448 1626 ι
485 1577 624 1644 apud
653 1575 840 1628 Deum.
885 1571 1073 1626 Omnia
1113 1586 1209 1638 per
1246 1570 1417 1638 ipsum
1446 1568 1584 1623 facta
1616 1578 1762 1632 sunt,
1794 1576 1849 1622 et
1881 1569 1996 1623 sine

429 1682 448 1716 ι
487 1665 602 1734 ipso
622 1665 819 1718 factum
849 1671 930 1717 est
952 1660 1106 1725 nihil,
1135 1660 1276 1730 quod
1305 1660 1504 1714 factum
1529 1667 1630 1714 est.
1659 1659 1718 1712 ln
1744 1659 1860 1729 ipso
1882 1659 1993 1713 vita

429 1776 450 1808 ι
487 1763 623 1820 erat,
660 1764 715 1810 et
741 1753 847 1807 vita
870 1761 984 1806 erat
1024 1753 1114 1805 lux
1142 1751 1438 1806 hominum.
1467 1750 1532 1804 Et
1558 1749 1648 1804 lux
1675 1750 1727 1804 in
1757 1750 1996 1805 tenebris

2093 571 2271 636 dooet,
2301 573 2523 627 dicens:
2566 570 2758 628 Omnia
2802 586 2894 641 per
2919 573 3086 640 ipsum
3117 572 3258 641 facta
3292 582 3439 637 sunt,
3477 580 3534 626 et
3561 574 3675 626 sine

2093 662 2206 732 ipso
2249 663 2447 731 factum
2486 673 2561 718 est
2601 663 2750 718 nihil.
2790 663 3032 716 Fuerunt
3073 662 3348 727 hau-elici,
3391 663 3486 732 qui
3530 663 3678 717 dice-

2094 760 2219 804 rent
2243 769 2256 804 :
2293 750 2349 805 Si
2376 767 2506 821 ergo
2531 762 2688 806 natus
2723 761 2825 816 est,
2851 751 3106 806 Christus
3132 760 3251 806 erat
3331 751 3545 820 quando
3568 767 3676 807 non

2094 850 2251 906 crat;
2287 843 2386 896 hos
2426 843 2480 896 in
2514 843 2690 911 primo
2719 856 2966 896 sermone
3002 841 3278 911 redarguit
3319 840 3672 908 evangelista,

2095 947 2219 986 cum
2247 931 2416 987 dicit:
2451 932 2518 986 In
2554 934 2811 1003 principio
2852 942 2963 986 erat
3019 932 3266 986 Verbum.
3314 931 3556 987 Fuerunt
3584 932 3677 988 alii

2095 1023 2187 1091 qui
2217 1022 2495 1078 Christum
2541 1024 2812 1078 hominem
2845 1030 3085 1087 tantum,
3129 1039 3234 1076 non
3275 1030 3330 1076 et
3363 1023 3532 1076 Deum
3556 1039 3678 1078 cre-

2095 1112 2322 1178 derent,
2355 1129 2492 1182 quos
2525 1121 2922 1184 consequenter
2952 1113 3241 1182 opprimit,
3287 1129 3413 1168 cum
3453 1113 3566 1170 ait:
3605 1111 3677 1166 Et

2095 1201 2240 1256 Deus
2267 1214 2379 1257 erat
2423 1202 2664 1258 Verbum.

2169 1293 2360 1348 Omnia
2385 1313 2478 1364 per
2502 1297 2671 1365 ipsum
2713 1296 2852 1365 facta
2880 1306 3019 1350 sunt.
3069 1294 3169 1367 (Ex
3207 1294 3369 1364 Aug.)
3409 1294 3678 1352 Universa

2096 1384 2240 1437 enim
2270 1393 2518 1439 creatura
2567 1401 2662 1455 per
2697 1387 2870 1454 ipsum
2916 1386 3060 1440 facta
3107 1395 3211 1449 est,
3243 1384 3437 1454 major,
3475 1386 3677 1450 minor,

2097 1490 2348 1544 supema,
2381 1477 2611 1543 infema,
2654 1478 2928 1547 spiritalis,
2981 1479 3293 1547 corporalis,
3342 1479 3487 1532 nulla
3531 1479 3676 1534 enim

2098 1563 2271 1620 forma
2297 1606 2312 1632 ,
2367 1567 2511 1621 nulla
2538 1584 2826 1639 compages
2847 1609 2862 1633 ,
2917 1569 3062 1624 nulla
3089 1571 3376 1624 concordia
3422 1571 3680 1640 partium,

2098 1657 2243 1711 nulla
2287 1658 2674 1729 qualiscunque
2713 1661 3050 1726 substantia,
3097 1677 3217 1731 qua:
3261 1670 3438 1730 potest
3480 1662 3684 1716 habere
3760 1681 3768 1689 ·

2099 1747 2328 1815 pondus,
2361 1764 2663 1812 numerum,
2701 1765 3028 1815 mensuram,
3077 1765 3199 1805 esse
3227 1758 3426 1819 potest,
3456 1750 3560 1804 nisi
3587 1765 3688 1820 per

428 1867 448 1900 ε
487 1818 662 1911 lucet,
715 1854 772 1900 et
820 1845 1055 1900 tenebne
1107 1858 1228 1896 eam
1286 1858 1391 1896 non
1445 1842 1990 1910 comprehenderunt.
2023 1818 2074 1878 Β
2102 1834 2231 1888 illud
2263 1833 2524 1901 Verbum,
2564 1844 2619 1890 et
2645 1836 2714 1890 ab
2739 1837 2830 1891 illo
2854 1836 3032 1892 Verbo
3055 1818 3329 1900 creatore,
3359 1837 3444 1892 cui
3475 1818 3686 1891 dictum

428 1960 448 1991 ι
488 1940 608 1994 Fuit
634 1940 796 1994 homo
822 1937 1020 1991 missus
1042 1951 1072 1988 a
1103 1936 1230 1999 Deo,
1258 1935 1344 1989 cui
1382 1950 1574 1988 nomen
1599 1944 1718 1988 erat
1741 1933 1993 1989 Joannes.

429 2048 446 2079 ι
489 2028 584 2082 llic
606 2027 749 2081 venit
778 2026 831 2080 in
862 2025 1248 2088 testimonium,
1275 2031 1336 2077 ut
1361 2023 1727 2078 testimonium
1749 2024 2000 2094 perhibe-

428 2137 446 2168 ι
487 2126 566 2171 ret
592 2117 656 2172 de
681 2116 900 2180 lumine,
929 2123 988 2168 ut
1013 2129 1202 2168 omnes
1232 2115 1516 2169 crederent
1541 2129 1640 2184 per
1669 2114 1837 2169 illum.
1879 2115 1997 2171 Non

428 2230 445 2261 ι
485 2217 600 2264 erat
627 2209 715 2264 ille
741 2209 848 2270 lux,
896 2207 988 2262 sed
1011 2216 1069 2262 ut
1096 2207 1461 2262 testimonium
1485 2207 1798 2276 perhiberet
1822 2208 1888 2263 de
1916 2207 2000 2262 lu-

427 2323 446 2352 s
487 2302 648 2356 mine.
690 2301 818 2355 Erat
847 2300 935 2354 lux
964 2314 1113 2363 vera,
1144 2314 1264 2368 qum
1297 2298 1562 2352 illuminat
1588 2311 1802 2353 omnem
1825 2299 2000 2354 homi-

427 2415 446 2448 ι
487 2411 609 2450 nem
631 2395 935 2448 venientem
961 2394 1017 2446 in
1048 2393 1191 2446 hunc
1215 2392 1492 2446 mundum.
1538 2391 1595 2446 ln
1629 2393 1828 2447 mundo
1855 2401 1996 2459 erat,

429 2504 448 2537 ι
486 2494 542 2540 ct
567 2483 797 2539 mundus
825 2498 920 2553 per
949 2483 1121 2552 ipsum
1165 2480 1341 2536 factus
1367 2489 1451 2536 est
1470 2522 1486 2546 ,
1532 2489 1588 2536 et
1614 2482 1846 2538 mundus
1873 2496 1999 2536 eum

432 2595 451 2626 ι
491 2590 595 2630 non
619 2574 886 2644 cognovit.
913 2573 969 2626 ln
1007 2573 1220 2642 prapria
1249 2573 1417 2637 venit,
1445 2581 1502 2627 et
1521 2572 1604 2626 sui
1633 2588 1754 2628 eum
1782 2588 1888 2627 non
1915 2588 2000 2628 re-

428 2684 447 2716 ι
482 2671 756 2735 ceperunt.
788 2663 1058 2730 Quotquot
1087 2671 1266 2718 autem
1309 2672 1627 2731 receperunt
1653 2679 1775 2717 cum
1800 2702 1816 2728 ,
1853 2663 2001 2719 dedit

428 2776 444 2808 ι
485 2757 564 2810 eis
589 2763 908 2825 potestatem
937 2754 1074 2808 ﬁlios
1112 2754 1205 2808 Dei
1235 2753 1349 2808 ﬁeri
1373 2795 1387 2818 ,
1435 2754 1521 2809 his
1553 2754 1644 2825 qui
1675 2755 1902 2809 credunt
1943 2755 1998 2810 in

427 2867 444 2897 ι
485 2846 699 2900 nomine
726 2845 860 2915 ejus,
891 2845 982 2915 qui
1005 2860 1111 2898 non
1137 2861 1203 2898 ex
1229 2846 1600 2916 sanguinibus,
1616 2861 1790 2915 neque
1817 2861 1884 2902 ex
1911 2861 2002 2901 vo-

429 2953 448 2984 ‹
485 2935 688 2988 luntate
731 2934 930 2998 carnis,
981 2949 1152 3004 neque
1193 2950 1257 2989 ex
1302 2935 1579 2990 voluntate
1619 2937 1759 3002 viri,
1796 2937 1889 2991 sed
1930 2952 1995 2992 ex

427 3042 444 3074 ι
487 3023 592 3078 Deo
621 3023 730 3077 nati
760 3032 904 3077 sunt.
937 3023 1004 3077 Et
1028 3023 1261 3079 Verbum
1289 3040 1417 3079 caro
1449 3025 1651 3081 factum
1677 3037 1779 3091 est,
1828 3034 1884 3081 et
1907 3027 2000 3081 ha-

425 3130 442 3162 c
483 3113 670 3167 hitavit
692 3113 744 3167 in
787 3113 958 3167 nobis.
1006 3113 1074 3167 Et
1099 3113 1330 3169 vidimus
1357 3115 1580 3186 gloriam
1601 3113 1739 3184 ejus,
1769 3116 1994 3185 gloriam

428 3226 445 3255 ι
486 3207 638 3275 quasi
679 3206 949 3278 Unigeniti
991 3221 1022 3260 a
1063 3205 1253 3273 Patre,
1303 3207 1519 3278 plenum
1557 3209 1730 3280 gratia
1773 3216 1828 3264 et
1852 3208 1996 3264 veri-

430 3314 449 3347 t
486 3305 616 3349 tate.
657 3317 675 3348 ι

491 3387 558 3442 1η
590 3389 846 3458 principio
879 3399 994 3442 erat
1048 3389 1306 3454 Verbum,
1345 3399 1394 3443 et
1443 3387 1668 3443 Verbum
1705 3400 1817 3444 erat
1854 3391 1996 3462 apud

420 3477 618 3542 Deum,
650 3489 699 3532 et
728 3478 869 3533 Deus
895 3489 1006 3534 erat
1059 3478 1277 3534 Verbum
1297 3520 1312 3544 ,
1347 3487 1451 3535 etc.
1500 3479 1607 3552 (Ea:
1635 3479 1882 3552 August.)
1927 3479 1997 3536 In

417 3563 676 3632 principio
704 3573 814 3616 erat
841 3564 1068 3617 verbum.
1117 3563 1176 3618 ln
1205 3580 1312 3633 quo
1340 3563 1646 3632 principio?
1689 3563 1757 3618 Et
1786 3565 1994 3618 verbum

417 3651 696 3721 eratvapud
722 3651 909 3706 Deum.
936 3651 1003 3706 Et
1026 3653 1166 3708 Deus
1190 3662 1299 3706 erat
1330 3651 1569 3707 Verbum.
1598 3654 1826 3710 Assidue
1850 3654 1996 3710 enim

418 3745 643 3800 dicenda
674 3747 888 3800 nomina
925 3747 1212 3801 verborum
1236 3786 1251 3811 ,
1298 3746 1453 3816 quasi
1497 3747 1768 3802 viluerunt
1807 3748 1991 3802 verba.

420 3832 560 3887 Ecce
592 3834 816 3889 verbum
845 3834 986 3900 dico,
1015 3850 1138 3890 cum
1164 3835 1286 3890 dico
1317 3835 1478 3902 Deus,
1525 3852 1687 3905 quam
1717 3838 1879 3892 breve
1911 3843 1995 3890 est

421 3925 562 3993 quod
592 3924 734 3988 dixi,
778 3933 1010 3993 quatuor
1037 3925 1246 3981 litteras
1287 3934 1340 3981 et
1379 3926 1609 3997 syllabas
1647 3928 1798 3982 duas.
1847 3926 1996 3980 Nun-

419 4016 676 4084 quidnam
711 4016 814 4071 hoc
859 4024 1034 4071 totum
1062 4025 1173 4083 est,
1227 4017 1398 4081 Deus,
1441 4027 1674 4088 quatuor
1703 4019 1895 4074 litterae
1939 4026 1995 4074 et

419 4105 636 4176 syllaba:
661 4106 816 4160 dum?
863 4121 933 4160 an
972 4116 1230 4176 quantum
1263 4109 1364 4162 hoc
1388 4110 1494 4165 vile
1519 4117 1620 4173 est,
1665 4118 1872 4162 tantum
1902 4123 1995 4162 ca-

419 4212 536 4250 rmn
565 4204 681 4261 est,
725 4197 864 4265 quod
897 4197 950 4250 in
991 4198 1071 4251 eis
1097 4197 1447 4269 intelligitur,
1499 4200 1624 4268 quid
1663 4198 1858 4253 factum
1888 4207 1990 4254 εει.

416 4287 473 4341 ln
505 4287 666 4342 corde
692 4295 803 4351 tuo,
831 4303 953 4341 cum
980 4287 1234 4354 dicerem,
1264 4289 1424 4355 Dens,
1468 4303 1659 4360 magna
1687 4299 1743 4343 ει
1783 4303 1993 4344 summa

417 4379 660 4446 quaedam
684 4377 981 4431 substantia
1007 4379 1241 4448 cogitata
1271 4387 1378 4444 est,
1399 4378 1543 4444 viva,
1571 4387 1850 4448 perpetua,
1879 4395 1993 4433 om-

2099 1932 2219 1977 est:
2259 1922 2453 1978 Omnia
2482 1925 2537 1978 in
2564 1941 2833 1991 mensura,
2859 1926 2914 1980 in
2944 1942 3158 1980 numero
3180 1936 3228 1980 et
3256 1926 3481 1996 pondere
3507 1925 3689 1995 dispo-

2099 2013 2274 2066 suisti.

2168 2103 2238 2157 Et
2278 2103 2389 2157 sine
2415 2103 2526 2174 ipso
2575 2103 2772 2172 factum
2801 2112 2876 2157 est
2916 2102 3066 2156 nihil.
3117 2102 3406 2158 Peccatum
3435 2119 3542 2157 non
3588 2119 3688 2173 per

2098 2196 2275 2266 ipsum
2305 2195 2504 2252 factum
2525 2204 2629 2262 est,
2656 2203 2711 2250 et
2736 2195 2937 2250 idolum
2963 2211 3072 2250 non
3102 2204 3188 2251 est
3211 2210 3309 2265 per
3338 2194 3572 2250 Verbum
3599 2195 3686 2249 l'a-

2098 2291 2264 2339 ctum.

2174 2376 2284 2448 (Ex
2325 2376 2571 2449 Hieron.)
2614 2377 2718 2433 Per
2765 2378 2910 2432 hanc
2953 2378 3099 2433 enim
3145 2377 3470 2433 sententiam
3506 2378 3691 2433 exclu-

2106 2468 2307 2524 duntur
2351 2469 2510 2524 idola.
2559 2469 2789 2538 Propter
2821 2469 2966 2540 quod
3003 2471 3081 2524 ait
3118 2468 3446 2541 Apostolus:
3480 2469 3690 2526 Scimus

2100 2562 2227 2630 quia
2255 2561 2386 2615 nihil
2407 2572 2482 2617 est
2511 2561 2714 2616 idolum
2745 2561 2794 2631 (Ι
2826 2561 2953 2616 Cor.
2981 2562 3124 2634 vnt).

2170 2650 2383 2724 (Vulg.)
2445 2651 2638 2708 Omnia
2699 2661 2884 2708 creata
2942 2653 3028 2708 vel
3093 2651 3236 2708 facta
3290 2667 3390 2722 per
3427 2650 3686 2706 .Verbum

2101 2741 2240 2797 bona
2275 2752 2434 2808 sunt,
2482 2752 2540 2799 et
2582 2744 2741 2800 modo
2780 2759 2879 2799 suo
2921 2744 3241 2798 subsistunt.
3285 2743 3478 2798 Omnia
3525 2743 3692 2813 igitur

2102 2842 2282 2888 ereata
2312 2836 2470 2889 modo
2509 2851 2607 2891 suo
2647 2835 2990 2898 subsistunt,
3041 2850 3200 2890 omne
3243 2835 3386 2906 quod
3413 2836 3684 2899 subsistit,

2103 2934 2351 2979 naturam
2387 2925 2579 2990 habet,
2633 2926 2765 2980 nihil
2802 2941 2908 2980 non
2937 2926 3101 2980 habet
3125 2934 3396 2990 naturam,
3427 2925 3562 2979 nihil
3586 2927 3687 2995 igi-

2102 3023 2189 3069 tur
2213 3030 2318 3068 non
2344 3016 2608 3081 subsistit,
2642 3014 2844 3071 malum
2875 3016 2991 3071 sine
3013 3014 3187 3070 Verbo
3212 3015 3413 3069 factum
3435 3024 3540 3080 est,
3568 3017 3690 3071 sine

2101 3108 2278 3168 Verbo
2299 3108 2499 3164 factum
2525 3117 2609 3163 est
2638 3108 2792 3172 nihil,
2836 3108 3034 3161 malum
3067 3108 3231 3178 igitur
3256 3107 3390 3162 nihil
3411 3117 3514 3162 est.
3543 3107 3688 3163 Nihil

2101 3215 2228 3254 vero
2257 3216 2361 3256 non
2391 3198 2657 3263 subsistit,
2701 3197 2901 3251 malum
2931 3197 3095 3268 igitur
3121 3213 3226 3251 non
3252 3197 3499 3252 subsistit
3523 3216 3538 3265 ;
3569 3198 3689 3254 nul-

2099 3291 2210 3345 lum
2239 3291 2437 3345 malum
2463 3289 2726 3353 subsistit,
2754 3289 2931 3344 omnis
2962 3296 3213 3343 creatura
3242 3290 3505 3344 subsistit.
3559 3289 3690 3344 Nul-

2099 3378 2210 3434 lum
2246 3380 2407 3450 igitur
2432 3379 2633 3433 malum
2679 3387 2932 3434 creatura
2971 3387 3088 3444 est,
3137 3393 3305 3450 quare
3347 3381 3481 3434 nihil
3507 3395 3688 3452 neque

2100 3469 2299 3525 bonum
2331 3469 2672 3538 aliquodest
2697 3509 2713 3534 ,
2752 3484 2927 3538 neque
2955 3470 3064 3524 ullo
3092 3469 3250 3525 modo
3288 3471 3555 3537 subsistit,
3587 3487 3686 3527 ne-

2099 3575 2203 3629 que
2225 3560 2332 3613 ulla
2351 3569 2601 3614 creatura
2625 3568 2727 3624 est,
2759 3568 2814 3618 et
2837 3576 2997 3617 omne
3026 3561 3168 3632 quod
3194 3561 3356 3618 modo
3377 3562 3557 3634 aliquo
3579 3572 3687 3630 est,

2097 3661 2153 3708 et
2179 3652 2378 3706 bonum
2403 3659 2510 3717 est,
2549 3660 2604 3707 et
2629 3667 2736 3706 non
2776 3652 2880 3707 nisi
2909 3669 3006 3723 per
3044 3652 3278 3708 Verbum
3309 3661 3411 3708 est.

2167 3740 2320 3806 Quod
2343 3740 2540 3810 factum
2567 3751 2642 3795 est
2664 3753 2684 3793 :
2721 3739 2790 3795 In
2820 3741 2932 3811 ipso
2973 3742 3077 3795 vita
3107 3751 3202 3796 est.
3247 3742 3346 3813 (Ex
3387 3741 3552 3813 Aug.)
3596 3743 3690 3799 Sic

2093 3830 2529 3902 distinguendum
2557 3839 2672 3897 est,
2705 3833 2849 3902 quod
2877 3832 3077 3886 factum
3107 3841 3212 3897 est,
3257 3833 3344 3888 hic
3382 3833 3688 3888 subdistin'

2094 3937 2214 3993 gue,
2243 3930 2297 3975 et
2324 3921 2516 3976 deinde
2543 3919 2682 3976 infer
2701 3940 2714 3979 :
2731 3919 2798 3976 In
2820 3922 2930 3992 ipso
2952 3923 3059 3976 vita
3087 3932 3182 3976 est.
3215 3921 3376 3977 Facta
3399 3931 3481 3978 est
3506 3932 3681 3994 terra,

2093 4013 2188 4066 sed
2215 4012 2267 4065 in
2293 4011 2408 4082 ipsa
2431 4027 2537 4067 non
2564 4021 2648 4068 est
2679 4013 2811 4068 vita.
2843 4013 2937 4068 Est
2961 4022 3138 4067 autem
3163 4013 3218 4067 in
3241 4013 3357 4082 ipsa
3387 4015 3680 4084 sapientia,

2094 4103 2404 4172 specialiter
2431 4104 2570 4158 ratio
2598 4105 2874 4174 quaedam,
2921 4121 3025 4174 qua
3070 4113 3212 4159 terra
3247 4105 3390 4161 facta
3420 4115 3531 4171 est,
3564 4107 3681 4163 haec

2094 4194 2202 4248 vita
2231 4203 2334 4260 est,
2369 4203 2571 4248 terram
2602 4194 2775 4259 vides,
2815 4203 2899 4249 est
2934 4195 2987 4249 in
3016 4203 3135 4249 arte
3165 4203 3330 4250 terra.
3371 4196 3576 4252 Caelum
3604 4198 3680 4251 vi-

2094 4285 2210 4354 des,
2240 4295 2326 4341 est
2366 4287 2421 4341 in
2450 4294 2568 4342 arte
2615 4285 2834 4353 cmlum,
2865 4291 3030 4342 solem
3061 4294 3116 4341 et
3154 4287 3337 4341 lunam
3360 4289 3529 4354 vides,
3558 4300 3686 4344 sunt

2095 4375 2198 4432 ista
2240 4378 2294 4432 in
2338 4386 2476 4444 arte,
2527 4377 2624 4432 sed
2671 4375 2806 4432 loris
2843 4392 3072 4449 corpora
3109 4385 3270 4445 sunt,
3321 4379 3374 4433 in
3415 4387 3534 4434 arte
3568 4381 3681 4435 vita

417 4468 664 4536 nipotens
691 4508 706 4524 .
755 4467 996 4532 inﬁnita,
1046 4470 1243 4538 ubique.
1289 4485 1526 4539 praesens
1550 4509 1565 4532 ,
1619 4469 1817 4538 ubique
1855 4477 1986 4535 tota,
2016 4491 2069 4551 υ
2095 4477 2239 4522 ευηι.

417 4572 680 4624 nusquam
704 4557 943 4622 exclusa,
967 4561 1182 4627 quando
1211 4559 1314 4613 ista
1344 4558 1568 4628 cogitas,
1601 4558 1704 4612 hoc
1733 4569 1834 4625 est,
1860 4575 1984 4614 vcr-

416 4652 544 4703 hum
581 4650 646 4704 de
671 4651 780 4704 Deo
813 4651 864 4703 in
897 4651 1058 4704 corde
1083 4659 1193 4704 tuo.
1249 4649 1357 4722 (Ex
1383 4649 1574 4722 Beda.)
1606 4649 1710 4703 Alii
1755 4666 1986 4720 evange-

415 4738 552 4794 listte
574 4739 845 4795 Christum
872 4755 938 4794 ex
967 4748 1206 4809 tempore
1248 4750 1433 4795 natum
1462 4740 1795 4806 describunt,
1825 4741 1988 4797 Joan-

415 4843 514 4884 nes
553 4831 797 4884 eumdem
837 4831 897 4884 in
934 4831 1200 4900 principio
1241 4830 1409 4885 fuisse
1453 4840 1716 4898 testatur,
1760 4834 1983 4889 dicens:

414 4917 486 4975 In
521 4920 774 4990 principio
819 4930 936 4974 erat
976 4919 1218 4974 Verbum.
1266 4920 1370 4975 Alii
1408 4922 1552 4977 inter
1586 4923 1832 4978 homines
1862 4940 1983 4980 eum

415 5011 596 5065 subito
641 5009 953 5079 apparuisse
1001 5020 1466 5074 commemorant,
1517 5011 1605 5065 ille
1648 5012 1821 5081 ipsum
1853 5013 1993 5084 apud

415 5101 583 5154 Deum
631 5114 845 5168 semper
880 5098 1046 5154 fuisse
1093 5099 1354 5162 declarat,
1390 5099 1618 5154 dicens:
1660 5100 1726 5153 Et
1766 5100 1990 5157 Verbum

415 5198 527 5243 erat
574 5189 713 5258 apud
761 5187 948 5242 Deum.
996 5189 1100 5242 Alii
1148 5203 1270 5242 eum
1309 5203 1499 5242 verum
1548 5191 1859 5258 hominem,
1906 5193 1994 5248 ille

415 5279 590 5348 ipsum
617 5293 803 5333 verum
832 5278 1116 5332 conﬁrmat
1143 5292 1262 5332 esse
1283 5278 1472 5344 Deum,
1502 5279 1686 5335 dicens
1711 5296 1725 5335 :
1765 5281 1831 5336 Et
1853 5283 1994 5340 Deus

414 5377 524 5421 erat
558 5366 799 5421 Verbum.
835 5367 938 5420 Alii
967 5367 1238 5420 hominem
1265 5381 1387 5420 eum
1417 5369 1557 5438 apud
1586 5372 1832 5426 homines
1856 5379 1990 5427 tem-

415 5457 673 5526 poraliter
723 5463 1122 5520 conversatum,
1169 5455 1257 5510 ille
1307 5455 1498 5524 Deum,
1540 5462 1678 5528 apud
1725 5461 1892 5515 Deum
1933 5461 1988 5516 in

432 5547 679 5617 trincipio
721 5549 1030 5598 manentem
1058 5545 1313 5610 ostendit,
1352 5548 1576 5604 dicens:
1629 5550 1746 5604 Hoc
1782 5561 1894 5604 erat
1931 5552 1987 5606 in

415 5637 666 5710 principio
695 5634 836 5704 apud
867 5632 1050 5688 Deum.
1101 5635 1205 5690 Alii
1234 5638 1503 5708 magnalia
1533 5655 1650 5709 qua:
1677 5641 1729 5694 in
1766 5641 1986 5696 homine

413 5729 582 5800 gessit
619 5724 901 5797 perhibent
935 5725 1021 5780 ille
1048 5729 1190 5798 quod
1219 5745 1431 5786 omnem
1461 5741 1766 5788 creaturam
1796 5733 1981 5789 visibi-

2163 4559 2234 4613 Et
2260 4560 2363 4613 vita
2390 4569 2502 4613 erat
2526 4558 2618 4614 lux
2643 4560 2932 4616 hominum.
2963 4561 3105 4632 Ergo
3126 4560 3217 4616 illa
3242 4562 3376 4629 vita,
3396 4578 3496 4634 per
3515 4581 3681 4636 quam

2091 4649 2232 4704 facta
2263 4657 2390 4703 sunt
2411 4650 2610 4715 omnia,
2645 4651 2758 4718 ipsa
2784 4651 2912 4714 vita,
2953 4651 3045 4707 lux
3067 4662 3172 4720 est,
3195 4660 3252 4709 et
3274 4669 3379 4708 non
3419 4669 3683 4724 quorum-

2090 4756 2302 4809 cunque
2333 4739 2676 4816 animalium,
2731 4742 2822 4796 sed
2855 4741 2942 4796 lux
2971 4743 3273 4818 hominum,
3303 4745 3429 4813 quia
3458 4761 3525 4799 ex
3556 4746 3674 4815 ipsa

2091 4833 2336 4887 homines
2393 4831 2803 4898 illuminantur,
2865 4848 3061 4902 pecora
3118 4850 3225 4889 non
3279 4835 3672 4900 illuminantur,

2093 4924 2256 4977 horno
2281 4923 2424 4976 enim
2473 4921 2648 4978 factus
2677 4932 2762 4979 est
2801 4923 2870 4980 ad
2910 4925 3199 4994 imaginem
3247 4925 3377 4990 Dei,
3425 4934 3481 4982 et
3515 4926 3680 4983 habet

2093 5013 2411 5068 rationalem
2441 5022 2699 5082 mentem,
2740 5031 2840 5086 per
2875 5032 3038 5086 quam
3064 5017 3238 5087 possit
3277 5017 3558 5088 percipere
3587 5032 3676 5074 sa-

2093 5105 2372 5174 pientiam.
3328 5099 3333 5104 ’

2163 5191 2233 5246 Et
2268 5193 2360 5248 lux
2395 5195 2450 5248 in
2492 5195 2713 5250 tenebris
2738 5195 2894 5262 lucet,
2926 5207 2975 5251 et
3003 5198 3224 5252 tenebrte
3259 5215 3374 5253 eam
3401 5215 3504 5254 non
3526 5216 3671 5253 com-

2091 5284 2494 5354 prehenderunt.
2522 5286 2778 5342 Homines
2806 5288 3080 5353 inﬁdeles,
3102 5288 3325 5358 'injusti,
3355 5289 3544 5359 iniqui,
3587 5305 3674 5343 ra—

2096 5389 2277 5442 paces,
2318 5376 2488 5439 avari,
2513 5386 2783 5431 amatores
2809 5378 3014 5442 saaculi,
3041 5379 3096 5432 hi
3118 5386 3246 5431 sunt
3273 5379 3528 5444 tenebrae,
3549 5395 3671 5448 qua:

2095 5462 2378 5518 Dominum
2427 5482 2534 5520 non
2579 5465 3058 5535 comprehendunt,
3109 5466 3162 5520 id
3191 5475 3296 5531 est,
3337 5481 3442 5520 non
3471 5465 3670 5521 intelli—

2091 5560 2242 5622 gunt.
2285 5553 2461 5624 Pnrga
2484 5555 2550 5609 dc
2573 5553 2729 5608 oculo
2755 5560 2845 5608 tuo
2905 5554 3162 5623 quidquid
3190 5555 3314 5608 mali
3351 5563 3470 5621 est,
3499 5563 3552 5609 et
3583 5555 3668 5610 vi-

2089 5643 2242 5698 debis
2270 5645 2608 5714 sapientiam,
2638 5659 2757 5712 qu:e
2782 5645 2920 5699 Deus
2944 5654 3026 5698 est
3052 5663 3063 5698 :
3099 5644 3247 5698 Beati
3273 5645 3468 5700 mundo
3489 5645 3665 5712 corde,

2087 5735 2333 5803 quoniam
2364 5733 2461 5802 ipsi
2491 5733 2656 5787 Deum
2685 5733 2921 5787 ridebunt
2961 5734 3174 5806 (Matth.
3205 5738 3277 5805 ν).
