3946 6430
471 234 541 293 35
1738 233 2020 290 SMARAG
2030 234 2093 290 DI
2131 233 2423 290 ABBATIS

3675 238 3764 298 δε

472 349 646 402 εἰηιιιε
684 347 904 403 dicere:
940 345 1185 402 Vidimus
1213 347 1439 419 gloriam
1481 346 1620 418 ejus.
1662 344 1887 413 Qualem
1934 344 2051 415 glo-
2081 350 2132 407 Α
2163 361 2182 395 ι
2210 344 2378 401 εωιοε
2415 354 2654 416 apertos,
2694 354 2748 401 et
2778 338 2972 402 Filium
3007 348 3246 404 hominis
3275 356 3512 407 stantem
3555 366 3585 406 a
3615 352 3760 408 dex-

472 440 647 496 riam?
680 440 855 510 qualis
881 439 1052 494 factus
1078 447 1163 494 est
1188 438 1361 494 Filius
1391 439 1650 495 hominis.

543 529 654 602 (Ea:
674 529 864 599 Beda.)
890 529 959 583 Et
980 529 1216 584 Verbum
1237 545 1366 585 caro
1394 530 1595 585 factum
1618 537 1721 584 est.
1746 527 1889 582 Nihil
1913 526 2056 581 aliud

472 619 633 675 debet
674 619 921 691 intelligi,
972 635 1137 690 quam
1177 621 1224 675 si
1257 621 1572 675 diceretur:
1600 627 1656 675 et
1704 620 1845 674 Deus
1891 619 2056 674 homo

470 712 648 768 factus
675 720 779 776 est,
804 727 1026 767 carnem
1051 711 1301 768 videlicet
1331 711 1600 767 induendo
1625 719 1680 765 et
1707 710 1969 774 animam,
1998 717 2056 763 ut

472 803 613 859 sicut
658 804 889 873 quisque
936 814 1182 858 nostrum
1228 818 1368 857 unus
1404 803 1566 857 homo
1605 817 1672 857 ex
1718 815 1883 856 carne
1926 814 2056 854 con-

469 899 579 947 stat
624 901 679 948 et
723 894 925 963 anima,
975 893 1049 948 ita
1095 909 1235 948 unus
1278 894 1346 948 ab
1382 892 1775 948 incarnationis
1808 900 2054 962 tempore

400 972 419 988 ’
468 982 739 1047 Christus,
771 1000 837 1039 ex
867 985 1170 1051 divinitate,
1202 1000 1364 1040 carne
1389 994 1444 1040 et
1471 986 1649 1039 anima
1676 992 1909 1041 constat.

542 1075 612 1130 Et
652 1076 874 1131 vidimus
899 1075 1122 1146 gloriam
1148 1076 1283 1146 ejus,
1308 1077 1533 1146 gloriam
1564 1078 1715 1148 quasi
1742 1076 1998 1147 unigeniti
2019 1094 2051 1130 a

473 1164 655 1220 Patre.
698 1165 880 1220 Gloria
909 1165 1137 1229 Christi,
1164 1182 1328 1236 quam
1358 1174 1482 1220 ante
1513 1166 1944 1220 incarnationem
1974 1165 2053 1220 vi-

471 1255 600 1309 dere
625 1272 730 1310 non
760 1264 1012 1327 poterant
1054 1256 1322 1321 homines,
1359 1265 1483 1327 post
1518 1258 1945 1312 incarnationem
1973 1257 2053 1311 vi-

474 1346 691 1411 derunt,
742 1347 1068 1416 aspicientes
1116 1347 1510 1401 humanitatem
1554 1348 1833 1402 miraculis
1886 1347 2053 1402 reful-

469 1446 707 1506 gentem,
734 1447 789 1493 et
811 1438 1170 1509 intelligentcs
1199 1439 1531 1494 divinitatem
1556 1439 1701 1494 intus
1723 1439 2049 1505 latitantem,

474 1524 552 1578 illi
599 1526 855 1590 maxime,
910 1526 1002 1594 qui
1053 1525 1170 1596 ejus
1215 1526 1519 1581 claritatem
1569 1537 1695 1581 ante
1744 1529 2048 1597 passionem

470 1613 863 1684 transﬁgurati,
905 1615 958 1669 in
1002 1624 1184 1670 monte
1231 1626 1418 1671 sancto
1457 1618 1809 1688 contemplari
1836 1633 2049 1675 merue-

2164 453 2183 485 ι
2212 436 2313 491 tris
2355 435 2571 490 virtutis
2600 437 2716 492 Dei.
2743 438 3126 493 Esclamantes
3150 449 3333 495 autem
3363 456 3495 496 voce
3522 458 3757 513 magna,

2162 544 2181 577 I
2209 527 2597 583 continuerunt
2655 545 2818 583 aures
2875 546 3020 592 suas,
3081 537 3137 584 et
3189 530 3449 600 impetum
3498 531 3762 589 fecerunt.

2161 636 2179 668 ι
2209 618 2538 673 unanimiter
2569 620 2624 674 in
2646 635 2792 674 eum.
2824 621 2891 674 Et
2919 622 3200 691 ejicientcs
3224 638 3345 676 eum
3368 631 3520 677 extra
3550 623 3754 677 civita-

2160 724 2179 758 ι
2209 714 2338 772 tem,
2378 706 2709 777 lapidabant,
2740 717 2796 763 et
2834 717 2999 763 testes
3033 711 3397 780 deposuerunt
3421 711 3754 765 vestimenta

2161 813 2179 846 ι
2208 811 2305 850 sua
2343 810 2501 852 secus
2542 799 2707 867 pedes
2742 798 3120 863 adolescentis,
3166 800 3260 870 qui
3288 801 3581 854 vocabatur
3608 799 3756 854 Sau-

2161 906 2180 939 ι
2208 889 2312 944 Ιυε.
2346 890 2413 944 Et
2438 890 2758 961 lapidabant
2797 891 3154 963 Stephanum,
3197 895 3537 950 invocantem
3577 903 3635 949 et
3664 895 3756 950 di;

2159 997 2178 1030 ι
2206 988 2455 1046 centem,
2506 981 2733 1037 Domine
2777 981 2925 1049 Jesu,
2976 985 3193 1055 suscipe
3239 985 3490 1055 spiritum
3537 1001 3749 1041 meum.

2160 1088 2177 1119 ι
2205 1069 2405 1126 Positis
2449 1081 2629 1128 autem
2660 1075 2910 1144 genibus,
2938 1076 3191 1131 clamavit
3228 1091 3359 1132 voce
3401 1092 3617 1148 magna,
3653 1077 3747 1131 di-

2160 1177 2178 1210 ‹
2206 1176 2336 1214 cens
2380 1180 2393 1214 :
2443 1162 2708 1229 Domine,
2759 1180 2826 1219 ne
2871 1173 3080 1221 statuas
3124 1166 3252 1221 illis-
3279 1168 3384 1222 hoc
3431 1176 3745 1237 peccatum.

2160 1267 2178 1299 ι
2209 1249 2427 1304 Etcum
2453 1252 2556 1306 hoc
2588 1252 2835 1318 dixisset,
2863 1256 3191 1310 obdormivit
3220 1256 3273 1310 in
3306 1257 3556 1311 Domino.
3588 1277 3607 1308 ι

2225 1336 2523 1408 Stephanus
2552 1342 2736 1411 plenus
2756 1345 2930 1414 gratia
2951 1354 3000 1398 et
3028 1345 3340 1414 fortitudine
3367 1346 3469 1418 (Ex
3492 1344 3749 1416 Hieron).

2154 1426 2491 1497 Stephanus,
2530 1434 2768 1503 Στέφανος
2807 1433 3025 1501 Graece,
3069 1435 3257 1490 Latine
3289 1445 3583 1491 coronatus
3607 1437 3751 1490 diei-

2153 1525 2272 1582 tur,
2300 1519 2391 1588 qui
2420 1521 2782 1589 pulcherrima
2814 1525 3023 1580 ratione
3064 1527 3204 1594 quod
3242 1534 3599 1597 percepturus
3624 1536 3753 1581 erat

2153 1608 2206 1662 in
2242 1624 2327 1673 re,
2376 1612 2610 1680 quodam
2642 1616 2902 1686 praesagio
2942 1627 3345 1687 praeoccuparet
3385 1620 3438 1673 in
3468 1620 3689 1673 nomine
3728 1636 3747 1674 :

471 1714 617 1769 mm,
649 1721 781 1760 voce
807 1706 1024 1776 delapsa
1055 1706 1120 1761 ad
1151 1723 1275 1762 eum
1305 1708 1674 1778 hujuscemodi
1704 1725 1734 1764 a
1760 1710 2047 1781 magniﬁca
2078 1709 2125 1768 Β
2153 1697 2419 1767 lapidatus
2456 1700 2761 1768 humiliter,
2803 1706 2897 1759 sed
2937 1706 3242 1762 sublimiter
3271 1716 3563 1764 coronatura
3586 1748 3603 1772 ,
3639 1706 3751 1763 He—

467 1795 676 1867 gloria:
708 1794 924 1850 llic—est
972 1795 1143 1859 Ij‘ilius
1186 1814 1332 1853 meus
1376 1799 1623 1865 dilectus,
1672 1801 1729 1854 in
1767 1818 1873 1871 quo
1919 1802 2045 1855 mihi

472 1884 765 1954 comptaeui
796 1884 883 1956 (ΙΙ
911 1883 1058 1940 Petr.
1087 1887 1239 1957 1),’et
1275 1897 1401 1956 post
1439 1890 1772 1958 passionem,
1804 1907 2050 1948 resurre»

469 1972 684 2036 ctionis,
732 1975 1171 2045 ascensionisque
1199 1976 1367 2046 ipsius
1398 1978 1567 2048 gloria
1597 1988 1908 2052 conspecta,
1940 1982 2053 2052 spi-

465 2062 606 2118 ritus
632 2061 747 2132 ejus
770 2074 896 2120 sunt
922 2066 1065 2120 dono
1092 2067 1318 2123 miriﬁce
1342 2068 1551 2135 refecti,
1581 2072 1777 2140 quibus
1802 2074 2050 2130 omnibus

467 2157 753 2214 manifeste
813 2169 1224 2231 cognoverunt,
1282 2165 1427 2235 quod
1481 2165 1791 2236 hujusmodi
1841 2167 2045 2238 gloria.

469 2266 577 2305 non
626 2251 846 2305 cuilibet
892 2261 1238 2319 sanctorum,
1292 2256 1388 2309 sed
1439 2256 1514 2310 illi
1553 2257 1653 2312 soli
1693 2258 1917 2323 homini,
1957 2261 2048 2329 qui

467 2349 611 2396 esset
640 2339 692 2397 in
718 2341 1000 2396 divinitate
1028 2342 1338 2413 unigenitus
1363 2360 1394 2398 a
1417 2346 1578 2401 Patre
1605 2350 1938 2404 conveniret.

540 2430 761 2486 Plenum
786 2432 957 2502 gratia
984 2442 1031 2486 et
1058 2434 1292 2489 ueritate.
1325 2435 1425 2505 (Es
1454 2435 1783 2509 Fulgentio.)
1824 2439 1960 2506 Quia
1994 2448 2049 2495 et

466 2520 523 2576 in
557 2521 734 2576 divina
762 2531 981 2587 natura,
1009 2522 1135 2591 quia
1167 2523 1310 2578 Deus
1347 2526 1547 2581 veritas
1587 2536 1689 2588 est,
1726 2527 1915 2596 plenus
1941 2536 2045 2595 est,

467 2620 525 2669 et
550 2613 604 2667 in
633 2613 895 2678 humana,
918 2615 976 2668 in
1001 2629 1106 2684 qua
1134 2615 1298 2671 homo
1324 2632 1504 2680 verus,
1539 2619 1711 2688 gratia
1735 2618 1910 2674 factus
1936 2628 2046 2684 est,

466 2702 657 2773 plenus
682 2704 768 2756 c'st
791 2720 804 2755 :
832 2704 885 2756 in
910 2703 999 2757 illa
1023 2704 1358 2774 plenitudine
1381 2705 1523 2763 Deus
1548 2709 1705 2762 estin
1734 2706 1903 2762 forma
1929 2708 2045 2773 Dei,

467 2792 694 2862 aequalis
738 2792 884 2858 Deo;
935 2793 988 2848 in
1036 2795 1136 2850 ista
1177 2796 1527 2866 plenitudine,
1572 2814 1763 2854 servus
1793 2801 1845 2854 in
1874 2799 2047 2855 forma

465 2883 630 2949 servi,
670 2884 795 2953 quia
825 2885 879 2939 in
912 2886 1265 2943 similitudine
1308 2888 1587 2944 hominum
1625 2888 1822 2956 factus,
1865 2899 1925 2945 et
1946 2890 2046 2945 ha-

466 2971 580 3027 bitu
609 2982 694 3028 est
722 2974 973 3030 inventus
1002 2986 1061 3031 ut
1087 2977 1248 3033 homo
1274 2978 1495 3049 (Philip.
1536 2982 1620 3051 ιι).

535 3062 645 3133 (Ex
671 3063 861 3136 Beda.)
893 3064 1078 3121 Gratia
1105 3067 1297 3137 plenus
1330 3079 1466 3134 erat,
1503 3079 1558 3125 et
1583 3077 1670 3125 est
1696 3070 1862 3127 homo
1888 3071 2047 3128 Chri-

464 3159 581 3208 stus
608 3151 785 3220 Jcsns,
829 3154 915 3209 cui
943 3155 1206 3227 singulari
1238 3174 1486 3225 munere,
1513 3175 1627 3230 pra:
1652 3162 1872 3217 ueteris
1901 3178 2047 3217 mor-

467 3243 663 3298 talibus
690 3243 878 3299 datum
908 3254 1011 3311 est,
1036 3254 1097 3300 ut
1120 3249 1302 3303 statim
1331 3265 1397 3305 ex
1420 3265 1531 3319 quo
1553 3251 1608 3306 in
1639 3259 1795 3307 utero
1819 3253 2049 3323 virginis

466 3333 673 3402 concipi
781 3342 835 3389 et
879 3336 1041 3392 homo
1088 3336 1203 3391 ﬁeri
1250 3338 1534 3409 inciperet.
1582 3357 1747 3398 verus
1795 3352 1944 3401 esset
1993 3354 2049 3401 et

469 3421 634 3483 Dens,

1096 3512 1415 3554 CONCORDIA.

537 3599 769 3655 lstarum
796 3601 1024 3657 duarum
1065 3604 1119 3658 in
1162 3607 1413 3675 plurimis
1447 3609 1507 3664 ﬁt
1542 3614 1831 3669 concordia
1860 3614 2048 3672 lectio-

469 3707 618 3745 num.
649 3692 994 3762 Evangelium
1024 3695 1195 3751 dicit:
1233 3697 1299 3752 In
1336 3701 1597 3772 principio
1638 3715 1751 3759 erat
1798 3704 2044 3763 Verbum.

468 3781 537 3835 Et
561 3781 849 3850 Apostolus
878 3801 889 3836 :
926 3782 1003 3837 Tu
1030 3785 1085 3840 in
1106 3786 1386 3858 principio,
1433 3790 1680 3865 Domine,
1705 3802 1901 3849 terram
1924 3796 2050 3865 {un-

468 3870 629 3924 dasti.
684 3870 1031 3941 Evangelium
1076 3873 1210 3929 dicit
1249 3893 1262 3929 :
1312 3875 1503 3932 Omnia
1547 3861 1640 3950 per
1687 3882 1857 3952 ipsum
1904 3861 2048 3954 facta

470 3972 612 4026 sunt,
644 3970 693 4014 et
723 3961 949 4017 mundus
985 3980 1078 4033 per
1117 3966 1284 4036 ipsum
1312 3967 1484 4037 factus
1527 3981 1622 4025 est.
1653 3972 1946 4042 Apostolus
1970 3962 2051 4033 di-

469 4047 546 4103 cit
575 4068 587 4103 :
622 4047 727 4104 Per
749 4067 899 4121 quem
934 4052 1057 4122 fecit
1092 4063 1141 4109 et
1171 4056 1386 4112 stecula.
1419 4059 1727 4119 Notandum
1762 4069 1906 4132 quod
1939 4069 2047 4125 Do-

471 4136 677 4195 minum
718 4137 903 4194 Iesum
946 4141 1242 4209 Christum,
1300 4149 1519 4220 utrique
1550 4151 1718 4208 Deum
1749 4157 2050 4226 appellave-

472 4236 629 4282 runt:
659 4226 1003 4301 Evangelium
1053 4234 1142 4289 ubi
1190 4237 1305 4290 ait:
1334 4237 1403 4292 Et
1450 4239 1592 4296 Deus
1642 4255 1756 4298 erat
1799 4244 2043 4306 Verbum.

469 4317 755 4388 Apostolus
774 4322 866 4378 ubi
894 4325 1058 4382 dicit:
1092 4324 1352 4394 Turonas,
1381 4338 1500 4385 tuus
1534 4331 1695 4401 Deus,
1716 4335 1770 4389 in
1791 4337 2046 4392 siccatum

470 4408 695 4481 sa'culi(
731 4414 885 4470 Hebr.
921 4430 935 4468 ι
974 4415 1016 4486 ).

749 4521 817 4575 ΙΝ
854 4522 1105 4580 NATALI
1140 4525 1384 4584 SANCTI
1425 4529 1765 4589 STEPHANI

682 4626 874 4667 LECTIO
922 4629 1135 4669 Λοτυωι
1189 4633 1594 4686 Αιδοετοιοιιυκ,
1622 4639 1739 4680 GAP.
1773 4643 1824 4682 ν.

553 4716 572 4749 ‹
600 4697 907 4770 Stephanus
938 4703 1128 4772 plenus
1161 4707 1333 4775 gratia
1361 4716 1419 4763 et
1444 4708 1775 4783 fortitudine,
1809 4717 2043 4778 faciebat

478 4806 497 4839 ι
523 4789 764 4859 prodigia
798 4798 855 4845 et
882 4792 1036 4863 signa
1068 4810 1263 4865 magna
1317 4798 1370 4853 in
1413 4801 1626 4870 populo.
1675 4803 2040 4867 Surrexerunt

482 4897 500 4928 α
527 4888 707 4933 autem
742 4881 960 4950 quidam
995 4883 1063 4938 de
1091 4882 1392 4958 Synagoga,
1421 4904 1539 4958 quae
1567 4895 1936 4965 appellabatur
1960 4903 2049 4957 Li-

480 4987 499 5020 ι
526 4970 862 5026 bertinorum
903 4981 960 5027 et
1004 4973 1392 5045 Cyrenensium
1433 4989 1487 5036 et
1533 4982 2044 5059 Alexandrinorum,

481 5077 500 5111 ι
527 5068 585 5115 et
627 5075 813 5116 eorum
853 5064 943 5132 qui
981 5075 1137 5120 erant
1164 5082 1193 5121 a
1217 5067 1401 5124 Cilicia
1429 5080 1484 5126 et
1518 5074 1669 5143 Asia,
1710 5078 2046 5149 disputantes

477 5165 498 5202 ι
524 5164 649 5207 cum
678 5150 966 5223 Stephano,
992 5164 1048 5212 et
1074 5173 1179 5212 non
1208 5169 1460 5230 poterant
1483 5168 1739 5224 resistere
1765 5174 2043 5241 sapientiae

476 5256 497 5291 ‹
525 5248 585 5297 ει
610 5242 846 5309 spiritui,
876 5246 966 5314 qui
1005 5246 1342 5317 loquebatur.
1381 5253 1676 5311 Audientes
1704 5259 1841 5325 haec,
1871 5260 2042 5316 disse-

476 5346 496 5379 ι
521 5330 786 5386 cabantur
821 5336 1071 5391 cordibus
1111 5338 1244 5404 suis,
1285 5349 1341 5396 et
1368 5343 1675 5399 stridebant
1702 5346 1957 5403 dentibus
1985 5350 2042 5406 in

477 5438 495 5469 ‹
523 5433 668 5506 eum.
705 5419 838 5476 Cum
881 5432 1061 5480 autem
1100 5437 1242 5484 esset
1283 5428 1591 5501 Stephanus
1614 5434 1805 5504 plenus
1835 5436 2041 5506 Spiritu

478 5528 497 5561 α
525 5500 736 5580 εᾶῃειο,
785 5516 1063 5574 intendens
1110 5521 1163 5574 in
1200 5522 1395 5577 caelum
1426 5524 1558 5578 vidit
1586 5500 1813 5595 gloriam
1848 5500 1962 5595 Dei,
1988 5542 2044 5587 et

468 5620 498 5667 VC
525 5600 710 5659 Jesum
758 5616 992 5664 stantem
1032 5627 1063 5665 a
1104 5611 1311 5667 dextris
1336 5614 1452 5667 Dei.
1486 5615 1552 5668 Et
1580 5616 1694 5670 ait:
1721 5618 1859 5677 Ecce
1887 5622 2043 5678 video

2151 1789 2336 1845 braice
2379 1800 2561 1846 autem
2615 1794 3001 1866 interpretatur
3032 1814 3221 1853 norma
3259 1808 3475 1866 vestra,
3509 1814 3750 1869 quorum

2152 1879 2433 1936 videlicet?
2467 1884 2570 1938 nisi
2613 1897 2914 1957 martyrum
2944 1890 3304 1957 sequentium,
3341 1892 3538 1960 quibus
3564 1892 3751 1961 primo

2152 1971 2423 2040 patiendo,
2449 1973 2623 2030 forma
2652 1976 2824 2032 factus
2850 1986 2966 2044 est,
2998 1980 3276 2036 moriendo
3305 1996 3402 2050 pro
3423 1981 3668 2037 Christo.

2236 2063 2485 2121 Faciebat
2538 2069 2686 2139 signa
2731 2080 2781 2125 et
2828 2073 3089 2144 prodigia.
3144 2075 3395 2145 Prodigia
3441 2077 3746 2146 dicuntur,

2150 2174 2315 2231 porro
2334 2159 2592 2225 dicentia,
2626 2161 2681 2215 id
2716 2174 2822 2227 est,
2847 2178 3047 2219 novum
3090 2166 3291 2234 aliquid
3317 2167 3473 2238 longe
3499 2166 3749 2225 futurum

2150 2248 2515 2317 praedicenda.
2571 2250 2736 2321 Signa
2784 2250 3039 2307 dicuntur
3082 2253 3281 2310 indicia
3312 2256 3524 2326 aliqua,
3574 2258 3644 2312 ab
3679 2272 3753 2317 eo

2150 2338 2291 2407 quod
2318 2337 2520 2406 aliquid
2559 2338 2882 2409 signiﬁcent.

2222 2426 2575 2482 Surrexerunt
2596 2438 2771 2483 autem
2788 2431 3001 2501 quidam
3023 2434 3086 2486 de
3112 2431 3410 2505 Synagoga,
3439 2451 3554 2506 qua!
3575 2437 3757 2507 appel-

2149 2520 2291 2572 latur
2303 2518 2687 2573 Libertinorum
2703 2530 2750 2573 et
2769 2520 3215 2591 Cyrenensium,et
3238 2524 3750 2591 Alexandrinorum,

2149 2617 2196 2660 et
2225 2624 2404 2660 eorum
2430 2608 2520 2677 qui
2545 2617 2693 2661 erant
2723 2626 2754 2662 a
2781 2608 2969 2665 Cilicia
3000 2622 3048 2665 et
3075 2615 3201 2668 Asia
3227 2654 3243 2678 ,
3271 2616 3597 2686 disputantes
3626 2634 3749 2672 cum

2152 2692 2435 2765 Stephano.
2480 2696 2762 2767 Synagoga
2802 2698 3017 2765 Graece,
3058 2701 3246 2758 Latine
3283 2707 3629 2781 congregatio
3657 2705 3748 2758 di-

2149 2788 2310 2843 citur.
2340 2787 2624 2854 Libertini,
2650 2789 2740 2859 qui
2772 2791 2837 2845 de
2866 2793 3126 2848 servitute
3155 2796 3469 2850 manumissi
3489 2805 3543 2850 et
3580 2796 3749 2849 liber—

2150 2885 2260 2930 tate
2306 2877 2490 2932 donati
2538 2885 2683 2931 sunt.
2713 2876 2936 2933 Constat
2978 2889 3189 2945 autem,
3234 2883 3299 2936 de
3336 2883 3504 2953 stirpe
3551 2884 3742 2937 servili

2150 2964 2336 3030 fuisse,
2377 2966 2467 3035 qui
2498 2967 2674 3036 primo
2718 2965 2841 3021 ﬁdei
2881 2966 3081 3023 Christi
3132 2972 3471 3038 restiterunt,
3502 2973 3595 3042 qui
3638 2974 3746 3028 etsi

2074 3052 2119 3115 C
2151 3056 2219 3110 ab
2247 3055 2554 3110 hominibus
2582 3056 2904 3126 cmaneipati
2922 3096 2937 3123 ,
2959 3066 3137 3113 tamen
3167 3061 3307 3114 servi
3337 3072 3491 3115 erant
3508 3062 3746 3132 peccati.

2149 3144 2356 3212 Cilicia,
2410 3154 2604 3211 cattus,
2653 3145 2870 3213 luctus,
2912 3148 2995 3202 vel
3037 3150 3273 3208 vomitus
3322 3152 3741 3222 interpretatur.

2149 3235 2471 3302 Alexander,
2510 3236 2763 3293 auferens
2809 3242 3089 3312 angustias
3150 3244 3517 3299 tenebrarum.
3567 3243 3694 3299 Asia
3724 3285 3743 3312 ,

2149 3326 2358 3382 elevata
2388 3326 2470 3382 vel
2494 3326 2659 3382 elatio
2688 3329 3094 3401 interpretatur.
3372 3322 3385 3333 ’

2227 3418 2290 3472 Et
2326 3435 2429 3472 non
2453 3428 2692 3491 poterant
2724 3422 2960 3477 resistere
2990 3425 3260 3495 sapientia:
3289 3436 3339 3480 et
3367 3429 3613 3498 spiritui,
3646 3429 3745 3501 qui

2151 3504 2475 3578 loquebatur.
2522 3506 2634 3563 Hoc
2656 3518 2740 3564 est
2782 3512 2924 3580 quod
2952 3511 3214 3570 Dominus
3241 3516 3353 3585 ipse
3390 3518 3504 3573 suis
3525 3528 3740 3592 marty-

2149 3599 2299 3654 ribus
2325 3599 2403 3653 ait
2438 3618 2451 3654 :
2493 3600 2606 3670 Ego
2653 3603 2791 3655 enim
2839 3603 2973 3658 dabo
3012 3605 3151 3659 vobis
3194 3624 3251 3661 os
3296 3618 3344 3663 et
3390 3610 3731 3680 sapientiam,

2149 3692 2362 3746 cuinon
2393 3703 2636 3760 poterunt
2671 3695 2908 3749 resistere
2936 3704 2983 3750 et
3009 3698 3367 3753 contradicere
3401 3717 3578 3756 omnes
3624 3703 3729 3756 ad-

2149 3784 2366 3836 versarii
2396 3784 2550 3837 vestri
2575 3781 2729 3854 (Luc.
2773 3787 2909 3848 xxi).

2182 3908 2205 3917 ‘
2219 3892 2499 3948 Audientes
2520 3904 2693 3949 autem
2716 3895 2837 3959 hoc,
2860 3897 3259 3955 dissecabantur
3272 3903 3515 3959 cordibus
3529 3906 3662 3971 suis,
3681 3917 3733 3961 et

2147 3984 2433 4039 stridebant
2463 3986 2727 4042 dentibus.
2749 3986 3092 4045 Conscientia
3120 4006 3243 4046 cum
3270 3995 3534 4063 arguitur,
3563 3997 3738 4067 impa-

2150 4075 2288 4129 tiens
2316 4083 2417 4141 est,
2447 4084 2629 4131 etnon
2650 4086 2904 4147 poterant
2919 4078 3122 4136 Christi
3142 4084 3423 4139 veritatem
3439 4087 3733 4143 sustinere.

2147 4166 2320 4223 Aures
2357 4183 2543 4224 eorum
2586 4168 2826 4225 furorem
2854 4175 3053 4229 mentis
3092 4174 3147 4228 in
3194 4176 3342 4230 vultu
3391 4178 3732 4234 demonstra-

2148 4258 2296 4315 bant.
2340 4258 2653 4316 Stridebant
2692 4260 2943 4316 dentibus
2970 4262 3025 4316 in
3051 4276 3207 4329 eum,
3259 4280 3453 4320 carnes
3489 4265 3736 4322 lacerare

2149 4351 2456 4421 cupientes,
2504 4351 2854 4408 ostendentes
2894 4368 2951 4408 se
2982 4369 3102 4411 esse
3143 4354 3368 4411 belluas.
3410 4357 3540 4414 lude
3582 4360 3730 4414 enim

2154 4443 2533 4509 minabantur,
2586 4445 2730 4499 unde
2784 4447 3156 4501 tantummodo
3200 4448 3628 4505 ostendebantur
3673 4458 3733 4505 et

2150 4533 2365 4600 bellum,
2389 4532 2732 4603 etimpletum
2752 4542 2836 4589 est
2855 4536 2909 4588 in
2932 4535 3038 4590 illis
3064 4554 3077 4589 :
3110 4534 3284 4590 Homo
3315 4554 3436 4593 cum
3460 4540 3515 4593 in
3535 4541 3732 4597 honore

2149 4632 2312 4687 esset,
2362 4638 2468 4676 non
2508 4620 2783 4686 intellexit,
2824 4633 3159 4693 comparatus
3198 4634 3277 4679 est
3305 4626 3562 4696 jumentis
3601 4628 3731 4682 iasi-

2147 4712 2427 4781 pientibus,
2460 4722 2507 4765 et
2545 4711 2732 4766 similis
2759 4711 2936 4781 [actus
2975 4724 3050 4768 est
3074 4715 3180 4770 illis
3203 4714 3585 4791 (Psal.st.vm).

2223 4822 2357 4877 Cum
2384 4833 2559 4877 autem
2589 4833 2720 4877 esset
2746 4822 3042 4896 Stephanus
3067 4828 3250 4899 plenus
3278 4829 3477 4901 Spiritu
3503 4844 3686 4888 sancto
3710 4876 3725 4900 ,

2148 4912 2421 4966 intendens
2444 4913 2498 4966 in
2541 4912 2755 4980 mlum,
2786 4915 2917 4970 uidit
2949 4917 3173 4987 gloriam
3215 4919 3333 4974 Dei.
3375 4922 3509 4986 Quia
3537 4924 3728 4992 plenus

2149 5010 2269 5056 erat
2298 5002 2503 5072 Spiritu
2525 5014 2735 5071 sancto,
2765 5016 3051 5079 propterea
3080 5012 3394 5067 intendebat
3420 5014 3475 5068 in
3503 5014 3722 5069 caelum.

2147 5090 2431 5146 Plenitudo
2455 5093 2599 5147 enim
2627 5093 2862 5165 Spiritus
2884 5100 3078 5167 sancti,
3103 5117 3208 5155 non
3235 5116 3358 5157 cum
3380 5105 3728 5173 permittebat

2147 5187 2363 5235 terrena
2391 5184 2651 5253 aspicere.
2684 5187 2818 5243 Nam
2844 5197 2899 5244 et
2926 5188 3137 5263 Moyses
3161 5194 3361 5249 vidisse
3390 5195 3589 5251 dicitur
3610 5197 3727 5265 glo-

2142 5270 2282 5324 riam
2312 5271 2439 5338 Dei,
2493 5282 2549 5328 et
2586 5278 2813 5346 populus
2853 5280 2910 5333 in
2958 5284 3362 5338 consecratione
3398 5286 3587 5341 domus
3620 5287 3725 5342 Do-

2143 5358 2297 5446 mini,
2313 5360 2512 5417 vidisse
2529 5364 2729 5419 dicitur
2742 5366 2967 5437 gloriam
2988 5368 3082 5423 Dei
3104 5370 3270 5425 Israel
3292 5370 3486 5443 (Exod.
3512 5376 3720 5446 nam).

2144 5444 2212 5500 Et
2238 5449 2515 5517 apostolus
2540 5451 2778 5509 Joannes
2806 5456 2939 5510 dicit
2963 5457 3019 5511 in
3048 5459 3337 5531 Evangelia
3362 5481 3375 5516 :
3401 5462 3467 5516 Et
3499 5444 3720 5519 vidimus
3752 5454 3759 5461 “

2146 5534 2364 5605 gloriam
2384 5539 2519 5607 ejus,
2543 5541 2763 5610 gloriam
2782 5547 3195 5617 quasiunigeniti
3218 5567 3251 5604 a
3273 5550 3433 5605 Patre
3448 5551 3630 5622 (Joan.
3654 5553 3718 5623 ι).

2219 5625 2286 5679 Et
2330 5627 2509 5682 Iesum
2546 5640 2767 5685 stantem
2810 5652 2843 5688 a
2871 5636 3073 5690 dextris
3109 5639 3224 5693 Dei.
3270 5641 3515 5697 Stantem
3556 5644 3714 5709 dixit,
