3946 6416
277 240 347 299 37
1102 241 1617 299 COLLECTIONES
1654 242 1720 298 IN
1760 242 2140 302 EPISTOLAS
2178 245 2267 301 ET
2307 246 2724 306 EVANGELIA.
3473 256 3546 314 58

278 371 386 415 non
409 355 709 418 sedentem,
741 354 918 409 stabat
939 368 1060 409 cum
1085 363 1325 426 martyre
1350 370 1467 419 suo,
1497 363 1554 410 et
1578 355 1852 427 pugnabat
1879 354 1929 415 Α
1955 355 2241 411 surrexisti
2284 365 2343 411 ut
2378 371 2463 412 me
2496 358 2802 419 venientem
2836 358 3143 430 susciperes
3171 369 3225 416 et
3268 363 3542 435 amplexa-

279 447 436 519 quasi
461 446 514 500 in
541 445 728 514 prmiio
746 445 1090 499 constitutus.
1116 444 1206 499 Ille
1232 443 1590 515 lapidabatur,
1622 451 1676 499 et
1699 443 1858 500 Jesus

279 535 612 607 suscipiebat
632 534 839 606 plagas.

354 626 487 681 Ecce
509 627 659 682 video
685 625 838 681 cados
859 634 1085 698 apertos.
1117 623 1236 680 Jam
1259 624 1392 680 mihi
1413 633 1598 696 aperta
1624 634 1709 680 est
1737 623 1855 688 via;

281 715 459 772 adhuc
492 716 547 770 in
580 724 725 770 terra
753 729 902 779 sum,
936 715 1099 770 etiam
1124 714 1192 769 ad
1221 713 1481 770 caelorum
1520 728 1684 784 regna
1711 714 1858 784 aspi-

280 808 402 873 cio;
437 806 606 862 coalos
643 806 776 861 istos
796 812 1123 876 aperuerunt
1144 805 1276 859 mihi
1294 804 1502 876 lapides
1524 803 1717 870 vestri,
1738 819 1862 874 per-

281 899 561 956 secutione
584 906 767 953 vestra
790 897 1076 968 aperuistis
1096 897 1226 952 mihi
1254 897 1442 963 caelos,
1472 912 1644 967 usque
1682 897 1859 952 adhuc

280 986 451 1043 caelos
470 994 688 1057 apertos
714 1001 820 1041 non
844 986 1103 1051 videram,
1129 986 1349 1057 sanguis
1378 1002 1532 1042 meus
1560 987 1729 1042 clavis
1753 1001 1860 1043 cte-

282 1079 458 1134 lorum
485 1088 589 1134 est.
618 1078 697 1133 Ac
719 1079 766 1134 si
798 1078 1004 1134 diceret
1032 1097 1047 1132 :
1077 1078 1339 1149 Deponite
1369 1078 1592 1148 lapides.
1635 1079 1857 1135 conﬁte-

283 1169 411 1225 mini
437 1168 644 1234 Jesum,
669 1179 725 1224 et
743 1184 837 1224 vos
865 1169 1112 1224 videbitis
1140 1169 1308 1225 caelos
1333 1178 1570 1239 apertos,
1592 1179 1647 1225 et
1663 1170 1858 1226 Filium

283 1259 514 1314 hominis
553 1267 783 1313 stantem
812 1274 842 1313 a
879 1258 1086 1313 dextris
1116 1258 1232 1323 Dei,
1275 1260 1370 1315 sed
1412 1259 1489 1313 illi
1534 1260 1739 1330 lapides
1784 1268 1860 1315 te-

283 1356 499 1412 nentes,
521 1348 912 1418 persecutionis
931 1348 1215 1405 veritatem
1243 1349 1432 1407 audire
1461 1366 1565 1406 non
1587 1361 1856 1421 poterant.

352 1439 422 1492 Et
463 1437 664 1492 Filium
693 1439 915 1493 hominis
948 1449 1175 1493 stantem
1207 1458 1237 1493 a
1266 1440 1466 1495 dextris
1497 1442 1704 1496 virtutis
1740 1442 1854 1497 Dei.

282 1530 416 1588 Cum
452 1530 709 1585 Dominus
756 1528 912 1584 Jesus
941 1529 1190 1586 Christus
1229 1530 1325 1585 Dei
1361 1538 1416 1585 et
1462 1532 1696 1587 hominis
1735 1548 1858 1602 per-

283 1621 458 1678 fectus
494 1621 568 1675 sit
590 1619 751 1684 ﬁlius,
788 1618 913 1689 quid
945 1626 1050 1683 est,
1080 1621 1221 1689 quod
1246 1620 1389 1676 hunc
1416 1621 1607 1676 beatus
1626 1632 1850 1693 martyr,

1960 445 2120 510 reris,
2161 445 2303 500 ﬁlius
2330 447 2544 501 invocat
2571 454 2813 515 patrem,
2857 458 3064 521 martyr
3113 450 3327 506 invocat
3353 456 3542 526 agoni-

1960 534 2166 590 thetcn.
2197 533 2426 591 Domine
2469 532 2627 600 Jesu,
2675 537 2888 609 suscipe
2928 539 3175 608 spiritum
3206 556 3418 610 meum,
3449 545 3544 616 qui

1958 624 2247 695 expellitur
2273 624 2339 680 de
2353 639 2516 680 carne
2540 641 2681 690 mea,
2709 636 2928 696 propter
2953 628 3347 686 confessionem
3370 642 3538 696 tuam,

1960 711 2042 767 fas
2088 722 2172 769 est
2215 714 2360 769 enim
2397 722 2456 768 ut
2482 715 2728 786 spiritus,
2758 716 2850 786 qui
2883 732 2982 786 pro
3013 727 3063 774 te
3100 718 3364 788 funditur,
3410 738 3442 777 a
3493 735 3545 780 te

1961 805 2311 877 suscipiatur.

2034 894 2230 950 Positis
2251 905 2425 950 autem
2453 898 2667 968 genibus
2694 898 2934 954 clamavit
2954 918 3072 956 voce
3098 920 3288 975 magna
3317 906 3493 961 dicens
3517 922 3535 960 :

1962 984 2214 1051 Domine,
2256 1004 2320 1041 ne
2349 997 2551 1043 statuas
2587 988 2691 1043 illis
2725 989 2822 1044 hoc
2855 1002 3123 1060 peccatum
3144 1035 3158 1059 ,
3195 1006 3243 1049 ct
3285 1014 3403 1051 cum
3448 998 3543 1053 hoc

1961 1076 2199 1143 dixisset,
2225 1077 2554 1133 obdormivit.
2579 1078 2679 1152 (Ex
2711 1079 2899 1153 Beda.)
2922 1081 3028 1137 Pro
3058 1099 3117 1138 se
3145 1085 3363 1154 quidem
3390 1095 3541 1143 stans

1960 1165 2168 1232 oravit,
2196 1182 2294 1236 pro
2329 1168 2561 1223 inimicis
2603 1186 2742 1240 genu
2780 1170 2951 1237 ﬁexit,
2992 1175 3119 1244 quia
3155 1174 3395 1245 ipsorum
3426 1194 3543 1232 ma-

1952 1254 2043 1324 jor
2079 1257 2370 1326 iniquitas,
2403 1257 2577 1327 majus
2614 1261 2947 1331 supplicandi
2982 1267 3279 1321 remedium
3328 1268 3536 1337 ﬂagita-

1960 1345 2071 1399 bat.
2109 1344 2178 1400 Et
2204 1347 2339 1401 mira
2367 1348 2507 1402 beati
2540 1350 2793 1420 martyris
2824 1352 3025 1417 virtus,
3052 1354 3143 1422 qui
3173 1356 3251 1410 sic
3286 1357 3402 1411 zelo
3435 1357 3541 1412 fer-

1958 1434 2140 1500 vebat,
2186 1443 2246 1489 ut
2275 1435 2355 1490 eis
2389 1452 2420 1491 a
2458 1437 2653 1507 quibus
2700 1441 2993 1495 tenebatur
3021 1444 3197 1514 palam
3234 1461 3345 1501 sua:
3377 1450 3543 1519 perli-

1958 1524 2061 1580 diae
2100 1526 2283 1598 culpas
2320 1530 2711 1599 exprobraret,
2752 1531 2830 1587 sic
2869 1533 3157 1592 dilectione
3189 1540 3442 1607 ardebat,
3484 1552 3543 1596 ut

1959 1615 2012 1670 in
2065 1626 2240 1672 morte
2290 1632 2504 1688 quoque
2549 1634 2645 1690 pro
2702 1620 2783 1675 eis
2829 1636 2860 1677 a
2905 1623 3101 1694 quibus
3163 1627 3540 1698 occidebatur,

282 1709 515 1764 hominis
560 1708 737 1778 potius
768 1722 929 1776 quam
959 1707 1053 1761 Dei
1080 1706 1277 1761 Filium
1318 1708 1590 1777 appellare
1626 1710 1854 1778 maluit,
1890 1700 1940 1760 Β
1966 1717 2169 1762 oraret.

281 1799 366 1854 cui
411 1797 532 1869 plus
562 1796 776 1865 utrique
809 1796 991 1869 gloria:
1020 1795 1294 1851 videretur
1336 1797 1619 1866 allaturus,
1662 1799 1708 1854 si
1731 1815 1856 1855 eum

282 1890 375 1944 Dei
396 1890 573 1959 potius
596 1903 754 1957 quam
784 1888 1024 1943 hominis
1052 1888 1244 1943 Filium
1274 1889 1549 1960 appellare
1571 1891 1851 1959 voluisset,

283 1980 385 2035 nisi
420 1987 477 2033 ut
506 1979 608 2034 hoc
646 1980 954 2035 testimonio
985 1976 1292 2034 Judzeorum
1327 1979 1748 2038 confunderetur
1776 1984 1858 2038 in-

283 2068 536 2133 ﬁdelitas,
564 2070 655 2139 qui
680 2085 736 2124 se
763 2069 1037 2123 hominem
1063 2070 1418 2138 cruciﬁxisse,
1443 2080 1497 2125 et
1524 2072 1662 2127 hunc
1690 2073 1856 2128 Deum

280 2164 502 2218 credere
531 2162 762 2217 noluisse
790 2162 1189 2217 meminerunt?
1215 2162 1298 2217 Ad
1330 2162 1745 2219 confortandam
1770 2180 1858 2219 er-

281 2267 353 2324 go
379 2252 541 2307 beati
564 2252 817 2323 martyris
845 2250 1164 2321 sapientiam
1184 2292 1198 2317 ,
1242 2252 1484 2308 caelestis
1513 2254 1661 2324 regni
1687 2252 1856 2322 janua

281 2341 557 2412 panditur,
601 2350 749 2396 etne
780 2341 1031 2396 innoxius
1060 2343 1219 2397 homo
1256 2341 1523 2413 lapidatus
1563 2343 1758 2399 titubet
1802 2344 1856 2399 in

284 2443 452 2499 terra,
497 2434 636 2488 Deus
681 2434 841 2488 homo
870 2433 1161 2490 cruciﬁxus
1198 2443 1425 2506 apparet
1466 2445 1758 2492 coronatus
1802 2437 1856 2491 in

281 2524 439 2579 cmlo.
476 2520 665 2578 Unde?
708 2522 865 2591 Quia,
898 2531 1065 2590 stare,
1093 2526 1386 2597 pugnantis
1431 2527 1515 2581 vel
1553 2526 1857 2595 adjuvantis

280 2622 387 2680 est,
434 2622 579 2669 recte
617 2629 645 2667 a
683 2614 887 2669 dextris
926 2614 1023 2670 Dei
1065 2624 1297 2671 stantem
1336 2617 1491 2683 vidit,
1531 2632 1690 2689 quem
1715 2617 1858 2672 inter

281 2705 524 2760 homines
545 2714 927 2775 persequentes
946 2706 1247 2776 adjutorem
1279 2708 1485 2763 habuit.

354 2795 717 2851 Exclamantes
739 2805 909 2850 autem
934 2814 1052 2851 voce
1073 2815 1284 2869 magna,
1310 2802 1680 2856 continuerunt
1701 2819 1855 2858 aures

285 2905 426 2944 suas.
461 2888 559 2960 (Ex
586 2887 829 2960 Hieron.)
862 2886 905 2944 Ο
930 2903 1124 2959 pravos
1138 2891 1368 2955 animos,
1394 2892 1648 2948 claudunt
1672 2910 1850 2961 aures,

284 2997 354 3037 ne
381 2981 581 3052 apertis
609 2979 712 3034 illis
745 2979 1075 3050 ingrediatur
1106 2981 1322 3037 veritas.
1358 2981 1629 3038 Claudum;
1668 3000 1848 3052 aures,

283 3174 391 3216 non
419 3161 683 3215 viderant.

352 3251 421 3307 Et
443 3253 685 3323 impetum
710 3250 940 3322 fecerunt
965 3251 1281 3307 unanimiter
1299 3254 1354 3308 in
1369 3271 1506 3308 eum.
1530 3254 1650 3310 Una
1671 3254 1857 3326 impie-

283 3349 388 3408 tas,
417 3356 555 3395 unus
587 3341 836 3411 impetus,
862 3339 1037 3411 major
1065 3356 1360 3399 consensus
1386 3343 1440 3398 in
1462 3344 1670 3400 scelere
1691 3359 1856 3416 quam

286 3435 340 3489 in
373 3434 646 3502 religione.

356 3522 425 3577 Et
445 3524 707 3594 ejicientes
750 3539 867 3577 cum
902 3532 1051 3578 extra
1082 3525 1340 3580 civitatem
1381 3525 1709 3597 lapidabant.
1757 3526 1857 3600 (Ex

282 3613 472 3684 Beda.)
500 3613 565 3667 Et
596 3612 852 3668 Dominus
874 3622 1029 3668 extra
1049 3624 1261 3683 portam
1281 3630 1473 3685 passus
1498 3624 1602 3681 est,
1634 3617 1725 3687 qui
1756 3633 1854 3672 nos

282 3707 444 3780 elegit
468 3707 535 3762 de
569 3707 767 3762 mundo
796 3707 848 3760 in
891 3721 1183 3776 supernum
1222 3722 1378 3762 suum
1406 3722 1628 3778 regnum
1664 3716 1720 3762 et
1746 3707 1862 3779 glo-

284 3799 443 3862 riam,
467 3803 523 3852 et
556 3797 879 3867 Stephanus,
908 3797 1064 3866 quasi
1105 3796 1312 3852 advena
1338 3797 1557 3862 mundi,
1599 3805 1754 3852 extra
1784 3798 1860 3853 ci-

281 3887 503 3943 vitatem
530 3886 813 3956 lapidatur.
854 3885 971 3941 Non
1013 3886 1156 3941 enim
1194 3886 1382 3942 habuit
1417 3886 1507 3942 hic
1548 3897 1857 3941 manentem

284 3979 598 4043 civitatem,
636 3978 730 4033 sed
768 3976 1007 4031 futuram
1054 3984 1163 4032 tota
1215 3985 1394 4031 mente
1444 3976 1741 4046 qumrebat.
1794 3976 1863 4031 Et

281 4067 430 4141 juxta
470 4084 648 4124 rerum
690 4067 1113 4122 immutationem
1163 4074 1372 4136 martyr
1418 4066 1604 4121 mundi
1651 4065 1855 4128 cordis,

284 4163 353 4219 ad
381 4162 547 4218 malos
589 4161 836 4216 intuitum
875 4159 1091 4230 dirigit,
1136 4168 1451 4230 persecutor
1474 4158 1861 4215 durtecervicis

285 4270 478 4311 manus
498 4253 565 4308 ad
594 4251 794 4323 lapides
824 4250 1008 4305 mittit.

359 4342 426 4396 Et
471 4353 620 4401 testes
650 4342 995 4415 deposuerunt
1022 4342 1323 4397 vestimenta
1352 4357 1500 4397 serus
1533 4340 1687 4413 pedes
1727 4342 1859 4396 ado-

2247 1817 2581 1857 EVANGELIU!
2613 1818 2894 1871 κΑττιιιει,
2931 1822 3048 1862 CAP.
3088 1826 3244 1865 XXIII.

2034 1907 2053 1939 ι
2099 1889 2319 1959 Dicebat
2348 1890 2504 1948 Iesus
2545 1894 2718 1949 turbis
2754 1893 3060 1951 Iudaeorum
3106 1905 3161 1952 et
3203 1899 3535 1970 principibus

1965 1996 1984 2029 ι
2030 1979 2369 2035 sacerdotum
2406 1999 2418 2034 :
2448 1981 2588 2037 Ecce
2617 1997 2717 2053 ego
2762 1983 2919 2038 mitto
2948 1986 3015 2039 ad
3048 2001 3143 2041 vos
3169 1990 3460 2057 prophetas
3482 1999 3539 2046 et

1965 2085 1985 2120 ι
2026 2070 2299 2140 sapientes
2339 2079 2395 2126 et
2420 2072 2645 2136 scribas,
2675 2080 2731 2127 et
2775 2088 2840 2128 ex
2869 2073 2971 2129 illis
2992 2075 3247 2132 occidetis
3288 2086 3344 2132 et
3365 2080 3542 2135 cruci-

1964 2178 1983 2212 ‹
2028 2160 2221 2232 ﬁgetis,
2247 2170 2301 2216 et
2322 2178 2389 2218 ex
2419 2163 2498 2216 eis
2527 2160 2863 2233 ﬁagellabitis
2901 2164 2955 2218 in
2994 2167 3278 2238 synagogis
3308 2171 3536 2237 vestris;

1964 2268 1983 2303 ι
2028 2258 2084 2305 et
2115 2251 2502 2330 persequimini
2526 2252 2593 2307 de
2627 2252 2845 2307 civitate
2874 2252 2929 2309 in
2960 2254 3259 2321 civitatem,
3285 2266 3345 2312 ut
3365 2261 3546 2315 veniat

1965 2360 1984 2394 ι
2029 2359 2190 2414 super
2209 2359 2305 2399 vos
2327 2345 2503 2399 omnis
2529 2344 2747 2416 sanguis
2772 2343 2971 2413 justus,
3008 2347 3100 2417 qui
3139 2348 3339 2405 etinsus
3382 2366 3546 2420 super

1964 2451 1983 2483 ι
2030 2442 2231 2488 terram
2254 2449 2285 2487 a
2315 2434 2574 2504 sanguine
2605 2434 2737 2490 Abel
2758 2434 2890 2503 justi
2932 2452 3102 2508 usque
3131 2439 3199 2493 ad
3230 2443 3543 2511 sanguinem

1966 2540 1985 2573 ι
2031 2522 2328 2589 zachariae,
2348 2524 2443 2580 ﬁlii
2458 2524 2755 2591 Baracbize,
2777 2542 2936 2596 quem
2962 2528 3237 2584 occidistis
3255 2531 3396 2587 inter
3410 2541 3545 2587 tem-

1964 2631 1983 2664 ι
2028 2612 2173 2683 plum
2187 2621 2243 2667 et
2268 2613 2456 2669 altare.
2476 2614 2646 2670 Amen
2662 2617 2783 2672 dico
2794 2618 2970 2682 vobis,
2990 2621 3207 2675 venient
3225 2623 3347 2678 haec
3359 2625 3542 2681 omnia

1963 2720 1983 2753 ι
2030 2718 2195 2773 super
2234 2705 2636 2775 generationem
2684 2707 2865 2761 istam.
2916 2707 3251 2764 Ilierusalem
3285 2751 3300 2776 ,
3351 2711 3542 2768 Ilieru-

1964 2813 1983 2846 s
2024 2795 2191 2852 salem
2215 2836 2228 2861 ,
2269 2810 2389 2866 qua:
2424 2797 2626 2852 occidis
2649 2799 2970 2869 prophetas,
3001 2808 3056 2854 et
3084 2799 3289 2871 lapidas
3316 2817 3411 2858 eos
3452 2805 3544 2873 qui

1964 2904 1981 2937 ι
2027 2884 2097 2941 ad
2134 2898 2188 2941 te
2227 2888 2379 2941 missi
2423 2896 2569 2953 sunt,
2608 2888 2819 2957 quoties
2863 2888 3006 2944 volui
3048 2904 3376 2962 congregare
3403 2892 3543 2950 ﬁlios

1914 2974 1921 2977 ⁴
1963 2994 1982 3028 ε
2029 2985 2150 3033 tuos
2184 3018 2200 3042 ,
2260 2978 2711 3047 quemadmodum
2768 2978 2962 3048 gallina
3023 2990 3317 3052 congregat
3366 2984 3544 3054 pullos

280 3071 408 3144 quia
436 3070 645 3127 clausos
673 3070 939 3126 habebant
980 3079 1036 3127 et
1062 3071 1267 3137 oculos,
1315 3081 1371 3128 et
1416 3073 1583 3130 ccelos
1624 3085 1846 3146 apertos
1879 3054 1924 3116 (ἶ

1961 3085 1979 3118 ι
2026 3081 2153 3123 suos
2179 3066 2279 3122 sub
2317 3066 2457 3132 alas,
2486 3075 2543 3122 et
2577 3066 2828 3121 noluisti!
2864 3068 3000 3124 Ecce
3034 3069 3367 3140 relinquetur
3390 3074 3544 3131 vobis

1961 3174 1980 3207 ι
2026 3157 2218 3212 domus
2250 3164 2429 3212 vestra
2479 3155 2712 3211 deserta.
2747 3157 2877 3211 Dico
2920 3158 3064 3212 enim
3092 3162 3265 3226 vobis,
3307 3178 3413 3217 non
3456 3181 3544 3221 me

1962 3265 1982 3300 ι
2025 3246 2279 3302 videbitis
2304 3247 2520 3313 amodo,
2544 3246 2715 3301 donec
2726 3247 2917 3303 dicatis
2943 3265 2955 3301 :
2981 3246 3302 3308 Benedich
3326 3253 3418 3322 qui
3444 3269 3539 3310 ve-

1961 3357 1981 3390 ι
2024 3338 2401 3394 nitinnomine
2423 3337 2656 3393 Domini.
2687 3358 2706 3391 ι

2029 3429 2245 3484 Dicebat
2268 3428 2425 3485 Iesus
2455 3430 2621 3486 turbis
2652 3431 2962 3489 Judteorum
2987 3448 3005 3487 :
3031 3434 3166 3490 Ecce
3180 3453 3273 3507 ego
3294 3438 3444 3491 mitto
3464 3441 3543 3494 ad

1958 3538 2045 3575 vos
2068 3522 2345 3592 prophetas
2374 3533 2421 3578 et
2451 3524 2713 3593 sapientes
2738 3533 2787 3578 et
2813 3525 3032 3591 scribas,
3072 3536 3121 3581 et
3150 3544 3215 3581 ea:
3252 3528 3360 3584 illis
3399 3533 3533 3584 occi-

1959 3613 2094 3667 detis
2124 3623 2173 3667 et
2194 3614 2510 3684 cruciﬁgetis
2533 3624 2578 3668 et
2600 3614 2932 3684 ﬂagellabitis
2960 3617 3014 3671 in
3037 3618 3313 3688 synagogis
3336 3622 3543 3686 vestris,

1959 3714 2008 3759 et
2040 3704 2409 3776 persequimini
2445 3704 2509 3758 de
2540 3704 2747 3761 civitate
2778 3707 2834 3759 in
2864 3707 3159 3774 civitatem,
3191 3717 3248 3761 ut
3278 3708 3541 3778 impleatis

1959 3813 2261 3852 mensuram
2307 3805 2519 3868 patrum
2566 3805 2874 3851 vestrorum.
2899 3797 2999 3869 (Ex
3032 3798 3281 3869 Hieron.)
3330 3800 3387 3855 Id
3430 3810 3541 3867 est,

1960 3885 2102 3956 quod
2134 3885 2238 3941 illis
2279 3884 2481 3951 defuit,
2510 3901 2607 3941 vos
2634 3886 2940 3956 adimplete.
2980 3888 3062 3943 Illi
3088 3889 3233 3944 enim
3262 3889 3545 3947 interfece-

1962 3983 2090 4029 runt
2116 3991 2322 4041 servos,
2346 3989 2443 4031 vos
2464 3975 2749 4032 Dominum
2768 3978 3097 4049 cruciﬁgite;
3123 3978 3200 4034 illi
3222 3981 3539 4050 prophetas,

1961 4081 2058 4121 vos
2103 4082 2226 4121 eum
2255 4067 2347 4136 qui
2375 4082 2474 4137 per
2515 4068 2810 4138 prephetas
2849 4068 3173 4138 praedicatus
3214 4077 3320 4124 est:
3363 4069 3550 4127 Potest

1963 4157 2067 4211 hoc
2104 4165 2159 4210 et
2193 4157 2263 4211 ad
2298 4156 2587 4227 discipulos
2616 4153 2734 4224 ejus
2775 4156 3001 4223 referri,
3048 4158 3352 4230 de'quibus
3395 4176 3538 4217 nunc

1962 4245 2095 4299 dicit
2123 4258 2138 4298 :
2167 4243 2307 4299 Ecce
2341 4260 2441 4315 ego
2467 4243 2623 4299 mitto
2649 4245 2716 4298 ad
2739 4261 2837 4299 vos
2862 4246 3176 4315 prophetas,
3209 4254 3314 4301 etc.
3344 4247 3542 4302 Simul~

1964 4352 2069 4407 que
2098 4337 2325 4392 observa
2354 4334 2511 4405 juxta
2536 4335 2849 4406 Apostolum
2878 4337 3205 4392 scribentem
3249 4339 3316 4394 ad
3355 4337 3545 4394 Corin-

287 4434 521 4488 lescentis
543 4435 631 4505 qui
656 4404 937 4488 vocabatur
963 4433 1180 4489 Saulus.
1211 4432 1390 4502 Quare
1415 4404 1581 4488 testes
1606 4432 1725 4489 falsi
1752 4433 1862 4503 pri-
1893 4404 1941 4465 υ
1969 4404 2127 4492 thios,
2172 4425 2319 4480 varia
2347 4404 2485 4480 dona
2522 4404 2642 4481 esse
2669 4425 3051 4495 discipulorum
3080 4425 3281 4482 Christi
3327 4426 3379 4499 (Ι
3417 4427 3540 4482 Cor.

288 4537 435 4576 mum
475 4504 880 4593 lapidaverunt?
907 4504 1053 4590 Quia.
1068 4522 1156 4577 lex
1184 4532 1516 4594 praeceperat
1550 4529 1611 4576 ut
1633 4524 1862 4593 quicun—

287 4630 393 4686 que
420 4615 780 4669 testimonium
808 4614 1012 4669 diceret
1041 4622 1228 4669 contra
1256 4615 1490 4685 aliquem
1519 4629 1684 4670 causa
1723 4631 1863 4669 mor-

287 4706 391 4772 tis,
442 4707 556 4777 ipse
595 4707 825 4777 primum
862 4705 1092 4777 lapidem
1122 4707 1363 4762 mitteret
1401 4706 1457 4761 in
1490 4722 1649 4773 eum,
1701 4721 1861 4775 quem

287 4798 519 4868 primum
546 4810 639 4852 ore
666 4796 935 4852 occiderat
960 4812 1057 4851 suo
1088 4794 1267 4869 (Deut.
1310 4794 1461 4868 xvn).
1786 4856 1789 4857 ν

361 4887 444 4941 Ex
459 4885 701 4961 Hieron.)
719 4888 998 4958 Deponunt
1018 4889 1356 4953 vestimenta,
1373 4888 1461 4958 qui
1476 4885 1583 4956 jam
1600 4885 1692 4941 Dei
1714 4885 1867 4942 auxi-

289 4976 418 5033 lium
450 4978 803 5049 projecerant.
833 4976 1027 5031 Saulus
1052 4985 1230 5031 autem
1260 4977 1505 5043 tentatio,
1553 4976 1667 5031 sive
1694 4974 1863 5028 infer—

290 5085 392 5122 nus
418 5052 818 5141 interpretatur.
851 5067 1018 5123 Recte
1046 5064 1211 5139 igitur
1238 5066 1329 5137 qui
1365 5065 1677 5137 lapidabant
1714 5081 1864 5119 mar-

293 5168 495 5232 tyrem,
537 5158 856 5213 vestimenta
894 5174 990 5212 sua
1012 5156 1168 5227 juxta
1198 5156 1467 5211 infernum
1510 5155 1861 5226 reliquerant.

361 5250 431 5305 Et
456 5251 757 5321 lapidabant
786 5249 1108 5319 Stephanum
1140 5250 1463 5303 invocantem
1491 5259 1540 5301 et
1568 5247 1861 5302 dicentem:

294 5346 513 5399 Domine
543 5343 701 5409 Iesu,
750 5345 953 5413 suscipe
996 5343 1237 5413 spiritum
1279 5358 1469 5395 meum.
1517 5338 1705 5395 Videte
1738 5355 1867 5393 con-

290 5435 581 5491 fessionem
612 5452 625 5489 :
657 5435 932 5489 hominem
975 5434 1121 5488 videt
1150 5440 1402 5495 stantem,
1452 5439 1507 5486 et
1551 5439 1731 5485 tamen
1763 5430 1868 5485 Do-

291 5528 497 5582 minum
536 5526 843 5581 conﬁtetur.
874 5525 950 5580 Ac
974 5526 1019 5579 si
1046 5524 1251 5577 diceret
1283 5539 1296 5576 :
1331 5521 1560 5576 Domine
1578 5520 1726 5587 Jesu,
1756 5530 1867 5575 stas

292 5617 507 5693 quidem
537 5616 689 5688 quasi
725 5617 885 5670 homo
906 5657 921 5680 ,
966 5615 1059 5669 sed
1092 5613 1311 5685 adjuvas
1336 5611 1487 5683 quasi
1527 5609 1688 5665 Deus.
1719 5611 1862 5676 Stas,

1967 4520 2067 4589 xu)
2097 4536 2109 4571 :
2136 4516 2269 4571 alios
2305 4517 2630 4588 prophetas,
2663 4517 2755 4586 qui
2784 4524 3011 4573 ventura
3046 4518 3375 4588 praedicant;
3406 4519 3545 4576 alios

1966 4610 2255 4681 sapientes,
2303 4610 2395 4681 qui
2444 4617 2712 4665 noverunt
2758 4609 2973 4678 quando
3023 4611 3255 4665 debeant
3300 4610 3545 4680 proferre

1966 4716 2308 4768 sermonem;
2357 4701 2491 4757 alios
2540 4701 2746 4756 scribas
2786 4700 2843 4754 in
2876 4700 2992 4770 lege
3041 4701 3417 4766 doctissimos,
3449 4703 3542 4772 qui

1968 4793 2281 4850 describunt
2305 4793 2356 4847 in
2383 4788 2579 4847 tabulis
2608 4792 2788 4847 cordis
2816 4792 2921 4857 sui,
2953 4806 3022 4847 ex
3046 4792 3238 4863 quibus
3275 4791 3544 4863 lapidatus

1967 4894 2051 4942 est
2097 4882 2428 4954 Stephanus,
2471 4880 2671 4937 Paulus
2715 4880 2950 4949 occisus,
3001 4879 3291 4938 cruciﬁxus
3330 4880 3541 4948 Petrus,

1966 4975 2222 5048 ﬂagellati
2256 4975 2309 5028 in
2356 4973 2582 5047 Actibus
2613 4971 2992 5043 Apostolorum
3024 4971 3292 5041 discipuli,
3327 4981 3382 5028 et
3416 4988 3541 5043 per—

1965 5065 2136 5123 secuti
2173 5079 2268 5120 eos
2296 5071 2424 5118 sunt
2443 5062 2510 5117 de
2542 5062 2761 5117 civitate
2792 5062 2849 5116 in
2884 5061 3182 5126 civitatem,
3211 5062 3544 5132 expellentes

1967 5157 2032 5212 de
2056 5155 2261 5219 Judzea,
2302 5161 2362 5208 ut
2393 5152 2463 5208 ad
2498 5152 2738 5224 gentium
2783 5150 3035 5221 populum
3066 5150 3538 5221 transmigrarent.

2041 5245 2108 5302 Ut
2138 5246 2307 5300 veniat
2334 5260 2490 5315 super
2512 5259 2602 5298 vos
2630 5244 2797 5297 omnis
2824 5243 3038 5313 sanguis
3074 5244 3276 5313 justus,
3292 5244 3382 5315 qui
3409 5244 3545 5313 effu~

1968 5353 2057 5391 sus
2079 5344 2155 5390 est
2179 5349 2334 5404 super
2362 5341 2574 5386 terram.
2603 5331 2705 5403 (Ex
2732 5330 2921 5403 Beda.)
2953 5330 3245 5398 Quaeritur,
3274 5333 3546 5402 quomodo

1969 5427 2190 5497 sanguis
2237 5422 2477 5480 omnium
2524 5422 2911 5492 prophetarum
2962 5414 3123 5494 atque
3156 5421 3428 5492 justorum
3474 5422 3546 5478 ab

1969 5533 2075 5571 una
2102 5513 2407 5571 Iudaeorum
2437 5512 2787 5581 generatione
2809 5512 3133 5581 requiratur,
3158 5526 3282 5565 cum
3309 5518 3365 5565 et
3386 5508 3542 5566 multi

1971 5614 2300 5669 sanctorum,
2338 5602 2451 5657 sive
2480 5608 2605 5657 ante
2634 5601 3083 5669 incarnationem,
3109 5616 3204 5655 seu
3246 5610 3367 5670 post
3394 5617 3514 5655 mor
