3946 6422
441 259 515 321 39
1716 259 2070 317 SMARAGDI
2105 258 2397 317 ABBATlS
3622 257 3690 313 ιθ

440 390 573 445 tem,
592 378 1154 449 resurrectionemque
1179 377 1475 435 Salvatoris
1502 378 1572 433 ab
1599 378 1719 435 aliis
1746 388 1872 435 sunt
1913 392 2011 431 na-
2043 378 2095 437 Α
2119 375 2275 439 nobis
2294 374 2623 429 tribueretur
2648 374 2849 431 erroris
2872 372 3121 439 facultas,
3139 372 3422 429 manifeste
3433 374 3689 440 ostendit,

439 468 675 525 tionibus
718 467 1050 537 interempti,
1089 476 1145 523 et
1180 469 1296 538 ipse
1335 469 1616 536 Dominus,
1645 469 1845 527 ludatis
1889 471 2017 527 licet

441 559 879 624 acclamantibus,
907 574 938 615 a
960 558 1203 615 Romano
1250 570 1429 616 tamen
1451 562 1701 632 praeside,
1728 563 2016 621 Romanis-

439 664 541 717 que
568 650 639 703 sit
669 648 926 704 militibus
952 650 1259 706 cruciﬁxus.
1288 652 1396 707 Sed
1449 655 1618 710 moris
1663 663 1748 710 est
1773 654 2016 726 Scriptu-

438 756 642 806 rarum,
667 740 800 796 duas
822 757 963 811 smpe
987 744 1366 814 generationes
1400 740 1676 801 hominum
1693 788 1708 811 ,
1743 747 2011 804 bonorum

436 830 643 885 scilicet
668 840 723 886 et
769 833 1054 899 malorum,
1087 843 1419 904 computare,
1450 837 1553 891 hoc
1579 844 1682 901 est,
1708 852 1897 892 eorum
1925 838 2015 909 qui

435 935 538 974 non
564 937 629 974 ex
660 924 1024 992 sanguinibus,
1053 941 1215 996 neque
1240 942 1305 979 ea:
1333 925 1595 981 voluntate
1615 928 1813 993 carnis,
1850 945 2014 1000 neque

435 1016 500 1063 ea:
525 1009 786 1064 voluntate
830 1012 947 1076 viri,
978 1013 1069 1066 sed
1108 1028 1173 1067 ea:
1221 1014 1328 1069 Deo
1389 1017 1500 1070 nati
1528 1025 1668 1082 sunt,
1700 1026 1756 1073 et
1780 1034 1967 1074 eorum
1995 1060 2011 1087 ,

435 1098 630 1166 quibus
664 1101 900 1155 dicitur:
941 1101 1042 1155 Vos
1071 1119 1136 1156 ea:
1167 1114 1316 1173 patre
1349 1105 1557 1160 diabolo
1581 1107 1727 1174 estis,
1756 1116 1812 1162 et
1839 1109 1966 1166 alibi
1994 1128 2009 1165 :

437 1188 732 1260 Serpentes,
761 1195 1024 1262 generatio
1060 1195 1371 1265 viperarum.

506 1278 778 1352 (llieron.)
819 1282 1069 1338 Dicamus
1096 1285 1334 1341 breviter
1357 1327 1371 1351 ,
1421 1303 1591 1357 quare
1616 1288 1838 1360 sanguis
1877 1289 2011 1344 Abel

428 1366 558 1438 justi
588 1385 757 1439 usque
798 1371 865 1425 ad
900 1373 1221 1429 Zachariam
1275 1375 1442 1431 tilium
1465 1378 1759 1443 Barachiaz,
1794 1379 1863 1435 ab
1922 1379 2011 1435 illa

434 1461 780 1530 generatione
838 1473 1140 1532 quaeratur,
1190 1482 1313 1520 cum
1351 1479 1602 1523 neutrum
1632 1484 1818 1525 eorum
1867 1471 2012 1526 occi-

433 1550 608 1604 derit?
642 1549 845 1622 Regula
890 1551 1291 1624 Scripturarum
1321 1564 1424 1622 est,
1450 1557 1586 1612 duas
1613 1560 2009 1629 generationes,

431 1638 695 1694 bonorum
730 1640 814 1696 vel
844 1642 1109 1697 malorum
1132 1659 1310 1700 nosse.
1343 1646 1631 1713 Bonorum,
1662 1648 1727 1703 de
1744 1665 1850 1719 qua
1878 1651 2009 1706 scri-

2118 463 2187 518 de
2205 479 2312 534 quo
2333 463 2463 518 dicit
2500 464 2624 528 hoc,
2647 462 2789 534 quod
2815 462 3055 518 additum
3076 471 3161 518 est
3185 480 3199 516 :
3235 461 3401 529 Quem
3430 462 3691 518 occidistis

2115 554 2254 608 inter
2281 553 2530 625 templum
2554 562 2603 608 et
2634 552 2820 618 altare,
2854 553 3004 608 illum
3032 552 3339 622 signiﬁcare
3371 552 3690 608 Zachariam

2113 644 2323 710 volens,
2348 644 2440 715 qui
2464 645 2676 700 occisus
2702 652 2786 699 εει
2814 657 2844 698 a
2867 642 2996 700 Joas
3023 658 3152 715 rege
3183 642 3334 699 ludas
3358 683 3374 709 ,
3419 644 3561 698 sicut
3583 642 3691 699 Re-

2115 747 2242 803 gum
2271 742 2458 788 narrat
2508 732 2752 789 historia.
2798 731 2905 788 Sed
2960 732 3355 788 observandum
3411 732 3554 803 quod
3605 733 3691 788 ille

2111 820 2408 878 Zacharias
2436 836 2541 877 non
2564 822 2636 877 sit
2661 821 2803 876 illius
2831 820 3107 877 Baracbiae
3130 861 3146 886 ,
3208 821 3303 876 sed
3330 820 3469 876 illius
3510 820 3693 876 Joadaz

2112 910 2433 975 sacerdotis,
2458 908 2600 965 unde
2620 909 2896 980 Scriptura
2924 908 3091 965 refert
3114 927 3128 963 ε
3162 909 3285 963 Non
3322 909 3424 980 fuit
3449 910 3692 965 recorda-

2112 1006 2196 1053 tus
2215 997 2348 1053 Joas
2371 999 2539 1064 patris
2563 999 2677 1068 ejus
2716 998 2906 1052 Joadur
2930 1038 2945 1064 ,
2996 1013 3114 1068 quin
3162 997 3261 1051 sibi
3311 998 3515 1067 fecisset
3555 998 3691 1053 bona

2112 1087 2200 1160 (II
2226 1086 2357 1142 Par.
2388 1089 2561 1157 xxxv).
2608 1087 2744 1145 Cum
2788 1103 2918 1159 ergo
2945 1087 3264 1143 Zachariam
3303 1096 3582 1145 teneamus
3636 1097 3693 1144 et

2109 1176 2367 1231 occisioni
2395 1178 2701 1232 consentiat
2724 1175 2895 1241 locus,
2919 1176 3211 1245 quaerimus
3235 1190 3399 1245 quare
3413 1177 3692 1232 Barachia:

2111 1265 2311 1320 dicitur
2338 1264 2481 1319 illius
2527 1273 2584 1318 et
2611 1280 2717 1319 non
2744 1262 2944 1318 Joadze.
2975 1263 3268 1318 Barachias
3296 1264 3350 1317 in
3379 1264 3559 1334 lingua
3589 1278 3676 1318 no-

2110 1365 2224 1412 stra
2253 1356 2569 1412 benedictus
2604 1356 2816 1412 Domini
2846 1356 3064 1420 dicitur,
3089 1364 3144 1409 et
3174 1354 3340 1409 Joaila
3377 1354 3585 1433 julstitia
3614 1356 3692 1410 in-
3722 1406 3729 1411 ,

2109 1459 2461 1520 terpretatur,
2488 1458 2544 1507 et
2594 1451 2717 1505 ideo
2762 1450 2847 1505 vir
2886 1449 3096 1521 justitia
3135 1448 3346 1520 plenus,
3373 1448 3690 1504 benedictus

2109 1542 2321 1598 Domini
2358 1552 2504 1598 recte
2540 1541 2855 1613 appellatur.

2180 1650 2534 1717 Hierusalem,
2571 1648 2929 1716 Hierusalem,
2972 1665 3090 1721 qua!
3116 1649 3309 1703 occidis
3332 1648 3612 1719 prophetas
3638 1657 3689 1703 et

430 1738 581 1798 ptum
607 1737 689 1785 est
712 1745 726 1784 :
759 1730 889 1785 Haec
917 1742 991 1787 est
1014 1734 1277 1803 generatio
1310 1738 1655 1806 qua'rentium
1688 1737 1971 1794 Dominum
1990 1782 2005 1807 ,
2038 1721 2085 1780 Β
2113 1741 2318 1813 lapides
2343 1758 2429 1795 eos
2452 1741 2541 1812 qui
2566 1740 2635 1795 ad
2660 1750 2709 1794 te
2752 1739 2898 1795 missi
2925 1748 3067 1794 sunt.
3090 1739 3193 1810 (Ex
3227 1737 3399 1810 Hier.)
3431 1737 3691 1793 Hierusa-

429 1820 774 1888 qnwrentium
802 1819 991 1888 faciem
1016 1821 1113 1876 Dei
1144 1821 1310 1877 Iacob
1336 1823 1511 1895 (Psal.
1540 1826 1714 1901 nul),
1738 1838 1794 1884 et
1817 1830 1873 1885 in
1902 1831 2007 1889 alio

430 1903 549 1960 loco
582 1906 650 1961 de
676 1907 925 1963 omnibus
958 1911 1159 1965 sanctis
1192 1928 1205 1964 ε
1239 1908 1514 1967 Generatio
1561 1924 1818 1971 rectorum
1856 1921 2010 1974 bene-

431 1992 633 2047 dicetur
661 1993 833 2066 (Psal.
859 2012 943 2052 cx:
973 1996 1012 2070 ).
1028 1998 1105 2053 De
1131 1999 1287 2055 malis
1308 2016 1437 2056 vero
1461 2020 1476 2056 :
1500 1999 1778 2060 Generatio
1800 2007 2007 2077 vipera-

432 2098 571 2147 rum,
610 2090 665 2137 et
691 2103 703 2137 :
733 2084 1080 2156 Requirentur
1128 2090 1302 2145 omnia
1342 2108 1374 2146 a
1406 2096 1739 2164 generatione
1774 2099 1896 2153 ista.
1942 2100 2010 2154 Et

429 2172 560 2227 illud
589 2192 601 2227 :
642 2172 921 2231 Generatio
948 2195 1110 2249 prava
1150 2191 1303 2253 atque
1324 2199 1597 2254 perversa,
1633 2188 1862 2244 haccine
1885 2192 2006 2244 red-

434 2262 517 2316 dis
545 2261 794 2354 Domino,
817 2266 1006 2337 popule
1026 2268 1181 2324 stulte
1206 2280 1253 2325 et
1275 2273 1522 2344 insipiens
1544 2273 1721 2349 (Deut.
1739 2280 2061 2354 xxxu,5,6)?

430 2361 514 2408 et:
531 2352 675 2409 Gens
695 2355 812 2411 sine
836 2358 1061 2413 consilio
1076 2367 1129 2415 et
1151 2360 1267 2415 sine
1285 2364 1607 2433 prudentia?
1624 2364 1767 2437 Ergo
1788 2366 1901 2435 isti,
1917 2369 2009 2439 qui

428 2445 625 2501 similia
653 2446 787 2503 Cain
812 2458 866 2504 et
884 2448 1011 2507 loas
1033 2461 1221 2507 contra
1245 2452 1530 2525 Apostolos
1558 2469 1840 2529 gesserunt
1868 2501 1885 2527 ,
1941 2461 2009 2518 de

426 2549 537 2590 una
571 2538 915 2607 generatione
955 2556 1077 2596 esse
1112 2541 1459 2600 referuntur:
1487 2554 1543 2601 et
1563 2562 1750 2604 omnes
1793 2551 2003 2615 sancti,

428 2623 522 2692 qui
552 2624 755 2681 similes
780 2626 834 2681 in
864 2628 1156 2685 virtutibus
1181 2640 1326 2699 sunt,
1351 2648 1458 2688 una
1480 2637 1760 2705 generatio
1789 2653 1909 2695 esse
1926 2639 2008 2694 vi-

430 2715 607 2770 detur.
969 2717 1001 2734 '

426 2986 735 3054 specialiter
784 2990 961 3059 posuit
988 2990 1121 3047 Abel
1152 3001 1206 3049 et
1250 2994 1598 3064 Zachariam,
1650 3001 1776 3072 quia
1815 3011 2008 3060 neuter

427 3078 557 3127 tunc
582 3089 818 3143 priesens
842 3076 962 3142 fuit,
993 3090 1049 3134 et
1067 3090 1250 3150 postea
1276 3085 1426 3142 multi
1462 3088 1530 3143 ab
1576 3089 1657 3145 eis
1704 3093 1878 3147 sancti
1908 3109 2004 3150 oc-

424 3160 526 3215 cisi
562 3170 706 3229 sunt,
737 3164 995 3222 nimirum
1028 3183 1128 3240 pro
1150 3173 1456 3246 aequalitate
1483 3177 1847 3248 piaculi.Cain
1862 3183 2008 3237 enim

425 3254 626 3309 occidit
652 3254 785 3311 Abel
816 3257 1043 3316 fratrem
1075 3276 1233 3318 suum
1257 3305 1273 3329 ,
1323 3268 1467 3322 nulla
1513 3284 1674 3325 causa
1699 3270 1849 3341 justa
1892 3274 2010 3328 exi-

425 3351 624 3399 stente.
654 3344 782 3402 Joas
806 3364 1022 3419 quoque
1065 3367 1170 3407 νει·
1196 3354 1364 3410 lilium
1395 3360 1692 3417 sacerdotis
1721 3364 2009 3422 nutrientis

425 3447 487 3522 se
513 3442 568 3489 et
589 3436 866 3505 eripientis
891 3438 956 3495 de
984 3450 1175 3507 morte,
1201 3452 1257 3498 et
1286 3445 1341 3499 in
1367 3448 1567 3518 templo
1615 3458 1822 3522 septem
1852 3456 2010 3511 annis

424 3521 807 3581 abscondentis
852 3542 929 3593 se,
959 3544 1083 3585 cum
1127 3530 1360 3599 Athalia,
1390 3538 1509 3591 avia
1560 3521 1694 3609 ejus,
1723 3556 1883 3598 omne
1929 3559 2012 3600 se-

427 3631 556 3686 men.
575 3618 804 3687 regium,
835 3618 1103 3677 desiderio
1127 3625 1300 3695 regni,
1332 3627 1714 3699 interfecisset,
1741 3632 2006 3692 maxime-

428 3718 534 3778 que
565 3706 952 3764 eollactaneum
980 3726 1137 3768 suum
1163 3730 1179 3780 ;
1227 3702 1419 3772 horum
1438 3758 1452 3783 ,
1502 3718 1744 3791 inquam,
1767 3725 2007 3780 omnium

427 3796 647 3864 oblitus,
680 3798 969 3856 interfecit.
1026 3800 1160 3858 Item
1198 3808 1498 3876 quaeritur:
1528 3809 1587 3867 Si
1647 3814 1870 3886 sanguis
1905 3817 2007 3873 ho-

426 3902 571 3952 rum,
604 3888 693 3957 qui
724 3899 845 3958 post
870 3891 1013 3948 hunc
1049 3894 1212 3950 occisi
1245 3906 1388 3964 sunt,
1411 3900 1558 3957 venit
1583 3917 1746 3973 super
1773 3919 1887 3972 eos,
1926 3906 2010 3961 ni-

429 3979 630 4036 mirum
673 3978 968 4037 Zacharias
996 3993 1212 4042 sanctos
1256 3987 1311 4045 in
1344 3988 1450 4045 line
1494 3992 1681 4048 mundi
1726 4010 2006 4067 passuros,

430 4068 719 4138 slgnilicat,
741 4086 972 4141 quorum
999 4077 1241 4133 omnium
1280 4083 1499 4153 sanguis
1523 4086 1705 4141 veniet
1728 4103 1892 4158 super
1915 4105 2009 4161 ge-

429 4158 765 4216 nerationem
792 4161 1019 4228 malam,
1048 4165 1201 4236 cujus
1234 4170 1442 4228 malitia
1470 4174 1619 4229 unita
1643 4184 1745 4243 est,
1773 4158 1943 4248 quare
1973 4195 2006 4235 a

430 4248 689 4319 sanguine
722 4250 877 4317 Abel,
909 4254 999 4323 qui
1033 4258 1239 4328 primus
1284 4264 1605 4335 martyrium
1654 4282 1848 4338 passus
1883 4279 2003 4337 est,

2109 1829 2239 1897 lem,
2261 1846 2368 1887 non
2399 1846 2528 1885 saxa
2556 1837 2613 1885 et
2655 1828 2880 1885 mdillcia
2934 1829 3187 1894 civitatis,
3218 1829 3310 1883 sed
3356 1828 3690 1884 habitatores

2108 1929 2286 1987 vocat,
2315 1937 2476 1992 quam
2503 1921 2673 1992 patris
2693 1920 2897 1991 plangit
2946 1919 3139 1977 affectu
3162 1960 3178 1986 ,
3227 1920 3367 1974 sicut
3394 1927 3449 1975 et
3494 1919 3549 1973 in
3583 1920 3689 1996 alio

2109 2008 2229 2067 loco
2246 2011 2496 2082 legimus,
2522 2010 2665 2081 quod
2685 2010 2872 2066 videns
2896 2024 3035 2074 eam,
3059 2008 3267 2064 ﬂeverit
3292 2008 3445 2079 (Luc.
3474 2008 3613 2081 ιιι).

2182 2101 2397 2168 Quoties
2429 2101 2570 2157 volui
2596 2101 3071 2173 congregarrﬁlios
3091 2101 3689 2172 tuos,quemadmodum

2109 2189 2307 2263 gallina
2327 2199 2603 2262 congregat
2629 2189 2800 2262 pullos
2832 2206 2954 2245 suos
2990 2190 3085 2245 sub
3128 2190 3242 2245 alas
3270 2207 3415 2256 suas,
3444 2200 3490 2246 et
3514 2190 3690 2246 nolui-

2110 2281 2200 2334 sti.
2239 2279 2297 2335 ln
2322 2294 2388 2336 eo
2426 2288 2607 2336 autem
2647 2280 2791 2349 quod
2837 2280 2968 2335 dicit
3003 2295 3017 2335 :
3050 2279 3265 2347 Quoties
3299 2280 3438 2336 volui
3476 2298 3690 2352 congre-

2110 2385 2235 2441 gare
2265 2368 2404 2439 ﬁlios
2427 2378 2566 2437 tuos,
2588 2385 2776 2425 omnes
2801 2379 2948 2426 retro
2973 2371 3264 2443 prophetas
3304 2386 3335 2425 a
3381 2386 3442 2426 se
3491 2371 3690 2426 missos

2112 2474 2231 2515 esse
2254 2468 2502 2515 testatur.
2534 2461 2666 2519 Avis
2686 2477 2902 2532 quoque
2927 2460 3332 2517 similitudinem
3356 2476 3689 2534 congregan-

2112 2551 2181 2606 tis
2206 2551 2304 2607 sub
2335 2551 2528 2623 pennis
2560 2552 2742 2608 nidum
2771 2567 2958 2617 suum.
3012 2552 3066 2608 in
3110 2552 3334 2609 Cantico
3359 2554 3688 2610 Deuterono—

2109 2642 2205 2697 mii
2230 2641 2490 2715 legimus:
2522 2642 2674 2699 Sicut
2701 2642 2878 2714 aquila
2927 2644 3148 2716 protegit
3193 2644 3375 2698 nidum
3402 2661 3557 2700 suum
3580 2686 3596 2711 ,
3637 2658 3684 2700 et

2110 2749 2267 2804 super
2288 2733 2462 2805 pullos
2493 2750 2616 2789 suos
2645 2734 2956 2789 desideravi:
2981 2774 2997 2801 ,
3050 2739 3348 2805 expandcns
3377 2734 3491 2790 alas
3519 2752 3643 2790 suas
3669 2774 3686 2799 ,

1985 2854 2009 2865 -
2109 2824 2330 2894 suscepit
2359 2840 2444 2878 eos
2465 2833 2514 2878 et
2542 2822 2661 2877 tulit
2695 2840 2851 2895 super
2887 2840 3084 2895 pennas
3112 2840 3237 2877 suas
3256 2822 3437 2887 (Deut.
3485 2823 3683 2895 χχχιι).

2110 2912 2178 2970 Ει
2210 2912 2456 2983 pulchre,
2486 2912 2578 2982 qui
2600 2910 2866 2967 llerodem
2908 2911 2974 2967 de
3018 2926 3116 2967 sua
3146 2925 3279 2967 nece
3321 2918 3643 2966 tractantem
3666 2952 3682 2974 ,

2110 3005 2325 3076 vulpem
2346 3002 2762 3077 vocarat‘(Luc.
2796 3003 2941 3076 sui),
2985 3004 3217 3074 seipsum
3245 3003 3329 3058 avi
3385 3012 3683 3076 comparat.

2107 3093 2469 3152 Fraudulenta
2488 3094 2633 3149 enim
2655 3093 2857 3169 vulpes
2885 3106 3097 3163 semper
3119 3092 3344 3148 insidias
3363 3094 3551 3149 avibus
3575 3103 3689 3150 ten-

2107 3185 2237 3242 dere
2260 3201 2369 3240 non
2392 3192 2590 3240 cessat.
2650 3184 2801 3250 Quod
2826 3184 2992 3240 dicit:
3027 3182 3132 3249 Qui
3154 3184 3225 3237 ad
3246 3194 3295 3240 te
3341 3185 3489 3240 missi
3538 3197 3685 3252 sunt,

2106 3272 2212 3332 hoc
2234 3284 2336 3342 est,
2349 3275 2442 3346 qui
2468 3276 2534 3329 ad
2548 3274 2846 3345 profectum
2870 3283 3019 3329 tuum
3041 3275 3189 3333 missi
3212 3274 3446 3332 fuerant.
3468 3275 3683 3342 Quoties

2106 3364 2268 3429 volui,
2303 3380 2367 3420 ac
2389 3365 2433 3419 si
2456 3361 2687 3430 diceret,
2703 3363 2941 3420 lndebita
2970 3364 3148 3420 reddis
3178 3365 3332 3431 mihi,
3355 3381 3684 3438 congregare

2107 3457 2175 3513 de
2202 3456 2437 3529 [Egypto
2470 3466 2525 3513 et
2564 3456 2838 3529 Babylone
2891 3458 3065 3527 pullos
3109 3460 3210 3514 sub
3236 3459 3367 3517 alas.
3414 3460 3542 3515 Duas
3583 3459 3683 3516 alm

2108 3544 2342 3613 Domini,
2371 3545 2542 3601 Moses
2574 3554 2629 3601 et
2657 3546 2859 3612 Aaron,
2888 3547 2980 3617 qui
3011 3547 3309 3603 eduxerunt
3337 3548 3587 3620 populum
3616 3550 3687 3609 de

2108 3635 2363 3708 Egypto,
2391 3636 2504 3691 sive
2523 3636 2822 3692 Zorobabel
2843 3645 2897 3692 et
2923 3637 3123 3695 Esdras
3138 3650 3191 3693 et
3206 3637 3511 3703 Nehcmias,
3526 3648 3581 3695 et
3602 3638 3686 3696 Je-

2109 3743 2201 3783 sus
2230 3726 2371 3781 ﬁlius
2411 3724 2637 3783 Josedec
2685 3726 2889 3792 duces,
2939 3728 3030 3797 qui
3081 3729 3382 3784 eduxerunt
3430 3729 3687 3800 populum

2106 3820 2271 3875 lsrael
2298 3821 2364 3875 de
2395 3818 2687 3891 Babylone.
2722 3817 2995 3887 Qureritur
3034 3821 3301 3893 quomodo
3326 3822 3457 3878 dicit
3487 3840 3501 3876 :
3537 3822 3685 3890 Quo-

2106 3911 2201 3964 ties
2230 3908 2384 3973 volui,
2418 3925 2541 3965 cum
2571 3908 2837 3979 Propheta
2869 3910 3103 3966 dixerit:
3138 3910 3331 3969 Omnia
3378 3929 3495 3983 qum
3522 3912 3685 3972 voluit

2109 3998 2361 4054 Dominus
2391 3999 2531 4069 fecit,
2556 3998 2610 4055 id
2647 4006 2750 4065 est,
2783 4001 2928 4059 volui
2969 4017 3037 4057 ex
3071 4018 3190 4069 me,
3213 4003 3307 4059 sed
3335 4003 3581 4060 noluistis
3616 4020 3684 4060 ex

2105 4101 2286 4146 vestra
2304 4099 2477 4161 parte.

2177 4178 2314 4237 Ecce
2343 4181 2662 4254 relinquetur
2683 4182 2869 4236 domus
2884 4189 3054 4236 vestra
3074 4180 3300 4236 deserta.
3320 4181 3419 4254 (Et
3433 4181 3684 4255 Hieron.)

2106 4271 2220 4331 Hoc
2248 4273 2426 4346 ipsum
2450 4288 2515 4328 ex
2546 4288 2776 4348 persona
2810 4274 3094 4331 Hieremias
3120 4275 3234 4345 jam
3267 4283 3392 4331 ante
3437 4275 3682 4334 dixerat:

428 4338 629 4450 illum
656 4354 764 4395 non
790 4350 908 4450 est.‘
926 4343 1035 4401 Sed
1059 4361 1224 4418 quare
1251 4364 1423 4421 usque
1454 4353 1522 4450 ad
1549 4348 1889 4450 sanguinem.
1906 4359 2004 4416 Za-
2030 4390 2084 4450 Β
2110 4338 2312 4436 Reliqui
2346 4338 2564 4419 domum
2598 4382 2787 4429 meam,
2837 4366 3016 4421 dimisi
3063 4338 3417 4422 hereditatem
3476 4385 3645 4423 meam
3666 4409 3685 4436 ,

429 4426 630 4488 charize
657 4434 1000 4502 quaerendum
1028 4442 1132 4502 est,
1164 4453 1287 4492 cum
1323 4448 1378 4495 et
1411 4442 1565 4497 multi
1611 4426 1734 4514 post
1761 4462 1883 4503 eum
1910 4466 2003 4505 us-

429 4529 538 4588 que
571 4517 640 4574 ad
673 4521 1009 4578 nativitatem
1054 4524 1276 4593 Christi,
1299 4536 1355 4584 et
1388 4531 1506 4601 ipso
1536 4549 1658 4588 mox
1683 4546 1811 4592 nato
1850 4538 2005 4597 inno—

430 4619 619 4672 centes
665 4613 717 4668 in
744 4610 1018 4672 Bethleem
1055 4621 1209 4690 pueri
1255 4621 1363 4677 sint
1406 4624 1476 4680 ab
1504 4625 1609 4684 hac
1659 4634 2011 4700 generatione

431 4704 696 4777 perempti
727 4702 941 4776 (Matth.
968 4706 1205 4779 tr)?Nisi
1232 4710 1371 4769 forte
1394 4755 1410 4781 ,
1456 4717 1583 4786 quia
1638 4718 1774 4776 Abel
1823 4734 2012 4794 pastor

432 4795 636 4886 ovium,
660 4795 949 4855 Zacharias
977 4803 1228 4859 sacerdos
1256 4803 1375 4872 fuit,
1405 4816 1460 4862 et
1487 4809 1577 4866 hic
1608 4810 1663 4867 in
1685 4829 1898 4886 campo,
1919 4817 2008 4877 ille

434 4882 491 4943 in
526 4885 666 4942 atrio
706 4888 888 4957 templi
926 4897 1148 4946 necatus
1176 4901 1278 4947 est.
1308 4893 1601 4969 Utriusque
1640 4882 1836 4973 gradus
1865 4921 2008 4963 mar-

440 4981 600 5044 tyres,
640 4984 695 5029 et
718 4975 836 5032 laici
868 4979 1071 5035 scilicet
1094 4989 1145 5036 et
1173 4983 1359 5039 altaris
1380 4985 1555 5043 ollicio
1579 4990 2007 5063 maneipati,sub

435 5077 624 5121 eorum
650 5065 818 5124 voluit
835 5068 1086 5125 intimare
1117 5075 1396 5130 vocabula.

510 5172 675 5240 Quem
702 5179 962 5235 occidistis
990 5182 1125 5240 inter
1155 5185 1401 5255 templum
1430 5198 1478 5242 et
1526 5188 1712 5246 altare.
1743 5193 1842 5265 (Ex
1878 5194 2008 5265 Hie-

437 5266 581 5339 ron.)
604 5266 750 5323 lnter
773 5270 1031 5340 parietem
1056 5275 1237 5344 templi
1252 5284 1307 5332 et
1327 5277 1498 5334 altare
1526 5280 1732 5337 incensi
1757 5264 2011 5352 interius,

437 5356 571 5424 sive,
602 5369 664 5412 ut
681 5358 771 5412 alii
808 5361 1007 5425 dicunt,
1040 5362 1183 5418 inter
1206 5366 1390 5422 ruinas
1417 5369 1598 5441 templi
1629 5379 1683 5425 et
1703 5372 1876 5427 altare
1917 5375 2015 5429 ho«'

437 5446 663 5501 stiarum
690 5449 955 5509 exterius.
980 5449 1252 5518 Quaeritur
1292 5456 1387 5525 qui
1432 5458 1505 5512 sit
1532 5458 1635 5515 iste
1676 5460 1968 5520 Zacharias
1995 5505 2011 5531 ,

439 5535 581 5599 ﬁlius
609 5537 898 5604 Barachiae,
927 5541 1017 5613 qui
1044 5543 1255 5599 occisus
1283 5553 1366 5601 est
1409 5547 1553 5603 inter
1579 5551 1837 5623 templum
1863 5562 1920 5608 et
1936 5555 2015 5609 al-

441 5633 578 5691 tare.
616 5630 739 5704 quia
765 5629 963 5689 multos
992 5626 1216 5707 legimus
1237 5635 1549 5694 Zacharias.
1595 5639 1718 5705 Sed,
1743 5658 1811 5699 ne
1844 5643 2012 5702 libera

2114 4453 2256 4522 facta
2288 4465 2362 4507 est
2406 4455 2535 4508 mihi
2575 4456 2852 4510 hereditas
2879 4473 2996 4512 mea
3023 4457 3176 4529 quasi
3215 4458 3459 4530 spelunca
3486 4459 3697 4531 hycante,

2115 4539 2289 4613 (Hier.
2317 4540 2438 4613 sn).
2477 4542 2754 4598 Desertam
2776 4543 3084 4600 ludzeorum
3117 4547 3332 4603 domum
3361 4548 3501 4603 idem
3550 4556 3687 4604 tem-

2114 4630 2263 4700 plum
2289 4629 2440 4697 illud,
2463 4632 2607 4701 quod
2626 4640 2749 4689 ante
2772 4631 3007 4711 fulgebat
3028 4636 3307 4707 augustius
3338 4637 3507 4694 oculis
3531 4654 3685 4694 com-

2114 4721 2426 4790 probamus,
2448 4720 2540 4792 qui
2593 4721 2946 4778 habitatorem
2999 4724 3276 4783 Christum
3318 4729 3591 4798 perdidit,
3630 4738 3688 4785 et

2117 4811 2486 4867 haereditatem
2514 4814 2804 4885 praeripere
2827 4816 3065 4886 gestiens
3088 4858 3105 4884 ,
3148 4819 3348 4875 occidit
3392 4820 3684 4880 hzeredem.

2109 4897 2307 4956 Aliter:
2339 4901 2478 4958 Ecce
2502 4900 2837 4973 relinquetur
2855 4906 3006 4963 vobis
3029 4908 3219 4964 domus
3246 4917 3425 4965 vestra
3446 4910 3691 4977 deserta,

2109 4989 2213 5044 hoc
2237 4997 2341 5056 est,
2378 5008 2522 5048 nunc
2549 5001 2726 5049 vestra
2752 5003 2855 5060 est,
2888 5012 2994 5051 non
3048 5013 3187 5065 mea,
3213 5014 3334 5071 quae
3364 4999 3563 5055 dudum
3590 5000 3689 5055 do-

2110 5096 2232 5135 mus
2260 5097 2377 5137 mea
2397 5085 2705 5140 vocabatur.
2738 5082 2956 5142 Deserta
2996 5088 3051 5142 in
3078 5089 3315 5143 vindicta
3344 5090 3541 5157 crucis,
3572 5090 3689 5147 sive
3770 5156 3773 5159 _

2113 5171 2366 5243 templum
2394 5172 2702 5232 intimorum
2745 5193 2777 5231 a
2820 5177 3047 5235 Domino
3079 5180 3387 5236 habitatore
3420 5182 3688 5253 relinque-

2118 5269 2224 5327 tur,
2253 5262 2453 5332 ibitque
2473 5265 2538 5317 ad
2566 5266 2806 5335 gentium
2834 5266 3147 5323 Ecclesiam.

2188 5373 2298 5463 (Ex
2312 5373 2504 5446 Beda.)
2533 5375 2703 5446 ipsam
2734 5376 3007 5435 civitatem
3035 5419 3051 5444 ,
3101 5393 3263 5448 quam
3290 5380 3478 5436 nidum
3529 5394 3690 5436 suum

2117 5471 2431 5529 vocaverat,
2476 5480 2621 5520 nunc
2647 5465 2863 5520 domum
2895 5463 3201 5525 Judzeorum
3253 5469 3517 5539 appellat,
3567 5483 3692 5540 qua:

2119 5569 2228 5611 non
2254 5554 2525 5611 immerito
2550 5552 2762 5609 Domini
2791 5555 2990 5610 auxilio
3017 5557 3235 5623 nudata,
3263 5573 3374 5614 sua:
3403 5559 3590 5614 ditioni
3612 5572 3691 5615 re-

2120 5646 2401 5720 linquitur,
2431 5647 2554 5719 quia
2589 5661 2695 5702 non
2736 5646 2908 5703 solum
2937 5648 3053 5705 avis
3096 5649 3237 5706 illius
3271 5651 3689 5725 omnipotentis.
