3946 6436
219 325 277 382 ιι
1053 309 1566 373 COLLECTIONES
1598 309 1668 368 IN
1706 307 2089 368 EPISTOLAS
2119 306 2208 366 ET
2246 304 2658 365 EVANGELIA.
3415 303 3486 359 ιε

221 454 376 514 quam
400 434 686 494 Matthreus
711 433 964 506 gallinam
1005 437 1302 504 nuncupat,
1328 429 1429 486 alis
1450 428 1659 500 protegi
1709 428 1802 482 de-
1829 432 1882 491 Α
1903 425 1960 479 in
1991 421 2280 514 ctelestilnts
2318 422 2374 476 in
2423 419 2660 514 Christo.
2687 416 2790 514 (Es
2813 416 3060 489 Hieron.)
3086 416 3378 514 Quomodo
3400 433 3484 473 so-

221 534 411 607 spexit,
425 532 520 587 sed
541 529 789 584 eamdem
816 541 991 592 avem,
1009 541 1069 580 se
1085 532 1366 596 protegere
1379 521 1669 583 volentem,
1685 518 1796 572 vul-

222 624 373 697 pibus
393 617 780 681 devorandum,
798 615 940 672 idem
966 614 1160 669 ilerodi
1185 620 1242 668 et
1281 611 1452 666 Pilato
1481 608 1801 678 cruciﬁgen-

226 715 344 769 dum
375 708 600 765 tradidit
620 705 914 761 Christum.
955 702 1066 757 Nec
1114 716 1263 756 mora
1298 700 1539 769 vulpium
1587 712 1802 752 earum-

226 803 361 864 dem,
392 799 496 853 hoc
513 804 619 858 est,
647 809 833 866 regum
860 801 1038 856 terrae,
1065 802 1119 846 et
1140 791 1270 860 ipsa:
1297 790 1499 860 rapina:
1534 789 1799 851 donatur;

225 889 398 946 occiso
437 886 582 942 enim
632 884 860 940 Domino
883 890 1148 936 venerunt
1175 879 1426 942 Romani,
1457 886 1514 933 et
1534 878 1689 948 quasi
1722 880 1806 932 ni-

229 983 348 1036 dum
372 993 602 1034 vacuum
632 975 964 1047 diripientes.
978 972 1218 1028 tulerunt
1238 986 1430 1026 eorum
1452 969 1650 1034 locum,
1676 983 1808 1039 gen-

231 1080 333 1124 tem
362 1077 418 1124 et
449 1080 699 1137 regnum.

296 1159 401 1230 (Es
426 1154 672 1225 Hieron.)
696 1152 986 1210 Sciendum
1007 1151 1133 1222 quia
1157 1151 1356 1223 hyena,
1387 1149 1530 1204 unde
1559 1146 1810 1218 superius

235 1251 284 1305 in
319 1247 626 1304 testimonio
668 1244 953 1300 Hieremiae
978 1243 1181 1298 mentio
1225 1240 1369 1296 facta
1395 1247 1499 1303 est,
1526 1237 1700 1294 bestia
1725 1245 1812 1292 est

234 1355 348 1412 quze
381 1346 544 1394 noctu
593 1334 946 1392 cadaveribus
976 1339 1315 1388 mortuorum
1353 1329 1506 1393 vivit,
1535 1335 1593 1383 et
1617 1328 1686 1385 de
1720 1341 1809 1382 se-
1837 1343 1844 1348 '

233 1429 428 1500 pulcris
454 1426 595 1482 solet
621 1423 855 1480 effodere
880 1436 1134 1492 corpora,
1172 1419 1416 1490 nihilque
1443 1425 1529 1474 est
1579 1417 1814 1472 immun-

235 1519 394 1581 ditize,
425 1531 534 1587 quo
555 1529 662 1570 non
702 1519 982 1577 vescatur;
1029 1509 1152 1566 talis
1172 1517 1257 1565 est
1283 1507 1487 1573 Israel,
1534 1505 1814 1563 odendens

236 1606 516 1661 Dominum
566 1618 746 1668 suum,
792 1609 848 1656 et
890 1599 1130 1656 omnium
1189 1599 1488 1654 bestiarum
1545 1597 1815 1652 morsibus

239 1696 478 1760 traditus,
506 1707 699 1763 nempe
723 1689 852 1761 quia
877 1705 908 1745 a
935 1689 1166 1745 Domino
1190 1696 1276 1743 est
1305 1686 1614 1742 derelictus.

1898 513 2133 568 cundum
2171 511 2529 568 substantiam
2578 509 2723 564 Deus
2758 511 2953 574 bonus,
2981 523 3080 564 nos
3109 509 3490 564 communione

1899 603 2004 667 sui,
2043 601 2206 657 cilicii
2242 603 2436 666 bonos,
2461 603 2534 655 ita
2559 615 2675 670 ipse
2721 600 3075 667 benedictus,
3136 615 3236 655 nos
3269 603 3493 671 pra:th

1900 710 2024 750 esse
2043 694 2374 750 benedictus.
2408 692 2692 747 Benedixit
2741 699 2920 747 autem
2956 707 3084 757 nos,
3140 709 3248 748 non
3292 694 3348 749 in
3381 706 3491 748 una

1902 787 2279 843 benedictione
2301 794 2533 850 tantum,
2551 785 2646 840 sed
2665 795 2720 840 et
2741 784 2794 840 in
2822 785 3062 851 cunctis;
3097 786 3363 855 non'quod
3377 801 3495 840 om-

1903 893 2001 932 nes
2025 877 2206 932 omnia
2237 890 2657 946 consequamur,
2681 874 2772 930 sed
2801 873 2928 930 dum
2950 875 3167 946 singuli,
3199 876 3283 930 vel
3308 877 3495 945 singu-

1905 970 2007 1034 las,
2042 970 2127 1026 vel
2156 969 2341 1039 plures
2371 969 2654 1033 habemus,
2675 983 2744 1023 ex
2764 969 3018 1024 omnibus
3043 983 3233 1024 omnes
3252 968 3498 1039 singulas

1905 1062 2299 1131 possideamus,
2331 1067 2516 1116 etnon
2552 1061 2606 1114 in
2634 1059 2868 1115 terrenis
2891 1059 3376 1125 benedictionibus,
3401 1059 3496 1114 sed

1907 1153 2258 1224 spiritalibus.
2292 1151 2584 1218 Quaeritur,
2615 1151 2886 1220 quomodo
2931 1150 3110 1205 adhuc
3144 1149 3198 1204 in
3227 1157 3372 1204 terra
3399 1165 3498 1204 nos

1908 1245 2115 1317 positos
2140 1242 2347 1298 cmlesti
2389 1242 2765 1298 benedictione
2787 1241 3146 1297 benedixerit.
3180 1239 3308 1295 Sive
3335 1240 3501 1312 igitur

1909 1335 2056 1406 quod
2085 1333 2425 1390 conversatio
2452 1340 2638 1388 nostra
2672 1332 2728 1387 in
2765 1331 2919 1387 caelis
2943 1340 3045 1396 est,
3069 1339 3127 1386 et
3153 1347 3260 1386 non
3308 1347 3498 1387 sumus

1910 1427 1977 1484 de
2009 1426 2208 1481 mundo
2237 1425 2373 1488 isto,
2434 1423 2530 1479 sed
2569 1423 2811 1493 deposita
2864 1422 3100 1494 imagine
3136 1419 3234 1478 τοῦ
3277 1428 3498 1494 χοϊκοῦ,

1911 1526 2193 1588 portamus
2223 1516 2514 1587 imaginem
2544 1514 2968 1586 supercoelestis,
3004 1521 3060 1569 et
3103 1513 3157 1567 in
3187 1527 3353 1568 carne
3391 1527 3499 1567 non

1916 1607 2167 1671 vivimus,
2203 1605 2300 1660 sed
2329 1606 2384 1658 in
2414 1604 2638 1675 spiritu;
2668 1604 2788 1680 sive,
2807 1604 2951 1674 quod
2978 1603 3157 1658 omnis
3197 1601 3504 1658 benedictio

1915 1697 2174 1768 spiritalis
2196 1697 2250 1751 in
2287 1695 2524 1761 Christo,
2554 1695 2680 1750 licet
2714 1695 2772 1749 in
2810 1701 2954 1750 terra
2978 1694 3067 1758 sit,
3098 1702 3277 1749 tamen
3304 1694 3373 1750 de
3393 1707 3507 1749 cm-

303 1786 430 1840 Dico
454 1784 596 1839 enim
645 1782 784 1837 vobis
812 1797 832 1835 ἔ
869 1779 994 1835 Non
1024 1795 1107 1834 me
1146 1777 1383 1834 υίάεὒὶιίε
1417 1775 1608 1832 ωηοάο
1649 1775 1812 1830 donec
1841 1791 1887 1850 B
1914 1787 2140 1844 lestibus
2162 1794 2542 1858 computetur:
2577 1784 2856 1840 Benedixit
2901 1801 3014 1848 nos,
3046 1783 3241 1854 inquit,
3272 1783 3328 1837 in
3361 1782 3506 1836 omni

237 1876 462 1930 dicatis:
493 1873 804 1928 Benedictus
831 1871 920 1944 qui
962 1871 1100 1925 venit
1131 1869 1187 1924 in
1221 1868 1430 1923 nomine
1456 1865 1689 1921 Domini.
1711 1865 1815 1934 (Ex

239 1963 396 2035 Aug.)
448 1963 577 2018 Haec
627 1962 842 2032 quidem
888 1960 1060 2016 turba:
1105 1959 1361 2014 dixerunt
1396 1956 1627 2012 Domino
1654 1997 1670 2022 ,
1720 1971 1816 2024 vc-

241 2062 402 2118 nienti
431 2062 502 2116 ad
531 2057 886 2122 Hierusalem,
914 2056 1009 2112 sed
1033 2055 1158 2125 quia
1187 2052 1366 2108 Lucas
1406 2067 1515 2108 non
1538 2051 1692 2117 dicit,
1704 2067 1818 2122 quo

241 2152 359 2208 hinc
383 2149 702 2206 abscesserit
732 2147 992 2202 Dominus
1009 2187 1032 2212 ,
1085 2153 1146 2199 ut
1172 2159 1280 2200 non
1307 2143 1518 2199 veniret
1545 2182 1562 2208 ,
1611 2142 1717 2197 nisi
1753 2156 1821 2197 eo

242 2251 482 2311 tempore
503 2254 611 2302 quo
642 2240 756 2311 jam
797 2237 926 2294 illud
961 2237 1253 2302 diceretur,
1281 2241 1596 2306 perseverat
1621 2233 1820 2304 quippe

242 2335 296 2391 in
321 2335 520 2390 itinere
552 2349 670 2400 suo,
697 2335 866 2390 donec
908 2331 1090 2388 veniat
1130 2327 1490 2394 Hierusalem,
1517 2326 1664 2396 cogit
1695 2340 1822 2396 pro~

241 2422 380 2478 fecto
413 2423 520 2478 hoc
548 2422 773 2493 mystice
796 2420 1045 2491 intelligi,
1076 2419 1143 2474 de
1161 2418 1265 2473 illo
1297 2415 1416 2486 ejus
1436 2416 1692 2480 adventu,
1714 2430 1824 2484 quo

244 2515 296 2570 in
340 2515 593 2571 claritate
629 2520 893 2570 venturus
921 2519 1036 2577 est,
1083 2510 1322 2566 maxime
1360 2523 1485 2564 cum
1541 2506 1826 2562 Matthmus

245 2605 531 2660 Dominum
573 2603 997 2676 przedecantatas
1043 2602 1094 2658 ei
1132 2615 1164 2656 a
1193 2600 1353 2657 turba
1396 2597 1584 2655 laudes
1624 2597 1827 2654 dixisse

245 2705 499 2753 testatur.

315 2787 429 2859 (Ea:
452 2785 694 2860 Hieron.)
721 2785 867 2844 Idem
901 2785 1045 2856 quod
1069 2784 1200 2841 dicit
1222 2803 1235 2840 :
1259 2783 1438 2837 Donec
1468 2781 1698 2836 dicatis:
1724 2779 1829 2835 Be-

247 2877 484 2931 nedictus
512 2877 600 2948 qui
623 2876 752 2932 venit
777 2877 834 2930 in
859 2877 1067 2931 nomine
1093 2873 1330 2940 Domini,
1362 2873 1467 2928 hoc
1517 2871 1632 2927 vult
1672 2871 1829 2928 intel-

247 2965 359 3038 ligi,
407 2967 510 3022 nisi
537 2967 910 3037 paenitentiam
946 2966 1186 3038 egeritis,
1217 2973 1275 3022 et
1301 2963 1536 3020 confessi
1577 2962 1831 3031 fueritis,

248 3061 426 3130 ipsum
453 3075 538 3116 me
563 3075 702 3126 esse,
732 3059 799 3115 de
833 3074 944 3131 quo
971 3059 1248 3131 prophetat
1267 3056 1614 3120 cecinerunt,
1656 3053 1828 3111 ﬁlium

1917 1878 2270 1932 benedictione
2296 1859 2546 1948 spiritali,
2571 1875 2626 1932 id
2657 1883 2768 1941 est,
2797 1874 2852 1929 in
2895 1889 3145 1930 sermone
3170 1873 3286 1940 Dei,
3311 1882 3367 1929 et
3411 1890 3505 1929 sa-

1917 1969 2142 2039 pientia,
2175 1975 2231 2023 et
2265 1969 2488 2034 virtute,
2520 1973 2839 2035 ueterisque
2866 1965 3178 2021 virtutibus.
3210 1965 3509 2036 Dupliciter

1918 2067 2097 2114 autem
2123 2059 2404 2131 legendum
2436 2073 2449 2110 :
2481 2057 2804 2112 Benedictus
2824 2055 2988 2122 Deus,
3009 2063 3067 2111 ct
3101 2055 3266 2110 Pater
3290 2056 3507 2111 Domini

1919 2149 2092 2206 nostri
2128 2148 2256 2205 Iesu
2293 2147 2518 2214 Christi,
2549 2157 2610 2202 ut
2639 2147 2711 2203 sit
2737 2147 3052 2202 benedictus
3079 2147 3241 2212 Deus,
3279 2147 3365 2216 qui
3389 2146 3510 2202 uni-

1921 2255 2202 2296 versorum
2230 2240 2479 2295 conditor
2496 2247 2599 2303 est,
2631 2247 2688 2294 et
2707 2239 2797 2294 hic
2825 2237 3125 2300 distinctio,
3149 2238 3404 2309 deinceps
3430 2238 3510 2292 in-

1922 2331 2144 2394 feratur,
2171 2331 2264 2401 qui
2301 2338 2407 2395 est,
2437 2337 2493 2385 et
2507 2329 2667 2384 Pater
2697 2328 2912 2384 Domini
2934 2327 3102 2382 nostri
3131 2325 3259 2383 Iesu
3281 2327 3508 2384 Christi.

1923 2425 2020 2480 Vel
2054 2425 2150 2490 ita,
2172 2432 2232 2478 ut
2268 2423 2412 2480 Deus
2451 2432 2506 2480 et
2532 2423 2714 2489 Pater,
2747 2423 2815 2478 ad
2839 2421 3124 2478 Dominum
3153 2431 3422 2489 nostrum,
3455 2422 3513 2478 in

1923 2531 2209 2573 commune
2234 2514 2502 2572 referatur
2527 2556 2542 2580 ,
2573 2515 2890 2571 benedictus
2915 2512 3058 2568 Deus
3082 2551 3099 2579 ,
3143 2511 3264 2582 ejus
3291 2513 3382 2583 qui
3422 2528 3513 2568 as-

1924 2614 2172 2676 sumptus
2197 2613 2284 2662 est
2325 2605 2582 2670 hominis,
2604 2612 2658 2660 et
2689 2605 2849 2661 Pater
2875 2603 3013 2674 ejus,
3042 2603 3135 2674 qui
3165 2603 3218 2658 in
3248 2604 3518 2676 principio

1926 2697 2069 2768 apud
2105 2696 2297 2761 Deum,
2322 2705 2442 2752 erat
2468 2696 2612 2750 Deus
2654 2693 2912 2750 Verbum.
2941 2693 3057 2749 Non
3095 2709 3202 2764 quo
3248 2694 3387 2750 alius
3421 2709 3515 2751 as-

1926 2793 2175 2856 sumptus
2203 2787 2386 2850 homo,
2416 2793 2474 2841 ct
2496 2785 2635 2840 alius
2677 2785 2750 2840 sit
2777 2799 2977 2850 sermo,
3009 2786 3101 2855 qui
3129 2787 3518 2856 assumpserit,

1927 2877 2023 2935 sed
2048 2893 2158 2947 quo
2182 2893 2344 2943 unus,
2383 2884 2546 2948 atque
2583 2875 2750 2941 idem,
2776 2891 2876 2946 pro
2905 2876 3168 2931 varietate
3193 2891 3482 2934 causarum
3502 2917 3520 2944 ,

1928 2983 2074 3024 nunc
2099 2968 2368 3033 sublimis,
2399 2981 2544 3023 nunc
2568 2967 2787 3022 humilis
2815 2967 3158 3037 praedicetur.

2003 3057 2153 3112 Sicut
2179 3055 2330 3126 elegit
2353 3073 2445 3112 nos
2476 3057 2531 3110 in
2555 3056 2690 3126 ipso,
2710 3064 2833 3110 ante
2863 3056 3046 3110 mttndi
3071 3057 3518 3112 constitutionem.

249 3150 636 3220 omnipotentis
656 3149 852 3216 Patris,
871 3165 1046 3206 meam
1070 3148 1265 3205 faciem
1292 3162 1399 3203 non
1422 3145 1697 3216 videbitis.
1711 3142 1827 3202 Ha-
1853 3143 1900 3206 C
1929 3149 2128 3207 Volens
2148 3150 2329 3219 itaque
2355 3147 2552 3204 Paulus
2573 3149 2860 3205 ostendere
2886 3149 3028 3219 quod
3051 3149 3192 3206 Deus
3225 3166 3326 3206 nos
3359 3152 3526 3223 elegit

247 3243 380 3298 bent
419 3240 612 3308 Judaei,
639 3243 822 3298 datum
861 3243 964 3298 sibi
989 3250 1201 3313 tempus
1236 3239 1568 3312 paenitentiae
1591 3279 1609 3306 ,
1661 3240 1831 3296 conﬁ-

249 3339 504 3389 teantur:
534 3332 855 3390 Benedictus
885 3333 980 3406 qui
996 3333 1145 3389 venit
1186 3331 1246 3402 in
1271 3331 1488 3388 nomine
1515 3329 1752 3397 Domini,
1775 3338 1832 3386 et

249 3422 453 3479 Christi
475 3437 574 3480 ora
599 3423 952 3495 conspicient.

880 3549 1192 3593 WNCOBDIA.

321 3641 556 3698 lstarum
593 3642 818 3698 duarum
845 3644 900 3700 in
927 3645 1032 3701 hoc
1058 3645 1132 3700 sit
1162 3643 1451 3701 concordia
1501 3643 1794 3700 lectionum
1815 3684 1831 3711 ,

253 3733 382 3803 quia
417 3742 644 3803 utraque
665 3734 729 3789 de
753 3734 1079 3803 lapidatione
1099 3733 1392 3805 justorum,
1417 3751 1581 3790 unam
1626 3735 1836 3791 faciunt

252 3825 604 3880 mentionem.
637 3824 762 3881 [hec
789 3834 872 3880 est
889 3825 1047 3882 lectio
1070 3825 1302 3882 Actuum
1336 3827 1741 3897 Apostolorum,
1768 3827 1836 3884 de

257 3917 403 3971 beati
428 3914 710 3985 Stephani,
734 3916 1050 3987 perspicue,
1099 3925 1154 3972 et
1175 3917 1390 3988 proprie
1426 3917 1539 3989 jam
1593 3926 1832 3990 patrata.

260 4005 536 4077 Evangelii
556 4020 684 4062 vero
703 4005 884 4074 lectio,
911 4007 978 4063 de
1013 4007 1298 4078 cujuslibet
1323 4009 1600 4078 prophetre
1641 4008 1840 4080 lapida-

260 4097 408 4152 tione
435 4096 678 4153 absolute
705 4097 855 4163 facit,
881 4112 988 4152 non
1009 4098 1249 4168 proprie,
1272 4099 1622 4155 mentionem.

314 4225 383 4280 ΙΝ
404 4224 653 4281 NATALI
681 4225 926 4284 SANCTI
947 4225 1230 4284 IOANNIS
1257 4226 1759 4285 EVANGELISTE

264 4352 458 4392 ιεοτιο
481 4352 750 4393 εριετοιι
776 4351 936 4393 ΒΕΛΤΙ
969 4353 1125 4393 PAULI
1165 4351 1424 4394 APOS'I'OLI
1467 4354 1536 4394 ΑΙ)
1562 4353 1841 4406 εριεειοε,

840 4423 1032 4463 CAPITE
1071 4423 1255 4464 PRIMO.

1930 3250 1992 3297 ιι
2011 3257 2254 3298 essemus
2278 3241 2450 3296 sancti
2471 3250 2527 3296 et
2551 3241 2879 3298 immaculati
2907 3258 3094 3298 coram
3121 3244 3261 3314 ipso,
3287 3245 3389 3300 hoc
3416 3255 3524 3314 est,

1931 3331 2173 3394 Domino,
2207 3339 2334 3388 ante
2362 3330 2624 3387 fabricam
2652 3332 2862 3399 mundi,
2898 3333 2954 3389 in
2983 3337 3268 3404 praesentia
3292 3336 3408 3402 Del,
3433 3339 3524 3395 cui

1931 3425 2111 3480 omnia
2142 3423 2321 3480 futura
2343 3423 2457 3494 jam
2483 3423 2628 3480 facta
2662 3433 2812 3491 sunt,
2838 3433 2894 3481 et
2925 3433 3220 3497 antequam
3245 3412 3379 3482 ﬁant
3405 3428 3528 3483 uni-

1931 3529 2112 3578 versa,
2143 3522 2270 3570 sunt
2298 3522 2450 3580 nota,
2481 3514 2587 3571 hoc
2613 3529 2746 3570 usus
2762 3523 2849 3571 est
2866 3529 3118 3572 sermone
3141 3517 3365 3574 dicens:
3390 3517 3530 3574 Ante

1933 3602 2352 3658 constitutionem
2386 3603 2591 3658 mundi.
2623 3603 2779 3672 Quod
2827 3611 3009 3661 autem
3039 3607 3158 3661 ait:
3197 3604 3266 3661 Ut
3294 3624 3527 3665 essentne

1932 3695 2102 3751 sancti
2129 3704 2177 3750 et
2199 3695 2546 3763 immaculati,
2560 3697 2703 3753 inter
2729 3705 2979 3754 sanctum
2999 3706 3060 3754 et
3085 3699 3523 3768 immaculatum,

1934 3786 2040 3842 hoc
2063 3785 2312 3853 interest,
2343 3787 2488 3857 quod
2539 3795 2843 3844 sanetuset
2869 3787 3248 3846 immaculatus
3299 3791 3528 3863 intelligi

1935 3882 2134 3945 potest.
2182 3875 2568 3934 lmmaculatus
2593 3893 2746 3945 vero,
2773 3893 2881 3936 non
2939 3879 3127 3936 statim
3173 3889 3230 3937 et
3285 3891 3527 3939 sanctus.

1935 3966 2155 4023 Parvuli
2179 3982 2313 4024 vero
2342 3967 2674 4025 immaculati
2725 3979 2886 4036 sunt,
2917 3971 3008 4042 qui
3049 3972 3264 4044 integro
3299 3989 3532 4044 corpore

1937 4073 2047 4114 non
2088 4057 2268 4115 fecere
2295 4066 2604 4130 peccatum,
2638 4070 2692 4116 et
2742 4069 2925 4118 tamen
2962 4077 3071 4118 non
3120 4063 3298 4121 sancti
3321 4104 3338 4132 ,
3401 4067 3529 4138 quia

1937 4150 2200 4206 sanctitas
2225 4151 2502 4208 voluntate
2523 4162 2580 4208 et
2603 4153 2782 4210 studio
2804 4163 3172 4226 comparatur.

2011 4239 2079 4294 In
2117 4241 2374 4296 citat-itote
2406 4241 2788 4312 prcedestinans
2819 4260 2914 4300 nos
2947 4245 3005 4299 in
3029 4245 3364 4316 adoptionem
3390 4247 3532 4316 lilio-

1941 4348 2076 4395 rum,
2103 4348 2198 4403 per
2238 4330 2423 4388 Iesum
2449 4332 2735 4400 Christum,
2758 4342 2862 4390 etc.
2891 4333 3192 4406 Dupliciter
3219 4337 3530 4409 legendum,

1942 4430 2004 4476 ut
2028 4421 2290 4488 Charitas,
2316 4423 2400 4478 vel
2439 4424 2829 4493 superioribus,
2865 4426 2949 4482 vel
2995 4425 3342 4485 inferioribus
3367 4446 3536 4502 copu-

345 4535 363 4566 ι
397 4516 719 4574 Benedictus
757 4519 902 4576 Deus
946 4528 1002 4576 et
1043 4519 1208 4576 Pater
1245 4519 1458 4575 Domini
1501 4522 1671 4577 nostri
1716 4521 1843 4579 Iesu
1866 4496 1922 4557 D
1947 4512 2105 4566 Ῑθίυτ-
2135 4511 2269 4568 Cum
2305 4515 2673 4584 Superioribus
2697 4517 2772 4572 ίιτι
2799 4558 2816 4585 ν
2869 4527 2929 4573 ιιι
2957 4534 3200 4577 essemus
3255 4496 3449 4580 Μηθύ-
3478 4535 3538 4583 et

275 4626 292 4658 ι
323 4607 544 4672 Christi,
573 4607 665 4678 qui
715 4609 988 4665 benedixit
1042 4624 1144 4665 nos
1196 4609 1250 4664 in
1279 4610 1427 4666 omni
1473 4611 1849 4673 benedictione

276 4716 294 4748 ι
328 4698 615 4767 spirituali,
631 4699 684 4754 in
711 4698 1018 4756 cretestibus
1035 4699 1090 4755 in
1107 4700 1323 4757 Christo
1350 4721 1365 4755 :
1392 4700 1546 4757 Sicut
1571 4702 1736 4773 elegit
1751 4717 1848 4760 nos

277 4805 295 4837 ι
329 4788 383 4842 in
416 4787 532 4858 ipso
557 4797 680 4844 ante
705 4789 888 4845 mundi
905 4791 1440 4857 constitutionem,ut
1458 4808 1700 4849 essemus
1721 4810 1848 4850 san-

279 4894 296 4926 t
329 4877 399 4933 cti
415 4885 470 4933 et
494 4877 825 4938 immaculati
841 4880 894 4934 in
906 4889 1196 4951 conspectu
1215 4879 1334 4952 ejus
1354 4883 1408 4937 in
1425 4883 1711 4938 charitate.
1740 4883 1843 4952 Qui

279 4987 297 5019 ι
331 4969 731 5038 przedestinavit
759 4985 860 5031 nos
886 4970 943 5026 in
986 4971 1332 5042 adoptionem
1360 4972 1590 5028 ﬁliorum
1633 4988 1732 5044 per
1757 4971 1849 5028 Ie-

281 5077 299 5110 ι
330 5074 448 5114 sum
484 5059 780 5124 Christum,
811 5061 868 5116 in
917 5062 1091 5132 ipsum
1112 5102 1130 5128 ,
1177 5064 1471 5120 secundum
1511 5064 1849 5135 propositum

282 5169 299 5202 ι
336 5151 625 5208 voluntatis
649 5168 779 5219 suae,
803 5153 859 5208 in
885 5153 1100 5210 laudem
1147 5154 1332 5226 glorise
1372 5156 1560 5227 gratiae
1587 5171 1732 5223 sua,
1792 5155 1848 5211 in

283 5260 300 5293 ι
334 5256 438 5312 qua
466 5241 785 5313 gratiﬁcavit
810 5257 912 5300 nos
942 5243 994 5298 in
1021 5242 1363 5300 dilectoFilio
1392 5260 1513 5312 suo,
1530 5247 1584 5301 in
1612 5261 1721 5316 quo
1747 5247 1848 5302 ha-

285 5351 301 5383 ι
336 5334 525 5388 bemus
566 5333 1008 5402 redemptionem,
1033 5349 1131 5405 per
1160 5335 1476 5406 sanguinem
1517 5336 1635 5405 ejus
1657 5339 1714 5393 in
1762 5353 1851 5394 re—

285 5441 303 5474 l
339 5423 647 5478 missionem
696 5433 1061 5494 peccatorum,
1096 5427 1390 5482 secundum
1420 5427 1637 5484 divitias
1662 5430 1852 5500 gratiae

285 5533 303 5566 ι
340 5512 472 5583 eius,
501 5530 622 5584 quae
639 5515 1095 5584 superabundavit
1115 5518 1170 5572 in
1201 5517 1374 5574 nobis.
1411 5537 1431 5571 ι

349 5604 661 5660 Benedictus
685 5605 822 5660 Dens
859 5615 908 5660 et
929 5604 1094 5664 Pater
1119 5607 1330 5664 Domini
1356 5611 1521 5664 nostri
1545 5609 1676 5667 Iesu
1703 5612 1854 5670 Chri-

283 5696 384 5761 sti,
427 5697 515 5766 qui
539 5695 798 5756 benedixit
828 5712 920 5751 nos
946 5698 1003 5751 in
1043 5699 1183 5753 omni
1208 5700 1562 5756 benedictione
1583 5704 1853 5774 spirituali

562 5791 836 5853 Ρηιιοι..
881 5792 1012 5854 Cll.

1949 4604 2281 4659 immaculati
2314 4620 2500 4660 coram
2531 4607 2648 4676 ipso
2677 4608 2729 4662 in
2759 4609 3047 4665 charitatc.
3077 4607 3213 4665 Cum
3263 4611 3536 4671 inferiori-

1947 4695 2050 4751 bus
2078 4697 2173 4760 ita,
2203 4697 2256 4751 in
2285 4698 2554 4753 charitate
2597 4699 2989 4769 pnedestinans
3011 4716 3132 4763 nos.
3155 4711 3260 4758 etc.
3286 4701 3398 4760 Nec
3425 4720 3536 4762 non

1944 4785 2110 4839 etiam
2136 4784 2240 4840 hoc
2263 4785 2624 4853 inferendum,
2662 4787 2806 4858 quod
2839 4803 2962 4844 cum
2988 4791 3334 4859 praedestinet
3355 4807 3456 4849 nos
3481 4794 3536 4850 in

1945 4878 2292 4949 adoptionem
2331 4877 2564 4935 ﬁliorum
2585 4920 2601 4946 ,
2654 4896 2752 4951 per
2773 4878 2957 4938 Iesum
2984 4881 3260 4939 Christum
3287 4924 3304 4951 ,
3353 4893 3536 4944 tamen

1953 4983 2062 5024 non
2090 4975 2216 5023 ante
2278 4967 2376 5022 ﬁlii
2422 4983 2545 5024 esse
2588 4984 2916 5038 possumus,
2967 4971 3071 5027 nisi
3123 4971 3216 5028 ﬁlii
3244 4973 3362 5045 ejus
3407 4971 3539 5032 Iesu

1954 5062 2157 5120 Christi
2201 5065 2362 5121 ﬁdem
2397 5075 2456 5122 et
2490 5067 2901 5140 intelligentiam
2950 5071 3277 5141 recipiamus
3305 5112 3320 5138 ,
3355 5080 3413 5128 et
3448 5072 3538 5129 illa

1954 5154 2172 5223 quidem
2222 5163 2414 5211 natura
2465 5157 2608 5214 ﬁlius
2633 5166 2718 5214 est
2742 5199 2757 5224 ,
2800 5173 2901 5215 nos
2927 5174 3058 5216 vero
3090 5161 3397 5232 adoptione.
3445 5163 3540 5218 Ille

1955 5261 2232 5317 umquam
2251 5247 2392 5305 ﬁlius
2419 5261 2525 5306 non
2553 5249 2672 5316 fuit,
2697 5267 2798 5308 nos
2818 5261 3107 5322 antequam
3133 5270 3377 5311 essemus
3396 5271 3539 5325 prte-

1955 5335 2212 5392 destinati
2239 5354 2448 5404 sumus,
2470 5348 2575 5395 etc.
2611 5339 2873 5412 Spiritum
2900 5345 3208 5414 adoptionis
3227 5346 3538 5414 accepimus

1952 5429 2171 5500 quando
2197 5431 2469 5487 credimus
2491 5432 2542 5487 in
2567 5432 2759 5490 Filium
2790 5434 2906 5490 Dei.

2029 5517 2328 5576 Secundum
2380 5520 2634 5593 placitum
2673 5522 2953 5579 voluntatis
2983 5529 3114 5588 ωε.
3162 5524 3260 5594 (Ex
3285 5521 3536 5595 Hieron.)

1958 5611 2198 5667 Verbum
2247 5611 2493 5678 εὐδοκίαν,
2555 5615 2697 5684 quod
2745 5613 2972 5669 Latinus
3034 5615 3416 5683 interpretatus
3455 5625 3541 5670 est

1961 5705 2240 5775 placitum,
2273 5705 2410 5775 apud
2440 5704 2660 5762 Gnecos
2700 5704 3058 5774 compositum
3089 5712 3170 5845 32st
3213 5717 3280 5758 ex
3329 5703 3539 5764 duobus
