3946 6422
437 299 507 355 43
1746 291 2025 352 εΜΔῐιΑϐ

2136 290 2426 390 ABBATIS
3626 289 3694 344 Η

439 409 682 482 integris,
709 409 808 464 ἆπὸ
828 413 916 464 τοῦ
943 402 1000 462 εὖ
1024 408 1108 462 καὶ
1137 414 1224 463 τοῦ
1255 405 1436 472 δοκεῖν,
1469 405 1524 461 id
1551 413 1636 462 est
1656 448 1672 473 ,
1725 423 1756 463 a
1773 409 1913 462 bene
1956 412 2010 460 et
2038 407 2089 467 Α

437 501 652 572 placito,
677 498 820 570 quod
869 513 968 552 nos
993 511 1277 567 possumus
1322 497 1502 552 dicere
1526 537 1544 563 ,
1591 496 2007 567 beneplacitum,

436 594 564 662 quia
610 607 717 648 non
754 591 938 645 statim
973 603 1137 644 omne
1179 589 1322 660 quod
1355 590 1554 659 placet,
1576 599 1632 646 et
1658 588 2015 661 beneplacere

435 694 630 755 potest,
659 683 754 740 sed
781 684 884 738 hoc
912 682 1309 752 beneplacitum
1342 683 1561 751 dicitur,
1585 683 1676 738 ubi
1718 684 1863 755 quod
1897 683 2015 755 pla-

435 781 548 836 cuit
574 820 589 846 ,
626 787 774 835 recte
794 777 1051 849 placitum
1071 777 1472 846 comprobatur.

507 871 572 925 In
602 870 812 924 laudent
838 868 1020 940 gloria:
1060 879 1244 939 grauat
1280 885 1412 933 sure,
1441 869 1497 922 in
1541 885 1645 938 qua
1700 867 2013 939 gratiﬁenvit

435 978 528 1018 nos
551 963 608 1018 in
627 961 835 1016 dilecto.
867 961 1057 1016 Omnis
1079 975 1207 1032 ergo
1231 961 1402 1031 gratia
1423 975 1585 1029 quam
1607 961 2012 1030 consequimur,

435 1053 488 1108 in
507 1052 730 1125 gloriam
758 1058 814 1106 et
833 1051 1044 1107 laudem
1073 1050 1205 1121 ejus,
1225 1051 1315 1120 qui
1342 1066 1440 1106 nos
1463 1050 1786 1121 gratiﬁcavit
1805 1051 1859 1104 in
1885 1050 2017 1105 dile-

433 1154 543 1212 cto,
567 1147 670 1201 hoc
701 1153 804 1208 est,
828 1145 881 1199 in
910 1143 1138 1197 Domino
1179 1139 1303 1198 Jesu
1327 1140 1544 1196 Christo
1565 1141 1846 1196 Salvatore
1864 1156 2014 1197 eom-

433 1237 627 1307 pletur,
659 1237 784 1307 quia
803 1236 1004 1304 absque
1027 1233 1311 1312 sapientia,
1334 1235 1583 1298 veritate,
1601 1233 1829 1303 jnstitia,
1851 1250 2011 1304 pace,

435 1329 834 1397 redemptione,
864 1328 1059 1397 quibus
1091 1327 1343 1381 omnibus
1365 1325 1618 1382 Christus
1671 1327 2009 1395 intelligitur,

433 1419 640 1474 nullum
679 1421 878 1475 bonum
919 1433 1040 1474 esse
1065 1425 1262 1488 potest.
1304 1415 1414 1472 Nec
1463 1417 1758 1487 putandum
1786 1419 1928 1488 quod
1956 1418 2012 1472 in

435 1510 948 1574 Latiniscodicibus,
965 1511 1128 1564 habet
1151 1509 1435 1580 scriptum,
1451 1510 1508 1564 in
1520 1509 1716 1565 dilecto
1733 1509 1871 1564 Filio
1889 1524 2014 1576 suo,

435 1601 531 1656 sed
559 1599 873 1670 simpliciter
908 1606 962 1655 et
987 1599 1252 1664 absolute,
1277 1599 1331 1652 in
1365 1599 1581 1656 dilecto.
1613 1599 1766 1668 Quod
1792 1599 1864 1656 ita
1880 1599 2011 1657 mihi

434 1690 836 1761 intelligendum
870 1689 1098 1752 videtur,
1128 1699 1186 1744 ut
1225 1691 1578 1748 subaudiatur
1602 1734 1618 1758 ,
1645 1691 1714 1749 ab
1739 1693 2008 1749 omnibus.

2429 418 2764 460 ΕΥᾹΝΩΕΗΒΙ
2802 417 3054 468 JOANNDS,
3090 417 3210 457 CAP.
3253 417 3377 456 ULT.

2189 515 2209 548 s
2245 496 2392 551 Dixit
2421 495 2578 551 Jesus
2606 497 2806 552 Petro:
2841 494 3082 565 Sequere
3116 509 3219 548 me.
3254 494 3568 549 Conversus
3597 493 3699 550 Pe-

2119 607 2138 638 σ
2175 597 2311 654 trus,
2335 589 2471 644 vidit
2494 588 2642 643 illum
2676 586 3017 656 discipulum,
3043 601 3204 656 quem
3235 586 3496 656 diligebat
3517 583 3697 652 Iesus,

2119 699 2138 732 ε
2173 689 2516 750 sequentem,
2543 680 2636 750 qui
2669 688 2723 734 et
2752 679 3002 734 recubuit
3026 679 3079 732 in
3108 692 3264 734 cana
3308 692 3471 748 supra
3510 687 3702 749 pectus

2121 787 2138 820 ι
2173 770 2310 840 ejus,
2348 777 2406 824 et
2428 770 2606 824 dixit:
2650 769 2876 823 Domine
2900 808 2915 834 ,
2960 769 3082 836 quis
3116 776 3200 824 est
3237 768 3331 838 qui
3384 776 3438 823 te
3486 767 3702 824 tradet!

2117 880 2135 912 ‹
2177 862 2332 917 llunc
2360 877 2492 934 ergo
2536 877 2656 917 cum
2683 861 2903 916 vidisset
2930 861 3159 924 Petrus,
3195 861 3330 916 dixit
3358 859 3556 916 Jesus:
3593 861 3703 918 Do-

2117 971 2137 1004 s
2171 952 2340 1018 mine,
2359 953 2448 1006 hic
2471 959 2654 1006 autem
2682 951 2848 1020 quid?
2875 951 3015 1006 Dicit
3034 951 3082 1006 ei
3105 951 3298 1006 Jesus:
3333 949 3390 1005 Si
3422 965 3546 1005 eum
3575 950 3702 1007 volo

2117 1059 2137 1094 ο
2169 1056 2389 1096 manere
2417 1041 2590 1097 donec
2616 1041 2855 1106 veniam,
2879 1041 3008 1110 quid
3031 1041 3098 1094 ad
3128 1041 3222 1096 te?
3245 1049 3301 1095 tu
3323 1055 3413 1095 me
3449 1055 3698 1111 sequere.

2117 1152 2136 1186 ι
2171 1133 2314 1188 Exiit
2335 1148 2463 1205 ergo
2489 1148 2669 1189 sermo
2699 1134 2798 1189 iste
2827 1133 2970 1189 inter
2995 1132 3212 1201 fratres,
3239 1135 3365 1205 quia
3403 1135 3703 1205 discipulus

2119 1245 2137 1280 σ
2168 1227 2256 1283 ille
2279 1243 2383 1282 non
2406 1228 2650 1282 moritur.
2669 1225 2736 1282 Et
2757 1241 2864 1281 non
2886 1227 3023 1282 dixit
3042 1227 3092 1282 ei
3107 1225 3289 1293 Jesus,
3305 1228 3430 1297 quia
3451 1243 3560 1283 non
3586 1243 3703 1282 mo-

2117 1338 2137 1372 r
2167 1319 2323 1383 ritur,
2353 1316 2540 1383 sed,Si
2569 1332 2693 1373 eum
2715 1318 2839 1373 volo
2866 1331 3089 1373 manere
3114 1319 3284 1374 donec
3313 1320 3549 1384 veniam,
3572 1319 3703 1388 quid

2117 1426 2138 1461 ι
2173 1409 2240 1463 ad
2269 1408 2358 1462 te?
2388 1407 2486 1461 llic
2530 1415 2617 1461 cst
2663 1407 2958 1477 discipulus
3007 1408 3139 1475 iste,
3179 1408 3272 1480 qui
3336 1410 3703 1465 testimonium

2117 1516 2137 1551 c
2171 1497 2422 1570 perhibet
2449 1499 2516 1554 de
2552 1498 2674 1564 his,
2715 1505 2770 1553 et
2801 1500 3020 1572 scripsit
3045 1501 3193 1566 haec,
3239 1510 3293 1556 et
3329 1500 3534 1556 scimus
3575 1501 3704 1571 quia

2117 1611 2138 1644 ι
2171 1603 2360 1648 verum
2387 1596 2473 1643 est
2499 1590 2870 1646 testimonium
2898 1591 3033 1660 ejus.
3070 1611 3089 1645 ι

2185 1683 2330 1738 Dixit
2357 1681 2514 1736 Iesus
2540 1680 2698 1736 Petro
2722 1695 2740 1733 :
2768 1681 2995 1753 Sequere
3042 1699 3143 1737 me.
3192 1681 3294 1754 (Ex
3326 1681 3516 1752 Beda.)
3550 1677 3705 1736 Post:

437 1779 495 1837 Si
519 1781 663 1836 enim
699 1779 968 1847 Christus,
995 1790 1056 1837 ut
1104 1798 1244 1853 saepe
1277 1782 1390 1851 jam
1433 1784 1704 1849 diximus,
1750 1783 2011 1854 sapientia
2041 1769 2088 1829 Β
2115 1792 2278 1848 quam
2328 1777 2472 1832 enim
2512 1775 2774 1830 Dominus
2803 1773 2961 1831 Jesus
3009 1774 3334 1847 signiﬁcavit
3383 1774 3549 1830 Petro
3597 1789 3703 1845 qua

433 1880 536 1937 est,
557 1871 786 1946 justitia,
812 1889 939 1945 pax,
967 1875 1240 1943 gaudium,
1269 1883 1402 1940 etc.,
1427 1874 1543 1929 hate
1565 1875 1824 1929 virtutum
1853 1889 2014 1929 voea-
2113 1879 2288 1926 morte
2317 1867 2713 1924 clariﬁeaturus
2740 1874 2886 1922 esset
2919 1867 3105 1930 Deum,
3137 1868 3385 1937 protinus
3419 1866 3704 1938 adjungit:

433 1967 580 2030 bula,
607 1969 772 2022 etiam
801 1965 984 2037 hi,qui
1009 1967 1162 2036 sequi
1194 1965 1809 2036 nequeunt,diligunt,et
1836 1965 2015 2021 nullus
2115 1957 2340 2030 Sequere
2359 1973 2462 2023 me.
2489 1971 2552 2010 ac
2592 1957 2642 2011 Si
2665 1964 2856 2026 ερεηο
2881 1956 3063 2011 dicat:
3097 1953 3232 2022 Qnia
3266 1957 3380 2026 ipse
3421 1958 3573 2026 Prius
3600 1969 3700 2026 1)το

437 2070 545 2114 tam
575 2057 806 2114 confessi
831 2057 1052 2112 sceleris
1091 2063 1194 2120 est,
1223 2063 1282 2109 ut
1327 2070 1432 2110 non
1478 2056 1798 2126 sapientiam
1830 2064 1885 2111 et
1925 2055 2015 2124 ju-
2114 2056 2203 2104 tua
2234 2047 2618 2116 redemptione,
2635 2047 2815 2101 erucis
2833 2045 3150 2116 supp'icium
3177 2047 3359 2101 subire
3391 2063 3498 2101 non
3526 2046 3700 2110 timui.

437 2152 642 2206 stitiam
666 2163 926 2204 amarese
950 2147 1232 2212 dicat,iste
1257 2147 1606 2212 estdilectus,
1624 2162 1783 2216 quem
1804 2147 2015 2202 mstimo
2115 2141 2243 2212 quid
2272 2149 2328 2195 tu
2373 2155 2473 2210 pro
2508 2139 2614 2194 mei
2667 2138 3005 2194 confessione
3042 2138 3276 2193 nominis
3319 2153 3534 2194 crucem
3589 2137 3704 2208 pati

440 2243 493 2298 in
528 2242 663 2296 Isaia
701 2237 992 2309 signiﬁcari
1021 2255 1035 2291 :
1069 2235 1305 2292 Cantabo
1353 2237 1570 2301 dilecto,
1599 2244 1655 2291 et
1682 2235 1845 2290 Vinea
1872 2235 2014 2304 facta
2114 2232 2407 2289 formidas?
2433 2232 2525 2302 qui
2545 2247 2612 2287 eo
2639 2231 2952 2302 gloriosiore
2989 2231 3236 2301 martyrii
3290 2230 3471 2301 palma
3501 2230 3710 2302 glorifi-

438 2326 1140 2402 estdilecto(fsai.v),ettn
1162 2327 1731 2383 PsalmozEtdileetus
1759 2327 2016 2397 quemad-
2115 2324 2356 2390 caberis,
2414 2336 2522 2393 quo
2569 2323 2624 2378 in
2673 2322 2778 2377 hac
2801 2322 3160 2393 promerenda
3213 2321 3460 2394 magistri
3487 2323 3596 2392 iter
3620 2329 3707 2379 se-

438 2426 657 2480 modum
685 2422 829 2478 ﬁlius
857 2420 1199 2476 uuicornium
1223 2419 1394 2492 (Psal.
1423 2417 1636 2488 xxvm).
2117 2414 2324 2485 queris.

513 2515 578 2569 1η
605 2531 708 2586 quo
735 2513 980 2567 habemus
1008 2511 1428 2582 redemptionem.
1460 2510 1551 2565 ille
1597 2509 1901 2572 redimitur,
1925 2508 2018 2578 qui
2190 2503 2480 2558 Conrersus
2525 2503 2652 2557 vidit
2710 2501 2864 2557 illum
2927 2506 3269 2576 discipulum,
3316 2520 3470 2576 quem
3523 2502 3708 2574 dilige-

439 2607 684 2676 captivus
715 2612 817 2668 est,
850 2611 905 2658 ct
933 2603 986 2657 in
1006 2603 1243 2658 hostium
1265 2603 1490 2657 veniens
1509 2609 1856 2672 potestatem,
1881 2600 2020 2656 liber
2119 2593 2207 2649 bat
2235 2591 2410 2658 Jesus,
2447 2602 2758 2664 sequentem.
2785 2591 2924 2648 Hinc
2971 2593 3168 2649 etenim
3195 2601 3343 2664 patet
3369 2633 3383 2660 ,
3420 2594 3545 2664 quia
3575 2608 3702 2648 cum

440 2713 561 2753 esse
589 2697 801 2761 desivit,
835 2696 909 2750 ita
939 2705 992 2749 et
1015 2709 1115 2749 nos
1143 2694 1364 2764 quidam
1382 2695 1568 2749 dicunt
1595 2694 1648 2748 in
1674 2695 1776 2749 hoc
1819 2693 2023 2748 mundo
2120 2684 2348 2740 dixisset
2376 2681 2533 2739 Iesus
2556 2683 2719 2739 Petro
2745 2702 2757 2737 :
2788 2681 3025 2753 Sequere
3077 2700 3184 2749 me,
3213 2684 3450 2739 surrexit
3481 2683 3549 2739 de
3585 2683 3707 2740 loco

443 2805 565 2844 esse
616 2787 878 2857 captivos,
907 2793 962 2840 et
989 2785 1090 2841 sub
1115 2785 1484 2856 principibus,
1532 2792 1588 2841 et
1629 2783 2018 2856 potestatibus,
2120 2773 2350 2829 convivii
2363 2782 2431 2839 ,et
2446 2773 2790 2844 cmpitabire.
2812 2772 3042 2829 Secutus
3057 2781 3141 2829 est
3156 2782 3334 2828 autem
3350 2789 3472 2828 eum
3491 2771 3710 2841 Petrus,

437 2879 568 2949 jugo
593 2875 870 2932 servitutis
899 2874 1094 2941 teneri,
1116 2889 1219 2930 nec
1267 2882 1393 2930 ante
1434 2875 1647 2930 vinctas
1691 2874 1897 2930 catenis
1932 2888 2025 2928 ex—
2123 2873 2342 2923 secutus
2379 2873 2463 2921 est
2495 2874 2551 2920 et
2580 2865 2668 2920 ille
2697 2863 3007 2936 discipulus,
3034 2881 3194 2936 quem
3241 2863 3497 2936 diligebat
3515 2863 3694 2929 Iesus,

444 2968 648 3038 plicare
678 2981 869 3020 manus
891 3005 906 3030 ,
954 2973 1009 3020 et
1038 2963 1223 3020 oculos
1248 2979 1462 3019 sursum
1493 2963 1760 3028 attollere,
1788 2965 1890 3020 nisi
1918 2962 2023 3020 Re-
2123 2957 2357 3015 hannes
2382 2958 2648 3021 videlicet,
2692 2957 2809 3028 ipse
2837 2958 2926 3028 qui
2957 2958 3062 3012 hoc
3093 2957 3310 3027 scripsit
3332 2956 3706 3028 Evangelium‘.

443 3057 692 3126 demptor
724 3054 1006 3110 advenerit
1057 3053 1215 3111 Iesus
1253 3053 1504 3110 Christus
1551 3053 1722 3109 Filius
1749 3053 1842 3109 Dei
1869 3095 1887 3120 ,
1929 3053 2022 3125 qui
2055 3115 2095 3126 _
2124 3049 2389 3122 Diligebat
2408 3056 2587 3103 autem
2609 3062 2731 3103 eum
2757 3045 2940 3114 .lesus,
2959 3061 3067 3100 non
3088 3047 3329 3115 exceptis
3354 3047 3564 3101 cazteris
3595 3047 3709 3101 sin-

442 3115 718 3218 proprium
742 3145 1060 3217 sanguinem
1085 3145 1264 3213 dedit,
1281 3153 1338 3201 et
1379 3159 1480 3201 nos
1512 3145 1583 3200 de
1619 3115 1880 3201 servitute
1915 3115 2024 3200 eri-
2048 3115 2098 3180 c
2126 3115 2386 3210 salariter
2409 3138 2602 3203 solum,
2631 3136 2724 3191 sed
2762 3151 2873 3206 pra:
2896 3143 3110 3191 czetens
3137 3135 3459 3191 familiarius
3507 3151 3674 3190 unum
3695 3175 3714 3203 ,

441 3235 620 3306 piens,
635 3234 888 3290 libertate
906 3234 1144 3290 donavit.
2125 3243 2285 3300 quem
2306 3228 2558 3301 specialis
2581 3227 2940 3300 praerogativa
2963 3227 3228 3284 castitatis
3275 3228 3520 3298 ampliori
3571 3228 3711 3284 dile-

521 3322 628 3378 Per
671 3325 978 3393 sanguineus
1027 3324 1210 3395 ipsius.
1255 3323 1556 3395 Dupliciter
1619 3339 1755 3380 vero
1805 3325 2028 3396 sanguis
2125 3317 2782 3389 etionefeeeratdignum.
2807 3315 3007 3372 Omnes
3029 3317 3229 3388 quippe
3253 3317 3448 3388 diligit,
3476 3319 3568 3388 qui
3592 3334 3714 3374 om-

445 3410 670 3480 Chlisti,
697 3419 754 3465 et
802 3425 936 3466 caro
960 3411 1305 3482 intelligitur:
1335 3413 1418 3468 vel
1446 3413 1709 3482 spiritalis
1737 3413 1824 3468 ila
1861 3423 2026 3484 atque
2125 3406 2286 3462 nibus
2313 3406 2475 3484 dicit:
2507 3406 2656 3463 Sicut
2684 3405 2867 3461 dilexit
2901 3423 2982 3461 tne
3018 3403 3182 3461 Pater
3202 3417 3248 3462 et
3275 3421 3369 3478 ego
3392 3406 3555 3462 dilexi
3581 3424 3712 3474 vos;

447 3501 650 3566 divina,
677 3501 746 3556 de
764 3517 871 3572 qua
902 3504 1016 3570 ipse
1039 3504 1206 3557 dicit:
1238 3503 1375 3557 Caro
1405 3519 1521 3557 mea
1543 3520 1658 3558 vere
1679 3512 1753 3558 est
1781 3483 1951 3571 cibus;
1975 3513 2024 3559 ει
2126 3506 2331 3551 manete
2363 3483 2731 3551 in‘dilectione
2769 3513 2884 3552 mea
2909 3496 3093 3569 (locis.
3121 3496 3233 3568 xv).
3269 3497 3377 3554 Sed
3426 3498 3572 3553 hunc
3600 3515 3714 3568 pm

447 3592 666 3662 sanguis
685 3608 827 3646 meus
853 3609 962 3646 uere
987 3602 1063 3647 est
1086 3604 1237 3664 poma
1262 3591 1442 3666 (Joan.
1469 3595 1567 3665 vi).
1596 3595 1694 3650 Et:
1731 3594 1852 3650 Nisi
1877 3611 2026 3650 man-

449 3678 764 3736 ducaueritis
809 3697 1017 3736 carnem
1086 3693 1255 3736 meatu
1271 3723 1286 3747 ,
1329 3692 1376 3737 et
1409 3683 1714 3754 sanguinem
1754 3699 1928 3738 meum
1953 3685 2029 3738 bi-

450 3773 650 3840 berltis,
667 3789 772 3828 non
789 3773 1038 3828 habebitis
1055 3773 1217 3829 vitam
1251 3782 1499 3828 veternum
1523 3775 1542 3843 (
1557 3774 1694 3830 Ibid.
1733 3773 1855 3846 ει).
1887 3773 1983 3830 Vel
2010 3792 2024 3828 :

452 3865 596 3921 Caro
623 3872 682 3920 et
708 3865 932 3936 sanguis
960 3881 1081 3936 (ptas
1121 3866 1379 3923 mrcilixs
1406 3873 1512 3934 est,
1534 3875 1594 3921 et
1620 3867 1711 3937 'qui
1739 3867 1927 3923 militis
1944 3866 2027 3922 ef-

449 3955 607 4011 fusus
625 3963 708 4011 est
728 3955 933 4011 lancea.
1353 3985 1358 3990 -
2019 3945 2022 3950 ’

453 4075 456 4082 -
526 4045 1267 4118 Hammonem-peccatorum.
1284 4047 1696 4120 Consequenter
1711 4058 1894 4106 autem
1910 4060 2033 4123 post

454 4135 880 4206 redemptionem
899 4136 1183 4207 sanguinis
1211 4136 1438 4204 Christi,
1467 4140 1842 4196 remissionem
1876 4155 2032 4197 acce-

450 4228 596 4298 pisse
619 4229 932 4284 scribuntur
954 4231 1464 4301 peceatorum,quia
1490 4231 1593 4287 nisi
1625 4233 1885 4303 redempti
1915 4232 2032 4290 fue-

453 4321 645 4386 rimus,
670 4319 866 4376 frustra
910 4321 1066 4376 nobis
1084 4330 1302 4392 peccata
1327 4321 1617 4389 donantur,
1655 4338 1756 4380 nec
1791 4335 1914 4380 ante
1939 4340 2032 4381 reo

457 4411 606 4467 niam
655 4413 900 4482 accipere
937 4425 1224 4483 possumus
1284 4413 1389 4467 nisi
1431 4415 1668 4484 pretium
1713 4429 1815 4484 pro
1877 4416 2033 4472 nobis

455 4510 715 4567 cruentus
737 4502 1004 4571 quondam
1030 4502 1208 4556 victor
1227 4503 1513 4572 acceperit.

536 4592 837 4648 Secundum
861 4592 1076 4647 divitias
1097 4593 1282 4663 gratia:
1303 4593 1419 4663 ejus
1441 4633 1455 4658 ,
1508 4610 1625 4664 quis
1651 4594 1937 4649 abundavit
1980 4595 2034 4650 in

457 4685 629 4740 nobis.
669 4683 774 4751 Qui
825 4684 1074 4756 intelligit
1097 4686 1202 4740 hoc
1245 4685 1388 4754 quod
1442 4685 1644 4741 dictum
1699 4693 1819 4740 est:
1850 4682 2038 4739 Gratia

459 4774 586 4828 estis
617 4772 808 4828 saluati
834 4783 884 4827 et
911 4789 1018 4828 non
1042 4789 1112 4826 ea:
1139 4773 1378 4843 operibus
1417 4772 1634 4846 (Ephes.
1667 4773 1750 4845 tt),
1785 4774 1887 4828 iste
1910 4774 2037 4840 scit,

455 4865 606 4938 quod
629 4865 921 4921 secundum
949 4864 1168 4919 divitias
1193 4879 1344 4931 suas,
1377 4865 1469 4920 Dei
1501 4867 1674 4936 gratia
1707 4865 1939 4920 abundet
1982 4865 2037 4919 in

464 4956 641 5023 nobis,
667 4955 898 5011 maxime
923 4955 978 5009 in
1002 4955 1242 5011 Ecclesia
1292 4956 1358 5011 de
1409 4957 1656 5027 gentibus
1691 4966 2037 5028 congregata.

464 5049 662 5102 Annon
717 5055 803 5103 est
831 5045 1142 5115 magnitudo
1174 5045 1470 5117 gratiarum
1493 5047 1545 5101 in
1569 5047 1734 5102 Paulo
1767 5055 1824 5102 et
1853 5047 1907 5101 in
1936 5061 2040 5101 eae-

465 5135 599 5192 tet'is
646 5135 882 5191 sanctis?
927 5135 996 5190 de
1019 5135 1216 5205 quibus
1254 5135 1490 5192 dicitur:
1525 5135 1751 5191 Nescitis
1791 5137 2040 5206 “cuius:

465 5223 678 5296 angelos
711 5223 1070 5295 iudicabimus
1112 5223 1162 5296 (l
1211 5222 1334 5279 Cor.
1375 5224 1493 5297 vi)?
1539 5225 1649 5280 Has
1676 5225 1893 5281 divitias
1917 5239 2042 5296 gra-

467 5317 689 5397 tiarum,
713 5315 804 5371 ille
829 5315 884 5370 in
911 5329 973 5372 se
994 5330 1104 5372 non
1127 5314 1258 5373 facit
1281 5331 1504 5385 vacuas,
1531 5320 1646 5388 qui,
1661 5325 1922 5388 quantum
1945 5333 2042 5373 va-

470 5408 543 5464 let
576 5409 808 5464 bumana
847 5407 1134 5480 fragilitas,
1157 5407 1371 5465 laborat
1394 5450 1410 5477 ,
1458 5411 1736 5466 contendit
1761 5452 1776 5476 ,
1829 5418 1884 5466 et
1917 5423 2042 5465 cum

474 5496 637 5554 Paulo
660 5497 794 5554 dicit
817 5514 832 5552 :
861 5495 1046 5558 Gentio
1069 5496 1188 5567 ejus
1213 5498 1270 5553 in
1294 5513 1378 5554 me
1403 5513 1566 5554 vacua
1589 5515 1691 5554 non
1722 5499 1822 5570 fuit
1845 5498 1896 5571 (1
1917 5497 2042 5554 Cor.

2127 3587 2378 3642 omnibus
2397 3587 2586 3659 diligit,
2620 3587 2713 3658 qui
2741 3588 2891 3658 virgo
2917 3588 3121 3644 electus
3153 3589 3222 3644 ab
3243 3589 3360 3658 ipso
3383 3630 3398 3654 ,
3453 3589 3606 3660 virgo
3657 3590 3713 3644 in

2127 3694 2300 3734 aevum
2340 3679 2657 3748 permansit.
2710 3679 2956 3734 Tradunt
2993 3695 3228 3749 namque
3257 3680 3527 3746 historiae,
3567 3682 3711 3751 quod

2128 3784 2250 3826 eum
2275 3768 2344 3824 de
2371 3768 2594 3839 nuptiis,
2617 3768 2889 3824 volentem
2917 3771 3150 3836 nubere,
3182 3771 3476 3834 vocaverit,
3505 3778 3561 3825 et
3585 3785 3712 3838 pro-

2127 3870 2330 3932 pterea,
2357 3875 2516 3930 quem
2547 3875 2579 3914 a
2607 3860 2809 3916 carnali
2831 3860 3104 3931 voluptate
3131 3869 3463 3926 retraxerat,
3505 3862 3715 3934 potiore

2130 3952 2213 4014 sui
2246 3952 2448 4006 amoris
2473 3951 2755 4006 dulcedine
2777 3951 3012 4006 donavit.

2202 4041 2305 4108 Qui
2336 4042 2570 4114 recubuit
2594 4042 2648 4096 in
2669 4059 2813 4096 aena
2839 4060 2995 4114 super
3038 4053 3221 4112 pectus
3257 4046 3393 4113 ejus.
3435 4045 3586 4113 Quod
3612 4062 3712 4100 au-

2130 4143 2241 4190 tem
2271 4135 2564 4204 discipulus
2592 4134 2680 4189 ille
2728 4150 2892 4205 super
2913 4145 3102 4207 pectus
3136 4138 3377 4206 magistri
3427 4139 3714 4204 recubuit,

2130 4241 2237 4280 non
2265 4226 2550 4297 prmsentis
2584 4225 2918 4282 solummodo
2966 4227 3290 4292 dilectionis,
3322 4230 3414 4283 sed
3447 4237 3503 4283 et
3549 4229 3720 4285 futuri

2131 4316 2345 4385 signum
2369 4315 2611 4386 mysterii
2633 4315 3002 4384 ﬁgurabatur:
3029 4317 3227 4372 etenim
3252 4327 3378 4371 tunc
3400 4315 3422 4385 j
3441 4333 3512 4370 um
3540 4317 3720 4372 Evan-

2133 4405 2349 4476 gelium,
2377 4405 2520 4474 quod
2548 4405 2689 4459 idem
2735 4405 3026 4476 discipulus
3071 4415 3190 4461 erat
3239 4408 3560 4476 scripturus,
3593 4407 3719 4463 ube-

2135 4500 2250 4552 rius
2281 4505 2444 4566 atque
2493 4496 2655 4550 altius
2690 4498 2906 4551 caeteris
2944 4511 3114 4552 sacra:
3159 4495 3454 4567 Scriptura:
3507 4497 3721 4568 paginis

2137 4603 2337 4644 arcana
2367 4589 2561 4643 divinae
2585 4587 2884 4656 maiestatis
2896 4604 3014 4644 esse
3032 4593 3565 4659 comprehensurum.
3581 4591 3718 4658 Quia

2133 4681 2279 4735 enim
2313 4681 2368 4735 in
2408 4688 2628 4750 pectore
2650 4679 2776 4734 Jesu
2811 4687 2938 4735 sunt
2959 4695 3150 4736 omnes
3177 4681 3415 4737 thesauri
3443 4683 3721 4752 sapientiae

2133 4779 2194 4826 et
2216 4771 2456 4826 scientiae
2485 4771 3024 4836 abscomliti,'merito
3067 4785 3228 4842 super
3275 4781 3463 4842 pectus
3495 4772 3609 4840 ejus
3643 4786 3724 4827 re.

2138 4862 2303 4918 cubat
2329 4903 2344 4923 ,
2389 4876 2552 4932 quem
2597 4861 2798 4932 majore
2825 4863 3039 4917 (κεῖθι-εδ
3085 4864 3366 4932 sapientiae
3390 4872 3444 4917 et
3483 4863 3727 4918 scientia:

2133 4953 2428 5023 singularis
2461 4967 2687 5008 munere
2707 4953 2892 5008 donat.
2922 4953 3164 5009 Caeteros
3199 4955 3395 5024 quippe
3443 4951 3723 5022 Evangeli-

2137 5053 2254 5100 stas
2278 5045 2543 5109 novimus,
2569 5044 2724 5114 plura
2777 5044 2844 5100 de
2870 5047 3145 5100 miraculis
3173 5045 3345 5101 nostri
3391 5043 3720 5109 Salvatoris,

2137 5139 2398 5210 pauciora
2423 5137 2492 5192 de
2512 5137 2789 5193 divinitate
2812 5137 3041 5193 locutos.
3065 5135 3300 5193 Joannes
3322 5145 3502 5191 autem
3526 5177 3542 5203 ,
3593 5151 3722 5206 per-

2135 5241 2309 5300 pauca
2337 5228 2402 5283 de
2419 5227 2669 5283 humanis
2693 5229 2938 5283 scribens
2985 5226 3216 5292 actibus,
3243 5227 3423 5296 potius
3463 5241 3522 5281 se
3561 5239 3728 5294 expo-

2134 5319 2334 5374 nendis
2369 5319 2564 5374 divina
2589 5325 2797 5372 natura:
2829 5317 3021 5373 indidit
3047 5317 3280 5380 areanis,
3307 5323 3566 5386 patenter
3595 5313 3728 5369 insi-

2141 5425 2316 5466 nuans
2340 5415 2540 5480 quanta
2562 5408 2631 5463 de
2669 5415 2888 5476 pectore
2917 5404 3044 5461 iesu
3095 5405 3295 5462 ﬂuenta
3333 5405 3589 5461 doctrinae
3616 5415 3728 5458 cm»

2144 5503 2336 5570 lestis,
2386 5519 2506 5576 qua:
2551 5501 2709 5558 nobis
2739 5508 3048 5567 eructaret,
3105 5499 3370 5554 hauserit.
3427 5497 3724 5567 Sequitur:

473 5590 604 5661 xv):
635 5591 727 5660 qui
757 5604 886 5647 vero
931 5588 1020 5644 ad.
1042 5587 1311 5647 deteriora
1341 5591 1626 5659 delabitur,
1662 5593 1717 5647 in
1748 5592 1871 5659 isto,
1900 5593 2049 5648 dives
2149 5595 2304 5651 Hunc
2323 5607 2452 5663 ergo
2479 5605 2601 5647 cum
2633 5589 2856 5646 vidisset
2874 5589 3090 5654 Petrus,
3113 5589 3245 5646 dicit
3267 5589 3464 5644 Jesus:

476 5685 648 5752 gratia
678 5684 792 5752 Del,
815 5689 1128 5756 paupertate
1150 5682 1474 5739 tenuabitur.

2225 5683 2462 5745 nomine,
2496 5679 2579 5735 hic
2618 5687 2792 5736 autem
2834 5679 3002 5750 quid!
3036 5679 3169 5747 Quia
3196 5679 3390 5734 beatus
3410 5675 3605 5732 Petrus
3634 5689 3729 5730 au-
