3946 6422
412 394 476 450 Π
1698 369 2048 432 SMARAGDI
2085 363 2378 425 ABBATIS
3599 351 3669 407 l8

411 517 696 576 personam
731 499 975 570 designat
1003 511 1070 552 ex
1103 493 1310 562 olllcio,
1345 491 1492 564 quod
1532 488 1819 561 designare
1853 485 1989 540 vitat
2015 493 2066 550 Α
2092 479 2386 550 apostolica
2414 484 2540 546 apte
2564 475 2840 539 convenit,
2867 472 2950 528 vel
2980 473 3212 527 maxime
3244 470 3335 527 ubi
3360 469 3436 525 ait
3462 487 3474 524 :
3507 467 3673 526 Bene-

407 575 477 653 es
519 589 794 648 vocabulo.
833 585 1115 643 Perbibuit
1152 599 1384 653 namque
1409 579 1773 636 testimonium
1810 575 1990 632 Verbo

411 685 508 741 Dei
537 681 898 756 praedicando,
941 677 1217 751 perhibuit
1249 673 1534 730 scribendo
1551 711 1568 738 ,
1599 667 1874 756 perhibuit
1898 665 1990 756 de-

405 791 525 833 ‘nuo
541 754 814 838 docendo,
846 771 1099 843 perhibet
1117 769 1281 823 etiam
1309 779 1453 820 nunc
1477 759 1780 832 pandendo.
1812 754 1994 826 Siqui-

412 867 535 922 dem
567 879 601 919 a
633 872 876 932 tempore
905 859 1199 915 Dominica:
1225 855 1525 926 passionis,
1574 845 1993 906 resurrectionis

414 965 472 1012 ct
501 953 841 1011 ascensionis
871 951 925 1005 in
955 949 1152 1004 celum
1171 987 1188 1008 .
1218 955 1275 1002 et
1301 958 1471 1014 usque
1499 941 1568 996 ad
1597 939 1783 994 ultima
1812 935 1994 990 Domi-

417 1045 551 1102 tiani
577 1041 840 1115 principis
867 1048 1125 1108 tempora,
1153 1049 1248 1106 per
1270 1047 1440 1089 annos
1466 1029 1686 1085 circiter
1713 1024 1994 1095 sexaginta

414 1137 654 1210 quinque
697 1134 901 1202 absque
945 1129 1054 1185 ullo
1097 1124 1369 1186 scribendi
1405 1119 1734 1176 adminiculo
1768 1117 1994 1171 verbum

411 1227 760 1300 praedicabat.
799 1225 870 1278 At
897 1222 986 1278 ubi
1014 1236 1048 1275 a
1081 1218 1388 1274 Domitiam
1407 1257 1422 1281 ,
1451 1214 1545 1285 qui
1577 1211 1848 1268 secundus
1871 1215 1996 1279 post

414 1317 683 1373 Neronem
719 1312 1146 1369 Christianorum
1175 1314 1494 1379 persecutor
1535 1303 1768 1366 exstitit,
1803 1300 1997 1356 exsilio

418 1409 616 1465 missus
643 1418 745 1471 est,
767 1406 1129 1474 irrumpcntes
1155 1401 1208 1456 in
1238 1399 1538 1455 Ecclesiam
1559 1394 1814 1456 haeretici,
1839 1391 1996 1462 quasi

419 1499 473 1554 in
504 1497 758 1553 destituta
789 1509 820 1547 a
857 1500 1073 1562 pastore
1092 1489 1256 1543 ovilia
1284 1488 1393 1556 lupi
1416 1485 1674 1547 Marcion,
1704 1480 1998 1537 Cerinthus

417 1596 474 1643 ct
501 1586 692 1648 Ebion,
721 1582 1013 1650 caeterique
1048 1576 1388 1640 Antichristi,
1420 1575 1512 1644 qui
1532 1573 1806 1628 Christum
1832 1569 1998 1623 fuisse

418 1686 546 1732 ante
586 1675 808 1730 Mariam
838 1669 1136 1740 negabant,
1171 1665 1574 1736 simplicitatem
1609 1661 1736 1715 fidei
1767 1672 1998 1728 evange-

420 1768 537 1823 licae
576 1777 831 1836 perversa
884 1759 1226 1815 maculavere
1263 1756 1534 1812 doctrina.
1575 1752 1681 1808 Sed
1717 1766 1838 1807 cum
1883 1750 1998 1820 ipse

2093 569 2263 622 dictus
2290 567 2429 621 Deus
2453 567 2541 636 qui
2568 564 2720 635 elegit
2753 579 2876 630 nos,
2903 572 3010 618 etc.

2437 699 2504 753 ΙΝ
2545 695 2795 752 NATALI
2827 693 3298 752 INNOCENTUM.

2091 829 2285 870 LECTIO
2312 827 2456 868 LIBRI
2484 825 2830 867 APOCALYPSlS
2859 825 3073 865 JOANNIS
3095 821 3350 863 AI‘OSTOLI
3369 846 3384 874 ,
3410 821 3530 861 CAP.
3562 819 3677 859 XIV.

2169 945 2190 978 ι
2234 927 2354 983 \‘idi
2405 942 2568 996 supra
2599 933 2838 980 mentm:
2886 923 3016 978 Sion
3058 937 3255 993 agnum
3302 928 3569 983 stantem,
3623 926 3682 973 et

2100 1036 2119 1069 ι
2159 1033 2282 1072 cum
2331 1032 2398 1070 eo
2424 1024 2644 1070 centum
2685 1012 3043 1083 quadraginta
3071 1021 3304 1080 quatuor
3331 1009 3538 1073 millia,
3581 1007 3683 1061 ha-

2099 1127 2118 1162 ‹
2162 1109 2353 1163 bentes
2373 1123 2571 1162 nomen
2602 1106 2740 1176 ejus,
2771 1111 2828 1159 et
2849 1119 3045 1160 nomen
3075 1103 3247 1173 patris
3269 1099 3388 1170 ejus
3414 1100 3679 1169 scriptum

2101 1217 2120 1252 ι
2167 1201 2223 1254 in
2256 1198 2525 1254 frontibus
2551 1198 2685 1260 suis,
2736 1204 2792 1251 et
2815 1195 2996 1250 audivi
3026 1208 3217 1248 vocem
3241 1191 3308 1246 de
3349 1191 3509 1254 coelo,
3562 1199 3684 1244 tan—

2101 1313 2120 1345 ε
2162 1307 2326 1362 quam
2353 1306 2540 1346 Vocem
2582 1304 2847 1359 aquarum
2870 1287 3180 1349 multarum,
3210 1294 3266 1338 et
3289 1294 3546 1352 tanquam
3582 1297 3680 1333 vo-

2101 1401 2120 1433 ι
2165 1396 2284 1436 cem
2312 1379 2539 1435 tonitrui
2565 1377 2784 1448 magni,
2809 1383 2864 1431 et
2895 1389 3088 1430 vocem
3117 1389 3281 1443 quam
3303 1371 3504 1433 audivi,
3537 1369 3686 1423 sicut

2101 1493 2120 1527 ι
2163 1471 2586 1530 citharmdorum
2645 1468 3083 1524 citharizantium
3136 1466 3194 1520 in
3253 1463 3481 1518 citharis
3543 1461 3679 1514 suis.

2102 1585 2120 1616 ι
2166 1565 2234 1619 Ει
2270 1563 2566 1620 cantabant
2609 1560 2762 1631 quasi
2791 1559 3062 1615 canticum
3099 1571 3296 1611 novum
3325 1563 3453 1609 ante
3489 1553 3676 1607 sedem

2102 1677 2122 1712 ι
2167 1659 2285 1724 Dei,
2310 1667 2366 1713 et
2381 1665 2507 1712 ante
2534 1665 2768 1726 quatuor
2789 1651 3040 1708 animalia
3063 1659 3120 1706 et
3142 1650 3415 1714 seniores;
3444 1654 3500 1702 et
3522 1658 3686 1700 nemo

2104 1769 2132 1802 ι
2162 1758 2377 1821 poterat
2400 1747 2584 1802 dicere
2611 1745 2882 1801 canticum
2905 1783 2923 1808 ,
2953 1742 3057 1797 nisi
3081 1741 3170 1795 illa
3197 1747 3414 1794 centum
3441 1736 3683 1808 quadra-

419 1862 541 1926 post
572 1828 898 1908 occisionem
928 1845 1243 1908 Domitiani,
1265 1843 1611 1915 permittente
1635 1841 1724 1911 pio
1753 1839 1998 1910 principe
2025 1840 2072 1900 B
2107 1858 2126 1892 ι
2167 1839 2314 1910 ginta
2364 1844 2597 1906 quatuor
2639 1834 2843 1898 millia,
2883 1833 2977 1902 qui
3021 1831 3192 1902 empti
3225 1839 3354 1885 sunt
3394 1828 3463 1883 de
3512 1836 3684 1882 terra.

419 1919 616 2008 Nerva,
648 1941 851 1997 rediret
869 1938 1165 2008 Ephesum,
1184 1933 1476 2004 compulsis
1495 1933 1562 1987 ab
1584 1931 1836 1986 omnibus
1859 1941 2002 2000 pene
2101 1950 2124 1983 ς
2167 1927 2235 1982 lli
2255 1935 2383 1984 sunt
2407 1925 2500 2005 qui
2525 1940 2653 1980 cum
2679 1923 3003 1980 mulieribus
3031 1937 3137 1978 non
3167 1929 3294 1976 sunt
3318 1919 3682 1990 coinquinati,

423 2049 553 2093 tunc
579 2035 724 2091 Asia:
755 2029 1048 2102 episcopis,
1069 2036 1126 2083 et
1152 2025 1443 2082 multarum
1465 2022 1830 2080 Ecclesiarum
1854 2019 2000 2090 lega-
2102 2039 2122 2074 ι
2167 2019 2408 2090 virgines
2451 2017 2600 2072 enim
2647 2023 2794 2072 sunt.
2837 2013 2904 2069 Hi
2953 2021 3254 2083 sequuntur
3299 2025 3496 2080 agnum
3544 2026 3686 2080 quo—

422 2128 680 2190 tionibus,
715 2098 1076 2180 de—coazterna
1103 2119 1284 2174 Patris
1303 2117 1583 2173 divinitate
1611 2124 1666 2172 et
1693 2113 1893 2170 Christi
1922 2111 2000 2167 al—
2104 2131 2123 2164 ι
2167 2125 2379 2179 cunque
2415 2108 2561 2163 ierit.
2614 2105 2683 2161 lli
2711 2104 2881 2174 empti
2920 2110 3049 2159 sunt
3071 2117 3140 2158 ex
3166 2099 3477 2156 hominibus
3503 2098 3690 2168 primit-

421 2219 534 2274 tius
573 2215 754 2272 facere
790 2225 1116 2276 sermonem,
1159 2223 1226 2264 eo
1265 2209 1412 2279 quod
1461 2208 1514 2262 in
1558 2207 1720 2261 trium
1767 2204 2000 2260 aliorum
2104 2223 2123 2258 ι
2167 2205 2254 2260 tiae
2275 2203 2390 2258 Deo
2414 2211 2470 2258 et
2490 2215 2654 2272 agno,
2679 2208 2736 2254 et
2765 2198 2820 2253 in
2845 2211 2941 2252 ore
2975 2196 3220 2266 ipsorum
3243 2209 3353 2249 non
3379 2201 3466 2249 est
3497 2193 3689 2248 inven-

423 2307 874 2380 evangelistarum
921 2303 1168 2373 scriptis,
1209 2302 1276 2358 de
1313 2299 1650 2356 humanitate
1693 2297 1809 2366 ejus
1851 2294 2001 2353 suill-

425 2400 631 2456 cienter
665 2396 768 2453 sibi
807 2395 1118 2449 viderentur
1140 2392 1344 2447 habere
1373 2387 1703 2444 testimonia.
1733 2385 1886 2452 Quod
1914 2383 2004 2438 ille

425 2505 488 2545 se
513 2501 618 2543 non
641 2485 790 2541 aliter
822 2483 1090 2539 [acturum
1113 2479 1413 2550 respondit,
1437 2478 1540 2533 nisi
1563 2477 1762 2533 indicto
1775 2473 2002 2544 jejunio,

427 2593 622 2636 manes
659 2577 716 2633 in
750 2589 1039 2632 commune
1079 2572 1366 2628 Dominum
1404 2578 1775 2641 precarentur,
1816 2576 1874 2623 ut
1913 2567 2004 2622 illa

428 2673 592 2744 digna
617 2669 857 2726 scribere
881 2677 1080 2737 posset.
1115 2665 1182 2719 Et
1208 2665 1311 2719 hoc
1340 2663 1415 2718 ita
1443 2669 1676 2733 patrato,
1709 2661 2006 2716 instructus

431 2758 781 2823 revelatione,
809 2773 838 2812 a
866 2754 1042 2810 sancti
1072 2751 1308 2824 Spiritus
1331 2751 1506 2821 gratia
1546 2749 1862 2814 inebriatus,
1892 2763 2008 2804 om-

433 2867 532 2910 nes
563 2850 939 2908 hazreticorum
971 2845 1222 2904 tenebras
1253 2841 1525 2914 patefecit,
1567 2851 1623 2898 et
1651 2841 1828 2897 subita
1864 2841 2007 2896 veri-

441 2943 570 2998 tatis
593 2941 714 2997 luce
737 2938 959 3010 dispulit
986 2956 1000 2992 :
1035 2935 1104 2992 In
1135 2935 1412 3008 principio,
1439 2935 1706 3004 inquiens,
1736 2943 1848 2988 erat
1884 2932 2012 2986 Ver-

436 3033 583 3098 bum,
606 3041 652 3086 et
689 3028 910 3083 Verbum
946 3038 1056 3082 erat
1079 3025 1221 3097 apud
1259 3024 1444 3090 Deum,
1484 3035 1532 3080 et
1569 3025 1709 3080 Deus
1732 3035 1843 3080 erat
1874 3023 2007 3082 Ver-

429 3123 573 3178 bum.
621 3119 973 3190 Similemque
997 3116 1167 3173 initiis
1197 3122 1366 3170 totum
1392 3117 1472 3171 sui
1503 3117 1770 3172 sermonis
1791 3130 2009 3170 cursum

431 3214 634 3270 faciens
675 3181 962 3267 Dominum
1007 3219 1253 3266 nostrum
1285 3205 1472 3264 Iesum
1515 3206 1813 3272 Christum,
1869 3207 2010 3262 sicut
2035 3181 2080 3244 Ο

435 3319 624 3358 verum
637 3301 932 3365 hominem,
947 3315 1072 3355 vere
1085 3314 1152 3354 ex
1164 3301 1382 3355 homine
1402 3297 1684 3368 temporali
1693 3307 1773 3351 ter
1785 3296 2008 3362 factum,

438 3396 512 3450 ita
541 3393 706 3450 etiam
729 3407 920 3448 verum
943 3390 1113 3446 Deum
1131 3431 1146 3456 ,
1173 3406 1302 3446 vere
1323 3405 1390 3444 ex
1414 3388 1526 3444 Deo
1561 3387 1740 3452 Patre,
1771 3397 1826 3442 et
1854 3396 2012 3442 teter.

435 3484 633 3542 naliter
663 3489 867 3541 natum.
907 3496 1036 3536 vere
1081 3497 1205 3536 cum
1257 3479 1418 3536 Patre
1469 3487 1528 3534 et
1573 3476 1776 3546 Spiritu
1827 3484 2015 3532 sancto

435 3587 652 3645 semper
691 3572 1015 3627 existentcm
1051 3571 1349 3626 clarissima
1375 3569 1678 3626 assertione
1708 3568 2010 3638 perdocuit.

436 3667 555 3722 lmo
577 3665 760 3720 omnia
778 3663 974 3718 divinae
993 3663 1238 3718 veritatis
1261 3670 1316 3718 et
1346 3677 1487 3717 vera:
1505 3661 1828 3725 divinitatis,
1845 3673 2017 3730 quan-

439 3767 555 3811 tum
591 3753 748 3809 alteri
789 3751 1100 3808 mortalium
1142 3751 1275 3808 nulli
1323 3750 1473 3808 licuit
1505 3764 1705 3804 arcana
1729 3748 2014 3804 reseravit.

441 3846 511 3900 Et
547 3845 649 3899 hoc
673 3840 868 3912 virgini
908 3840 1250 3912 privilegium
1289 3848 1438 3896 recte
1461 3837 1814 3904 servabatur,
1855 3846 1916 3893 ut
1947 3838 2017 3894 ad

434 3932 735 3991 scrutanda
765 3930 925 3988 Verbi
966 3929 1398 4001 incorruptibilis
1437 3937 1796 3992 sacramenta,
1841 3928 2019 3985 incor-

443 4033 604 4096 rupto
631 4022 747 4094 ipse
771 4036 880 4076 non
919 4020 1094 4078 solum
1119 4019 1284 4076 corde
1305 4059 1322 4088 ,
1351 4021 1445 4076 sed
1480 4027 1536 4076 et
1579 4034 1807 4091 corpore
1832 4033 2020 4090 proco-

448 4118 622 4173 deret.
652 4113 730 4170 De
763 4111 918 4182 cujus
942 4113 1210 4168 dictorum
1239 4111 1501 4177 veritate,
1531 4111 1674 4182 quod
1707 4111 1780 4166 sit
1816 4111 2018 4166 nemini

445 4205 865 4281 ambigendum,
914 4204 1030 4275 ipse
1065 4218 1281 4273 quoque
1311 4202 1524 4259 curavit
1569 4201 1875 4268 ostendere,
1925 4201 2018 4273 qui

447 4313 570 4355 cum
612 4296 839 4352 dixisset
881 4312 896 4350 :
940 4292 1044 4348 Hic
1091 4302 1166 4349 est
1205 4292 1494 4364 discipulus
1538 4293 1630 4364 qui
1665 4293 2019 4347 testimonium

446 4387 678 4456 perhibet
707 4387 772 4441 ds
793 4387 876 4441 his
895 4425 911 4451 ,
953 4395 1001 4441 et
1025 4385 1235 4455 scripsit
1270 4384 1404 4451 hac,
1435 4383 1692 4440 continuo
1717 4381 1948 4450 subjecit
1967 4388 2023 4438 et

2105 2315 2124 2348 ι
2168 2304 2282 2351 tum
2326 2293 2685 2350 mendacium.
2712 2289 2844 2346 Sine
2872 2287 3082 2344 macula
3123 2295 3251 2345 sunt
3272 2295 3397 2342 ante
3433 2286 3688 2342 thronum

2106 2407 2125 2439 ι
2169 2385 2285 2441 Dei.
2329 2403 2350 2438 ι

2184 2479 2300 2534 Vidi
2335 2494 2499 2549 supra
2536 2485 2763 2531 montem
2801 2472 2930 2529 Sion
2972 2487 3166 2544 agnum
3205 2479 3452 2526 stantem.
3500 2466 3690 2538 Agnus

2102 2570 2370 2634 Christus,
2411 2567 2480 2624 de
2507 2581 2615 2636 quo
2642 2563 2881 2620 Joannes
2922 2563 3000 2617 ait
3031 2581 3045 2616 :
3083 2561 3221 2616 Ecce
3262 2576 3432 2630 agnus
3460 2556 3561 2612 Des
3597 2556 3691 2624 qui

2105 2659 2238 2716 tollit
2273 2669 2486 2730 peccata
2524 2656 2728 2710 mundi.
2762 2654 2914 2710 Mons
2949 2651 3104 2716 Sion,
3149 2649 3240 2720 qui
3269 2647 3569 2719 speculatio
3598 2646 3688 2700 in-

2106 2756 2473 2822 terpretatur,
2520 2746 2622 2801 hoc
2674 2744 2794 2800 loco
2845 2741 3086 2799 Ecclesia
3135 2738 3474 2808 intelligitur,
3525 2751 3693 2806 super

2107 2862 2270 2920 quem
2297 2845 2560 2901 Dominus
2585 2841 2744 2897 Iesus
2765 2839 3017 2897 Christus
3043 2846 3187 2894 stare
3212 2835 3554 2906 perhibetur,
3579 2831 3694 2887 vir-

2109 2939 2243 2995 tutis
2268 2945 2324 2993 et
2361 2935 2715 3006 protectionis
2739 2933 2791 2988 ei
2828 2938 3096 3002 praestans
3130 2929 3458 2999 adjutorium
3493 2935 3551 2982 et
3577 2941 3694 2981 mu-

2108 3030 2311 3085 nimen.
2345 3027 2483 3082 Nota
2511 3041 2632 3094 qum
2668 3024 2844 3079 bestia
2881 3023 3131 3092 superius
3177 3022 3232 3075 in
3277 3034 3440 3074 arena
3489 3019 3691 3082 maris,

2110 3134 2286 3190 agnus
2311 3118 2367 3171 in
2409 3123 2594 3170 monte
2631 3113 2762 3168 Sion
2791 3120 2938 3167 stare
2970 3111 3312 3180 perhibetur,
3353 3119 3410 3165 et
3447 3126 3570 3166 cum
3603 3109 3696 3165 illo

2110 3215 2328 3264 centum
2351 3203 2708 3274 quadraginta
2733 3208 2967 3270 quatuor
2993 3199 3178 3254 millia.
3208 3198 3308 3254 llic
3329 3208 3414 3255 est
3435 3212 3695 3254 numerus

2109 3294 2289 3365 populi
2319 3293 2434 3356 Dei,
2469 3292 2560 3346 bic
2591 3290 2780 3346 (initus
2804 3306 3062 3347 numerus
3087 3290 3308 3360 ponitur
3330 3305 3430 3359 pro
3457 3289 3692 3354 inﬁnito,

2111 3397 2168 3444 et
2199 3395 2450 3444 sacratus
2483 3384 2680 3440 secreti
2707 3382 3098 3455 signiﬁcatione
3123 3381 3386 3452 mysterii.
3423 3379 3564 3434 Nam
3587 3388 3697 3436 ter-

2111 3479 2267 3534 nario
2288 3491 2514 3532 numero
2542 3473 2811 3544 triplicata
2828 3472 2889 3527 ﬁt
2907 3472 3258 3537 novenarius,
3276 3479 3334 3526 et
3346 3469 3698 3541 quaternario

2114 3578 2310 3640 quater
2344 3568 2509 3624 ducto
2537 3565 2775 3621 sedecim
2814 3564 3044 3620 faciunt.
3071 3562 3268 3619 Novies
3301 3569 3487 3618 autem
3514 3561 3698 3618 decies

2114 3658 2295 3715 sexies
2323 3664 2539 3712 centum
2556 3695 2572 3720 ,
2602 3654 2960 3724 quadraginta
2988 3661 3223 3722 quatuor
3252 3651 3564 3720 implentur,
3589 3665 3700 3721 quo

2115 3763 2342 3806 numero
2369 3747 2594 3818 virginei
2628 3745 2897 3802 examinis
2925 3745 3152 3816 mystice
3184 3743 3455 3798 insinuata
3479 3749 3566 3798 est
3585 3742 3699 3812 ple-

2115 3841 2326 3905 nitudo,
2357 3847 2418 3894 ut
2445 3853 2568 3894 cum
2603 3837 2670 3893 de
2697 3837 2817 3893 istis
2847 3836 3206 3904 tam-copiosa
3228 3834 3425 3889 dicitur
3458 3833 3704 3889 multitu-

2117 3937 2205 4002 do,
2229 3937 2295 3992 de
2317 3934 2533 3990 caeteris
2557 3931 2814 3988 Ecclesia:
2851 3930 3113 3986 membris
3136 3943 3246 3983 non
3267 3927 3561 3983 dubitetur.

2191 4025 2453 4081 Habentes
2475 4039 2662 4077 nomen
2681 4021 2819 4091 ejus,
2834 4030 2883 4074 et
2907 4036 3091 4075 nomen
3111 4019 3299 4091 patris,
3313 4025 3419 4074 etc.
3440 4016 3707 4088 Superius

2119 4120 2266 4176 enim
2313 4119 2526 4174 dixerat
2567 4116 2634 4170 de
2671 4113 2846 4169 bestia
2892 4112 3217 4168 ascendente
3244 4111 3312 4166 de
3348 4117 3517 4175 terra,
3556 4109 3702 4179 quod

2119 4217 2322 4272 faceret
2349 4227 2540 4270 omnes
2569 4210 2814 4280 pusillos,
2837 4217 2894 4264 et
2919 4223 3144 4278 magnos
3172 4207 3386 4271 divites,
3419 4213 3478 4260 et
3499 4219 3699 4274 paupe-

2122 4324 2212 4364 res
2236 4307 2458 4369 liberos,
2485 4313 2540 4360 et
2561 4318 2748 4359 servos
2775 4302 2976 4357 habere
2991 4301 3366 4356 characterem
3384 4300 3443 4354 in
3467 4299 3693 4354 dextera

2124 4417 2310 4462 manu,
2357 4407 2415 4454 et
2457 4398 2510 4452 in
2554 4395 2823 4451 frontibus
2859 4395 2992 4450 suis.
3024 4393 3124 4448 Hic
3157 4401 3338 4447 autem
3367 4406 3401 4447 ει
3430 4390 3706 4446 contrario

448 4479 526 4534 3“
552 4491 568 4532 ³
599 4477 668 4532 E‘
689 4477 883 4531 “5m”
905 4475 1032 4582 (ἶπες
1257 4483 1335 4576 εδξ
1359 4474 1711 4530 mummium
1726 4474 1862 4544 εἰκε-
1887 4471 2022 4574 Quia
2048 4523 2100 4582 Ι)
2125 4490 2193 4546 de
2217 4488 2394 4544 servis
2421 4485 2544 4550 Dei,
2579 4499 2650 4539 ne
2691 4484 2807 4553 jam
2839 4483 3146 4537 vehementi
3183 4479 3578 4551 persecutionis
3605 4480 3706 4534 im-

449 4585 579 4643 crgo
602 4583 725 4625 uim
749 4566 962 4623 caneris
991 4564 1237 4621 ﬁdelibus
1257 4564 1481 4629 scimus,
1505 4579 1694 4620 verum
1719 4579 1842 4621 esse
1867 4564 2020 4619 testi-

451 4661 693 4717 monium
720 4657 873 4728 ejus,
901 4673 1154 4714 curemus
1187 4672 1283 4728 per
1308 4659 1518 4726 omnia,
1547 4665 1608 4713 ut
1637 4665 1782 4714 recta
1811 4656 1920 4714 ﬁde
1943 4657 2025 4712 in-

453 4751 742 4824 telligendo
766 4789 784 4817 ,
829 4755 977 4804 recta
1003 4748 1316 4820 Operatione
1340 4748 1647 4806 exercendo
1669 4763 1790 4818 quae
1815 4746 2021 4812 docuit,

427 4843 524 4908 .ad
544 4842 683 4907 dona
719 4838 1097 4910 perveniamus
1123 4838 1473 4908 sempiterna,
1507 4854 1628 4908 qua;
1660 4835 1912 4908 promisit
1929 4850 2028 4904 per

453 4931 743 4986 Dominum
767 4939 1010 4986 nostrum
1039 4927 1223 4986 Jesum
1251 4929 1550 4995 Christum,
1579 4930 1671 5000 qui
1693 4929 1829 4983 vivit
1852 4935 1909 4982 et
1936 4941 2025 4982 re-

455 5027 582 5090 gnat
611 5036 732 5076 cum
759 5018 920 5075 Patre
957 5019 1012 5074 in
1041 5019 1248 5075 unitate
1273 5018 1506 5090 Spiritus
1531 5019 1729 5086 sancti,
1757 5019 1900 5073 Dens
1933 5032 2032 5087 per

455 5111 638 5167 omnia
661 5110 857 5167 saecula
879 5110 1218 5167 saeculorum.
1251 5110 1443 5168 Amen.

1081 5253 1375 5298 CONCOBDIA

527 5368 587 5423 In
615 5367 718 5423 hoc
751 5366 979 5422 istarum
1017 5365 1246 5423 duarum
1284 5367 1345 5422 lit
1377 5367 1664 5423 concordia
1715 5367 2031 5434 lectionum,

469 5461 598 5532 quia
637 5459 877 5516 humano
905 5457 972 5513 de
998 5456 1223 5514 Joannis
1247 5466 1369 5513 actu
1392 5465 1447 5512 et
1463 5458 1701 5524 nomine,
1725 5467 1781 5514 et
1799 5458 1902 5514 alia
1927 5467 2040 5514 tan-

463 5559 578 5605 tum
605 5549 671 5605 de
706 5547 825 5618 ejus
865 5556 990 5603 actu
1023 5547 1229 5602 faciunt
1263 5547 1655 5603 rationabiliter
1688 5551 2036 5617 mentionem,

464 5643 560 5715 qui
587 5643 656 5697 ab
685 5641 832 5696 omni
872 5639 1190 5710 wntagione
1235 5638 1670 5706 immaculatum,
1704 5657 1826 5696 eum
1859 5641 2042 5698 Domi-

468 5751 571 5792 nus
603 5733 670 5790 ab
695 5729 919 5787 infantia
942 5729 1234 5786 custodivit
1262 5745 1385 5786 eum
1423 5739 1479 5786 et
1506 5743 1775 5802 sanctum,
1815 5735 1936 5791 ideo
1965 5737 2040 5793 illi

2125 4589 2274 4651 peto,
2302 4578 2390 4632 vel
2413 4575 2768 4632 succubuisse
2786 4575 3044 4643 aliquem,
3069 4572 3156 4627 vel
3179 4572 3425 4642 periisse,
3457 4571 3708 4626 inllrmus

2126 4670 2343 4725 animus
2375 4667 2690 4727 mstimaret,
2721 4664 2944 4720 subdit:
2978 4661 3240 4717 Habentes
3281 4678 3468 4717 nomen
3487 4662 3622 4732 ejus,
3653 4671 3704 4716 et

2127 4773 2314 4814 nomen
2341 4757 2508 4826 patris
2549 4754 2664 4824 ejus
2698 4754 2946 4822 scripturn
2989 4753 3045 4807 in
3088 4751 3343 4821 frontibus
3379 4753 3510 4806 suis.
3549 4751 3715 4818 Quod

2131 4845 2281 4908 dicit,
2309 4859 2528 4907 nomen,
2561 4841 2882 4913 intelligitur
2906 4842 3052 4912 agni,
3077 4851 3133 4896 et
3153 4857 3350 4896 nomen
3372 4840 3704 4914 patriseius,

2130 4934 2450 5001 intelligitur
2475 4932 2570 4987 Dei
2591 4931 2795 4986 Patris.

2203 5023 2273 5078 Et
2305 5023 2486 5078 audiui
2513 5038 2687 5077 vocem
2719 5021 2785 5076 de
2819 5021 2966 5076 casio.
3010 5021 3069 5076 Id
3102 5030 3208 5087 est,
3238 5021 3558 5085 Ecclesiam,
3587 5036 3711 5092 qua:

2132 5115 2330 5172 caelum
2359 5115 2560 5184 saepius
2596 5113 2651 5168 in
2695 5113 2892 5169 divinis
2931 5113 3243 5168 nominatur
3276 5111 3596 5182 Scripturis.
3634 5113 3712 5168 De

2135 5205 2381 5261 Ecclesia
2407 5205 2550 5260 enim
2580 5203 2842 5273 scriptum
2866 5213 2951 5260 est
2977 5223 2989 5258 :
3022 5201 3221 5258 (Icelum
3260 5205 3390 5258 mihi
3426 5206 3574 5260 sedes
3610 5215 3710 5262 est.

2136 5293 2206 5349 Et
2239 5293 2307 5349 de
2348 5291 2590 5360 ejusdem
2632 5293 2887 5348 Ecclesia:
2925 5293 3370 5362 praedicator'mus
3404 5296 3710 5365 scriptum:

2138 5381 2266 5438 Cati
2293 5391 2543 5438 enarrant
2579 5382 2801 5452 gloriam
2841 5382 2960 5436 Dei.
3003 5382 3194 5453 Magna
3232 5399 3334 5439 vox
3378 5392 3714 5454 sanctorum,

2140 5486 2334 5542 magna
2361 5480 2445 5526 est
2471 5470 2686 5526 devotio
2713 5471 3014 5534 charitatis,
3048 5486 3212 5540 quam
3245 5489 3306 5528 se
3333 5475 3400 5529 de
3434 5475 3573 5530 caelo
3613 5492 3714 5530 au-

2141 5560 2288 5616 disse
2323 5560 2514 5624 rel'ert,
2535 5574 2664 5615 cum
2697 5574 2793 5614 eos
2818 5561 2913 5627 qui
2935 5574 3120 5616 vocem
3162 5561 3465 5628 ediderunt,
3498 5564 3552 5618 in
3583 5563 3717 5620 Sion

2143 5659 2327 5706 monte
2373 5659 2520 5708 stare
2565 5650 2902 5719 prasdiceret,
2964 5660 3024 5706 ut
3065 5653 3315 5709 ostendat
3365 5669 3428 5710 se
3477 5667 3724 5712 montem

2147 5741 2279 5797 Sion
2317 5757 2425 5798 non
2472 5743 2617 5797 aliud
2647 5757 2813 5814 quam
2857 5743 3156 5800 Ecclesiam
3207 5746 3439 5814 dixisse,
3483 5764 3604 5819 quae
3649 5753 3722 5806 ad
