3946 6414
272 305 342 362 ιθ
1099 281 1620 346 COLLECTIONES
1656 281 1724 338 IN
1756 276 2146 340 EPISTULAS
2181 277 2269 335 ET
2305 275 2719 334 EVANGELIA.
3475 276 3545 342 θα

273 407 613 467 devincenda
651 401 964 477 gravamina
1004 414 1379 472 pressurarum
1401 438 1416 463 ,
1460 395 1678 452 sublimi
1718 409 1850 450 con-
1879 395 1930 458 Α
1955 391 2104 463 ginta
2145 391 2387 461 quinque
2425 390 2617 458 millia,
2643 389 2738 462 qui
2767 390 2934 462 empti
2959 398 3086 448 sunt
3111 389 3180 446 de
3208 397 3372 446 terra.
3419 388 3550 445 Sin-

276 501 628 574 templationc
685 508 869 554 erecta
931 494 1127 566 gaudio
1149 535 1164 560 ,
1219 492 1364 563 regis
1413 491 1497 546 sui
1549 489 1855 546 certamina

276 595 434 650 laude
463 591 622 648 simul
651 598 706 645 et
729 588 1038 644 imitatione
1063 583 1426 641 concelebrat.
1460 581 1574 637 Hoc
1601 589 1686 636 est
1708 579 1856 634 enim

275 685 547 741 veraciter
571 697 710 754 agno
737 679 902 736 stanti
931 677 1180 748 psallere.

349 774 626 846 Tanquam
673 787 848 826 uocem
887 784 1145 841 aquarum
1181 765 1493 829 multarum,
1524 773 1572 818 et
1607 771 1857 834 tanquam

275 882 450 933 uocem
505 863 723 917 tonitrui
769 861 968 930 magni.
1017 858 1156 926 Quid
1203 871 1301 927 per
1349 870 1540 912 vocem
1594 868 1859 924 aquarum

279 955 597 1018 multarum,
639 952 742 1007 nisi
769 967 874 1007 vox
901 949 1220 1020 intelligitur
1245 945 1697 1019 praedicatorum?
1719 943 1860 1012 Quid

278 1063 380 1119 per
415 1061 605 1101 vocem
645 1042 868 1098 tonitrui
909 1041 1111 1112 magni,
1143 1040 1249 1096 nisi
1279 1053 1382 1093 vos
1410 1036 1686 1107 Evangelii
1714 1035 1860 1091 desi-

279 1136 520 1207 gnatur?
593 1134 744 1191 Unde
791 1142 848 1188 ct
898 1133 1116 1203 quidam
1189 1131 1435 1202 apostoli.
1478 1131 1574 1186 ﬁlii
1635 1128 1858 1185 tonitrui

278 1226 666 1281 nominantur.
709 1224 967 1279 Tonitrua
1013 1223 1158 1278 enim
1205 1231 1333 1278 sunt
1383 1221 1714 1292 Evangelia,
1768 1220 1860 1276 ubi

279 1316 660 1371 comminando
686 1316 836 1369 aiunt
862 1331 875 1367 :
906 1311 1090 1367 Omnis
1122 1313 1301 1378 arbor,
1323 1329 1443 1384 qua
1468 1329 1572 1366 non
1601 1311 1729 1382 facit
1751 1311 1864 1381 [ru-

278 1415 419 1460 ctum
448 1406 662 1464 bonum.
691 1403 952 1459 exciditur
974 1411 1022 1456 et
1054 1403 1109 1455 in
1130 1403 1303 1474 ignem
1329 1401 1577 1456 mittitur.

351 1495 420 1550 Et
458 1511 636 1550 uocem
673 1511 828 1566 quam
867 1492 1065 1558 audivi,
1097 1493 1233 1547 sicut
1261 1491 1666 1547 eitharmdorum
1695 1492 1864 1546 citita-

280 1589 563 1643 rizantium
577 1589 632 1642 in
653 1587 868 1641 citharis
890 1586 1020 1640 suis.
1039 1585 1178 1653 Quid
1201 1598 1297 1655 per
1316 1597 1503 1640 vocem
1529 1585 1862 1640 citharizan-

281 1681 439 1746 tium,
467 1679 576 1734 nisi
604 1693 708 1732 vox
737 1692 974 1733 consona
1015 1677 1255 1732 omnium
1305 1675 1622 1747 designatur
1661 1676 1860 1745 praedi-

1957 482 2216 554 gulariler
2243 481 2518 538 canticum
2541 497 2679 552 agno
2707 493 2955 548 cantate,
2981 493 3068 538 est
3091 497 3218 538 cum
3242 496 3308 538 eo
3340 481 3396 537 in
3421 496 3546 552 per-

1957 581 2179 643 petuum
2205 588 2318 643 pra:
2345 572 2558 628 cunctis
2589 571 2834 628 fidelibus
2863 573 3031 628 etiam
3059 571 3126 628 de
3151 571 3336 627 carnis
3364 571 3548 628 incor-

1960 664 2210 733 ruptione
2254 662 2513 734 gaudere.
2566 661 2722 730 Quod
2759 671 2941 719 tamen
2963 664 3124 720 electi
3160 664 3347 720 caeteri
3374 664 3548 722 canti-

1959 770 2083 811 cum
2114 755 2304 812 audire
2340 765 2588 826 possunt,
2619 755 2748 811 licet
2772 757 2956 814 dicere
2989 768 3283 828 nequeunt,
3318 758 3412 828 qui
3449 773 3550 828 per

1961 848 2291 904 charitatem
2330 848 2552 919 quidem
2579 863 2648 904 ex
2677 847 2894 904 illorum
2918 848 3238 908 celsitudine
3261 850 3368 906 laeti
3397 857 3546 913 sunt.

1961 939 2208 1010 quamvis
2228 938 2299 994 ad
2327 953 2516 995 eorum
2546 939 2768 1008 praemia
2799 955 2905 995 non
2930 949 3240 1012 assurgunt.

2045 1029 2278 1102 Virgines
2294 1031 2433 1085 enim
2452 1039 2598 1096 sunt,
2612 1031 2665 1084 hi
2685 1031 2777 1101 qui
2797 1041 3087 1102 sequuntur
3099 1048 3296 1102 agnum
3314 1047 3541 1102 quorun-

1959 1137 2060 1193 σιω
2084 1121 2224 1176 ierit.
2269 1120 2398 1177 Bmc
2436 1121 2666 1190 pulchre
2701 1119 2895 1177 beatus
2925 1121 3278 1191 Augustinus,
3310 1120 3548 1191 virgines

1961 1212 2326 1278 admonendo,
2344 1212 2624 1282 exposuit:
2645 1229 2664 1263 ‹
2676 1210 2912 1282 Pergite,
2934 1211 3209 1282 inquiens,
3225 1211 3400 1267 sancti
3424 1211 3541 1274 Dei,

1960 1305 2117 1376 pueri
2142 1313 2201 1359 et
2219 1303 2434 1375 puellm,
2480 1319 2663 1362 mares
2709 1319 2776 1361 ac
2819 1303 3056 1371 feminas,
3105 1304 3320 1362 cmlibes
3359 1313 3415 1360 et
3463 1306 3544 1359 in-

1961 1401 2169 1463 nuptae,
2200 1393 2410 1465 pergite
2439 1395 2841 1464 perseverando
2867 1395 2921 1450 in
2954 1394 3137 1451 tinem.
3177 1396 3417 1452 Laudnte
3444 1396 3550 1452 Do-

1963 1484 2174 1540 minum
2237 1484 2468 1550 dulcius,
2517 1501 2678 1556 quem
2733 1486 2988 1556 cogitatis
3031 1487 3272 1544 uberius.
3321 1486 3548 1558 Sperate

1963 1578 2194 1644 felicius,
2221 1578 2307 1634 cui
2335 1578 2554 1634 servitis
2576 1578 2888 1634 instantius.
2914 1578 3110 1635 Amata
3132 1580 3434 1645 ardentius,
3459 1579 3547 1636 cui

1962 1668 2203 1736 placetis.
2227 1667 2507 1724 attentius.
2550 1667 2776 1725 Lumina
2804 1669 3068 1726 accinctis
3094 1678 3150 1726 et
3174 1669 3412 1728 lucernis
3460 1686 3549 1725 ar—

280 1779 552 1834 catorum,
601 1776 658 1824 et
696 1783 800 1823 una
837 1769 1129 1824 concordia
1161 1783 1368 1831 eorum,
1411 1782 1532 1837 qua:
1561 1768 1616 1822 in
1647 1768 1862 1822 mundis
1888 1773 1936 1838 Β
1964 1757 2216 1813 dentibus
2265 1765 2579 1830 exspectate
2631 1759 2921 1816 Dominum
2945 1800 2964 1826 ,
3018 1761 3237 1831 quando
3286 1761 3467 1817 veniat
3515 1777 3548 1816 a

284 1859 562 1924 cordibus,
613 1861 888 1914 canticum
927 1866 1186 1928 personat
1220 1857 1526 1913 citat-italis.
1573 1857 1863 1914 Concitha—

280 1951 428 2004 ristae
451 1949 549 2004 Dei
577 1964 765 2005 omnes
787 1950 964 2005 sancti
993 1957 1139 2015 sunt,
1170 1949 1260 2021 qui
1285 1965 1496 2004 carnem
1512 1966 1664 2004 suam
1683 1949 1859 2004 cruci-

277 2041 492 2110 figentes
519 2055 637 2093 curn
657 2041 797 2094 uitiis
820 2048 870 2094 et
893 2041 1323 2112 concupiscentiis
1346 2038 1496 2112 (Gal.
1521 2039 1600 2106 ν),
1638 2040 1862 2096 laudant

277 2147 401 2188 eum
430 2134 488 2187 in
517 2132 774 2202 psalterio
799 2141 854 2188 et
885 2133 1099 2188 cithara
1129 2147 1146 2187 :
1177 2141 1440 2203 quantum
1483 2132 1716 2203 amplius
1756 2132 1859 2199 illi,

278 2225 371 2294 qui
405 2223 677 2293 Angelicte
713 2223 996 2296 privilegio
1031 2224 1321 2291 castitatis,
1369 2232 1512 2280 totos
1551 2239 1613 2280 se
1654 2223 1863 2280 faciunt

278 2313 511 2370 Domino
550 2313 920 2370 holocaustum
968 2315 1346 2385 singulariter,
1394 2317 1727 2387 abnegantes
1769 2330 1859 2371 se-

275 2405 558 2476 metipsos,
586 2405 834 2462 tollentes
859 2421 1082 2462 crucem
1121 2422 1298 2474 suam,
1331 2415 1634 2478 sequuntur
1658 2421 1861 2480 agnum

271 2511 604 2567 quocunque
638 2499 783 2554 ierit.

345 2585 422 2641 Et
469 2589 753 2643 cantabant
803 2595 955 2661 quasi
1002 2594 1265 2647 canticum
1312 2608 1520 2647 novum.
1569 2592 1711 2659 Quid
1763 2607 1862 2663 per

275 2679 551 2734 canticum
581 2695 801 2747 novum,
831 2683 936 2736 nisi
961 2683 1169 2739 Nomm
1196 2684 1628 2749 Testamentum,
1653 2693 1708 2739 et
1729 2699 1862 2738 con-

276 2766 449 2824 tessio
499 2769 812 2840 designatur
849 2772 1111 2839 ﬁdelium,
1151 2773 1206 2828 id
1228 2783 1334 2840 est,
1361 2774 1524 2829 credo
1549 2775 1720 2830 Deum
1751 2774 1857 2829 Pa—

279 2868 422 2914 trem
467 2861 915 2930 omnipotentem,
949 2872 1006 2918 et
1042 2865 1098 2919 in
1142 2863 1327 2920 Iesum
1366 2864 1644 2920 Christum
1671 2864 1855 2920 Domi«

278 2967 408 3006 num
455 2961 700 3009 nostrum
729 2952 928 3008 Filium
955 2955 1096 3026 ejus,
1125 2964 1181 3011 et
1205 2955 1261 3010 in
1291 2954 1553 3025 Spiritum
1587 2964 1855 3012 sanctum.

279 3041 392 3098 Hoc
435 3043 578 3098 enim
623 3044 893 3100 canticum
929 3060 1127 3100 novum
1169 3053 1370 3108 cantat,
1406 3047 1524 3117 qui,
1553 3047 1723 3102 veteri
1761 3048 1860 3103 ho-

1963 1839 2172 1916 nuptiis
2212 1845 2365 1918 (Luc.
2392 1864 2469 1904 an
2494 1846 2537 1919 ).
2565 1848 2676 1905 Vos
2703 1848 2910 1904 atl'ertis
2936 1847 3006 1905 ad
3026 1850 3242 1920 nuptias
3267 1852 3392 1922 agni
3417 1867 3550 1908 can-

1962 1938 2148 1995 ticum.
2169 1954 2390 2005 novum,
2435 1941 2578 2011 quod
2624 1941 2915 1999 cantabitis
2958 1942 3014 1997 in
3035 1942 3284 2000 citharis
3321 1944 3544 2008 vestris,

1960 2031 2149 2102 utique
2175 2031 2304 2098 tale,
2327 2031 2488 2103 quale
2506 2047 2667 2089 nemo
2695 2035 2896 2104 poterit
2915 2034 3120 2101 dicere,
3149 2035 3258 2092 nisi
3289 2049 3406 2092 vos.
3445 2035 3539 2092 Sic

1961 2122 2108 2178 cnitn
2136 2137 2233 2179 vos
2266 2123 2402 2178 vidit
2442 2123 2498 2179 in
2531 2123 2856 2196 Apocalypsi
2883 2124 3122 2195 quidam,
3162 2140 3277 2196 pra:
3309 2125 3544 2190 caeteris,

1962 2212 2198 2270 dilectus
2235 2228 2414 2285 agno,
2467 2214 2562 2284 qui
2617 2215 2958 2272 discumbere
3002 2231 3166 2286 super
3191 2225 3382 2288 pectus
3427 2214 3547 2284 ejus

1961 2305 2154 2362 solitus
2179 2314 2318 2363 erat.
2350 2305 2470 2378 Ipse
2495 2322 2592 2364 vos
2620 2308 2757 2364 vidit
2785 2309 3076 2366 duodecies
3097 2309 3342 2366 duodena
3378 2309 3546 2366 millia

1961 2403 2275 2453 sanctorum
2313 2397 2777 2465 citharoedorum,
2832 2399 3052 2456 illibata:
3107 2401 3437 2471 virginitatis
3487 2403 3545 2457 iu

1959 2501 2190 2558 corpore
2213 2529 2230 2555 ,
2280 2488 2552 2546 inviolata
2601 2490 2846 2547 veritatis
2893 2491 2949 2546 in
2999 2491 3186 2548 corde.
3236 2490 3539 2562 Sequimini

1959 2590 2179 2647 agnum,
2226 2579 2355 2649 quia
2383 2587 2441 2635 et
2463 2581 2587 2652 agni
2627 2595 2758 2638 caro
2790 2583 2980 2653 utique
3025 2583 3199 2654 virgo.
3243 2582 3545 2652 Sequimini

1958 2683 2083 2723 eum
2123 2668 2440 2741 virginitate
2467 2672 2648 2728 cordis
2685 2680 2742 2728 et
2784 2674 2988 2739 carnis,
3034 2688 3355 2744 quocunque
3390 2674 3538 2732 ierit.

1959 2755 2102 2824 Quid
2127 2767 2212 2814 est
2237 2760 2384 2816 enim
2409 2761 2586 2832 sequi,
2616 2763 2722 2820 nisi
2752 2763 2974 2826 imitari,
3015 2765 3144 2834 quia
3177 2762 3418 2820 Christus
3446 2782 3544 2835 pro

1959 2848 2106 2903 nobis
2137 2867 2326 2921 passus
2356 2859 2455 2916 est,
2495 2851 2793 2924 relinquens
2837 2853 2986 2909 nobis
3024 2854 3343 2928 exemplum,
3374 2864 3430 2910 ut
3458 2872 3547 2912 se-

1955 2941 2244 3009 qaerensini
2281 2943 2495 3013 vestigia
2521 2943 2636 3013 ejus
2655 2964 2674 2996 ι
2703 2943 2755 3015 (Ι
2780 2941 2927 2998 Petr.
2956 2943 3044 3016 ιι).

2028 3029 2101 3084 Hi
2130 3041 2276 3098 sunt,
2300 3034 2390 3103 qui
2431 3049 2550 3088 cum
2582 3034 2891 3090 mulieribus
2918 3051 3026 3090 non
3042 3046 3168 3090 sunt
3196 3037 3544 3107 coinquinati,

280 3133 430 3190 mine
451 3134 715 3203 deposito,
736 3149 835 3205 per
854 3136 1081 3207 gratiam
1106 3136 1446 3208 baptismatis
1470 3137 1758 3193 innovatur
1781 3137 1855 3194 [ε-

1962 3122 2185 3193 virgines
2241 3124 2380 3177 enim
2420 3133 2564 3180 sunt.
2596 3123 2842 3196 Virgines
2868 3127 3012 3181 enim
3061 3127 3195 3184 dicit
3230 3129 3546 3200 integritate

276 3225 477 3282 liciter.
512 3225 617 3282 iste
636 3236 832 3283 cantus
858 3228 950 3298 qui
975 3237 1212 3284 mentem
1240 3229 1587 3298 purissimam
1613 3229 1858 3286 consola-

278 3327 387 3383 tur,
415 3317 507 3388 qui
537 3317 845 3374 medullitus
869 3319 1189 3388 delectatur,
1218 3322 1322 3376 hoc
1345 3336 1518 3376 novus
1544 3323 1708 3377 homo
1730 3337 1859 3378 can-

279 3417 398 3464 tare
439 3409 600 3464 debet
633 3411 902 3465 canticum
936 3425 1134 3466 novum
1162 3427 1268 3466 non
1300 3421 1477 3477 vetus,
1505 3412 1597 3481 qui
1626 3413 1857 3468 necdum

278 3497 410 3553 Adae
431 3507 654 3568 peccata
675 3499 938 3570 deposuit.
963 3498 1146 3556 Novus
1169 3501 1354 3570 utique
1376 3510 1572 3556 cantus
1599 3508 1706 3568 est,
1729 3502 1856 3573 quia

280 3605 557 3660 nunquam
579 3590 742 3645 talem
769 3599 930 3647 antea
955 3591 1190 3648 mundus
1216 3593 1442 3648 audivit.

351 3681 583 3736 Novum.
621 3681 776 3749 Quod
802 3682 948 3739 nulla
976 3692 1246 3740 vetustate
1269 3685 1570 3752 sordescat,
1597 3685 1692 3741 sed
1719 3699 1858 3742 sem-

277 3787 376 3842 per
403 3772 454 3825 in
480 3772 564 3827 sui
588 3772 866 3843 dignitatis
886 3774 1064 3843 gratia
1089 3785 1415 3844 perseveret.

347 3862 486 3916 Ante
509 3862 704 3916 sedem
737 3860 907 3918 Sedes
937 3863 1179 3919 Ecclesia
1207 3877 1293 3919 est
1312 3863 1571 3934 perfecta,
1601 3879 1724 3935 qua:
1747 3879 1858 3920 meo

279 3955 392 4008 ruit
411 3953 609 4009 emtum
630 3968 772 4020 esse,
791 3969 860 4010 eo
882 3955 1026 4024 quod
1053 3956 1124 4011 sit
1149 3955 1517 4012 habitaculum
1541 3956 1658 4012 Dei.
1687 3955 1856 4015 Sedes

279 4054 409 4102 sunt
443 4044 742 4101 Salvatoris
768 4045 1008 4112 Domini,
1031 4062 1170 4116 quas
1189 4047 1282 4103 ille
1307 4062 1406 4102 sua
1433 4047 1719 4118 majpstate
1737 4046 1854 4116 jam

279 4139 539 4208 possidet,
580 4138 722 4196 sicut
745 4138 942 4210 legitur
967 4157 981 4193 :
1005 4137 1174 4194 Sedes.
1203 4139 1475 4210 sapientia:
1511 4140 1692 4194 ursinus
1717 4138 1854 4209 justi

275 4240 354 4286 est
383 4229 532 4302 (Sap.
563 4230 687 4301 vn).

351 4321 422 4375 Et
450 4330 572 4376 ante
591 4331 820 4392 quatuor
854 4321 1129 4376 animalia.
1171 4321 1419 4390 Quatuor
1453 4321 1601 4377 enim
1642 4323 1852 4378 anima-

279 4411 354 4467 lia
401 4420 631 4482 quatuor
671 4411 958 4484 designant
1007 4413 1297 4484 Evangelia
1324 4452 1342 4479 ,
1403 4428 1525 4484 qua:
1569 4413 1678 4470 alio
1728 4414 1850 4471 loco

1963 3213 2108 3270 ﬁdei.
2146 3213 2240 3269 Sic
2276 3214 2344 3270 de
2374 3214 2666 3272 universali
2696 3214 2936 3272 Ecclesia
2964 3215 3204 3288 loquitur
3224 3217 3540 3289 Apostolus,

1960 3306 2145 3362 dicens
2172 3323 2185 3360 :
2216 3305 2482 3378 Despondi
2516 3324 2603 3362 vos
2647 3308 2740 3362 uni
2765 3308 2897 3373 uiro,
2929 3308 3180 3380 uirginem
3224 3321 3424 3364 castam
3451 3327 3542 3366 ea:-

1960 3397 2136 3453 Itibere
2175 3393 2575 3465 Clarium-nant
2603 3407 2658 3453 et
2686 3397 2826 3452 hanc
2874 3397 3140 3455 visionem
3184 3398 3539 3478 'l‘hichonius,

1959 3502 2070 3543 non
2109 3487 2177 3543 de
2214 3487 2514 3559 virginibus
2554 3486 2862 3558 specialiter
2911 3497 3142 3555 tantum,
3199 3481 3293 3546 sed
3323 3491 3389 3546 de
3431 3501 3544 3547 tota

1957 3580 2286 3652 generaliter
2325 3582 2718 3653 interpretatur
2779 3581 3042 3640 Ecclesia.
3091 3581 3158 3639 lli
3201 3585 3368 3656 empti
3417 3597 3547 3642 sunt

1956 3687 2025 3728 es
2053 3673 2364 3729 hominibus
2402 3674 2654 3744 primitiae
2681 3675 2794 3730 Deo
2817 3683 2873 3730 et
2901 3690 3064 3748 agno,
3117 3678 3378 3749 redempti
3418 3693 3545 3749 pres

1957 3763 2098 3820 tioso
2123 3765 2386 3838 sanguine
2412 3764 2635 3830 Christi,
2668 3774 2728 3821 ut
2751 3766 3039 3837 Apostolus
3059 3768 3137 3823 ait
3162 3783 3176 3822 :
3205 3767 3385 3840 Empti
3404 3770 3544 3825 enim

1955 3855 2078 3910 estis
2101 3857 2269 3926 pretio
2297 3872 2512 3926 magno,
2539 3855 2832 3931 gloriﬁcate
2855 3867 2904 3912 et
2933 3868 3138 3929 portate
3171 3855 3456 3914 Dominum
3487 3861 3543 3916 in

1954 3963 2172 4018 corpore
2209 3956 2375 4003 oestro
2411 3945 2465 4020 (1
2494 3948 2617 4004 Cor.
2653 3948 2752 4022 vt).
2792 3949 2886 4007 11m
2913 3950 3166 4020 primitiae
3193 3952 3260 4008 de
3290 3951 3381 4007 illo
3407 3967 3534 4008 san-

1956 4043 2044 4090 cto
2066 4044 2120 4091 et
2145 4036 2494 4093 immaculato
2517 4038 2776 4094 Ecclesia:
2809 4053 3003 4111 grege,
3031 4040 3184 4110 quasi
3217 4042 3537 4108 sanctiores,

1953 4127 2268 4198 prioresque
2288 4130 2498 4196 hostiae,
2529 4145 2628 4202 pro
2653 4131 2946 4188 voluntatis
2971 4147 3084 4188 suae
3110 4133 3341 4198 meritis,
3373 4149 3402 4188 a
3417 4134 3541 4206 Spi-

1837 4265 1840 4268 .
1953 4217 2063 4272 ritu
2088 4226 2276 4274 sancto
2297 4219 2596 4290 eliguntur.

2026 4308 2096 4364 Et
2123 4311 2180 4364 in
2220 4327 2312 4366 ore
2355 4312 2589 4380 ipsorum
2632 4329 2740 4366 non
2776 4321 2851 4368 est
2890 4314 3155 4371 inventum
3182 4315 3536 4373 mendacium.

1957 4399 2076 4457 Non
2119 4401 2294 4457 dixit:
2322 4401 2436 4458 Non
2464 4403 2564 4458 fuit
2595 4403 2646 4458 in
2673 4419 2770 4458 ore
2807 4419 2995 4460 eorum
3037 4407 3402 4472 mendacium,
3440 4412 3556 4484 sed,

278 4467 438 4574 plena
465 4501 636 4557 oculis
673 4467 818 4558 ante”
835 4510 892 4558 et
934 4467 1504 4561 retro-deuscribumitr.
1531 4503 1693 4570 Ante,
1723 4506 1852 4576 quia

1962 4507 2064 4547 non
2088 4499 2176 4548 est
2210 4492 2510 4548 inventum.
2569 4492 2724 4549 Sicut
2764 4493 3053 4565 Apostolus
3096 4497 3268 4552 dicit:
3301 4497 3367 4553 Et
3391 4467 3399 4472 ⁷
3423 4501 3536 4554 Iure

277 4593 348 4649 de
369 4591 553 4650 futuro
571 4591 776 4662 judicio
803 4593 1124 4663 praedicant.

347 4682 530 4738 Retro.
571 4683 717 4751 Quia
750 4684 820 4740 de
863 4685 1044 4742 Veteri
1090 4685 1439 4743 Testamento
1481 4686 1852 4744 testimonium

277 4773 498 4830 donant.
526 4775 681 4843 Quod
706 4785 886 4832 autem
916 4779 1165 4848 sequitur
1195 4797 1208 4832 :

345 4863 417 4918 Et
452 4867 704 4922 seniores.
740 4866 866 4923 lllos
907 4868 1202 4940 signiﬁcat,
1247 4869 1316 4925 de
1352 4869 1552 4940 quibus
1593 4869 1847 4940 superius

275 4955 487 5010 dixerat
507 4973 524 5012 :
1099 4991 1102 4996 -

342 5047 412 5101 Et
429 5049 486 5103 in
503 5049 726 5104 circuitu
751 5051 888 5108 sedis
906 5051 1094 5106 sedilia
1114 5053 1296 5123 uiginti
1315 5062 1544 5124 quatuor
1566 5051 1758 5119 millia,
1797 5063 1848 5110 et

272 5152 428 5207 super
455 5139 666 5194 thronos
693 5141 875 5211 viginti
907 5152 1136 5213 quatuor
1168 5145 1420 5211 seniores,
1448 5145 1682 5200 sedentes
1707 5147 1846 5200 ami-

273 5230 342 5284 cti
369 5231 683 5286 vestimentis
712 5231 867 5287 albis.
899 5233 1002 5300 Qui
1031 5235 1146 5289 sive
1159 5235 1482 5306 Decalogum
1511 5237 1846 5306 duplicatum

274 5329 330 5376 et
347 5329 586 5390 quatuor
605 5322 912 5393 signiﬁcant
936 5325 1249 5395 Evangelia,
1277 5327 1394 5381 sive
1417 5327 1700 5383 duodecim
1721 5342 1847 5398 apo-

273 5410 458 5475 stolos,
485 5418 544 5466 et
568 5411 852 5468 duodecim
885 5415 1246 5484 patriarchas,
1289 5415 1345 5470 id
1373 5423 1478 5479 est,
1511 5415 1641 5481 Noe,
1673 5417 1846 5474 Abra-

271 5499 418 5564 ham,
463 5499 636 5566 Isaac,
677 5499 868 5567 Iacob,
912 5503 1151 5576 Moysen,
1177 5505 1383 5572 Aaron,
1413 5503 1597 5569 Iosue,
1624 5507 1842 5574 lsaiam,

274 5588 602 5646 Hieremiam
625 5631 644 5658 ,
695 5591 1058 5659 Ezechielem,
1100 5595 1376 5652 Danielem
1423 5604 1482 5652 et
1525 5596 1715 5654 David.
1776 5599 1845 5656 Et

269 5695 435 5741 aetna
467 5689 679 5753 poterat
715 5682 896 5741 dicere
937 5685 1206 5745 canticum
1234 5686 1338 5746 nisi
1366 5693 1587 5747 centum
1609 5689 1843 5759 quadra-

1952 4581 2162 4653 quidem
2203 4582 2400 4653 fuistis,
2427 4583 2518 4638 sed
2559 4584 2730 4639 abluti
2763 4587 2887 4640 estis
2924 4585 2974 4659 (I
3001 4585 3122 4640 Cor.
3150 4587 3248 4657 vt).
3289 4586 3392 4643 Et:
3422 4587 3536 4643 lni-

1951 4675 2124 4746 quitas
2157 4675 2345 4746 injusti
2371 4692 2474 4730 non
2502 4675 2702 4731 nocebit
2748 4677 2818 4743 ei,
2856 4693 2963 4748 qua
2996 4678 3084 4733 die
3115 4695 3392 4735 conversus
3422 4679 3537 4746 [ue-

1953 4765 2020 4818 rit
2049 4765 2114 4820 ab
2143 4765 2422 4838 iniquitate
2454 4783 2577 4831 sua,
2626 4777 2682 4822 et
2715 4767 2920 4838 poterit
2944 4783 3066 4824 esse
3091 4768 3267 4839 virgo,
3296 4778 3353 4824 et
3380 4769 3536 4826 dolus

1953 4853 2007 4909 in
2028 4869 2124 4911 ore
2150 4854 2270 4924 ejus
2307 4872 2417 4912 non
2462 4857 2714 4914 inveniri.
2748 4860 2997 4932 Virgines
3019 4863 3166 4917 enim
3192 4872 3376 4920 castos
3402 4864 3536 4920 dicit

1950 4956 2010 5003 et
2042 4949 2286 5020 pudicos.
2332 4949 2462 5007 Sine
2511 4950 2720 5006 macula
2769 4960 2895 5007 sunt
2940 4961 3067 5013 ante
3112 4956 3364 5010 thronum
3413 4955 3529 5012 Dei.

1953 5039 2086 5096 Sine
2136 5040 2374 5110 macula,
2428 5041 2532 5097 hoc
2579 5049 2684 5108 est,
2737 5043 2856 5098 sine
2888 5053 3129 5116 peccato.
3184 5046 3334 5102 Tunc
3387 5048 3533 5104 enim

1943 5129 2079 5200 justi
2110 5131 2444 5187 immaculati
2492 5141 2642 5200 sunt,
2688 5134 2904 5203 quando
2936 5134 3284 5200 indulgentiae
3310 5153 3531 5194 munera

1947 5230 2373 5301 consequuntur,
2407 5222 2548 5278 sicut
2572 5221 2846 5294 Propheta
2872 5225 3039 5280 dicit:
3069 5225 3290 5283 Lavabis
3331 5244 3432 5294 me,
3480 5240 3530 5282 et

1945 5332 2104 5387 super
2149 5316 2318 5371 niuem
2366 5315 2651 5372 dealbnbor
2698 5315 2872 5391 (Psal.
2918 5320 3016 5390 ι).
3060 5321 3211 5378 Beati
3255 5338 3383 5395 ergo
3429 5324 3529 5380 int-

1947 5405 2241 5472 maculati,
2301 5406 2395 5476 qui
2451 5405 2507 5461 in
2561 5406 2730 5462 vitam
2784 5418 3046 5467 aeternam
3109 5419 3387 5470 merentur
3439 5413 3527 5470 im-

1948 5503 2116 5552 trare.

2282 5600 2618 5644 EVANGBLIUX
2658 5603 2940 5654 IlA'l'TlltEl.’
2980 5604 3104 5644 CAP.
3145 5605 3206 5648 ιι.

2017 5707 2042 5746 s
2073 5692 2210 5749 Ecce
2242 5693 2467 5764 angelus
2500 5692 2707 5753 Domini
2728 5695 2976 5768 apparuit
2996 5695 3051 5752 in
3073 5696 3276 5754 somnis
3295 5695 3520 5768 Ioseph,
