3946 6416
268 302 337 360 53
1083 292 1600 356 COLLECTIONES
1637 276 1706 352 tu
1747 293 2128 354 EPISTOLAS
2163 296 2253 354 nr
2294 297 2707 357 emacem.
3441 313 3511 370 ει

260 415 454 472 occisis
481 426 638 485 posse
683 410 902 479 auferri,
935 411 1029 468 sed
1057 427 1150 470 eos
1183 408 1448 468 veraciter
1489 411 1781 468 contestari
1811 427 1823 463 :
1855 407 1908 468 Δ
2001 408 2259 481 Defuncto
2312 420 2487 466 autem
2518 411 2747 468 Herode.
2787 412 2982 472 Obitus
3029 417 3228 489 quippe
3257 417 3510 489 Herodis,

263 508 393 575 Quia
425 508 533 561 sive
569 506 799 569 uiuimus,
857 503 1083 560 Domino
1133 504 1504 572 oivimus,sioe
1554 504 1832 569 morimur,

263 600 484 655 Domino
515 597 770 652 morimur
794 592 979 669 (Rom.
1009 594 1148 667 xiv).

332 689 475 745 Tunc
507 686 843 759 adimpletum
886 695 964 740 est
1011 687 1152 758 quod
1181 687 1379 740 dictum
1417 695 1491 740 est
1519 702 1614 757 per
1641 684 1834 739 Hiere-

259 789 416 842 miam
449 780 754 854 prophetam
782 819 798 846 ,
835 779 1110 833 dicentem.
1147 779 1246 834 ilic
1277 777 1580 834 Hieremias
1633 778 1834 833 veteris

258 875 571 934 recordatus
614 870 874 934 historiae,
923 884 1048 925 cum
1092 877 1315 940 propter
1358 884 1586 925 uxorem
1632 867 1837 924 Levitis

257 964 592 1022 fornicationi
613 970 875 1026 coactam,
904 976 968 1016 ac
999 975 1099 1032 per
1120 963 1224 1016 hoc
1250 969 1543 1026 mortuam,
1575 965 1631 1014 et
1666 975 1696 1014 a
1720 974 1836 1013 ma-

257 1059 358 1114 rito
382 1058 434 1113 in
463 1053 746 1111 duodecim
799 1061 1006 1123 partes,
1057 1052 1340 1108 duodecim
1384 1051 1556 1108 tribus
1581 1051 1831 1116 divisam,

255 1151 430 1205 omnis
478 1147 640 1204 lsrael
699 1161 1052 1218 consurgens,
1087 1153 1258 1201 totam
1313 1146 1515 1202 tribum
1549 1145 1832 1210 deleverit,

255 1247 552 1294 treeentum
602 1245 809 1292 tantum
847 1237 980 1291 viris
1018 1238 1442 1302 remanentibus,
1490 1237 1738 1308 ploratus
1776 1245 1834 1292 et

255 1330 504 1394 ululatus,
538 1329 930 1384 remanentium
957 1328 1164 1383 scilicet
1187 1336 1245 1384 et
1273 1327 1702 1385 interfectorum.

333 1419 442 1473 Vox
468 1421 524 1474 in
557 1419 725 1472 Roma
761 1419 943 1472 audita
976 1427 1072 1484 est,
1101 1426 1206 1473 etc.
1239 1419 1393 1486 Quod
1421 1426 1604 1475 autem
1630 1418 1832 1474 dicitur

254 1513 307 1568 in
348 1511 536 1575 Rama,
595 1527 699 1567 non
758 1519 1005 1582 putemus
1041 1497 1238 1567 nomen
1265 1511 1368 1567 loci
1416 1525 1558 1576 esse,
1612 1511 1705 1581 qui
1748 1518 1833 1566 est

247 1604 396 1674 juxta
421 1601 627 1667 Gabaa,
665 1603 761 1658 sed
793 1603 960 1656 flama
987 1603 1263 1658 excelsum
1311 1603 1718 1674 interpretatur,
1771 1610 1835 1658 ut

251 1703 322 1748 sit
346 1707 557 1760 sensus,
593 1695 709 1749 Vox
733 1694 796 1749 in
843 1695 1058 1750 excelso
1086 1696 1269 1751 audita
1295 1703 1400 1761 est,
1436 1697 1489 1752 id
1515 1703 1622 1761 est,
1672 1695 1831 1768 longe

1935 503 2228 558 terminum
2269 503 2584 560 intentionis
2625 505 2929 574 malitiosa,
2976 523 3085 579 qua
3137 525 3283 568 nunc
3326 521 3518 570 contra

1933 594 2230 650 Ecclesium
2251 592 2431 650 Judaes
2455 595 2632 662 saevit,
2655 596 2915 652 insinuat.

2005 687 2142 742 Ecce
2175 690 2422 759 apparuit
2449 689 2665 759 angelus
2702 690 2918 744 Domini
2939 693 2996 746 iu
3021 694 3218 747 somnis
3243 693 3434 766 Josph,
3462 697 3522 751 in

1932 776 2168 848 [Egypto
2195 779 2374 832 dicens
2401 792 2422 831 :
2450 777 2623 850 Surge
2647 789 2696 834 et
2743 782 2922 850 accipe
2946 797 3170 852 puerum
3220 793 3270 837 et
3291 795 3518 840 matrem

1932 867 2071 938 ejus,
2097 875 2144 921 et
2163 868 2294 922 vade
2321 869 2376 922 in
2400 877 2596 922 terram
2623 868 2814 924 Israel.
2841 869 2899 924 In
2918 871 3145 935 somnis,
3175 872 3278 927 hoc
3302 888 3520 943 semper

1933 958 2219 1028 signiﬁcat,
2253 961 2380 1030 quia
2400 960 2633 1016 mortuis
2662 962 2863 1016 mundo
2907 963 3082 1033 angeli
3112 971 3237 1019 sunt
3273 979 3516 1034 praesen-

1935 1059 2038 1104 tes.
2075 1049 2229 1117 Quod
2259 1060 2441 1105 autem
2485 1049 2742 1107 defuncto
2761 1051 2994 1118 Herode,
3027 1052 3171 1107 redit
3219 1052 3276 1107 in
3314 1062 3519 1110 terram

1932 1141 2095 1196 lsrael
2117 1140 2297 1207 Jesus,
2330 1141 2489 1196 ﬁnem
2536 1141 2718 1200 saeculi
2744 1141 3044 1208 denuntiat,
3083 1143 3300 1211 quando
3331 1143 3516 1199 Enoch

1932 1239 1989 1288 et
2017 1231 2166 1286 Helia
2197 1230 2638 1301 praedicantibus,
2660 1229 2830 1286 suam
2859 1230 3035 1300 sopita
3065 1231 3339 1288 moderate
3382 1231 3520 1286 invi-

1932 1322 2036 1378 dia:
2059 1321 2297 1385 ﬂamma,
2333 1321 2492 1376 ﬁdem
2519 1321 2766 1376 veritatis
2790 1320 3078 1390 accipient.
3110 1321 3177 1376 Et
3207 1322 3364 1387 bene,
3393 1337 3519 1379 cum

1931 1411 2171 1467 intimam
2207 1411 2452 1487 deserit,
2485 1411 2670 1482 fugere
2699 1424 2756 1466 et
2803 1411 2909 1468 hoc
2960 1411 3018 1465 in
3068 1419 3228 1467 nocte
3272 1413 3515 1468 dicitur:

1931 1517 2055 1558 cu
2082 1518 2209 1558 vero
2236 1503 2552 1568 revertitur,
2583 1502 2727 1558 nulla
2751 1517 2858 1558 non
2895 1501 3069 1558 solum
3101 1501 3265 1573 fuga,
3294 1504 3392 1560 sed
3414 1519 3518 1558 nec

1932 1595 2110 1651 noctis
2156 1595 2216 1650 ﬁt
2254 1595 2478 1659 mentio,
2517 1595 2644 1664 quia
2671 1595 2952 1659 nimirum,
2975 1611 3113 1666 quos
3141 1606 3237 1651 aut
3261 1604 3516 1666 peccato-

1933 1701 2054 1742 rum
2103 1688 2340 1744 tenebris
2385 1687 2517 1743 olim
2543 1696 2920 1756 persecutores
2949 1688 3194 1757 reliquit,
3244 1689 3392 1759 ipsos
3445 1689 3516 1745 ob

253 1785 459 1854 lateque
532 1785 792 1854 dispersa.
849 1784 988 1852 Quid
1053 1787 1198 1840 enim
1248 1787 1418 1841 Rama
1463 1787 1702 1858 pertinet
1759 1765 1828 1841 ad
1856 1765 1904 1824 Β
1931 1778 2106 1833 lucem
2138 1777 2262 1833 ﬁdei
2292 1777 2509 1833 “ﬁdem
2533 1791 2593 1832 58
2621 1786 2926 1846 mnum
2949 1778 3157 1833 ι’θνίείίο

254 1874 488 1930 Racliel?
513 1873 716 1930 Rachel
760 1883 936 1929 mater
961 1875 1063 1930 fuit
1105 1875 1408 1944 Beniamin,
1439 1892 1603 1948 quam
1639 1875 1832 1932 defun-

250 1976 388 2022 ctam
419 1968 682 2038 sepeliere
719 1969 774 2022 in
800 1967 1176 2038 hippodromo,
1206 1968 1405 2038 quiest
1431 1969 1586 2039 juxta
1616 1965 1825 2023 Bethel.

249 2059 380 2126 Quia
429 2058 595 2130 igitur
618 2066 672 2114 et
712 2059 1018 2128 sepulcrum
1046 2060 1280 2114 vicinum
1308 2068 1462 2126 erat,
1506 2067 1561 2115 et
1604 2071 1829 2129 campus

247 2150 344 2219 ipsi
373 2149 652 2220 Beniamin
680 2156 825 2205 sorte
869 2149 1224 2221 contingerat,
1281 2150 1449 2204 Rama
1493 2165 1708 2220 quoque
1757 2149 1828 2204 sd

247 2241 486 2294 eamdem
521 2240 824 2310 pertinebat
847 2240 1068 2305 tribum,
1095 2247 1151 2295 et
1195 2255 1226 2294 a
1280 2241 1641 2311 principibus,
1672 2247 1729 2296 et
1757 2240 1827 2297 ab

250 2328 360 2398 ipso
387 2329 784 2386 interfectionis
808 2329 946 2396 loco,
975 2339 1374 2400 consequenter
1397 2345 1512 2400 eos,
1539 2331 1633 2401 qui
1655 2330 1826 2387 occisi

249 2429 389 2487 sunt,
420 2420 564 2476 ﬁlios
590 2420 708 2490 ejus
726 2421 955 2476 vocavit.
1006 2420 1336 2491 Spiritaliter
1367 2436 1472 2475 vox
1527 2421 1584 2476 in
1630 2420 1822 2487 Rama,

252 2511 303 2565 id
331 2519 414 2566 est
460 2512 521 2565 in
549 2512 785 2578 excelso,
816 2521 872 2568 et
897 2513 1143 2584 ploratus
1198 2521 1258 2567 et
1304 2511 1541 2568 ululatus
1597 2512 1823 2580 multus,

246 2598 533 2656 manifeste
566 2601 849 2657 denuntiat
875 2602 1079 2658 luctum
1122 2610 1328 2658 sanctae
1351 2601 1631 2668 Ecclesia,
1678 2602 1825 2672 quod

241 2688 308 2744 de
332 2688 533 2759 iniusta
557 2693 924 2748 membrorum
952 2707 1175 2749 suorum
1201 2707 1336 2749 nece
1373 2693 1564 2764 gemit,
1593 2708 1723 2760 non,
1762 2699 1826 2749 ut

243 2781 421 2837 hostes
449 2782 720 2854 garriunt,
767 2783 823 2837 in
861 2796 1093 2838 vacuum
1139 2782 1354 2848 cedere,
1389 2782 1487 2840 sed
1535 2797 1708 2854 usque
1752 2783 1824 2839 ad

241 2871 429 2927 solium
463 2871 689 2944 superni
721 2873 1013 2929 ascendere
1029 2871 1248 2942 indicis,
1271 2880 1329 2929 et
1346 2873 1488 2928 sicut
1515 2882 1824 2944 protomar-

244 2964 372 3035 tyris
395 2963 558 3029 Abel,
589 2964 664 3018 ita
698 2965 862 3019 etiam
886 2963 1210 3036 sanguinem
1241 2972 1565 3020 ceterorum
1605 2971 1818 3036 marty-

242 3068 357 3108 rum
377 3053 617 3109 clamare
640 3054 707 3108 ad
728 3053 1036 3109 Dominum.

312 3141 515 3198 Rachel
553 3142 767 3215 plorans
794 3143 934 3213 ﬁlios
973 3159 1118 3199 suos.
1166 3142 1245 3199 De
1277 3142 1480 3199 Rachel
1527 3149 1690 3200 natus
1734 3150 1821 3200 est
1845 3112 1890 3176 ο

242 3235 540 3306 Beniamin,
566 3235 621 3290 in
650 3234 804 3305 cujus
829 3236 972 3299 tribu
997 3251 1146 3292 nunc
1169 3242 1255 3292 est
1281 3235 1582 3292 Bethleem.
1613 3234 1822 3303 Quatri-

244 3337 329 3384 tur
347 3343 480 3400 ergo
500 3329 771 3398 quomodo
784 3327 987 3384 Rachel
1008 3327 1148 3385 ﬁlios
1164 3326 1335 3394 inde,
1353 3328 1406 3384 id
1425 3335 1530 3393 est,
1543 3327 1821 3385 Bethleem

241 3421 392 3490 quasi
439 3435 572 3476 suos
616 3419 809 3490 ploret.
868 3420 1336 3491 Respondebimus
1381 3420 1639 3487 breviter,
1691 3420 1819 3490 quia

237 3510 446 3580 sepulta
477 3510 550 3565 sit
569 3507 728 3579 juxta
755 3509 1031 3567 Bethleem
1058 3511 1115 3566 in
1135 3511 1397 3582 Ephrata,
1421 3518 1477 3566 et
1495 3525 1564 3566 ex
1615 3518 1821 3570 ueterno

239 3599 542 3671 corpusculi
597 3601 830 3672 hospitio
870 3600 1063 3657 matris
1111 3616 1310 3657 nomen
1350 3601 1640 3671 acceperit.
1691 3600 1822 3660 Sive

237 3692 496 3760 quoniam
525 3690 676 3746 ludas
701 3699 758 3746 et
779 3690 1060 3761 Beniamin
1082 3691 1204 3747 dum
1223 3692 1399 3747 tribus
1419 3690 1620 3760 iunctm
1637 3699 1817 3758 erant,

238 3791 293 3834 et
321 3779 565 3835 Herodes
601 3789 954 3850 pmcepemt,
998 3795 1108 3836 non
1133 3780 1308 3836 solum
1350 3781 1404 3836 in
1434 3781 1709 3837 Bethleem
1738 3781 1820 3836 in-

240 3868 409 3925 terﬁci
431 3883 650 3940 pueros,
681 3868 775 3924 sed
799 3875 855 3924 et
880 3869 934 3924 in
969 3869 1222 3924 omnibus
1250 3869 1397 3924 circa
1441 3868 1639 3925 ﬁnibus
1673 3868 1814 3939 ejus,

237 3974 332 4030 per
350 3960 696 4016 occasionem
722 3959 1011 4027 Bethleem,
1051 3959 1401 4031 intelligimus
1425 3959 1628 4018 multos
1650 3960 1817 4016 etiam

1999 1867 2248 1936 Defuncti
2279 1868 2416 1921 enim
2437 1876 2582 1933 sunt,
2615 1867 2704 1939 qui
2746 1867 3048 1942 quaerebant
3082 1868 3314 1921 animam
3341 1868 3512 1938 pueri.

1928 1959 2029 2032 (Ex
2053 1958 2298 2032 Hieron.)
2327 1957 2404 2013 Ex
2434 1959 2538 2013 hoc
2560 1957 2678 2014 loco
2703 1957 3066 2030 mteiligimus,
3082 1973 3188 2014 non
3209 1959 3381 2014 solum
3407 1959 3514 2015 ile-

1927 2050 2137 2116 rodem,
2169 2050 2264 2105 sed
2288 2057 2348 2104 et
2391 2050 2720 2115 sacerdotes,
2771 2057 2828 2104 et
2875 2049 3105 2116 scribas,
3155 2064 3223 2107 eo
3274 2059 3516 2122 tempore

1926 2153 2114 2195 necem
2146 2138 2361 2194 Domini
2391 2137 2560 2194 fuisse
2595 2138 2904 2194 meditatos.

1997 2228 2104 2294 Qui
2128 2244 2364 2300 surgens,
2405 2229 2603 2299 accepit
2621 2245 2843 2299 puerum
2882 2236 2930 2282 et
2961 2236 3182 2284 matrem
3229 2229 3366 2300 ejus,
3402 2239 3512 2296 etc.

1925 2319 2045 2376 Non
2075 2320 2251 2375 dixit;
2292 2319 2518 2390 Accepit
2548 2318 2716 2374 ﬁlium
2768 2333 2926 2374 suum
2973 2327 3029 2373 et
3061 2334 3287 2373 uxorem
3337 2335 3512 2387 suam,

1924 2411 2021 2466 sed
2067 2403 2302 2482 puerum.
2341 2418 2390 2464 et
2438 2417 2660 2463 matrem
2704 2408 2846 2480 ejus,
2892 2407 3053 2480 quasi
3087 2408 3365 2474 nutritius,
3404 2425 3512 2463 non

1923 2502 2176 2560 maritus.

1993 2592 2226 2648 Audiens
2246 2602 2441 2658 autern,
2463 2589 2604 2663 quod
2624 2588 2912 2646 Archelaus
2937 2597 3176 2661 regnaret
3199 2589 3254 2644 in
3277 2586 3470 2644 Judwa
3491 2629 3510 2655 ,

1920 2699 2018 2756 pro
2066 2681 2277 2738 Herode
2329 2691 2480 2755 patre
2525 2697 2648 2749 suo,
2688 2680 2864 2736 timuit
2899 2680 3028 2736 illuc
3057 2681 3154 2736 ire.
3182 2679 3510 2746 Archelaus,

1922 2790 2221 2846 agnoscens
2247 2773 2334 2831 leo
2359 2774 2770 2842 interpretatur,
2821 2769 3064 2829 Herodes
3119 2771 3368 2844 pellicius
3392 2772 3509 2826 sive

1921 2867 2076 2938 pellis
2115 2867 2290 2939 gloria
2336 2866 2572 2938 (Ioseph.
2610 2865 2703 2920 lib.
2743 2865 3004 2936 Antiquit.
3037 2880 3181 2929 xvu,
3219 2881 3336 2936 cap.
3397 2864 3512 2936 10),

1923 2960 2163 3014 Herodes
2180 2959 2287 3022 ille,
2311 2959 2401 3028 qui
2433 2973 2556 3014 cum
2598 2957 2772 3013 Pilato
2811 2964 3001 3028 postea
3021 2955 3320 3011 amicitiam
3362 2954 3512 3019 fecit,

1923 3050 2083 3120 huius
2103 3051 2334 3106 Herodis
2354 3050 2532 3114 ﬁlius,
2572 3057 2659 3106 est
2693 3047 2864 3104 frater
2911 3047 3187 3112 Archelai,
3239 3061 3406 3117 quem
3458 3056 3516 3102 et

1923 3143 2097 3213 ipsum
2123 3141 2371 3199 Tiberius
2393 3140 2576 3199 Casar
2595 3141 2935 3213 Lugdunum,
2958 3157 3080 3212 qua:
3106 3138 3403 3197 Galliarum
3425 3148 3514 3194 est

1923 3236 2140 3299 civitas.
2169 3234 2451 3306 relegavit,
2472 3233 2808 3305 fratremque
2839 3231 2958 3302 eius
2978 3232 3268 3297 Herodem,
3294 3246 3511 3288 succes-

1921 3339 2104 3384 sorem
2126 3327 2278 3398 regni
2309 3326 2457 3383 fecit.

1994 3417 2103 3492 (Ea:
2124 3415 2318 3488 Beda.)
2346 3416 2501 3484 Quod
2522 3417 2649 3472 dum
2676 3424 2808 3476 nato
2834 3416 3070 3483 Herode,
3090 3413 3294 3488 Ioseph
3317 3416 3513 3474 timore
3614 3453 3621 3459 -

1919 3508 2174 3564 Archelai
2205 3509 2260 3563 in
2290 3507 2533 3565 Judmam
2563 3509 2644 3564 ire
2671 3508 2994 3574 formidans,
3014 3508 3207 3579 angelo
3232 3517 3512 3576 monente,

1920 3598 1976 3654 in
2005 3597 2275 3656 Nazareth
2301 3599 2539 3655 Gallinam
2567 3599 2818 3666 secessit,
2849 3598 3040 3656 ultima
3085 3599 3370 3670 praesentis
3409 3598 3516 3655 Ec-

1921 3688 2102 3744 clesize
2141 3697 2386 3760 tempora
2431 3688 2701 3760 designat,
2732 3689 2948 3759 quando
2981 3704 3081 3760 pro
3106 3704 3193 3754 ea,
3225 3705 3345 3761 qua
3367 3705 3514 3749 nunc

1918 3789 2002 3836 est
2045 3782 2245 3838 mentis
2281 3782 2427 3837 illius
2451 3782 2719 3846 excitate,
2769 3781 3112 3838 Christianos
3154 3781 3208 3836 in
3247 3791 3512 3852 quantum

1919 3873 2064 3929 valet
2086 3874 2339 3944 persequi
2384 3888 2492 3929 non
2538 3872 2771 3937 desistit,
2801 3870 2898 3928 sed
2942 3872 3122 3928 acrior
3164 3873 3218 3927 in
3248 3873 3330 3930 eis
3354 3873 3517 3929 Anti-

1917 3964 2112 4021 christi
2155 3964 2462 4036 persecutio
2507 3963 2810 4034 consurgit.
2843 3961 2980 4019 Pars
3024 3963 3190 4034 igitur
3222 3963 3421 4020 induere
3452 3964 3509 4020 in

238 4051 306 4106 de
331 4050 612 4121 Beniamin
641 4049 811 4107 fuisse
828 4066 1021 4109 cmsos.
1050 4050 1380 4121 Figuraliter
1401 4059 1584 4108 autem
1611 4049 1816 4106 Rachel
1913 4053 2025 4126 bna
2069 4055 2334 4126 regnabat
2380 4053 2701 4118 Archelaus,
2752 4053 2846 4123 qui
2897 4054 3292 4123 interpretatur
3339 4071 3509 4126 agno-

239 4157 358 4211 qua:
381 4143 523 4208 ovis,
554 4151 649 4198 aut
667 4143 860 4200 videns
887 4143 1100 4200 Domini
1127 4144 1350 4208 dicitur,
1373 4142 1675 4200 Ecclesium
1715 4141 1816 4199 de-

241 4242 532 4300 monstrat,
590 4233 744 4305 cujus
784 4242 895 4290 tota
948 4235 1200 4300 intentio,
1229 4241 1291 4289 ut
1318 4233 1504 4290 videre
1530 4233 1818 4289 Dominum

239 4333 532 4389 mereatur,
557 4323 816 4397 invigilat,
841 4332 897 4380 et
921 4324 1037 4395 ipsa
1061 4331 1147 4379 est
1176 4323 1294 4380 ovis
1314 4323 1632 4389 centesima,
1655 4338 1818 4393 quam

241 4421 427 4483 pastor
446 4414 640 4480 bonus,
663 4414 868 4472 relictis
915 4414 971 4470 in
996 4414 1138 4471 cmlo
1156 4414 1450 4486 nonaginta
1483 4428 1677 4470 novem
1697 4413 1816 4470 ovi-

240 4502 364 4569 bus,
399 4503 759 4574 angelicorum
781 4504 1064 4571 virtutum,
1101 4504 1236 4560 abiit
1259 4518 1506 4575 quau-ere
1547 4503 1606 4560 in
1646 4511 1815 4570 terra,

242 4594 619 4666 inventumque
667 4597 782 4654 suis
821 4597 1080 4668 imposuit
1122 4595 1385 4663 humeris,
1416 4603 1474 4653 et
1499 4596 1582 4652 sic
1632 4610 1820 4669 repor-

241 4685 374 4739 tavit
394 4684 462 4740 ad
499 4699 735 4756 gregem.

308 4775 378 4830 Et
405 4775 568 4832 uoluit
594 4777 882 4844 consolari,
904 4777 1034 4848 quia
1073 4793 1179 4832 non
1210 4784 1352 4832 sunt.
1397 4775 1582 4832 Plorat
1633 4782 1816 4832 autom

239 4865 379 4922 ﬁlios
401 4881 548 4933 suos,
573 4877 628 4924 et
654 4884 760 4924 non
788 4868 993 4940 recepit
1031 4868 1474 4924 consolationem.
1503 4866 1817 4924 Secundum

239 4956 650 5028 intelligentiam
676 4959 965 5029 duplicem,
985 4960 1114 5015 sive
1151 4960 1295 5031 quod
1319 4974 1415 5015 eos
1450 4959 1507 5014 in
1552 4967 1814 5018 aeternum

240 5055 483 5102 mortuos
509 5048 826 5114 aestimaret,
849 5049 966 5104 sive
992 5048 1138 5119 quod
1175 5048 1445 5106 consolari
1473 5063 1534 5105 se
1554 5048 1721 5104 nollet
1747 5048 1817 5106 de

240 5136 346 5203 his,
400 5153 537 5209 quos
591 5140 758 5195 sciret
797 5154 918 5196 esse
962 5140 1226 5196 victuros.
1257 5141 1584 5210 Spiritaliter
1609 5140 1815 5197 Rachel

241 5230 508 5302 signiﬁcat
549 5231 848 5287 Ecclesium
882 5247 1004 5303 quae
1039 5232 1220 5302 plorat
1243 5241 1558 5288 sanctorum
1597 5233 1666 5288 de
1710 5234 1816 5290 hoc

241 5320 438 5376 seculo
463 5321 812 5390 ablationem,
855 5322 952 5378 sed
978 5338 1084 5378 non
1114 5324 1189 5378 ita
1227 5323 1366 5380 velle
1407 5323 1701 5387 consolari,
1752 5332 1814 5380 ut

241 5409 333 5478 qui
360 5409 614 5465 saeculum
647 5420 820 5466 morte
859 5412 1127 5478 vicerunt,
1158 5428 1348 5468 rursus
1367 5411 1438 5468 ad
1480 5413 1665 5468 saeculi
1688 5428 1812 5468 cer-

243 5499 445 5554 tamina
465 5515 648 5556 secum
673 5499 947 5557 toleranda
977 5501 1222 5558 redeant.
1255 5501 1392 5570 Quia
1422 5502 1676 5558 nimirum
1704 5517 1814 5559 non

244 5597 370 5644 sunt
394 5589 533 5652 ultra
560 5591 848 5648 revocandi
868 5591 923 5648 in
951 5593 1231 5660 mundum,
1255 5593 1322 5648 de
1339 5593 1498 5664 cujus
1533 5593 1811 5662 arumnis,

242 5679 410 5735 iunci
429 5689 718 5737 evaserunt
741 5683 1030 5739 coronandi
1057 5684 1125 5740 ad
1159 5681 1455 5740 Christum.

1839 4461 1895 4522 D

1916 4157 2078 4200 seeos
2109 4143 2216 4210 leo,
2245 4143 2315 4200 de
2352 4159 2464 4217 quo
2500 4142 2792 4214 Apostolus
2815 4143 2893 4198 ait
2918 4161 2932 4198 :
2967 4144 3315 4200 Adversarius
3343 4155 3510 4200 vester

1917 4235 2103 4289 circuit
2139 4249 2380 4306 quarens
2424 4250 2579 4304 quem
2624 4234 2851 4300 devoret,
2904 4234 3139 4304 perﬁdos
3183 4234 3506 4304 Antichristi

1917 4337 2180 4395 sequaces
2204 4323 2462 4379 ostendit.

1989 4412 2060 4469 Et
2085 4412 2386 4474 admonitus
2411 4414 2468 4470 iu
2496 4413 2692 4469 somnis
2719 4415 2929 4469 secessit
2958 4414 3012 4468 in
3040 4426 3215 4486 partes
3244 4414 3505 4484 Calilwa’,

1919 4515 1969 4560 et
1992 4506 2199 4560 ueniens
2225 4505 2476 4560 habitauit
2498 4505 2554 4558 in
2578 4504 2786 4560 civitate
2808 4520 2927 4576 qua
2950 4515 3162 4560 uocatur
3203 4507 3256 4561 Ν
3259 4510 3500 4564 asaretis.

1919 4595 2191 4652 Nazareth
2217 4595 2470 4660 Galilam,
2497 4610 2605 4665 quo
2634 4595 2894 4650 Dominus
2915 4595 3259 4662 transfertur,
3289 4607 3504 4668 partem

1917 4686 2094 4758 gentis
2121 4686 2387 4759 ejusdem,
2413 4701 2536 4757 quae
2558 4695 2687 4741 tunc
2714 4687 2975 4758 temporis
3004 4687 3164 4742 ﬁdem
3190 4685 3392 4744 Christi
3423 4698 3507 4745 est

1915 4788 2237 4850 susceptura
2282 4778 2555 4849 designat.
2600 4777 2752 4836 Unde
2787 4778 2926 4834 bene
2975 4776 3195 4834 Galilata
3246 4780 3503 4834 transmi-

1914 4870 2100 4942 gratio.
2120 4868 2282 4926 facta.
2330 4867 2602 4924 Nazareth
2633 4883 2782 4935 vero,
2813 4866 2911 4924 llos
2946 4877 3042 4924 aut
3068 4869 3358 4939 virgultum
3385 4868 3503 4939 ejus

1919 4960 2324 5029 interpretatur.
2369 4956 2506 5024 Quia
2548 4957 2804 5012 nimirum
2843 4965 3034 5013 sancta
3087 4958 3349 5024 Ecclesia,
3391 4975 3504 5030 quo

1917 5049 2229 5104 ardentiore
2271 5047 2558 5111 desiderio,
2609 5047 2678 5101 ab
2723 5047 2811 5102 his
2843 5047 2936 5118 qui
2976 5047 3032 5103 in
3080 5048 3241 5104 terris
3268 5048 3408 5104 vidit
3431 5050 3500 5105 ad

1919 5137 2158 5194 cmlestia
2188 5136 2545 5208 promerenda
2586 5136 2970 5206 transmigrat,
3001 5151 3081 5193 eo
3112 5137 3318 5208 majore
3342 5139 3503 5210 spiri-

1919 5231 2154 5286 tualium
2169 5228 2409 5285 abundat
2436 5228 2570 5285 ﬂore
2598 5243 2664 5285 ac
2690 5229 2936 5302 germine
2963 5230 3250 5288 virtutum.

1993 5320 2060 5376 Ut
2109 5319 2484 5391 adimpleretur
2523 5320 2664 5392 quod
2701 5321 2900 5376 dictum
2939 5331 3014 5376 est
3043 5339 3136 5394 per
3177 5322 3498 5394 prophetas:

1920 5410 2184 5478 Quoniam
2220 5409 2272 5464 Ν
2277 5425 2514 5464 asarteus
2526 5409 2811 5465 vocabitur.
2841 5411 2942 5483 (Ex
2968 5411 3214 5484 Hieron.)
3239 5410 3297 5468 Si
3322 5411 3490 5466 ﬁxum

1917 5501 1986 5556 de
2012 5499 2308 5570 Scripturis
2332 5500 2602 5570 posuisset
2627 5501 2956 5574 exemplum,
2985 5518 3260 5571 nunquam
3285 5501 3494 5558 diceret

1915 5609 2017 5663 per
2041 5591 2339 5662 prophetas,
2368 5591 2464 5647 sed
2490 5591 2825 5663 simpliciter,
2850 5606 2948 5664 per
2973 5594 3294 5663 prophetam.
3333 5590 3495 5650 Nunc

1918 5693 2099 5739 autem
2142 5680 2422 5753 pluraliter
2448 5683 2739 5753 prophetas
2765 5697 2985 5750 vocans,
3027 5681 3267 5739 ostendit
3289 5697 3348 5739 se
3375 5697 3490 5742 non
