3946 6416
419 295 490 352 55
1700 291 2053 350 SMARAGDI
2089 291 2382 350 ABBATIS
3609 295 3680 349 εδει

419 409 585 468 verba
629 408 698 466 de
721 407 1018 480 scripturis
1061 407 1379 478 sumpsisse,
1407 406 1502 462 sed
1546 420 1786 462 sensum.
1827 405 1999 461 Naaa-
2026 406 2080 466 Α
2172 404 2242 459 Et
2266 403 2544 460 sacularia
2571 405 2853 462 desideria.
2907 405 3180 463 Saeculare
3212 415 3317 472 est,
3357 422 3521 464 omne
3545 410 3691 466 desi-

420 517 564 556 raeus
607 501 750 556 enim
801 506 1022 555 sanctus
1054 499 1464 568 interpretatur.
1508 496 1770 551 Sanctum
1816 503 1998 550 autem

418 591 705 647 Dominum
749 590 989 643 futurum
1029 586 1210 643 omnis
1260 586 1541 656 Scriptura
1587 592 2000 642 commemorat.

417 681 712 737 Possumus
740 686 799 734 et
825 678 981 734 aliter
1008 678 1211 742 dicere,
1239 677 1384 747 quod
1428 676 1592 730 etiam
1635 675 1842 730 eisdem
1880 687 2003 729 ver-

417 771 525 837 bis,
546 771 702 842 juxta
743 768 1069 825 Hebraicam
1109 767 1415 830 veritatem,
1443 775 1500 822 et
1533 765 1688 834 juxta
1715 765 1910 835 lingua:
1933 764 2000 817 il-

419 861 527 916 lius
550 860 753 936 ἰδίωμα,
776 861 832 916 in
848 859 987 915 Isaia
1009 859 1272 928 scriptum
1297 865 1380 913 est
1401 876 1414 910 :
1437 865 1532 916 um
1555 867 1702 921 mn
1721 867 1852 916 mn
1880 862 2004 914 N371

415 961 558 1014 mm
581 962 823 1012 anu-1m
847 959 996 1009 ‘13:}.
1029 949 1187 1004 Exiet
1228 949 1377 1019 virga
1417 947 1486 1002 de
1533 947 1716 1000 radice
1742 943 1919 1011 Iesse,
1950 953 2007 999 et

418 1042 711 1098 Nazarene
735 1041 802 1096 de
827 1041 1010 1096 radice
1029 1039 1146 1111 ejus
1167 1039 1493 1095 conscendet
1511 1037 1629 1093 sive
1654 1043 1882 1093 crescet.

1057 1165 1352 1206 CONCOIDIA

493 1245 722 1300 lstarum
761 1242 989 1295 duarum
1019 1238 1162 1294 litin
1189 1239 1293 1294 hoc
1335 1235 1644 1306 gratissima
1689 1234 2004 1298 lectionum,

422 1334 548 1406 quia
594 1331 829 1388 Joannes
872 1331 1009 1386 vidit
1063 1330 1118 1385 in
1169 1329 1308 1385 cmlo
1361 1326 1632 1399 primitias
1676 1333 1837 1381 terra:
1883 1339 2008 1380 cum

424 1440 583 1496 agno.
623 1423 701 1477 De
735 1422 930 1492 quibus
960 1421 1068 1474 ait:
1107 1418 1259 1486 Quod
1291 1418 1408 1472 sine
1451 1415 1760 1480 mendacio,
1793 1421 1848 1469 et
1891 1413 2010 1467 sine

423 1513 640 1570 macula
685 1519 742 1567 et
767 1511 1004 1583 virgines
1052 1518 1198 1564 sunt.
1243 1507 1380 1562 Nam
1417 1515 1474 1562 et
1514 1505 1724 1576 parvuli
1772 1504 1865 1573 qui
1909 1516 2010 1572 pro

425 1603 656 1658 Domino
679 1600 846 1658 occisi
875 1608 1020 1664 sunt,
1047 1605 1104 1654 et
1129 1597 1384 1668 primitiae
1413 1605 1575 1651 terra:
1595 1602 1740 1660 sunt,
1765 1593 1888 1663 quia
1911 1606 2010 1662 pro

425 1698 654 1756 Domino
699 1696 856 1768 primi
885 1701 1204 1751 meruerunt
1249 1692 1457 1763 palmas
1492 1690 1759 1761 martyrii,
1801 1697 1856 1744 et
1901 1687 2011 1742 vir-

423 1792 600 1864 gines,
621 1797 678 1846 ct
698 1788 814 1845 sine
840 1784 1123 1843 mendacio
1143 1791 1199 1840 et
1231 1783 1348 1838 sine
1371 1779 1582 1837 macula
1609 1786 1756 1835 sunt.

654 1924 725 1983 ιΝ
753 1923 1029 1982 OCTAVA
1055 1917 1492 1979 NATIVITATIS
1528 1915 1784 1976 DOMINI.

426 2051 622 2096 uerto
663 2049 936 2092 επετοιι
973 2047 1133 2090 ιειτι
1181 2046 1339 2087 PAULI
1379 2043 1655 2093 Αροοτοιι,
1707 2043 1772 2083 ΔΙ)
1811 2040 2004 2092 1⁵11⁵111,

1118 2139 1238 2181 οη.
1265 2135 1330 2180 ιι.

505 2257 527 2294 ι
558 2239 823 2311 Apparuit
863 2238 1037 2310 gratia
1064 2235 1163 2293 Dei
1191 2242 1247 2292 et
1287 2233 1591 2290 Salvatoris
1630 2231 1803 2288 nostri
1831 2229 2008 2286 omni-

428 2353 449 2386 i
489 2335 595 2389 bus
615 2331 944 2396 hominibus,
972 2329 1226 2387 erudiens
1246 2343 1364 2393 nos,
1393 2334 1452 2380 ut
1471 2326 1799 2396 abnegantes
1819 2323 2010 2392 impie-

432 2441 451 2476 ι
489 2429 657 2478 tatem
701 2429 758 2477 et
778 2418 1059 2477 saecularia
1081 2417 1368 2481 desideria,
1399 2414 1601 2479 sobrie,
1642 2413 1789 2483 justo
1829 2419 1884 2467 et
1919 2411 2009 2481 pie

433 2533 450 2564 ι
485 2514 731 2568 vivamus
757 2511 814 2566 in
845 2510 948 2566 hoc
972 2507 1192 2576 saeculo,
1212 2513 1587 2576 exspectantes
1608 2505 1816 2559 beatam
1855 2515 2007 2572 spem

433 2626 450 2656 ι
490 2613 546 2660 et
572 2605 860 2660 adventum
882 2603 1066 2674 glorim
1094 2601 1274 2672 magni
1302 2599 1396 2654 Dei
1431 2606 1483 2654 et
1512 2597 1808 2653 Salvatoris
1833 2595 2006 2650 nostri

433 2713 452 2745 ι
485 2693 612 2752 Jesu
649 2692 872 2758 Christi,
915 2692 1006 2762 qui
1039 2690 1186 2746 dedit
1223 2688 1566 2759 semetipsum
1606 2700 1706 2757 pro
1727 2682 1904 2749 nobis,
1947 2689 2011 2738 ut

435 2802 454 2836 ι
486 2800 585 2841 nos
630 2785 920 2840 redimeret
964 2781 1032 2838 ab
1078 2782 1225 2836 omni
1271 2769 1573 2850 iniquitate,
1623 2786 1679 2832 et
1721 2775 2009 2831 mundam

434 2892 456 2926 ο
489 2873 591 2930 sibi
629 2873 883 2944 populum
932 2870 1336 2942 acceptabilcm,
1381 2875 1703 2925 sectatorem
1742 2867 2005 2922 bonorum

435 2985 454 3018 ι
488 2979 731 3035 operum.
766 2961 887 3018 litec
908 2961 1128 3032 loquere
1154 2968 1209 3016 et
1233 2958 1575 3016 cxhortarea

498 3054 758 3126 Apparuit
789 3053 961 3125 gratia
991 3045 1090 3107 Dei
1116 3049 1404 3107 Saluatoris
1438 3051 1603 3105 nostri
1631 3047 1871 3104 omnibus
1903 3047 2002 3102 ho-

427 3145 674 3202 minibus.
722 3143 820 3200 llic
844 3143 1074 3216 gratiam
1107 3141 1390 3212 Evangelii
1417 3141 1567 3207 dicit,
1600 3141 1666 3196 de
1689 3153 1796 3208 qua
1824 3139 1879 3193 in
1903 3139 2005 3192 Za—

427 3235 615 3291 charia
634 3234 862 3304 legimus
882 3252 895 3287 :
921 3233 1229 3304 Enequauit
1257 3233 1481 3303 gratiam
1503 3232 1685 3301 gratite
1701 3229 1886 3302 (Zacb.
1905 3230 2002 3299 Iv):

429 3326 497 3380 Et
524 3323 760 3379 Joannes
787 3323 900 3377 ait:
939 3319 1052 3375 Nos
1081 3337 1256 3374 omnes
1288 3321 1352 3374 de
1393 3319 1717 3390 plenitudine
1757 3319 1874 3389 ejus
1915 3335 2006 3371 ac-

428 3415 680 3485 cepimus,
703 3412 928 3485 gratiam
947 3425 1041 3482 pro
1062 3409 1235 3481 gratia
1260 3407 1441 3480 (Joan.
1473 3409 1534 3479 l),
1557 3407 1611 3462 id
1637 3416 1740 3472 est,
1767 3422 1864 3477 pro
1884 3422 2009 3477 gra-

431 3483 506 3560 tia
531 3502 689 3576 legis,
718 3483 946 3573 gratiam
973 3497 1253 3569 Evangelii
1281 3512 1296 3552 :
1319 3497 1570 3553 omnibus
1596 3497 1926 3562 horninibus,
1952 3497 2007 3552 id

429 3599 536 3660 est,
578 3592 776 3664 quibus
817 3589 1084 3661 apparuit.
1111 3589 1231 3660 Ipse
1273 3589 1418 3643 enim
1458 3595 1544 3642 est
1575 3587 1666 3641 lux
1708 3602 1860 3652 vera,
1887 3602 2009 3656 quae

421 3683 699 3741 illuminat
719 3696 934 3737 omnem
967 3681 1239 3735 hominem
1270 3679 1573 3734 venientem
1605 3678 1661 3732 in
1686 3677 1832 3733 hunc
1856 3694 2010 3733 mun-

429 3779 582 3844 dum,
609 3777 713 3833 hoc
748 3785 852 3842 est,
879 3777 970 3846 qui
1009 3776 1358 3831 illuminatur.
1410 3775 1528 3844 ipse
1556 3783 1661 3841 est,
1688 3776 1779 3846 qui
1823 3790 2010 3832 omnes

430 3867 680 3924 homines
701 3866 814 3921 vult
844 3867 1023 3922 salvos
1064 3864 1201 3930 ﬁeri,
1234 3873 1288 3918 et
1313 3864 1380 3919 ad
1406 3864 1736 3934 agnitionem
1766 3865 2009 3920 veritatis

428 3957 731 4028 pervenire.
758 3955 876 4026 ipse
900 3962 1002 4020 est,
1023 3955 1114 4024 qui
1139 3953 1408 4024 Apostolis
1430 3953 1541 4008 suis
1564 3954 1639 4008 ait
1663 3971 1676 4007 :
1709 3953 1808 4018 Ite,
1833 3954 2012 4009 docete

431 4063 610 4103 omnes
650 4056 843 4118 gentes,
881 4045 1204 4116 baptizantes
1231 4060 1320 4098 eos
1352 4057 1371 4096 :
1407 4045 1496 4116 qui
1524 4043 1803 4099 crediderit
1828 4055 1875 4099 et
1919 4045 2012 4099 ba-

429 4138 660 4210 ptizatus
705 4135 885 4207 fuerit,
932 4132 1106 4189 salvus
1153 4134 1271 4189 erit.
1327 4133 1469 4189 Ecce
1513 4134 1790 4204 quomodo
1834 4135 2010 4205 gratia

429 4226 717 4284 salvatoris
739 4225 835 4282 Dei
861 4223 1113 4281 omnibus
1139 4223 1385 4296 apparuit
1421 4224 1750 4279 hominibus.

503 4319 766 4375 Erudiens
812 4335 927 4374 nos.
977 4317 1080 4389 (Ex
1120 4315 1299 4390 Cass.)
1354 4316 1585 4373 Erudire
1618 4316 1764 4372 enim
1813 4317 2011 4374 docere

2100 492 2312 549 derium
2351 494 2590 560 carnale,
2629 503 2687 551 et
2711 495 2889 550 omnis
2933 495 3158 550 ambitio
3203 495 3498 551 smcularis.
3533 497 3688 554 Desi-

2101 586 2251 641 deria
2279 588 2478 657 turpia,
2502 587 2753 642 voluntas
2785 587 2867 642 vel
2901 588 3173 657 cupiditas
3201 590 3464 659 corporis,
3503 593 3689 648 omnia

2099 675 2368 732 desideria
2403 679 2823 742 sunt’carnalia,
2849 695 2878 733 a
2913 680 3112 749 quibus
3157 694 3256 735 nos
3280 683 3531 738 omnibus
3565 683 3692 739 abs-

2102 769 2278 825 tinere
2345 770 2538 826 Petrus
2581 771 2851 835 obsecrat,
2895 773 3119 827 dicens:
3161 770 3386 828 Obsecro
3437 791 3529 829 nos
3572 785 3694 832 tau-

2101 876 2260 930 quam
2289 861 2518 916 advenas
2556 872 2607 915 et
2644 864 2962 932 peregrinos,
3001 863 3260 920 abstinere
3303 882 3392 920 eos
3429 885 3462 921 a
3492 884 3692 923 carna-

2104 954 2240 1010 libus
2292 955 2566 1010 desideriis
2597 996 2612 1021 ,
2674 973 2793 1027 qua:
2853 957 3083 1012 militant
3145 959 3398 1016 adversus
3455 963 3692 1018 animam

2080 1037 2136 1112 (l
2165 1043 2312 1098 Petr.
2340 1042 2424 1114 ιι).
2467 1045 2548 1101 Ac
2570 1045 2617 1100 si
2641 1045 2886 1102 diceret:
2916 1046 3166 1104 Carnalia
3209 1050 3480 1107 desideria
3523 1053 3694 1110 nolite

2107 1132 2436 1199 desiderare,
2483 1134 2578 1189 sed
2627 1135 2893 1201 caelestia,
2946 1144 3004 1192 et
3050 1147 3256 1194 eterna
3302 1143 3691 1212 concupiscite,

2107 1221 2233 1292 quia
2261 1222 2442 1278 carnis
2467 1223 2735 1278 desideria
2776 1225 3038 1282 adversus
3071 1230 3540 1286 conversationem
3568 1246 3697 1286 san-

2107 1319 2274 1377 ctam,
2302 1321 2358 1368 et
2380 1321 2571 1368 contra
2597 1315 3036 1384 suammetipsam
3066 1310 3302 1372 militant
3326 1319 3562 1374 animam

2179 1401 2384 1459 Sobrie.
2433 1403 2624 1460 Sobrie
2665 1405 2818 1472 dicit,
2868 1407 2972 1462 hoc
3015 1415 3122 1472 est,
3168 1418 3346 1475 caute,
3391 1412 3693 1481 sapienter.

2108 1495 2469 1561 considerate,
2500 1504 2555 1550 et
2581 1503 2899 1566 temperate,
2949 1512 3155 1568 ponens
3182 1508 3309 1555 ante
3347 1501 3535 1556 oculos
3562 1502 3699 1558 illud

2107 1588 2252 1658 quod
2304 1587 2566 1646 Dominus
2610 1591 2725 1645 ait:
2784 1589 3049 1646 Attendite
3095 1609 3158 1646 ne
3201 1603 3483 1663 graventur
3531 1595 3698 1650 corda

2108 1689 2277 1734 uestra
2301 1681 2357 1736 in
2391 1681 2631 1752 crapula,
2671 1690 2722 1736 et
2767 1682 3036 1748 ebrietate,
3067 1691 3116 1737 et
3146 1683 3286 1737 curis
3332 1683 3491 1751 huius
3527 1701 3700 1740 siccu-

2033 1757 2082 1817 Β
2108 1769 2148 1824 li
2171 1769 2354 1841 (Lucra
2383 1771 2524 1842 xxr).

2177 1860 2249 1916 Et
2274 1862 2439 1932 juste.
2467 1861 2642 1928 Iuste,
2667 1862 2723 1917 id
2745 1870 2847 1929 est,
2885 1871 3034 1920 recte
3056 1873 3112 1920 et
3133 1865 3533 1935 aaquanimiter,
3564 1867 3699 1922 hinc

2106 1951 2252 2008 enim
2295 1950 2528 2008 Joannes
2570 1954 2682 2008 ait:
2727 1953 2912 2020 Scitis,
2956 1955 3084 2026 quia
3128 1955 3273 2010 Deus
3296 1956 3477 2026 justus
3517 1967 3616 2023 est,
3643 1967 3695 2011 et

2106 2044 2275 2099 omnis
2301 2046 2392 2115 qui
2419 2045 2550 2114 facit
2569 2045 2866 2115 justitiam,
2907 2061 2973 2100 ex
3012 2046 3124 2117 ipso
3152 2056 3309 2100 natus
3342 2055 3416 2100 est
3445 2045 3498 2116 (1
3528 2045 3695 2100 Joan.

2106 2133 2214 2205 ιιι).
2246 2134 2400 2190 Dicta
2440 2144 2620 2192 autem
2661 2135 2892 2206 justitia,
2942 2136 3094 2206 quasi
3127 2133 3268 2204 juris
3313 2144 3506 2201 status,
3536 2137 3700 2207 cujus

2104 2231 2291 2293 partes
2318 2234 2464 2292 sunt,
2497 2226 2688 2283 timere
2711 2227 2902 2292 Deum,
2941 2241 3203 2283 venerare
3229 2228 3570 2298 religionem,
3593 2229 3696 2284 ba—

2104 2316 2236 2372 bere
2259 2317 2649 2374 humanitatem
2670 2328 2726 2374 et
2749 2320 3026 2389 pietatem,
3050 2319 3192 2375 unde
3215 2320 3459 2390 sequitur
3484 2338 3504 2378 :

2175 2409 2247 2465 Et
2267 2411 2354 2482 pie
2387 2412 2621 2466 vivamus
2644 2413 2699 2466 in
2741 2412 2838 2466 hoc
2870 2411 3088 2467 uacula.
3113 2410 3328 2467 Iustitia
3351 2411 3494 2465 enim
3517 2425 3586 2464 ne
3609 2409 3699 2466 in-

2107 2510 2408 2572 temperata
2435 2502 2527 2567 sit,
2572 2503 2747 2574 pietas
2791 2503 3133 2573 adjungenda
3174 2511 3279 2557 est.
3324 2502 3505 2557 Pietas
3541 2501 3694 2555 enim

2103 2609 2234 2665 pars
2261 2602 2346 2650 est
2379 2592 2628 2662 iustitiae,
2679 2607 2800 2664 qua
2841 2593 3079 2664 proprie,
3110 2601 3171 2647 ut
3218 2592 3292 2647 ait
3335 2591 3696 2661 Augustinus,

2105 2684 2201 2740 Dei
2231 2684 2410 2740 cultus
2431 2685 2772 2756 intelligitur.
2796 2683 3013 2739 Iustitia
3035 2683 3180 2739 enim
3224 2692 3330 2751 est,
3356 2684 3584 2753 aequitas
3608 2681 3698 2738 vel

2105 2776 2394 2843 rectitude,
2425 2791 2544 2847 qua
2571 2776 2864 2846 unicuique
2895 2790 2993 2830 sua
3019 2775 3226 2831 tribuit.

2174 2866 2611 2939 Expectantibus
2656 2866 2862 2921 beatam
2888 2883 3051 2938 spem.
3085 2866 3188 2940 (Ex
3222 2865 3401 2936 Cass.)
3432 2865 3570 2936 Spes
3609 2875 3701 2922 est

2102 2957 2372 3013 bonorum
2414 2957 2752 3028 exspectatio
2785 2956 3109 3022 futurorum,
3150 2973 3271 3028 qum
3301 2957 3554 3027 exprimit
3597 2957 3703 3011 hn-

2106 3048 2354 3104 militatis
2380 3047 2655 3115 allectum,
2693 3055 2750 3104 et
2795 3047 2992 3102 sedula:
3039 3047 3318 3103 servitutis
3345 3047 3690 3116 obsequium.

2110 3139 2248 3210 Spes
2275 3147 2454 3196 autem
2485 3125 2678 3194 Graece
2719 3138 2919 3193 dicitur
2957 3138 3118 3204 ἐλπίς,
3145 3145 3193 3192 et
3222 3146 3305 3193 est
3333 3137 3514 3208 opinio
3553 3135 3701 3192 futu-

2107 3243 2315 3285 rorum.
2381 3230 2450 3284 Et
2499 3229 2836 3284 contrarium
2894 3228 3219 3298 desperatio,
3275 3229 3491 3300 quando
3539 3239 3697 3286 extra

2105 3335 2324 3376 omnem
2349 3335 2499 3391 spem
2541 3321 2704 3376 homo
2729 3327 2834 3386 est,
2884 3320 2973 3376 cui
3013 3319 3160 3374 nulla
3198 3328 3281 3376 est
3313 3320 3696 3392 progrediendi

2108 3412 2361 3477 facultas,
2407 3412 2535 3482 quia
2580 3412 2708 3467 dum
2737 3411 2966 3482 quisque
3004 3421 3285 3481 peccatum
3331 3419 3497 3477 amat,
3546 3409 3699 3465 lutu-

2109 3520 2227 3560 ram
2256 3504 2483 3577 gloriam
2527 3520 2635 3559 non
2682 3511 2887 3574 sperat.
2928 3504 3021 3559 ille
3055 3505 3200 3558 enim
3255 3503 3576 3558 ﬁducialiter
3604 3517 3700 3558 ex-

2108 3595 2482 3666 spectat,rqui
2523 3592 2642 3663 ejus
2695 3595 2950 3649 mandata
2996 3592 3230 3649 fideliter
3282 3600 3482 3648 servat.
3531 3591 3696 3647 Beata

2107 3687 2254 3742 enim
2304 3697 2452 3743 recte
2507 3687 2706 3742 dicitur
2749 3701 2896 3756 spes,
2948 3686 3040 3742 ubi
3080 3684 3178 3740 lilii
3221 3685 3318 3741 Dei
3367 3685 3701 3741 merebimur

2108 3791 2249 3844 esse,
2299 3788 2354 3833 et
2395 3779 2659 3840 bmredes,
2706 3779 2951 3833 hteredes
2980 3777 3198 3846 quidem
3233 3776 3348 3841 Dei,
3387 3777 3700 3834 coheredes

2108 3877 2292 3922 autem
2311 3867 2534 3923 Christi.
2566 3867 2666 3924 Ubi
2687 3883 2811 3923 cum
2832 3867 3165 3937 apparuerit,
3182 3865 3389 3922 similes
3407 3867 3455 3920 ei
3470 3866 3692 3928 erimus,

2107 3958 2363 4031 quoniam
2393 3957 2699 4013 videbimus
2719 3972 2842 4013 eum
2888 3957 3052 4013 sicuti
3076 3965 3180 4012 est.
3216 3955 3318 4013 Ubi
3342 3965 3566 4027 peccata
3593 3971 3696 4012 no-

2107 4049 2193 4106 bis
2217 4049 2504 4111 donantur,
2530 4057 2586 4103 et
2610 4049 2720 4102 vita
2747 4057 2950 4104 aeterna
2985 4048 3352 4120 praestabitur.
3385 4047 3484 4104 Ubi
3509 4047 3695 4119 splen-

2109 4140 2296 4195 dorem
2335 4139 2466 4194 solis
2503 4147 2560 4194 et
2591 4141 2926 4195 consortium
2965 4139 3331 4196 obtinebimus
3356 4140 3692 4211 angelorum.

2181 4231 2252 4285 Et
2285 4231 2564 4285 aduentum
2591 4229 2775 4302 gloriae
2818 4231 2996 4302 magni
3039 4231 3158 4285 Dei.
3204 4230 3512 4288 Notandum
3543 4233 3691 4302 quod

2109 4320 2167 4376 in
2195 4321 2298 4375 hac
2315 4320 2465 4375 brevi
2496 4320 2732 4390 Epistola
2763 4320 3046 4375 Dominum
3077 4319 3262 4376 Jesum
3290 4321 3376 4376 bis
3403 4321 3692 4377 Dominum

430 4417 540 4478 est,
583 4425 708 4464 nam
751 4416 807 4464 et
837 4408 1014 4479 ipsum
1059 4421 1256 4462 nomen
1303 4407 1573 4483 signiﬁcat
1619 4409 2010 4477 apprehensum
2036 4449 2090 4508 Β
2113 4409 2365 4481 appellet.
2391 4409 2528 4464 Nam
2551 4419 2606 4465 et
2636 4411 2689 4464 in
2736 4410 2976 4481 Epistola
3004 4411 3073 4466 ad
3099 4409 3355 4467 Hebraeos
3383 4411 3527 4468 idem
3553 4413 3698 4483 Apo-

431 4502 734 4562 scientiam.
794 4501 962 4558 Rudis
1012 4502 1160 4556 enim
1214 4501 1415 4556 dicitur
1460 4515 1648 4557 novus.
1707 4503 1960 4559 Eruditus
1991 4546 2005 4571 ,

433 4595 590 4668 quasi
617 4611 648 4650 a
674 4611 799 4650 rure
839 4594 1100 4658 sublatus,
1131 4594 1236 4648 hoc
1263 4599 1366 4658 est,
1413 4595 1481 4648 ab
1520 4594 1826 4665 ignorantia
1867 4597 2007 4652 divi—

435 4703 547 4753 sus,
581 4695 637 4742 et
661 4686 716 4740 in
743 4685 1000 4740 doctrina:
1033 4683 1230 4739 ﬁnibus
1259 4683 1572 4741 collocatus.

505 4774 614 4848 (Ea:
641 4773 886 4836 Hieron.)
916 4773 1049 4828 Nam
1089 4781 1145 4828 et
1187 4774 1255 4828 ad
1294 4773 1650 4843 Hierusalem,
1680 4791 1778 4847 per
1815 4777 2006 4835 Hiere-

431 4867 598 4923 miam
627 4865 886 4920 Dominus
929 4865 1009 4920 sic
1046 4863 1217 4920 dicit:
1271 4863 1496 4920 Erudire
1539 4865 1892 4936 Hierusalem,
1932 4877 2009 4927 ne

433 4958 569 5036 forte
615 4956 822 5010 recedat
869 4955 1047 5008 anima
1087 4971 1254 5010 meaa
1302 4965 1351 5010 te
1395 4955 1564 5029 (Hier.
1608 4957 1706 5031 vr).
1749 4959 2008 5017 Eruditur

433 5048 790 5114 Hierusalem,
817 5056 881 5102 ut
908 5047 1229 5119 corrigatur,
1259 5055 1315 5102 et
1340 5064 1446 5104 non
1468 5053 1685 5106 recedat
1704 5052 1881 5107 anima
1910 5053 2007 5111 Dei

432 5140 504 5196 ab
531 5154 616 5205 ea,
659 5146 716 5193 et
743 5138 1016 5208 redigatur
1053 5137 1106 5191 in
1135 5137 1493 5206 solitudinem,
1536 5141 1631 5197 sed
1669 5143 1848 5212 potius
1876 5160 2004 5200 eru-

433 5230 544 5286 dita
574 5229 774 5284 haheat
799 5242 1013 5297 semper
1034 5226 1320 5283 Dominum
1344 5229 1721 5287 habitatorem.

505 5316 573 5373 Ut
601 5317 914 5389 abnegantes
956 5317 1292 5388 impietatem.
1342 5317 1441 5374 Hic
1484 5319 1812 5390 impietatem
1862 5323 2006 5380 illam

433 5410 584 5476 dicit,
612 5424 776 5480 quam
818 5407 1110 5464 Zacharias
1135 5422 1298 5478 super
1317 5409 1630 5480 amphoram
1657 5412 1743 5467 vel
1773 5427 2008 5470 massam

433 5501 624 5557 sedere
649 5500 784 5556 vidit
812 5499 1139 5572 plumbeam,
1184 5515 1345 5570 quam
1384 5502 1492 5558 alio
1530 5503 1747 5559 nomine
1789 5505 2012 5561 idolola-

432 5588 593 5643 triam
639 5603 925 5660 possumus
969 5587 1239 5659 appellare
1284 5597 1340 5646 et
1394 5593 1727 5662 negationem
1787 5593 2010 5659 Christi,

435 5677 609 5736 Grzcci
635 5687 828 5736 vocant
864 5686 954 5741 τήν
980 5680 1237 5772 acidum.

2115 4499 2286 4556 stolus
2311 4500 2426 4555 ait:
2459 4500 2540 4554 Ad
2568 4501 2738 4570 ﬁlium
2783 4511 2956 4555 autem
2978 4515 2998 4552 .'
3027 4501 3268 4556 Thronus
3315 4511 3437 4557 tuus
3466 4502 3609 4558 Deus
3641 4505 3696 4558 in

2113 4591 2366 4648 sa'culum
2408 4593 2608 4648 seaculi.
2660 4593 2748 4660 Et,
2781 4594 2934 4647 unxit
2979 4601 3030 4648 te
3061 4591 3208 4648 Deus
3246 4593 3384 4648 Deus
3413 4603 3534 4650 tuus
3581 4595 3696 4650 oleo

2112 4683 2476 4740 exsultationis
2507 4684 2693 4758 (Hebr.
2723 4684 2785 4756 ι).
2817 4685 2885 4739 Et
2909 4683 3144 4741 Joannes
3191 4686 3305 4740 ait:
3333 4685 3401 4741 In
3439 4688 3695 4758 principio

2111 4785 2227 4828 erat
2273 4773 2520 4842 Verbum,
2546 4784 2596 4829 et
2646 4774 2867 4830 Verbum
2915 4785 3028 4830 erat
3064 4776 3206 4847 apud
3248 4776 3439 4843 Deum,
3469 4786 3519 4830 et
3554 4776 3694 4832 Deus

2111 4875 2224 4920 erat
2267 4865 2485 4921 Verbum
2513 4867 2694 4940 (Joan.
2724 4865 2786 4937 ι),
2833 4875 2889 4922 et
2917 4868 3021 4923 alia
3057 4867 3288 4938 plurima
3335 4868 3402 4923 de
3427 4869 3532 4922 hoc
3569 4882 3696 4922 san-

2109 4957 2356 5013 ctissimo
2394 4959 2610 5013 nomine
2651 4959 2893 5014 invenies
2940 4959 3266 5014 testimonia.
3312 4957 3477 5026 Cujus
3519 4967 3574 5013 et
3601 4959 3694 5013 ad-

2109 5056 2334 5102 ventum
2382 5047 2564 5119 gloria:
2611 5057 3009 5119 exspectamus,
3054 5051 3346 5106 secundum
3377 5051 3696 5121 promissio-

2111 5156 2234 5195 nem
2262 5141 2578 5212 angelicam,
2608 5142 2834 5197 dicentis
2855 5143 2922 5197 ad
2951 5143 3280 5212 discipulos:
3321 5142 3436 5198 Viri
3459 5142 3689 5208 Galilwi,

2110 5232 2236 5302 quid
2266 5232 2350 5284 hic
2371 5233 2522 5284 statis
2561 5232 2868 5302 aspicientes
2895 5239 2950 5286 in
2984 5232 3190 5298 cretum,
3227 5233 3303 5287 sic
3333 5232 3468 5287 enim
3506 5233 3691 5298 veniet,

2109 5321 2548 5393 quemadmodum
2576 5321 2776 5376 uidistis
2805 5339 2923 5376 eum
2943 5331 3150 5377 euntem
3173 5324 3229 5378 in
3256 5322 3440 5377 etclam
3469 5321 3605 5395 (Act.
3625 5325 3688 5395 l).

2180 5412 2289 5482 (Ea:
2315 5411 2488 5482 Orig.)
2534 5411 2638 5467 Sed
2667 5413 2720 5466 in
2762 5412 2850 5467 illa
2880 5411 3047 5483 gloria
3085 5422 3450 5484 exspectatur,
3491 5415 3560 5469 de
3584 5429 3694 5484 qua

2110 5503 2227 5571 ipse
2273 5501 2523 5556 Salvator
2557 5501 2674 5555 ait:
2731 5499 2863 5555 Cum
2905 5503 3099 5556 uenerit
3151 5501 3324 5557 Filius
3364 5503 3592 5558 hominis
3635 5503 3695 5560 in

2111 5592 2280 5663 gloria
2311 5591 2492 5646 Patris
2526 5599 2575 5645 et
2619 5601 2920 5646 sanctorum
2947 5591 3252 5663 angelorum
3299 5592 3509 5664 (Matth.
3535 5592 3688 5666 xxv).

2117 5682 2233 5738 Non
2258 5683 2399 5753 quod
2421 5681 2588 5738 Deiot
2611 5683 2925 5754 angelorum
2946 5698 3109 5739 unam
3135 5682 3361 5754 gloriam
3383 5697 3501 5739 esse
3522 5682 3666 5740 dicat
3683 5720 3699 5748 ,
