3946 6434
279 305 346 361 5Ὶ
1093 301 1612 366 COLLECTIONES
1648 300 1717 357 1N
1757 301 2134 360 EPISTOLAS
2171 303 2262 360 ET
2301 304 2714 362 EVANGELIA.
3475 310 3546 368 58

281 419 378 476 sed
415 417 544 489 quia
581 426 727 472 tanta
753 414 863 471 erit
903 415 1012 471 illic
1038 415 1206 486 gloria
1244 415 1444 481 Patris,
1477 415 1530 469 in
1559 430 1666 484 qua
1692 411 1864 468 Filius
1891 419 1994 477 ΛΑ
2031 429 2228 470 nomen
2255 413 2495 471 Simeon.
2515 415 2584 470 Et
2611 417 2774 471 homo
2804 416 2908 472 iste
2938 415 3122 487 justus
3150 427 3206 474 et
3238 420 3546 488 timoratus,

285 509 521 571 hominis
545 508 614 562 ad
656 506 922 577 judicium
969 515 1226 562 venturus
1251 514 1354 572 est,
1397 520 1518 575 qua:
1551 521 1581 560 a
1613 504 1744 561 solis
1773 520 1870 560 an-

287 599 420 674 gelis
446 599 568 669 capi
611 597 802 669 possit,
830 597 917 652 vel
942 597 1008 651 ab
1036 595 1140 651 illis
1167 597 1394 663 sanctis,
1420 599 1486 651 de
1508 596 1706 666 quibus
1731 594 1869 650 dici-

289 701 412 748 tur:
457 690 600 757 Quia
646 698 796 745 erunt
829 689 964 743 sicut
1004 687 1176 758 angeli
1217 687 1335 742 Dei.
1369 688 1446 743 De
1489 689 1592 743 hoc
1633 688 1869 742 adventu

287 784 468 856 gloria:
492 783 586 838 Dei
614 791 670 836 et
690 782 882 836 Petrus
901 779 1175 851 apostolus
1195 780 1271 834 ait
1292 795 1308 835 :
1339 779 1648 834 Inveniatur
1670 778 1725 833 in
1747 767 1873 831 lau-l

287 876 404 929 dem
428 885 478 929 et
491 874 717 946 gloriam
733 883 781 927 et
804 872 1167 927 reuelationem
1191 871 1320 926 Iesu
1341 871 1538 927 Christi
1561 871 1615 943 (Ι
1637 869 1783 926 Petr.
1804 871 1866 941 ι).

287 964 344 1020 1η
369 965 548 1030 laude,
572 963 786 1034 quando
811 963 1054 1017 dicturus
1082 971 1165 1017 est
1191 979 1204 1015 :
1245 960 1444 1028 Venite,
1475 961 1730 1016 benedicti
1762 957 1872 1016 Pa-

287 1057 384 1112 tris
411 1057 535 1121 mei,
560 1054 806 1127 pereipite
844 1070 1076 1124 regnum.
1108 1052 1166 1106 lu
1195 1051 1382 1123 gloria,
1410 1053 1554 1141 quia.
1574 1059 1702 1106 tunc
1735 1049 1870 1120 justi

287 1146 566 1218 fulgebunt
591 1155 650 1200 ut
675 1145 754 1201 sol
787 1145 841 1200 in
869 1145 1199 1202 revelatione
1223 1144 1349 1202 Iesu
1375 1145 1598 1213 Christi,
1639 1146 1742 1201 hoc
1763 1148 1884 1212 est,’

289 1238 342 1294 in
366 1237 547 1292 futuro
567 1237 791 1306 judicio.

359 1330 428 1383 Et
477 1329 772 1385 Saluatoris
819 1331 982 1386 nostri
1023 1328 1153 1384 Iesu
1211 1329 1426 1386 Christi.
1473 1329 1629 1387 Iesus
1671 1346 1868 1386 nomen

287 1419 564 1489 proprium
592 1428 679 1474 est
713 1419 832 1474 Filii
871 1420 988 1484 Dei,
1036 1421 1332 1476 secundum
1376 1436 1619 1487 carnem,
1669 1430 1730 1477 ut
1758 1421 1870 1478 Ga-

288 1507 425 1564 briel
471 1509 696 1581 angelus
736 1511 910 1566 beata:
950 1511 1132 1566 Maria:
1169 1513 1283 1567 ait:
1334 1512 1402 1566 Et
1442 1512 1648 1567 vocabis
1683 1530 1872 1570 nomen

286 1601 406 1672 ejus
443 1601 625 1657 Iesum
655 1601 806 1673 (Luc.
834 1603 895 1675 ι),
941 1605 1084 1673 quod
1113 1603 1305 1660 Latine
1353 1603 1604 1660 Salvator
1647 1605 1868 1671 dicitur,

287 1707 357 1750 eo
416 1693 560 1764 quod
606 1693 813 1749 salvum
862 1693 995 1750 facit
1035 1695 1289 1766 pupulum
1342 1711 1500 1752 suum
1548 1712 1579 1751 a
1629 1696 1868 1767 peccatis

1974 532 1992 560 ι
2030 515 2353 580 exspectans
2395 506 2823 562 consolationem
2848 507 3044 574 Israel,
3076 518 3132 564 et
3160 509 3396 580 Spiritus
3423 527 3550 566 san-

1974 615 1993 648 ι
2030 604 2151 651 ctus
2179 605 2297 652 erat
2327 597 2381 651 in
2411 611 2496 652 eo.
2530 597 2599 652 Et
2625 611 2942 666 responsum
2972 607 3257 669 acceperat
3279 616 3309 654 a
3341 599 3546 671 Spiritu

1974 705 1995 739 α
2031 696 2240 752 sancto,
2267 703 2375 742 non
2400 689 2645 743 visurum
2667 703 2726 742 se
2755 696 3003 756 mortem,
3032 691 3135 746 nisi
3163 692 3314 762 prius
3340 693 3550 748 videret

1974 799 1993 832 ι
2029 780 2304 836 Christum
2334 781 2568 844 Domini,
2609 789 2664 834 et
2693 781 2842 834 venit
2869 781 2924 835 in
2957 783 3152 851 spiritu
3180 785 3232 839 in
3264 785 3544 856 templum.

1973 889 1993 923 ι
2031 872 2099 926 Et
2125 885 2248 926 cum
2279 871 2598 926 inducerent
2630 884 2855 940 puerum
2883 869 3067 927 Iesum
3111 882 3364 943 parentes
3404 875 3546 946 ejus,

1975 979 1995 1013 ι
2032 968 2092 1016 ιιι
2114 959 2357 1015 facerent
2381 961 2675 1015 secundum
2697 961 3143 1016 consuetudinem
3172 962 3306 1034 legis
3328 979 3424 1034 pro
3446 978 3546 1020 eo:

1976 1068 1994 1102 ι
2030 1050 2095 1105 Et
2140 1049 2256 1120 ipse
2296 1051 2507 1119 accepit
2549 1065 2674 1104 eum
2719 1050 2774 1104 in
2817 1049 2973 1106 ulnas
3007 1066 3155 1116 suas,
3184 1059 3239 1106 et
3268 1052 3550 1108 benedixit

1975 1160 1994 1194 ι
2031 1157 2177 1208 eum,
2205 1149 2261 1198 et
2288 1142 2426 1198 dixit
2462 1160 2475 1196 :
2513 1141 2667 1198 Nunc
2709 1143 2940 1199 dimittis
2984 1151 3200 1200 serVum
3231 1151 3404 1209 tuum,
3443 1145 3550 1201 Do—

1975 1255 1995 1287 ‹
2031 1236 2193 1301 mine,
2232 1235 2527 1290 secnndum
2566 1235 2792 1290 verbum
2833 1243 2984 1290 tuum
3016 1236 3071 1290 in
3105 1251 3256 1306 pace.
3301 1236 3439 1304 Quia
3467 1237 3550 1291 vi-

1975 1343 1994 1377 ‹
2030 1327 2226 1381 derunt
2270 1325 2411 1381 oculi
2469 1326 2578 1380 mei
2624 1325 2862 1380 salutare
2918 1333 3090 1381 tuum.
3139 1325 3291 1393 Quod
3339 1328 3545 1398 parasti

1974 1433 1994 1471 t
2029 1427 2157 1473 ante
2217 1416 2411 1473 faciem
2485 1418 2726 1472 omnium
2788 1418 3128 1489 populorum.
3196 1419 3404 1474 Lumen
3478 1421 3548 1473 ad

1974 1525 1994 1562 ι
2030 1509 2413 1564 revelationem
2441 1509 2714 1580 gentium,
2742 1518 2798 1564 et
2842 1509 3070 1580 gloriam
3114 1509 3287 1581 plebis
3332 1518 3436 1565 tua:
3469 1510 3550 1567 ls-

1975 1617 1995 1653 t
2033 1601 2164 1657 rael.
2180 1619 2199 1655 ι

2040 1693 2330 1766 Postquam
2355 1693 2702 1748 consummati
2741 1701 2864 1747 sunt
2889 1692 3001 1748 dies
3031 1701 3168 1757 octo,
3196 1700 3255 1746 ut
3278 1692 3556 1746 circumci-

287 1800 496 1841 eorum.
523 1784 772 1842 Christus
789 1785 857 1841 ab
875 1787 1128 1843 unctione
1155 1803 1348 1843 nomen
1375 1788 1604 1859 accepit,
1630 1766 1866 1845 chrisma
1893 1766 1941 1825 Β
1967 1783 2181 1840 deretur
2237 1801 2385 1855 puer.
2431 1783 2531 1856 (Ex
2578 1781 2854 1855 Ambros.)
2903 1781 3320 1838 Circumciditur
3368 1782 3552 1852 itaque

287 1877 432 1930 enim
479 1875 685 1938 unctio.
735 1874 985 1934 Christus
1037 1886 1231 1934 unctus
1283 1879 1500 1934 dicitur.
1553 1877 1661 1934 Sed
1709 1879 1870 1949 spiri-

290 1963 524 2028 tualiter,
573 1963 660 2018 cui
703 1962 986 2020 Psalmista
1029 1983 1042 2020 :
1089 1964 1375 2036 Propterea
1422 1967 1575 2022 unxit
1616 1977 1665 2023 te
1705 1967 1865 2035 Deus,

289 2053 432 2108 Deus
453 2063 590 2117 tuus,
623 2052 736 2108 oleo
759 2055 1120 2111 exsultationis
1157 2054 1329 2129 (Psal.
1356 2057 1526 2130 xuv).

361 2141 468 2208 Qui
520 2141 660 2196 dedit
705 2145 1038 2215 semetipsum
1088 2162 1182 2216 pro
1221 2145 1389 2200 nobis.
1439 2146 1593 2202 Sicut
1641 2155 1698 2203 et
1741 2147 1870 2203 alibi

290 2231 434 2288 idem
464 2233 750 2305 Apostolus
775 2236 944 2292 dicit:
995 2236 1272 2294 Ambulate
1315 2239 1372 2295 in
1399 2239 1698 2308 dilectione,
1733 2244 1871 2298 sicut

291 2331 342 2377 et
385 2319 624 2378 Christus
669 2324 850 2380 dilexit
890 2343 1008 2394 nos,
1052 2337 1101 2382 et
1141 2329 1359 2384 tradidit
1404 2331 1731 2404 semetipsum
1772 2348 1870 2404 pro

292 2413 438 2469 nobis
461 2413 674 2485 (Ephes.
705 2416 783 2487 ν).

365 2503 434 2559 Ut
470 2523 564 2561 nos
591 2508 862 2564 redimeret
891 2510 955 2565 ab
983 2512 1126 2566 omni
1161 2513 1457 2584 iniquitate,
1487 2523 1536 2569 et
1561 2514 1862 2580 mandaret,

292 2606 398 2652 etc.
449 2596 552 2670 (Ex
589 2597 765 2670 Cass.)
812 2600 1058 2657 Redemit
1091 2618 1191 2658 nos
1223 2612 1279 2659 et
1323 2603 1573 2659 liberavit
1618 2606 1686 2660 ab
1722 2606 1871 2662 omni

291 2689 508 2745 vinculo
535 2690 857 2761 iniquitatis,
906 2709 1013 2764 quo
1045 2697 1243 2766 captivi
1289 2698 1626 2765 tenebamur,
1668 2707 1723 2754 et
1751 2697 1873 2754 inli-

295 2781 552 2848 delitatis,
577 2793 632 2839 et
655 2787 933 2841 mundavit
960 2802 1058 2858 per
1083 2789 1434 2860 baptismum,
1459 2791 1551 2846 ubi
1587 2791 1668 2847 sic
1688 2790 1872 2847 omnia

291 2873 570 2946 originalia
599 2875 815 2944 delicta,
843 2887 900 2934 et
939 2889 1247 2950 perpetrata
1288 2881 1576 2939 commissa
1608 2883 1872 2938 mundan-

292 2968 400 3029 tur,
443 2973 708 3034 quatenus
757 2966 810 3022 in
852 2968 1007 3024 nobis
1049 2969 1185 3026 nihil
1234 2987 1514 3030 remanere
1555 2974 1726 3052 possit
1769 2974 1872 3030 im-

297 3055 575 3112 mundum.

367 3146 688 3205 Seetatorem
736 3152 989 3208 bonorum
1023 3171 1257 3226 operum.
1285 3155 1369 3214 Ad
1395 3172 1560 3229 quam
1604 3157 1868 3214 sectatio-

294 3255 418 3296 nem
447 3241 708 3299 bonorum
751 3261 993 3318 operum,
1041 3249 1182 3306 idem
1211 3266 1312 3307 nos
1345 3252 1636 3324 Apostolus
1672 3253 1868 3309 admo-

291 3341 404 3396 net,
434 3333 618 3390 dicens
644 3354 658 3388 :
684 3335 1062 3406 Exhortamur,
1095 3357 1158 3395 ne
1183 3341 1238 3395 in
1266 3359 1488 3398 vacuum
1513 3345 1741 3416 gratiam
1771 3345 1870 3400 Dei

295 3424 576 3496 recipiatis,
604 3435 661 3480 ut
710 3445 814 3482 non
852 3430 1170 3501 vituperetur
1204 3432 1547 3487 ministerium
1597 3447 1867 3502 nostrum,

293 3517 385 3571 sed
415 3517 471 3572 in
501 3519 737 3574 omnibus
765 3520 1101 3579 exhibeamus
1143 3541 1235 3580 nos
1270 3527 1404 3580 sicut
1438 3527 1538 3582 Dei
1578 3529 1891 3596 ministros,,

294 3608 350 3662 in
377 3607 542 3663 multa
568 3611 848 3682 patientia,
891 3614 946 3668 in
978 3615 1425 3684 tribulationibus,
1459 3619 1516 3674 in
1551 3623 1870 3675 necessitati-

296 3699 412 3763 bus,
449 3700 503 3754 in
526 3703 802 3772 angustiis,
831 3704 888 3758 in
915 3703 1106 3776 plagis,
1142 3707 1197 3760 in
1226 3708 1544 3775 carceribus,
1571 3709 1625 3764 in
1653 3711 1869 3765 seditio-

297 3787 469 3854 nibus,
496 3790 551 3844 in
589 3789 873 3860 laboribus,
915 3794 971 3849 in
1005 3797 1214 3867 vigiliis,
1260 3798 1317 3853 in
1351 3799 1598 3869 jejuniis,
1626 3802 1681 3855 in
1709 3802 1869 3856 casti-

295 3887 420 3943 tate,
441 3879 496 3933 in
523 3881 761 3948 scientia,
788 3882 842 3938 in
869 3883 1284 3955 longanimitate,
1310 3890 1365 3943 in
1388 3890 1664 3956 suavitate,
1689 3892 1742 3946 in
1753 3891 1872 3962 Spi-

295 3968 400 4021 ritu
421 3979 625 4036 sancto,
648 3971 706 4026 in
737 3973 994 4029 charitate
1029 3991 1132 4031 non
1158 3977 1303 4045 ﬁcta,
1331 3979 1388 4033 in
1421 3980 1577 4034 verbo
1609 3982 1864 4049 veritatis,

295 4059 351 4113 in
383 4060 574 4115 uirtute
602 4061 721 4130 Dei,
746 4079 840 4134 per
869 4081 1024 4121 arma
1046 4066 1293 4137 iustitiae,
1321 4086 1353 4122 a
1375 4069 1577 4125 dextris
1601 4081 1651 4126 et
1679 4090 1711 4126 a
1736 4073 1868 4128 sini-

294 4152 418 4205 stris
449 4151 535 4224 (II
571 4151 694 4208 Cor.
719 4153 842 4228 vt),
879 4163 936 4212 et
977 4165 1176 4214 caetera
1209 4155 1408 4215 similia
1459 4162 1605 4218 unde
1641 4170 1698 4218 et
1741 4172 1866 4234 apte

293 4243 540 4311 sequitur
565 4256 583 4298 :

366 4332 496 4388 Hoc
524 4335 732 4408 loquere
764 4347 815 4392 et
856 4339 1154 4394 exhortare.
1197 4339 1276 4397 Ac
1322 4341 1369 4398 si
1399 4341 1605 4398 diceret
1633 4361 1646 4397 :
1674 4342 1865 4401 Omnis

1967 1891 2121 1948 puer.
2149 1874 2282 1941 Quis
2306 1881 2391 1929 est
2422 1873 2513 1928 ille
2536 1888 2691 1944 puer,
2725 1859 2836 1928 nisi
2857 1873 2946 1928 ille
2973 1874 3040 1928 de
3065 1889 3174 1946 quo
3199 1873 3401 1927 dictum
3429 1881 3548 1928 est:

1969 1965 2116 2023 Puer
2139 1977 2294 2023 natus
2317 1976 2394 2022 est
2418 1966 2587 2032 nobis,
2616 1965 2760 2035 ﬁlius
2785 1964 2942 2019 datus
2968 1975 3042 2019 est
3071 1964 3219 2019 nobis
3243 1962 3426 2035 (lsaite
3448 1962 3554 2034 Ix)?

1972 2061 2171 2119 Factus
2210 2071 2288 2118 est
2314 2063 2451 2117 enim
2481 2060 2576 2119 sub
2608 2059 2736 2132 lege,
2765 2068 2820 2114 ut
2863 2076 2972 2125 eos,
2999 2060 3086 2132 qui
3121 2059 3220 2114 sub
3245 2058 3353 2130 lege
3379 2067 3550 2124 erant,

1969 2153 2302 2224 lucrifaceret
2329 2150 2472 2224 (Gal.
2499 2149 2594 2224 tv).
2619 2149 2784 2207 Vides
2828 2163 3043 2204 omnem
3072 2147 3206 2219 legis
3233 2149 3437 2203 veteris
3466 2161 3552 2202 se-

1971 2243 2107 2299 riem
2131 2241 2298 2297 fuisse
2320 2249 2504 2312 typum
2531 2238 2745 2308 futurae.
2771 2237 2888 2293 Non
2915 2238 3103 2308 utique
3131 2236 3334 2294 frustra
3358 2244 3553 2292 octava

1971 2333 2058 2389 die
2085 2332 2271 2403 jussus
2310 2339 2393 2387 est
2439 2329 2616 2386 infans
2660 2327 3006 2392 circumcidi,
3051 2327 3155 2382 nisi
3201 2327 3328 2396 quia
3375 2334 3552 2398 petra,

1971 2441 2077 2496 qua
2125 2422 2596 2487 circumcidimur,
2643 2419 2892 2476 Christus
2929 2425 3066 2474 erat.
3115 2417 3357 2474 Cultcllis
3403 2418 3549 2473 enim

1970 2515 2200 2587 petrinis
2236 2511 2589 2568 circumcisus
2617 2520 2702 2567 est
2742 2510 2993 2582 populus,
3020 2519 3172 2579 petra
3203 2515 3386 2562 autem
3432 2515 3555 2564 erat

1971 2609 2237 2664 Christus.
2260 2605 2438 2673 Quare
2461 2612 2642 2659 autem
2667 2611 2858 2659 octavo
2879 2601 3001 2657 die?
3029 2601 3156 2672 quia
3186 2601 3241 2654 in
3267 2600 3556 2655 hebdoma-

1971 2701 2129 2757 dibus
2157 2699 2297 2754 idcm
2341 2697 2575 2770 primus,
2605 2695 2697 2766 qui
2733 2705 2787 2751 et
2811 2703 3057 2750 octavus.
3083 2691 3375 2764 Completis
3405 2693 3552 2747 enim

1970 2803 2180 2864 septem
2209 2792 2398 2848 diebus
2429 2791 2636 2846 reditur
2661 2788 2729 2844 ad
2764 2789 3022 2861 primum,
3055 2785 3239 2840 finitus
3267 2784 3552 2854 septimus,

1971 2887 2230 2944 Dominus
2255 2885 2518 2956 sepultus.
2553 2883 2778 2938 Reditus
2811 2880 2880 2935 ad
2906 2880 3145 2951 primum
3183 2877 3444 2933 Dominus
3469 2891 3555 2931 re-

1971 2980 2285 3044 suscitatus,
2311 2974 2527 3032 Domini
2564 2972 2892 3030 resurrectio
2920 2970 3171 3043 promisit
3202 2968 3356 3023 nobis
3395 2974 3555 3022 :eter-

1973 3085 2101 3126 num
2138 3069 2302 3132 diem,
2330 3079 2385 3122 et
2413 3065 2751 3122 consecravit
2796 3063 2952 3119 nobis
2997 3060 3336 3117 Dominicum
3385 3058 3549 3120 diem,

1969 3162 2064 3234 qui
2110 3167 2337 3216 vocatur
2391 3156 2732 3219 Dominicus,
2787 3154 2902 3223 ipse
2954 3153 3170 3208 videtur
3215 3148 3433 3220 proprie
3483 3145 3553 3200 ad

1971 3251 2256 3310 Dominum
2305 3247 2606 3320 pertinere,
2655 3244 2780 3315 quia
2817 3257 2882 3299 eo
2931 3242 3018 3298 die.
3056 3240 3317 3296 Dominus
3360 3252 3547 3292 resur-

1968 3343 2130 3400 rexit.
2160 3343 2163 3346 ”

2041 3433 2150 3506 (Ex
2191 3431 2384 3502 Beda.)
2414 3427 2667 3500 Suscepit
2717 3426 2880 3498 igitur
2918 3421 3393 3480 circumcisidnem
3433 3419 3550 3490 lege

1968 3525 2245 3581 decretam
2286 3522 2338 3577 in
2370 3535 2554 3584 carne,
2582 3519 2676 3590 qui
2720 3517 2926 3588 absque
2965 3514 3115 3570 omni
3160 3527 3386 3584 prorsus
3430 3511 3552 3565 labe

1967 3615 2278 3689 pollutionis
2304 3612 2555 3685 apparuit
2581 3611 2637 3665 in
2664 3623 2850 3675 carne,
2884 3615 2940 3663 et
2977 3605 3071 3677 qui
3115 3619 3170 3660 tn
3199 3601 3553 3658 similitudine

1967 3708 2148 3766 carnis
2178 3707 2409 3778 peccati,
2434 3719 2542 3760 non
2575 3710 2755 3758 autem
2783 3700 2840 3755 in
2869 3713 3034 3755 carne
3061 3696 3272 3769 peccati
3307 3694 3550 3760 advenit,

1966 3801 2265 3859 remedium
2309 3815 2416 3870 quo
2439 3812 2568 3854 cano
2609 3794 2822 3868 peccati
2869 3797 3224 3849 consueverat
3256 3787 3507 3844 mundari
3530 3827 3546 3852 ,

1967 3911 2074 3952 non
2102 3894 2331 3966 respuit,
2355 3893 2492 3947 sicut
2514 3890 2679 3946 etiam
2697 3888 2842 3943 unda
2868 3884 3235 3956 baptismatis,
3261 3897 3366 3954 qua
3393 3895 3550 3935 nova:

1968 3986 2156 4058 gratia:
2201 3983 2428 4056 populos
2469 3997 2502 4037 a
2550 3985 2900 4052 peccatorum
2938 3976 3100 4033 sorde
3142 3974 3313 4029 lavari
3358 3971 3547 4028 voluit.

1964 4079 2083 4149 Ipse
2108 4092 2212 4132 non
2240 4072 2597 4138 necessitatis,
2623 4071 2718 4127 sed
2743 4068 2973 4140 exempli
2999 4083 3159 4124 causa
3185 4066 3378 4131 subiit;
3407 4065 3552 4120 scire

1965 4169 2166 4225 etenim
2211 4167 2370 4223 debet
2411 4171 2591 4219 vestra
2626 4159 2974 4224 fraternitas,
3007 4159 3134 4228 quia
3167 4157 3312 4212 idem
3354 4153 3548 4210 saluti-

1965 4258 2094 4313 fera:
2118 4255 2412 4312 curationis
2438 4251 2696 4308 auxilium
2725 4249 3061 4305 circumcisis
3093 4248 3146 4302 in
3191 4246 3326 4316 lege,
3357 4253 3548 4300 contra

1965 4349 2244 4421 originalis
2281 4344 2490 4417 peccati
2517 4341 2708 4397 vulnus
2737 4339 2949 4411 agebat,
2979 4339 3122 4410 quod
3154 4352 3300 4392 nunc
3337 4337 3548 4407 baptis-

295 4432 421 4480 ῑωιε
461 4442 668 4495 Sermo,
712 4429 767 4486 in
811 4430 916 4488 hac
963 4435 1342 4491 exhortatione
1393 4436 1654 4493 consistat
1701 4445 1864 4510 atque
1888 4461 1941 4521 D
1967 4458 2088 4498 mus
2114 4455 2276 4512 agere
2304 4437 2554 4495 revelata:
2594 4434 2784 4507 gratiae
2820 4442 3063 4503 tempore
3105 4429 3404 4486 consuevit.
3437 4428 3548 4483 Ex-

293 4527 622 4588 perseveret.

687 4670 1023 4714 EVLNGELIUI
1059 4673 1230 4725 LUCE,
1261 4675 1380 4716 CAP.
1410 4673 1447 4714 ll

335 4819 342 4834 ι.
367 4805 387 4840 ι
422 4787 714 4860 Postquam
759 4793 1118 4847 consummati
1163 4801 1291 4848 sunt
1334 4793 1452 4848 dies
1495 4800 1618 4848 octo
1657 4801 1719 4848 ut
1757 4791 1864 4848 cir-

298 4897 319 4932 s
351 4881 748 4938 cumcideretur
767 4899 924 4954 puer,
940 4894 1192 4940 vocatum
1216 4893 1302 4940 est
1326 4902 1522 4942 nomen
1543 4885 1661 4956 ejus
1681 4885 1860 4952 Iesus,

299 4987 320 5021 s
356 4973 497 5041 quod
532 4982 782 5030 vocatum
827 4983 910 5030 est
939 4977 1008 5032 ab
1052 4977 1246 5048 angelo
1271 4977 1586 5048 priusquam
1615 4979 1674 5032 in
1705 4987 1862 5036 utero

299 5081 318 5116 ι
354 5066 746 5136 conciperetur.
774 5067 842 5122 Et
868 5076 1152 5141 postquam
1193 5070 1398 5140 impleti
1429 5079 1554 5126 sunt
1595 5071 1710 5127 dies
1734 5087 1865 5143 pur-

300 5172 319 5205 s
356 5155 586 5225 gationis
605 5155 787 5213 Maria:
802 5159 1096 5215 secundum
1117 5161 1292 5230 legem
1309 5160 1500 5232 Moysi,
1525 5161 1762 5216 tulerunt
1781 5159 1864 5218 Je-

301 5261 320 5294 s
354 5259 475 5298 sum
497 5245 550 5299 in
572 5244 927 5312 Hierusalem,
945 5256 1006 5304 ut
1025 5250 1280 5304 sisterent
1299 5265 1424 5304 eum
1446 5251 1695 5317 Domino,
1719 5253 1860 5307 sicut

299 5351 318 5384 ι
355 5335 613 5406 scriptum
633 5345 720 5392 est
741 5337 796 5392 in
819 5339 937 5407 lege
963 5340 1174 5394 Domini
1194 5355 1208 5394 :
1228 5341 1363 5408 Quia
1379 5356 1539 5396 omne
1560 5342 1858 5397 masculum

298 5443 318 5477 s
354 5426 672 5497 adaperiens
704 5429 949 5495 vulvam,
977 5441 1225 5486 sanetum
1273 5431 1501 5488 Domino
1541 5431 1857 5487 vocabitur:

300 5537 318 5567 ο
355 5517 422 5572 Et
464 5529 521 5574 ut
561 5520 752 5575 darent
794 5522 1026 5578 hostiam
1057 5523 1351 5578 secundum
1378 5525 1523 5595 quod
1549 5524 1752 5580 dictum
1776 5532 1862 5579 est

300 5629 318 5662 ι
357 5612 409 5666 in
439 5612 556 5684 lege
591 5613 824 5681 Domini,
850 5631 950 5686 par
973 5625 1260 5681 turturum,
1290 5626 1384 5672 aut
1408 5617 1541 5672 duos
1569 5617 1744 5687 pullos
1767 5631 1861 5672 co-

305 5721 320 5749 ·
358 5703 679 5762 lumbarum.
709 5707 774 5763 Et
799 5722 925 5765 cccc
961 5710 1121 5766 homo
1146 5720 1263 5767 erat
1296 5711 1350 5767 in
1381 5709 1738 5777 Hierusalem,
1772 5709 1857 5765 cui

1966 4542 2122 4604 cepto
2149 4531 2290 4604 quod
2333 4529 2482 4601 regni
2522 4526 2759 4582 etelestis
2799 4524 3024 4593 januam
3069 4523 3296 4578 necdum
3341 4522 3548 4577 intrare

1964 4631 2234 4696 poterant,
2266 4620 2437 4676 donec
2470 4616 2761 4673 adveniens
2788 4613 3221 4670 benedictionem
3252 4611 3408 4665 daret
3449 4609 3543 4682 qui

1967 4714 2138 4785 legem
2171 4710 2336 4775 dedit,
2364 4715 2425 4763 ut
2452 4705 2622 4762 videri
2665 4712 2850 4776 posset
2875 4703 3018 4757 Deus
3044 4701 3266 4756 deorum
3295 4699 3348 4753 in
3385 4696 3541 4753 Sion.

1965 4804 2195 4858 Tantum
2223 4801 2278 4854 in
2307 4799 2428 4853 sinu
2459 4796 2712 4860 Abrahze,
2740 4803 2859 4864 post
2887 4799 3140 4856 mortem,
3166 4790 3322 4844 beata
3361 4787 3545 4857 requie

1963 4890 2248 4955 consolati,
2271 4901 2517 4958 supernae
2538 4884 2691 4956 pacis
2732 4885 3058 4954 ingressum,
3088 4895 3184 4950 Spe
3211 4879 3414 4942 felices,
3447 4894 3543 4933 ex-

1961 4980 2294 5053 spectabant.
2339 4977 2442 5044 Qui
2493 4977 2639 5030 enim
2670 4989 2813 5028 nunc
2855 4987 2952 5042 per
2988 4969 3336 5041 Evangelium
3384 4983 3542 5024 suum

1963 5072 2278 5129 terribiliter
2304 5085 2369 5125 ac
2411 5067 2702 5124 salubriter
2726 5064 2925 5121 clamat
2961 5081 2975 5117 :
3009 5062 3129 5117 Nisi
3171 5063 3287 5134 quis
3331 5071 3544 5116 renatus

1962 5163 2120 5233 fuerit
2150 5177 2215 5215 ea:
2242 5176 2380 5231 aqua
2406 5168 2454 5213 et
2487 5155 2685 5228 Spiritu
2727 5164 2929 5219 sancto,
2961 5170 3065 5206 non
3110 5161 3275 5223 potest
3324 5152 3544 5206 introire

1964 5253 2022 5305 in
2051 5265 2270 5321 regnum
2297 5248 2394 5302 Dei
2422 5245 2606 5319 (Ioan.
2634 5245 2742 5317 ιιι),
2775 5244 2890 5315 ipse
2921 5252 3035 5297 tum
3066 5256 3162 5313 per
3187 5241 3360 5313 legem
3387 5257 3542 5297 suam

1966 5341 2274 5397 clamabat:
2315 5336 2588 5393 Masculus
2616 5338 2769 5408 cujus
2798 5338 3042 5409 pra'putii
3081 5355 3206 5393 caro
3233 5338 3543 5393 circumcisa

1966 5450 2071 5490 non
2102 5433 2284 5504 fuerit,
2310 5431 2497 5502 peribit
2524 5431 2703 5484 anima
2726 5429 2820 5484 illa
2847 5430 2912 5484 de
2937 5429 3129 5502 populo
3153 5447 3270 5494 suo,
3297 5429 3422 5500 quia
3449 5444 3547 5499 pa-

1966 5535 2106 5580 ctum
2145 5540 2316 5579 meum
2343 5524 2551 5577 irritum
2583 5523 2706 5592 fecit
2738 5521 2936 5594 (Exod.
2974 5536 3102 5586 xm;
3137 5519 3299 5575 Leuit.
3323 5518 3420 5591 sn)
3442 5560 3456 5586 ,
3486 5518 3546 5577 id

1964 5623 2067 5681 est,
2110 5615 2235 5687 quia
2265 5621 2480 5686 pactum
2507 5612 2653 5678 vitae,
2685 5611 2738 5666 in
2767 5611 3020 5683 paradiso
3053 5608 3362 5665 hominibus
3395 5623 3427 5663 a
3455 5622 3544 5665 me

1966 5708 2172 5775 datum,
2197 5706 2367 5764 Adam
2395 5705 3206 5776 pravaricantenransgressum
3220 5709 3327 5772 est,
3357 5701 3412 5758 in
3432 5715 3542 5774 quo
