3946 6438
388 271 460 330 59
1685 266 1968 326 SMARAG
1977 266 2042 323 Di
2081 266 2370 326 ABBATiS
2708 277 2712 280 ’
3593 272 3662 327 σο

392 404 590 446 omnes
625 393 1013 460 peccaverunt,
1039 386 1238 457 peribit
1277 385 1342 441 de
1371 392 1514 441 cmtu
1551 393 1863 441 sanctorum
1883 425 1898 450 ,
1924 382 1969 438 si
1998 383 2051 444 A
2073 394 2180 440 tur.
2207 384 2362 452 Quod
2390 386 2546 454 dicit,
2571 385 2738 444 Omne
2767 388 3059 446 masculum
3085 389 3393 461 adaperietts
3433 389 3660 456 ualeant,

395 495 507 536 non
532 481 584 534 ei
609 478 776 534 fuerit
803 478 1042 533 remedio
1067 477 1294 532 salutari
1322 477 1664 532 subventum.

482 571 730 628 Vocatum
759 580 835 625 est
865 586 1054 624 nomen
1099 569 1238 639 ejus,
1266 567 1450 633 Iesus,
1490 576 1598 623 etc.
1636 567 1740 638 (Ex
1786 563 1978 634 Beda.)

399 662 457 717 In
501 664 625 728 hoc,
666 660 808 732 quod
853 659 910 716 in
939 659 1028 714 die
1056 659 1486 715 circumcisionis
1525 673 1640 713 sua:
1684 671 1882 712 nomen
1922 665 1984 710 ut

399 754 556 810 Jcsus
592 762 900 819 vocaretur,
927 754 1158 823 accepit,
1187 753 1258 808 ad
1294 751 1649 807 imitationem
1675 750 1979 821 priscorum

401 843 550 908 fecit,
583 843 722 899 sicut
746 843 1020 898 Abraham
1043 841 1376 911 patriarcha,
1399 839 1490 909 qui
1520 839 1726 909 primus
1751 838 1983 892 circum-

403 934 624 990 cisionis
665 941 1066 990 sacramentum
1109 941 1166 987 et
1203 931 1579 1002 promissionis
1611 929 1984 991 testimonium

403 1024 634 1093 accepit,
655 1033 713 1079 et
740 1023 930 1079 eodem
951 1023 1038 1079 die
1063 1022 1534 1092 ampliﬁcationem
1561 1020 1798 1076 nominis
1823 1017 1985 1074 simul

404 1130 527 1170 cum
569 1131 667 1171 sua
695 1117 924 1187 conjuge
952 1115 1270 1186 promeruit,
1295 1121 1358 1168 ut
1379 1113 1472 1182 qui
1499 1121 1724 1167 eatenus
1757 1111 1983 1175 Abram,

406 1205 459 1259 id
485 1213 585 1268 est,
614 1215 770 1275 pater
795 1206 1063 1272 excelsus,
1087 1205 1279 1261 deinde
1305 1204 1602 1270 Abraham,
1630 1203 1685 1258 id
1705 1211 1810 1269 est,
1831 1210 1986 1274 pater

404 1297 694 1350 multarum
723 1297 962 1366 gentium
991 1305 1294 1352 vocarrtur.

475 1389 585 1456 (Ex
630 1388 876 1460 Hieron.)
922 1388 1028 1445 Sed
1052 1399 1108 1445 et
1136 1389 1290 1443 Sarai
1321 1405 1458 1444 uxor
1503 1398 1628 1453 tua,
1670 1388 1846 1459 inquit
1873 1388 1984 1442 Do-

409 1479 590 1534 minus
623 1481 693 1534 ad
723 1479 1017 1542 Abraham,
1051 1496 1158 1534 non
1192 1480 1474 1534 vocabitur
1501 1479 1678 1545 Sarai,
1704 1480 1799 1535 sed
1827 1477 1982 1534 Sara.

404 1567 605 1623 Errant
632 1569 722 1639 qui
750 1577 941 1640 putant
965 1570 1199 1639 primum
1233 1569 1422 1624 Suram
1449 1585 1546 1639 per
1573 1585 1736 1624 unum
1763 1568 1809 1624 R
1845 1569 1984 1623 scri-

402 1666 556 1728 ptum
603 1659 793 1725 fuisse,
819 1671 875 1715 et
918 1669 1108 1731 postea
1153 1661 1381 1715 alterum
1424 1661 1472 1714 ll
1514 1661 1786 1725 additum,
1824 1658 1980 1714 Sarai

2082 484 2140 531 et
2164 476 2400 533 hominis
2422 485 2477 533 et
2500 480 2712 548 pecoris
2743 480 3160 552 primogenitum
3196 479 3489 549 signiﬁcat,
3519 481 3665 550 quod

2081 573 2368 638 utrumque
2407 581 2655 624 sanctum
2683 571 2909 628 Domino
2950 573 3153 638 vocari,
3202 583 3366 643 atque
3409 573 3531 627 ideo
3570 589 3663 628 sa-

2081 657 2318 713 cerdotis
2351 674 2488 721 esse,
2517 671 2842 730 praeceptum
2885 671 2990 717 est.
3019 663 3097 716 Ita
3141 662 3435 730 duntaxat,
3477 669 3539 716 ut
3566 677 3666 732 pro

2081 745 2317 801 hominis
2361 748 2724 819 primogenita
2770 750 3007 818 pretium
3049 749 3351 820 acciperet,
3400 757 3458 804 et
3502 764 3667 805 omne

2081 836 2280 892 animal
2331 839 2666 893 immundum
2719 841 2912 895 redimi
2959 839 3196 906 faceret,
3241 838 3412 909 cujus,
3458 841 3662 910 inquit,

2083 928 2382 998 redemptio
2421 930 2526 984 erit
2556 938 2679 998 post
2722 946 2888 985 unum
2938 947 3211 997 mensem,
3258 931 3407 988 siclis
3455 931 3666 1002 argenti

2083 1019 2349 1088 quinque;
2390 1021 2482 1076 ubi
2511 1021 2660 1077 salvo
2690 1023 2974 1079 subtiliore
3008 1031 3243 1080 tractatu
3269 1024 3512 1079 breviter
3537 1023 3668 1078 inti-

2083 1111 2360 1176 mandum,
2405 1112 2550 1182 quod
2597 1112 2685 1168 illa
2727 1114 2910 1168 omnia
2953 1115 3332 1186 primogenita,
3376 1115 3461 1169 vel
3495 1114 3668 1185 ﬁgura

2082 1199 2284 1256 fuerint
2330 1201 2464 1270 ejus,
2513 1205 2605 1274 qui
2653 1221 2776 1261 cum
2823 1207 3133 1276 unigenitus
3168 1216 3314 1263 esset
3358 1208 3454 1262 Dei
3492 1207 3665 1262 Filius

2082 1293 2472 1365 primogenitus
2514 1296 2631 1350 ﬁeri
2674 1297 2921 1367 dignatus
2961 1307 3050 1353 est
3087 1299 3266 1354 omnis
3300 1308 3582 1363 creaturae,
3611 1307 3669 1353 ct

2082 1398 2212 1438 vere
2239 1391 2292 1438 et
2324 1385 2670 1455 singulariter
2692 1396 2910 1442 sanctus
2950 1388 3196 1454 Domino,
3227 1390 3354 1458 quia
3383 1399 3668 1459 peccatum

2083 1490 2190 1529 non
2233 1473 2394 1541 fecit,
2441 1491 2543 1532 nec
2573 1477 2826 1532 iuventus
2868 1486 2951 1533 est
2981 1479 3135 1534 uoltis
3180 1479 3234 1534 in
3260 1495 3357 1535 ore
3399 1478 3534 1548 ejus,
3580 1481 3670 1535 vel

2083 1575 2231 1620 certe
2271 1576 2470 1622 nostra:
2509 1567 2675 1624 fuerit
2715 1571 3020 1628 devoionis
3052 1573 3334 1638 indicium,
3365 1574 3457 1643 qui
3492 1575 3670 1630 smnia

2084 1655 2238 1712 bona:
2263 1658 2488 1714 actionis
2519 1659 2691 1724 initia,
2718 1677 2837 1731 quas
2865 1664 3018 1732 quasi
3047 1663 3210 1719 corde
3238 1664 3529 1736 gignimus,
3563 1664 3672 1719 Do-

402 1723 638 1818 primum
662 1723 850 1806 vocata
884 1723 968 1806 est
1000 1768 1096 1822 per
1125 1760 1144 1800 τ
1168 1766 1208 1810 -ι
1235 1762 1307 1812 tr.
1337 1751 1561 1808 Sublato
1585 1767 1715 1822 ergo
1737 1723 1779 1816 t,
1807 1750 1861 1805 id
1893 1758 1981 1806 est
2009 1723 2058 1784 Β
2086 1747 2214 1801 mini
2244 1749 2432 1817 gratim
2461 1723 2752 1817 deputare;
2787 1723 2928 1808 male
2972 1762 3154 1808 autem
3202 1723 3353 1825 3351a
3404 1755 3673 1810 redimere

403 1840 423 1893 i
445 1840 729 1907 elemento,
755 1842 937 1897 addita
963 1851 1047 1897 est
1072 1843 1336 1907 n'littera,
1368 1858 1489 1912 quae
1513 1857 1613 1912 per
1631 1841 1677 1896 Α
1699 1842 1988 1930 legitur,et

401 1943 593 1987 vocata
631 1942 713 1988 est
745 1944 909 2000 mw,
955 1935 1149 1990 Saraa.
1180 1935 1355 1990 Causa
1404 1942 1587 1989 autem
1635 1934 1712 1988 ita
1749 1934 1985 1990 nominis

403 2024 708 2089 immutati,
740 2023 856 2080 haec
895 2033 1000 2091 est,
1031 2024 1176 2094 quod
1219 2033 1379 2080 antea
1422 2023 1706 2080 dicebatur
1744 2025 1984 2093 princeps

403 2129 552 2180 mea,
598 2115 756 2170 unius
783 2114 989 2170 scilicet
1020 2116 1392 2170 tantummodo
1421 2115 1613 2170 domus
1656 2111 1987 2167 materfami-

403 2202 526 2269 llas,
553 2213 737 2274 postea
757 2221 886 2261 vero
912 2205 1110 2261 dicitur
1131 2205 1376 2260 absolute
1397 2205 1660 2275 princeps,
1686 2204 1739 2258 id
1765 2210 1868 2267 est,
1893 2200 1986 2277 ἄρ-

409 2315 608 2366 χωσα.

476 2385 547 2439 Et
576 2397 854 2458 postquam
891 2387 1088 2458 impleti
1111 2398 1231 2443 sunt
1257 2387 1366 2442 dies
1390 2388 1716 2458 purgationis
1741 2387 1878 2457 ejus,
1908 2403 1989 2440 se-

405 2477 635 2531 cundum
669 2477 829 2548 legem
862 2477 1032 2550 Moysi
1062 2480 1292 2534 tulerunt
1336 2479 1487 2533 illum
1529 2479 1586 2533 in
1628 2477 1985 2542 Hierusalem,

2082 1835 2402 1902 debeamus,
2426 1839 2616 1909 dignos
2641 1841 2898 1896 videlicet
2944 1844 3278 1912 pmuitcntize
3307 1843 3535 1906 fructus,
3570 1860 3672 1913 pro

2082 1925 2308 1995 singulis
2335 1927 2576 1998 quinque
2619 1932 2865 2001 corporis
2909 1931 2994 1985 vel
3035 1933 3230 1987 anima:
3263 1935 3514 1988 sensibus
3541 1932 3674 1988 olfe-

2083 2025 2282 2070 rentes.
2316 2017 2500 2086 Itaque
2531 2021 2674 2089 quod
2718 2021 2796 2075 ait
2838 2039 2852 2075 :
2890 2022 3210 2093 Adaperiens
3257 2022 3496 2087 vulvam,
3537 2038 3672 2086 con-,-

2083 2115 2251 2162 sueta:
2275 2108 2574 2164 nativitatis
2605 2126 2754 2165 more
2781 2111 3038 2182 loquitur,
3076 2130 3183 2170 non
3222 2114 3366 2183 quod
3399 2114 3666 2169 Dominus

2083 2205 2268 2252 uoster
2295 2197 2436 2252 sacri
2461 2201 2666 2256 ventris
2694 2201 3006 2273 hospitium,
3034 2203 3178 2274 quod
3209 2204 3487 2275 ingressus
3541 2220 3671 2260 san-

2084 2288 2364 2354 ctiﬁcarit,
2390 2305 2641 2360 egressus
2673 2292 3038 2364 devirginasse
3066 2295 3369 2349 credendus
3395 2295 3492 2358 sit,
3515 2294 3672 2364 juxta

2087 2378 2391 2444 haereticos,
2422 2382 2513 2450 qui
2558 2383 2746 2437 dicunt
2772 2384 2986 2437 beatam
3035 2383 3258 2438 Mariam
3286 2383 3550 2454 virginem
3579 2399 3672 2446 use

2086 2484 2192 2540 que
2217 2471 2283 2526 ad
2309 2480 2543 2541 partum,
2567 2488 2676 2528 non
2704 2474 2970 2545 virginem
3005 2489 3130 2529 esse
3155 2482 3278 2545 post
3313 2483 3550 2545 partum,
3578 2476 3674 2530 sed

406 2575 465 2622 ut
489 2569 730 2622 sisterent
758 2568 909 2624 illum
935 2569 1179 2625 ltonsino.
1205 2571 1308 2642 (Ex
1333 2569 1522 2642 Beda.)
1553 2569 1841 2626 Decretum
1868 2569 1991 2640 qui—
2079 2558 2238 2630 inﬂa
2273 2560 2435 2617 ﬁdem
2469 2563 2820 2630 catholicam,
2848 2564 3035 2621 clauso
3066 2565 3294 2636 virginis
3320 2572 3496 2630 utero,
3521 2565 3680 2633 quasi

407 2655 531 2712 dom
580 2656 718 2729 legis
760 2669 881 2714 erat
907 2659 1193 2730 parvulum
1220 2667 1344 2730 post
1388 2659 1725 2716 tricesimum
1768 2659 1989 2715 tertium

409 2746 839 2804 circumcisionis
860 2750 1002 2804 diem
1026 2750 1094 2806 ad
1120 2750 1378 2821 templum
1403 2750 1616 2806 Domini
1645 2749 1868 2816 deferri,
1895 2750 1987 2805 da-

411 2837 566 2908 rique
592 2837 826 2894 hostiam
857 2854 956 2910 pro
981 2855 1046 2896 eo
1070 2855 1084 2894 :
1116 2839 1536 2913 primogenitum
1565 2850 1745 2896 autem
1770 2857 1988 2896 mascu-

410 2924 522 2980 lum
552 2934 798 2983 sanctum
843 2927 1070 2984 Domino
1101 2929 1252 2997 ﬁeri,
1287 2931 1534 3002 mystice,
1563 2931 1706 2987 sicut
1732 2931 1987 2997 diximus,

409 3016 712 3087 insinuans,
742 3022 1011 3077 neminem
1055 3023 1161 3079 nisi
1187 3024 1568 3081 circumcisum
1603 3025 1772 3091 vitiis,
1804 3026 1988 3082 Domi-

409 3106 548 3181 uicis
605 3107 822 3178 dignum
878 3124 1001 3166 esse
1049 3115 1466 3183 conspectibus;
1520 3116 1830 3183 neminem,
1881 3117 1986 3173 nisi

408 3198 752 3256 mortalitatis
797 3201 1025 3259 nexibus
1066 3203 1405 3270 absolutum,
1453 3221 1700 3276 supernae
1742 3207 1982 3262 civitatis

412 3289 607 3361 gaudia
633 3289 871 3360 perfecte
899 3309 1058 3364 posse
1087 3295 1287 3351 subire.
1317 3297 1517 3353 Verum
1548 3299 1594 3352 si
1640 3295 1776 3370 legis
1819 3299 1990 3370 ipsius

409 3377 576 3433 verba
609 3379 923 3450 diligentius
957 3382 1279 3453 inspexeris,
1303 3383 1546 3456 profecto
1572 3386 1836 3456 reperies,
1861 3388 1989 3457 quia

411 3487 521 3527 non
549 3471 720 3527 solum
750 3473 1010 3532 Dominus
1037 3475 1372 3544 incarnatus,
1412 3486 1675 3548 quantum
1715 3495 1747 3534 a
1781 3479 1991 3552 peccati

411 3564 756 3636 contagione,
800 3573 1009 3622 tantum
1037 3582 1070 3622 a
1109 3569 1417 3624 conditione
1443 3570 1599 3642 legis,
1620 3570 1786 3628 fuerit
1829 3573 1989 3641 liber,

410 3668 578 3724 quam
620 3654 690 3709 ob
719 3654 822 3711 hoc
847 3657 1021 3728 magis
1045 3658 1322 3728 suscipere
1350 3659 1604 3731 dignatus
1629 3669 1743 3728 est,
1786 3670 1848 3718 ut
1869 3677 1991 3719 eam

413 3755 692 3815 sanctam,
733 3746 972 3817 justam,
1008 3765 1075 3806 ac
1101 3751 1300 3806 bonam
1329 3766 1449 3808 esse
1479 3754 1766 3824 probaret,
1794 3764 1851 3810 et
1892 3771 1992 3812 nos

413 3838 484 3894 ab
527 3837 646 3908 ejus
689 3839 952 3896 servitute
989 3856 1055 3898 ac
1085 3850 1288 3898 timore
1322 3839 1446 3899 ﬁdei
1487 3845 1663 3916 gratia
1702 3846 1990 3914 liberaret,

414 3928 513 3985 sed
534 3930 699 3986 etiam
722 3929 839 4001 ipsa
865 3931 962 3986 Dei
988 3932 1248 4003 genitrix,
1275 3933 1418 3989 sicut
1447 3936 1516 3991 ab
1541 3935 1874 3996 admixtione
1914 3938 1996 3993 vi-

416 4019 528 4086 rili,
551 4020 630 4075 sic
652 4028 709 4076 et
728 4036 759 4074 a
787 4019 947 4092 legali
969 4023 1041 4098 sit
1057 4021 1181 4091 jure
1203 4023 1481 4080 immunis.
1505 4025 1651 4080 Dicit
1677 4025 1822 4082 enim
1847 4026 1996 4098 Moy-

414 4125 503 4166 ses
532 4124 548 4164 :
589 4108 785 4164 Mulier
889 4089 1124 4183 suscepto
1167 4113 1362 4167 semine
1387 4115 1640 4185 pepererit
1677 4089 1992 4183 masculum,

414 4200 691 4260 immunda
715 4202 814 4256 erit
857 4212 1050 4273 septem
1083 4203 1288 4270 diebus,
1313 4205 1473 4275 juxta
1499 4205 1611 4261 dies
1650 4209 1995 4279 separationis

417 4303 720 4361 menstruae,
741 4304 790 4349 et
809 4295 894 4350 die
913 4304 1090 4351 octavo
1111 4297 1514 4353 circumcidetur
1537 4297 1852 4368 infantulus.
1867 4297 1996 4370 Ipsa

2089 2665 2318 2723 sponsus
2361 2668 2462 2710 suo
2510 2655 2779 2724 processit
2816 2655 2884 2712 de
2924 2655 3187 2724 thalamo,
3221 2656 3296 2714 de
3317 2672 3426 2728 quo
3455 2657 3685 2728 pulchre

2089 2740 2361 2814 Propheta
2395 2763 2409 2799 :
2447 2731 2542 2800 Et.
2565 2748 2813 2802 convertit
2858 2764 2959 2814 me,
3001 2748 3196 2820 inquit,
3231 2749 3302 2804 ad
3343 2749 3483 2804 viam
3510 2759 3684 2820 portat

2089 2835 2383 2889 sanctuarii
2409 2836 2704 2904 exterioris,
2729 2855 2846 2909 qua
2876 2839 3179 2910 respiciebat
3209 2840 3279 2894 ad
3313 2840 3563 2895 orientem
3581 2880 3598 2906 ,
3626 2851 3677 2896 et

2089 2935 2203 2980 erat
2249 2925 2464 2994 clausa,
2493 2937 2543 2982 et
2589 2927 2724 2983 dixit
2755 2928 3012 2985 Dominus
3049 2930 3122 2985 ad
3166 2947 3248 2985 me
3285 2944 3304 2983 :
3348 2928 3518 2986 Porta
3564 2931 3680 2988 hac

2092 3016 2275 3073 clausa
2320 3020 2444 3086 erit,
2472 3035 2578 3075 non
2611 3021 2898 3090 aperietur,
2944 3030 2993 3076 et
3036 3021 3115 3076 vir
3155 3037 3263 3075 non
3305 3029 3540 3077 transeat
3584 3039 3681 3093 per

2089 3127 2226 3164 eam.
2257 3109 2520 3176 Quoniam
2541 3110 2799 3166 Dominus
2827 3111 2966 3166 Deus
2987 3110 3158 3167 Israel
3187 3111 3451 3181 ingressus
3476 3121 3550 3167 est
3579 3130 3679 3184 per

2088 3215 2238 3265 eam,
2282 3200 2480 3271 eritque
2527 3200 2744 3266 clausa;
2774 3201 3070 3272 principum
3116 3201 3354 3273 princeps
3394 3202 3452 3257 in
3477 3219 3540 3258 ea
3588 3221 3680 3259 se-

2089 3287 2261 3355 debit,
2298 3298 2354 3344 ut
2401 3289 2636 3346 comedat
2682 3306 2871 3360 panem
2915 3307 3094 3346 coram
3150 3291 3380 3348 Domina
3441 3293 3676 3365 (Eucti.

2089 3378 2259 3451 xuv).
2303 3377 2563 3446 Quamvis
2612 3379 2786 3450 possit
2843 3381 3011 3437 etiam
3067 3382 3298 3454 mystice
3358 3383 3670 3455 designari,

2090 3471 2299 3527 nullum
2336 3479 2539 3542 praeter
2574 3471 2863 3530 Dominum
2909 3471 3166 3529 Ecclesia
3205 3473 3434 3546 virginis
3460 3484 3682 3537 uterum

2090 3575 2189 3631 per
2231 3575 2430 3630 aquam
2467 3569 2524 3617 et
2566 3560 2831 3632 Spiritum
2874 3571 3123 3619 sanctum
3166 3563 3236 3619 ad
3277 3565 3684 3634 regenerandos

2091 3651 2203 3708 Deo
2248 3650 2390 3707 lilios
2430 3667 2592 3723 posse
2637 3666 2923 3719 reserare,
2970 3652 3200 3724 ideoque
3255 3653 3401 3708 hunc
3453 3668 3677 3710 mascu-

2091 3740 2236 3808 lum,
2267 3740 2678 3813 incomparabili
2718 3742 2984 3814 dignitate
3028 3741 3259 3820 Domino
3286 3753 3536 3802 sanctum
3583 3760 3684 3801 vo-

2094 3845 2207 3887 can
2217 3870 2231 3884 .

2163 3941 2236 3997 Et
2267 3952 2326 3997 ut
2353 3942 2541 3998 darent
2577 3943 2834 4010 hostiam,
2871 3942 3160 3998 mundum
3207 3943 3347 4015 quod
3375 3944 3576 3999 dictum
3601 3955 3683 4001 est

2091 4034 2150 4090 in
2170 4033 2280 4105 lege
2301 4033 2538 4100 Domini,
2555 4051 2664 4106 par
2691 4043 2982 4099 turturum,
3010 4043 3105 4088 aut
3128 4031 3261 4089 duos
3285 4033 3460 4106 pullos
3481 4035 3682 4090 celans-

2095 4127 2303 4182 barum.
2342 4125 2446 4199 (Ex
2479 4127 2670 4198 Beda.)
2695 4125 2910 4182 Dictum
2951 4131 3038 4181 est
3078 4125 3135 4181 in
3174 4124 3315 4195 lege,
3359 4134 3420 4180 ut
3459 4141 3560 4197 pro
3591 4128 3678 4182 in-

2094 4217 2262 4283 fante,
2295 4218 2340 4274 si
2376 4217 2650 4274 masculus
2675 4218 2768 4282 sit,
2790 4224 2852 4272 ut
2875 4217 3120 4288 pmdixi,
3165 4219 3603 4287 quadragesimo,
3631 4218 3679 4273 si

2095 4306 2295 4364 femina
2335 4309 2666 4379 octogesimo
2709 4308 2797 4364 die
2834 4307 3158 4373 nativitatis,
3195 4323 3368 4378 agnus
3400 4308 3687 4378 agniculus

416 4397 534 4436 vero
582 4382 798 4453 triginta
839 4385 1003 4439 tribus
1048 4385 1228 4441 diebus
1268 4388 1493 4442 manebit
1527 4390 1583 4443 in
1622 4389 1876 4460 sanguine
1897 4407 1994 4459 pu-
2018 4402 2072 4461 D
2097 4399 2475 4455 immaculata;
2499 4399 2555 4454 in
2592 4399 2990 4462 holocaustum,
3033 4407 3090 4454 et
3117 4406 3320 4464 turtur,
3361 4399 3475 4455 sive
3503 4399 3689 4468 pullus

418 4472 726 4542 riﬁcationis
771 4491 882 4531 suae
925 4475 1111 4548 (Leuit.
1158 4475 1292 4548 xu).
1340 4477 1477 4532 Nota
1521 4493 1672 4550 ergo,
1703 4479 1848 4548 quod
1882 4495 1988 4535 non

417 4563 593 4618 omnis
621 4563 817 4620 mulier
842 4566 1082 4635 pariens,
1111 4565 1204 4620 sed
1229 4580 1295 4620 ea
1335 4581 1455 4635 qua:
1501 4577 1752 4637 suscepto
1787 4567 1993 4625 semin

415 4655 722 4727 pepererit,
754 4656 1066 4726 designatur
1112 4656 1428 4723 immunda,
1467 4657 1682 4727 rituque
1713 4658 1849 4730 legis
1897 4660 1995 4714 do-

417 4754 575 4802 cetur
624 4761 748 4803 esse
808 4747 1144 4812 mandanda,
1189 4748 1258 4802 ad
1299 4748 1701 4806 distinctionem
1742 4751 1994 4808 videlicet

419 4837 590 4904 illius,
629 4852 750 4908 quae
775 4837 928 4908 virgo
953 4838 1229 4908 concepit,
1265 4847 1322 4893 et
1346 4840 1556 4912 peperit
1584 4838 1772 4894 lilium.
1805 4841 1873 4896 Et
1898 4857 1995 4897 vo-

419 4929 565 4987 cavit
606 4945 802 4985 nomen
831 4928 950 4998 ejus
996 4913 1228 4996 Suum,
1263 4931 1407 5000 quod
1449 4938 1531 4987 est
1577 4931 1993 5003 interpretatum

420 5020 703 5076 nobiscum
746 5019 909 5076 Deus.
953 5019 1073 5075 Non
1107 5036 1236 5092 ergo
1292 5020 1434 5077 filius
1467 5023 1560 5093 qui
1604 5038 1728 5078 cum
1775 5025 1994 5082 homine

419 5113 566 5171 Deus
589 5121 694 5180 est,
735 5128 843 5168 non
871 5121 1064 5180 mater,
1104 5129 1226 5184 qua:
1269 5113 1474 5184 Spiritu
1518 5127 1708 5170 sancto
1734 5125 1994 5186 operante

419 5206 652 5278 peperit,
693 5205 927 5261 victimis
967 5207 1290 5271 hostiarum,
1315 5207 1511 5276 quibus
1538 5218 1878 5280 purgaretur,
1909 5211 1994 5265 in-

422 5295 656 5367 digebat,
683 5296 778 5350 sed
809 5304 868 5348 ut
897 5310 995 5351 nos
1017 5311 1048 5350 a
1077 5296 1212 5368 legis
1234 5297 1450 5352 vinculo
1475 5298 1827 5365 solveremur,
1853 5300 1994 5356 sicut

421 5384 685 5440 Dominus
710 5383 978 5450 Christus,
1004 5385 1078 5440 ita
1105 5393 1162 5440 et
1198 5386 1359 5441 beata
1399 5401 1615 5458 semper
1640 5387 1792 5460 virgo
1827 5389 1992 5444 Maria

423 5474 529 5544 legi
553 5485 638 5531 est
665 5482 856 5546 sponte
883 5476 1143 5546 subjecta.

494 5565 644 5620 Sicut
665 5567 914 5636 scriptum
942 5576 1017 5622 est
1039 5567 1096 5622 in
1121 5566 1229 5638 lege
1257 5567 1509 5624 Domini:
1541 5569 1680 5637 Quia
1705 5587 1856 5626 omne
1880 5588 1994 5626 ma-

424 5655 626 5716 sculum
652 5657 962 5731 adaperiens
991 5659 1215 5728 vulvam,
1253 5669 1490 5717 sanctum
1528 5661 1751 5718 Domino
1789 5663 1994 5720 vocabi-

2097 4490 2438 4547 columbinus
2485 4490 2775 4546 oﬂ‘erretur
2818 4507 2918 4561 pro
2967 4499 3230 4560 peccato:
3261 4489 3322 4546 Si
3358 4499 3538 4545 autem
3572 4508 3684 4546 non

2097 4583 2379 4648 invenerit,
2425 4581 2631 4652 inquit.
2674 4598 2863 4636 manus
2905 4581 3040 4651 ejus,
3089 4597 3183 4635 nec
3223 4582 3448 4652 potuerit
3491 4582 3681 4650 offerre

2099 4681 2491 4743 agnum,sumet
2519 4671 2651 4725 duos
2680 4669 3022 4736 turtures,vel
3043 4671 3174 4726 duos
3201 4670 3372 4743 pullos
3397 4669 3683 4736 columbae,

2099 4781 2261 4820 unum
2285 4765 2340 4819 in
2364 4763 2748 4829 holocaustum,
2776 4772 2825 4818 et
2854 4761 3079 4819 alterum
3103 4780 3196 4835 pro
3221 4773 3452 4835 peccato.
3495 4761 3682 4816 Domi-

2099 4870 2202 4914 nus
2227 4869 2357 4926 ergo
2384 4851 2542 4908 Jesus
2565 4850 2814 4909 Christus
2837 4867 2960 4908 cum
2989 4852 3142 4908 dives
3168 4861 3335 4917 esset,
3369 4865 3574 4921 pauper
3597 4850 3681 4907 fa-

2098 4953 2219 5004 ctus
2259 4960 2360 5015 pro
2405 4943 2594 5010 nobis,
2640 4957 2934 5014 pauperem
2990 4958 3092 5014 pro
3127 4958 3190 4998 se
3235 4943 3469 5001 hostiam
3510 4941 3684 4997 voluit

2099 5035 2240 5100 dari,
2267 5042 2330 5089 ut
2353 5033 2623 5100 videlicet,
2659 5049 2765 5088 una
2793 5047 2890 5090 sua
2915 5041 3232 5104 paupertate
3260 5048 3362 5089 nos
3397 5033 3594 5088 divites
3621 5033 3676 5087 in

2099 5124 2206 5180 fide
2237 5131 2294 5179 et
2329 5122 2439 5178 illic
2482 5121 2684 5178 faceret
2707 5123 2952 5179 heredes
2980 5123 3154 5195 regni,
3195 5123 3341 5193 quod
3367 5123 3680 5193 repromisit

2099 5213 2244 5270 Deus
2282 5213 2627 5285 diligentibus
2665 5231 2742 5274 se.
2787 5217 3064 5273 Moraliter
3101 5223 3306 5280 autem,
3352 5216 3470 5272 sive
3513 5214 3677 5270 fortia

2100 5300 2220 5369 quis
2260 5315 2443 5369 opera,
2469 5315 2562 5355 seu
2592 5301 2861 5356 creaverit
2906 5300 3144 5365 infirma,
3186 5316 3308 5370 quae
3347 5299 3572 5355 masculi
3613 5314 3682 5354 ac

2099 5391 2315 5447 feminae
2337 5391 2598 5447 vocabulo
2615 5392 3050 5466 distinguuntur,
3077 5401 3138 5448 ut
3163 5394 3279 5449 haec
3305 5392 3544 5464 legitime
3572 5393 3683 5447 Do-

2100 5481 2248 5537 mino
2288 5481 2505 5537 valeant
2547 5483 2877 5549 consecrari,
2919 5497 3075 5540 ovem
3120 5499 3343 5540 necesse
3387 5492 3471 5540 est
3514 5485 3677 5540 inno-

2101 5573 2312 5640 centiae,
2339 5582 2396 5628 et
2418 5581 2684 5630 turturem
2710 5575 2930 5646 pariter,
2957 5577 3071 5632 sive
3097 5577 3398 5634 columbam
3422 5592 3678 5647 compun—

2103 5661 2295 5719 ctionis
2329 5662 2549 5730 offerat,
2589 5663 2717 5733 quia
2767 5664 2912 5721 enim
2952 5665 3202 5723 volucres
3235 5667 3324 5723 ha:
3368 5681 3470 5737 pro
3505 5677 3677 5722 cantu
