3946 6416
217 271 277 327 6|
1071 262 1596 323 COLLECTlONBS
1635 260 1703 319 IN
1742 252 2122 324 aeterm.”
2160 266 2249 325 ET
2288 270 2698 331 EVANGELIA.
3386 296 3389 299 >
3422 277 3491 330 ea

212 383 441 457 gemitus
480 381 701 446 habent,
746 388 856 436 non
900 381 1171 437 immerito
1209 378 1476 452 iaerymas
1506 378 1790 434 humilium
1818 380 1873 440 Α
1893 397 2013 435 eam
2038 382 2093 435 in
2119 381 2274 437 ulnas
2295 398 2440 439 snas.
2467 385 2696 457 ’I‘ropice
2715 386 2913 458 accipit
2935 388 3155 445 Simeon
3186 389 3489 454 Christum,

212 477 511 547 tlcsigntmt.
545 476 610 530 Et
641 474 777 529 bene
807 474 964 537 duos,
993 484 1160 527 unum
1201 482 1303 543 pro
1333 481 1580 543 peccato,
1626 479 1684 527 et
1722 470 1802 525 al-

214 574 390 620 terum
419 564 475 618 in
508 562 904 618 holocaustum.
936 562 1321 617 Holoeaustum
1350 574 1585 632 namque
1626 569 1801 617 totum

216 653 492 710 incensum
542 652 759 707 dicitur.
804 652 940 717 Quia
986 651 1243 705 nimirum
1286 651 1394 706 duo
1434 658 1563 705 sunt
1603 662 1799 720 genera

216 743 666 813 conpunctionis,
698 742 864 797 Deum
905 756 1137 811 namque
1175 742 1367 797 sitiens
1408 728 1609 805 anima,
1651 743 1802 811 prius

216 834 407 888 timore
449 832 855 902 compungitur,
896 836 1019 900 post
1064 845 1270 885 amore.
1319 829 1422 896 Qui
1475 844 1609 901 ergo
1650 831 1803 901 prius

215 925 407 991 ﬂendo,
437 939 509 979 ne
552 923 844 979 duceretur
884 922 954 977 ad
1000 922 1345 992 supplicium,
1392 930 1660 977 turturem
1701 937 1802 993 pro

214 1025 438 1089 peccato
483 1015 765 1081 oﬁ'erebat,
793 1015 860 1070 de
886 1014 1058 1070 altero
1089 1013 1220 1068 facit
1244 1013 1644 1078 holocaustum,
1675 1028 1801 1069 cum

215 1105 557 1178 postmodum
599 1104 727 1160 ﬁere
754 1104 1099 1159 amarissime
1138 1103 1350 1173 incipit,
1380 1104 1508 1173 quia
1555 1101 1804 1159 diﬁ'ertur

217 1214 247 1252 a
273 1212 457 1268 regno.
488 1196 603 1252 lioc
629 1209 759 1251 sane
786 1195 928 1250 inter
955 1202 1198 1250 turtures
1224 1203 1281 1251 et
1304 1193 1587 1251 columbas
1609 1194 1797 1262 distat,

217 1288 358 1357 quod
384 1286 638 1342 columba
680 1301 801 1355 quas
843 1285 1107 1356 gregatim
1148 1286 1497 1352 conversari,
1536 1285 1721 1341 volare
1746 1293 1804 1341 et

216 1392 429 1447 gemere
472 1377 846 1441 consueverit,
889 1376 1081 1432 activae
1124 1377 1251 1431 vitae
1296 1376 1659 1447 frequentiam
1704 1378 1800 1434 de-

217 1478 501 1536 monstrat,
549 1470 617 1525 de
658 1485 764 1539 qua
795 1469 993 1524 dicitur
1025 1487 1039 1523 :
1072 1468 1435 1525 Multitudinis
1465 1480 1645 1524 autem
1691 1486 1804 1525 cre-

218 1564 449 1619 dentium
476 1572 590 1618 erat
618 1580 708 1618 cor
733 1579 895 1617 unum
929 1570 979 1617 et
1006 1563 1186 1616 anima
1214 1578 1323 1617 una
1358 1562 1498 1634 (Act.
1528 1563 1601 1633 Iv)
1634 1579 1647 1629 ;
1688 1570 1803 1617 tur-

221 1664 308 1710 tur
332 1670 482 1719 vero,
510 1653 601 1724 qui
632 1654 1008 1725 singularitate
1036 1653 1235 1724 gaudet
1256 1654 1411 1718 adeo,
1448 1661 1510 1708 ut
1539 1654 1584 1709 si
1616 1654 1806 1725 conju-

1900 477 2190 526 veteranus
2240 469 2523 539 infantem,
2556 483 2615 529 ut
2651 476 2845 532 doceat
2888 494 2987 533 nos
3015 494 3217 535 exuere
3251 489 3495 537 veterem

1902 560 2200 627 hominem,
2228 563 2318 633 qui
2346 565 2713 635 corrumpitur
2737 583 2858 622 cum
2890 570 3101 625 actibus
3135 570 3273 640 ejus,
3311 580 3367 626 et
3404 586 3496 627 re-

1900 662 2127 709 novatos
2157 656 2350 725 spiritu
2382 659 2581 713 mentis
2616 668 2834 726 nostrae,
2879 660 3104 717 induere
3134 678 3257 717 eum
3287 664 3377 733 qui
3408 678 3496 718 δε·

1901 742 2137 799 cundum
2168 745 2458 801 Dominum
2502 760 2717 805 creams
2745 758 2829 805 est
2882 750 2935 805 in
2961 750 3171 819 justitia
3211 761 3265 807 et
3292 753 3497 807 sancti-

1901 841 2014 888 tate
2052 842 2108 890 et
2136 838 2382 893 veritate.
2417 837 2629 909 Accipit
2660 840 2845 895 senior
2890 840 3155 897 infantem
3187 842 3489 905 Christum,

1899 935 1962 982 ut
1988 927 2256 995 insinuet,
2285 930 2389 986 hoc
2415 931 2706 998 saeculum,
2753 933 2909 1003 quasi
2952 933 3106 987 senio
3129 932 3241 1002 jam
3284 942 3338 989 et
3376 934 3495 988 lon-

1900 1029 2048 1086 gaeva
2097 1023 2259 1074 atate
2314 1019 2609 1087 defessum,
2658 1021 2726 1076 ad
2778 1024 3166 1090 innocentiam,
3199 1033 3276 1089 et,
3307 1033 3369 1080 ut
3419 1026 3494 1081 ita

1901 1109 2155 1175 dixerim,
2181 1109 2465 1167 infantiam
2484 1110 2807 1170 Christiana:
2828 1117 3260 1173 conversationis
3290 1118 3496 1172 reditu-

1901 1211 2056 1262 rum,
2096 1206 2151 1253 et
2198 1199 2340 1255 sicut
2380 1202 2573 1272 aquila:
2604 1201 2948 1271 juventutem
2993 1204 3137 1262 illius
3172 1222 3294 1262 esse
3331 1223 3495 1262 reno-

1897 1288 2157 1343 vendam.

1970 1378 2044 1433 Et
2072 1379 2334 1435 benedixit
2360 1380 2665 1449 Dominum,
2691 1393 2741 1439 et
2766 1382 2901 1439 dixit
2924 1398 2943 1438 :
2972 1384 3130 1440 Nunc
3154 1384 3373 1440 dimittis
3396 1402 3502 1439 ser-

1900 1482 2019 1522 vum
2048 1476 2216 1535 tuum,
2250 1469 2490 1535 Domine,
2533 1474 2821 1528 secundum
2850 1475 3059 1530 verbum
3089 1486 3238 1531 tuum
3266 1477 3323 1529 in
3347 1493 3497 1546 pace.

1902 1556 2183 1628 Impletura
2212 1568 2297 1615 est
2325 1562 2653 1618 desiderium
2701 1566 2870 1645 δεξιῆς,
2901 1566 3087 1622 mundi
3125 1568 3295 1637 ipsius
3338 1582 3498 1622 sene-

1904 1656 2051 1703 ctute
2078 1661 2359 1721 vergente,
2394 1655 2509 1725 ipse
2552 1656 2620 1710 ad
2650 1672 2839 1712 senem
2872 1658 3149 1713 hominem
3199 1659 3378 1723 venit,
3408 1660 3501 1727 qui

220 1762 338 1817 gem
368 1761 499 1802 casu
549 1745 864 1814 perdiderit,
898 1745 1044 1799 solus
1072 1744 1269 1799 exinde
1310 1754 1648 1814 permaneat,
1678 1759 1800 1815 spe-
1826 1730 1875 1792 Β
1902 1741 2161 1796 mundum
2192 1754 2431 1799 veterem
2463 1747 2687 1802 invenit.
2732 1748 2931 1803 Audiat
2958 1747 3189 1804 mundus
3225 1767 3238 1802 :
3268 1748 3499 1804 Cantate

224 1836 467 1893 Cuiativa:
492 1836 619 1891 vitae
643 1835 876 1890 culmina
902 1836 1218 1901 denuntiat,
1261 1836 1387 1905 quia
1428 1844 1483 1891 et
1509 1851 1804 1906 paucorum

222 1934 304 1979 est
330 1925 433 1979 ista
458 1924 654 1987 virtus,
678 1932 733 1979 et
754 1924 839 1978 his
858 1924 1203 1992 singulariter
1223 1925 1503 1979 attributa.
1526 1923 1656 1978 Item
1680 1940 1805 1980 cum

226 2015 434 2071 intrans
466 2015 797 2080 cubiculum,
820 2015 1004 2069 clauso
1031 2016 1191 2081 ostio,
1223 2030 1322 2071 oro
1351 2014 1566 2070 Patrem
1595 2017 1648 2070 in
1684 2016 1807 2070 abso

220 2108 456 2167 condito,
506 2115 772 2161 turturem
815 2106 1004 2161 oﬁ'ero.
1059 2105 1130 2161 At
1174 2123 1297 2162 cum
1339 2105 1579 2175 ejusdem
1624 2106 1807 2177 operis

222 2213 504 2268 compares
536 2212 742 2267 quam,
785 2197 1029 2253 canendo
1073 2213 1197 2253 cum
1241 2198 1510 2267 Propheta
1547 2216 1560 2250 :
1606 2195 1799 2262 Venite,

222 2290 503 2345 adoremus
537 2299 585 2345 et
628 2290 964 2361 procidamus
1014 2301 1136 2344 ante
1183 2290 1371 2355 Deum,
1418 2291 1683 2361 plorentus
1722 2308 1807 2345 co-

221 2397 332 2435 ram
367 2380 619 2446 Domino,
652 2381 745 2452 qui
780 2380 901 2450 fecit
945 2397 1060 2447 nos,
1086 2381 1364 2437 columbas
1406 2380 1475 2436 ad
1513 2381 1687 2435 altare
1714 2381 1805 2436 de-

224 2480 397 2542 porto.

290 2562 359 2617 Et
399 2578 522 2617 ecce
556 2567 709 2618 homo
742 2564 798 2618 in
839 2562 1194 2630 Hierusalem,
1222 2566 1309 2619 cui
1338 2581 1526 2620 nomen
1566 2562 1800 2620 Sitneoa.

223 2650 339 2709 Non
366 2652 548 2708 solum
573 2653 642 2710 ah
667 2653 870 2726 angelis
908 2663 966 2711 et
992 2656 1292 2726 prophetis,
1336 2656 1433 2711 sed
1461 2655 1629 2710 etiam
1656 2670 1689 2710 a
1717 2669 1806 2711 se-

226 2746 490 2814 nioribus,
517 2756 573 2803 et
596 2748 817 2818 reliquis
840 2747 1025 2818 iustis,
1056 2750 1337 2822 generatio
1358 2748 1571 2805 Domini
1596 2748 1807 2820 accepit

224 2836 613 2892 testimonium.
638 2835 827 2893 Omnis
853 2846 987 2894 tetas
1016 2846 1071 2895 et
1105 2847 1334 2911 uterque
1374 2855 1539 2895 sexus
1584 2848 1806 2895 evento-

224 2943 339 2981 rum
365 2925 629 2982 miracula
659 2927 818 2983 ﬁdem
857 2938 1127 2995 astruunt,
1156 2931 1310 2999 virgo
1334 2937 1578 3001 generat,
1606 2927 1805 2984 sterilis

223 3018 399 3087 parit,
432 3027 612 3074 mutus
651 3018 909 3091 loquitur,
952 3021 1231 3077 Elizabeth
1270 3022 1578 3092 prophetat,
1613 3034 1804 3091 magus

1906 1827 2138 1885 Domino
2180 1834 2450 1889 canticum
2495 1852 2728 1903 novum,
2771 1846 2989 1893 cantate
3044 1838 3277 1893 Domino
3320 1841 3499 1894 omnis

1906 1927 2071 1973 terra.
2101 1919 2441 1978 Destituatur
2467 1933 2643 1992 vetus,
2671 1928 2889 1981 novitas
2915 1936 3121 1998 surgat.

1977 2009 2116 2075 Quia
2150 2013 2390 2068 uiderunt
2424 2016 2565 2070 oculi
2610 2019 2711 2071 mei
2755 2018 2991 2073 salutare
3018 2029 3190 2085 tuum,
3234 2020 3374 2091 quod
3405 2038 3501 2090 pa-

1905 2101 2039 2155 rasti
2066 2111 2192 2156 ante
2220 2102 2409 2173 faciem
2436 2107 2670 2162 omnium
2698 2109 3035 2179 populorum.
3057 2109 3207 2165 Beati
3236 2112 3380 2166 oculi
3406 2111 3497 2179 qui

1902 2192 2091 2248 vident
2121 2209 2242 2264 quas
2267 2194 2490 2253 Simeon
2520 2199 2686 2265 vidit;
2719 2199 2863 2255 beati
2887 2201 2980 2271 qui
3025 2215 3133 2256 non
3161 2202 3416 2257 viderunt
3444 2210 3501 2257 et

1904 2282 2269 2340 crediderunt.
2299 2286 2431 2343 Illud
2460 2289 2659 2358 ipsum,
2690 2289 2885 2360 inquit,
2912 2291 3057 2361 quod
3085 2292 3340 2347 omnibus
3370 2306 3496 2362 pro-

1902 2373 2190 2441 pemodum
2221 2376 2474 2446 gentibus
2499 2378 2710 2449 populis
2748 2390 2804 2435 et
2832 2380 3030 2452 linguis
3057 2390 3239 2436 mente
3276 2396 3343 2436 ac
3385 2382 3494 2437 fide

1902 2465 2346 2536 conspiciendum
2384 2470 2611 2539 parasti,
2654 2486 2752 2541 spe
2802 2484 2869 2526 ac
2912 2471 3201 2527 dilectione
3242 2485 3497 2541 qua-ren-

1902 2551 2032 2608 dam
2056 2557 2372 2625 praavidisti,
2399 2558 2515 2629 ipse
2536 2559 2629 2615 diu
2655 2559 3042 2627 desideratum,
3069 2576 3215 2617 nunc
3232 2569 3290 2617 et
3310 2561 3499 2617 carnis

1900 2650 1959 2699 et
1982 2646 2167 2702 cordis
2185 2647 2359 2705 oculis
2382 2657 2533 2711 tuum
2557 2650 2801 2709 salutare
2826 2651 3188 2723 contemplor.

1970 2737 2172 2795 Lumen
2188 2742 2260 2796 ad
2279 2742 2645 2801 reuelationem
2658 2748 2889 2817 gentium
2904 2754 2954 2802 et
2972 2745 3197 2817 gloriam
3215 2743 3379 2815 plebis
3392 2752 3500 2798 tute

1902 2827 2093 2886 Israel.
2124 2831 2331 2890 Lumen
2370 2835 2591 2907 quidem
2639 2838 2859 2907 utrique
2907 2836 3108 2909 populo
3149 2836 3389 2893 salutare
3416 2834 3501 2891 di-

1902 2922 2001 2988 cit,
2028 2925 2083 2979 id
2111 2935 2217 2993 est,
2240 2926 2491 2985 Christus
2515 2944 2545 2985 a
2575 2930 2688 2987 Deo
2713 2930 2877 2987 Patre
2902 2938 3159 3002 paratur,
3182 2929 3277 2998 qui
3308 2934 3495 2981 tamen

1904 3015 2133 3083 gloriam
2173 3021 2349 3091 magis
2385 3020 2582 3085 Israel,
2628 3022 2716 3077 cui
2764 3020 2857 3077 diu
2897 3030 3170 3094 speratur,
3201 3027 3257 3075 et
3289 3033 3357 3073 ex
3388 3032 3499 3086 quo

225 3104 617 3174 adorat,'utero
637 3080 821 3166 clauso
840 3112 1094 3177 exsultat,
1113 3080 1602 3178 vidua-conﬁtetur,
1623 3080 1804 3181 juslus
1834 3080 1881 3145 C
1909 3080 2327 3177 praenuntiata},
2377 3113 2613 3169 advenit.
2655 3112 2909 3169 Gentium
2925 3080 3083 3168 .vero
3127 3111 3331 3168 dicitur
3371 3124 3497 3164 esse

223 3210 521 3273 exspectat.

291 3294 360 3349 Et
392 3295 549 3350 homo
576 3295 672 3349 iste
689 3296 869 3367 justus
902 3304 951 3351 et
990 3296 1267 3350 timoratus
1293 3306 1598 3367 exspectem
1625 3309 1811 3349 conso-

225 3385 477 3441 lationem
522 3385 725 3454 Israel,
752 3397 803 3442 et
834 3387 1067 3459 Spiritus
1108 3397 1321 3442 sanctus
1348 3397 1461 3442 erat
1492 3388 1547 3441 in
1576 3402 1656 3441 eo.
1706 3384 1805 3458 (Ex

225 3476 418 3548 Beda.)
440 3476 588 3534 Bene
609 3477 790 3548 justus
812 3488 869 3535 et
894 3479 1179 3535 timoratus
1200 3479 1418 3545 dicitur,
1441 3479 1570 3550 quia
1595 3477 1811 3534 diliicile

223 3568 433 3639 iustitia
458 3571 576 3627 sine
602 3572 795 3627 timore
814 3573 1133 3627 custoditur.
1154 3571 1299 3626 Bene
1320 3569 1523 3641 justus,
1548 3571 1675 3641 quia
1700 3585 1809 3625 non

228 3675 405 3726 suam,
433 3660 528 3716 sed
563 3661 742 3731 populi
786 3662 1014 3732 gratiam
1043 3662 1388 3732 requirebat,
1433 3662 1659 3733 cupiens
1695 3661 1811 3732 ipse

228 3766 456 3821 corpore
514 3751 745 3808 vinculis
792 3751 1102 3824 fragilitatis
1162 3751 1408 3819 absolvi,
1454 3753 1550 3808 sed
1611 3766 1808 3823 exspe-

228 3851 383 3899 ctans
423 3843 610 3900 videre
650 3845 997 3915 promissum.
1029 3844 1249 3902 Sciebat
1280 3845 1460 3911 enim,
1486 3844 1616 3916 quia
1664 3843 1809 3900 beati

228 3937 403 4003 oculi,
439 3936 532 4009 qui
568 3936 845 4005 viderent,
881 3937 978 3996 sed
1023 3938 1197 3996 donec
1246 3938 1459 3994 veniret
1505 3936 1595 3994 ille
1653 3934 1811 3994 nole-

232 4026 324 4083 bat
362 4028 463 4082 ire.

306 4116 374 4171 Et
404 4132 706 4186 responsant
730 4127 1000 4189 acceperat
1025 4135 1059 4172 a
1097 4117 1299 4189 Spiritu
1329 4126 1510 4173 structo
1538 4132 1642 4171 non
1671 4117 1813 4172 eisu-

232 4223 350 4260 runt
377 4224 432 4261 se
460 4216 679 4261 mortem
710 4207 811 4262 nisi
848 4208 997 4278 prius
1033 4207 1229 4263 videret
1276 4207 1545 4262 Clu-istum
1574 4205 1805 4260 Domini.

231 4296 369 4353 Vide
396 4288 704 4354 locutiones
722 4296 1145 4369 Scripturarum.
1173 4298 1400 4353 Mortem
1428 4297 1613 4352 videre
1640 4296 1807 4364 dixit;

234 4391 510 4461 quomodo
535 4389 741 4457 vident,
770 4391 1037 4461 quibusve
1074 4389 1266 4457 oculis,
1294 4404 1415 4460 qute
1440 4388 1704 4443 veniendo
1734 4387 1810 4456 ip-

234 4498 327 4539 sos
369 4482 555 4538 oculos
575 4483 810 4539 claudit?
838 4484 934 4539 sed
962 4482 1146 4537 videre
1174 4488 1428 4547 mortem,
1472 4479 1708 4549 experiri
1737 4478 1811 4533 si-

235 4574 476 4645 gniﬁcat.
500 4572 634 4628 Nam
656 4582 711 4629 et
731 4588 833 4630 nos
852 4573 1320 4629 conversationem
1349 4572 1599 4627 habendo
1622 4572 1676 4626 in
1706 4584 1817 4625 cur-

238 4665 359 4721 Iesti
405 4664 770 4729 Hierusalem,
815 4663 998 4734 templi
1053 4662 1267 4719 Domini
1317 4661 1504 4716 limina
1558 4660 1817 4729 frequeno

241 4758 426 4821 tando,
458 4757 562 4812 hoc
602 4764 703 4819 est,
731 4756 820 4826 pia
844 4764 1175 4819 sanctorum,
1217 4752 1274 4807 in
1300 4753 1498 4823 quibus
1526 4750 1816 4814 inhabitat,

240 4848 486 4920 exempla
515 4848 775 4904 sectanda
798 4888 813 4914 ,
860 4847 1190 4902 merebimur
1233 4842 1458 4901 verbum
1505 4842 1719 4899 Domini
1762 4842 1819 4897 in

239 4942 490 4998 manibus
509 4942 777 5011 accipere,
801 4948 857 4996 et
884 4939 1008 4996 ﬁdei
1035 4938 1427 5008 charitatisque
1447 4935 1684 4992 brachiis
1703 4948 1819 4990 amo

240 5030 423 5101 plecti.

310 5121 383 5176 Et
410 5122 544 5177 venit
570 5122 629 5175 in
655 5121 844 5192 spiritu
872 5122 931 5175 in
971 5118 1240 5191 temptant.
1283 5117 1439 5187 Quod
1484 5125 1667 5172 autem
1696 5115 1815 5171 ait:

252 5208 401 5265 Venit
429 5211 486 5265 in
518 5211 730 5281 spiritu,
756 5209 1026 5283 signiﬁcat
1053 5224 1199 5275 eum,
1230 5211 1417 5266 eadem
1449 5211 1622 5281 gratia
1649 5207 1822 5279 Spiri-

244 5309 333 5355 tus
380 5315 486 5371 qua
512 5300 641 5355 olim
666 5309 950 5355 venturum
977 5308 1439 5371 praecognoverat,
1466 5308 1521 5356 et
1537 5300 1649 5369 jam
1677 5312 1821 5357 nunc

246 5390 580 5456 venientem,
604 5389 827 5460 jamque
853 5406 885 5445 a
924 5403 985 5445 se
1025 5390 1316 5445 videndum
1350 5391 1667 5461 cognovisse
1697 5389 1817 5445 Sal-

245 5488 507 5536 vatorem.

315 5576 385 5631 Et
411 5593 531 5631 cunt
560 5578 863 5632 traducerent
886 5592 1105 5647 puerum
1126 5576 1308 5632 Iesum
1334 5584 1575 5649 parentes
1602 5576 1740 5646 ejus,
1762 5585 1821 5630 ut

248 5673 479 5742 facerent
500 5671 787 5727 secundum
812 5669 1237 5726 consuetudinem
1257 5669 1408 5741 legis,
1423 5678 1470 5723 et
1500 5669 1821 5742 ip‘aeaccepit

1836 4442 1890 4507 D

1909 3199 2189 3267 revelatio,
2219 3215 2448 3272 quarum
2479 3204 2679 3259 mentis
2725 3203 2909 3260 oculos
2948 3203 3213 3275 profunda
3238 3201 3354 3272 jam
3381 3215 3490 3255 cte-

1909 3290 2074 3346 eitate
2117 3291 2402 3357 dimersos,
2441 3309 2620 3365 neque
2660 3293 2767 3349 ulla
2798 3308 2895 3366 spe
2922 3295 3188 3350 adventus
3227 3290 3495 3346 Dominici

1908 3390 2142 3448 erectos,
2172 3383 2288 3454 ipse
2332 3386 2555 3442 visitare
2597 3386 2828 3460 pariter,
2873 3387 3115 3443 revelare
3169 3394 3331 3454 atque
3379 3383 3503 3439 illu-

1909 3478 2086 3528 strare
2111 3472 2366 3546 dignatus
2386 3483 2492 3530 est.
2513 3476 2581 3532 Et
2606 3476 2747 3533 bene
2777 3476 3037 3533 revelatio
3059 3475 3301 3547 gentium
3330 3473 3500 3529 Israe-

1909 3560 1976 3617 lis
2019 3562 2203 3632 gloria:
2230 3565 2541 3635 praefertur,
2582 3567 2711 3636 quia
2758 3580 2882 3622 cum
2926 3566 3210 3637 plenitudo
3253 3564 3497 3638 gentium

1910 3652 2200 3722 introierit,
2226 3670 2370 3712 nunc
2392 3657 2569 3712 omnis
2593 3656 2760 3713 Israel
2784 3656 2966 3713 salvus
2988 3655 3100 3712 ﬁet.

2544 3784 2862 3825 CONCOBDIA.

1978 3855 2041 3914 In
2081 3857 2188 3915 hoc
2213 3858 2443 3915 istarum
2470 3860 2697 3915 duarum
2741 3859 2803 3915 ﬁt
2848 3858 3136 3915 concordia
3175 3855 3495 3921 lecticarum,

1910 3946 2036 4017 Quia
2059 3946 2233 4002 ambae
2250 3948 2318 4003 de
2340 3949 2682 4019 apparitione
2706 3948 2941 4017 Domini,
2963 3963 3085 4021 quae
3106 3948 3340 4019 primum
3358 3946 3500 4004 facta

1909 4046 1996 4094 est
2028 4037 2270 4111 loquitur
2292 4039 2348 4095 in
2376 4041 2599 4114 templo.

2087 4170 2417 4231 DOMINICA
2472 4172 2647 4233 POST
2702 4170 3032 4228 NATALEM
3058 4169 3319 4227 DOMINI.

2168 4296 2424 4341 ειιθτοια
2450 4298 2606 4340 PAULI
2636 4299 2705 4339 AD
2734 4296 2996 4349 θΑιΑτιε,
3026 4299 3144 4339 CAP.
3170 4294 3246 4338 Π.

1989 4412 2009 4449 s
2046 4395 2260 4465 Quanto
2286 4404 2531 4467 tempore
2555 4396 2730 4454 haeres
2751 4395 3010 4467 parvulus
3033 4401 3134 4460 est,
3163 4394 3297 4450 nihil
3322 4392 3504 4452 diﬁ‘ert

1923 4504 1941 4539 ι
1983 4502 2014 4542 a
2048 4500 2207 4543 servo
2235 4500 2355 4552 suo,
2385 4502 2507 4543 cum
2537 4487 2607 4541 sit
2646 4485 2899 4541 dominus
2941 4486 3207 4549 omnium,
3254 4485 3350 4539 sed
3396 4486 3498 4540 sub

1925 4596 1943 4630 t
1982 4579 2251 4635 tutoribus
2297 4587 2354 4634 et
2400 4579 2677 4634 actoribus
2718 4586 2836 4643 est,
2865 4591 3036 4647 usque
3064 4577 3132 4631 ad
3177 4576 3506 4647 praeﬁnitum

1925 4686 1945 4721 ι
1983 4680 2194 4741 tempus
2222 4683 2252 4723 a
2283 4677 2459 4741 patre.
2499 4666 2579 4723 ita
2604 4676 2660 4723 et
2687 4682 2787 4723 nos
2814 4680 2938 4722 cum
2982 4680 3226 4722 essemus
3269 4663 3505 4736 parvuli,

1926 4778 1944 4816 ι
1985 4764 2086 4819 sub
2115 4762 2401 4818 elementis
2443 4760 2630 4816 mundi
2674 4774 2895 4816 eramus
2948 4758 3265 4815 servientes.
3304 4758 3375 4813 At
3411 4758 3505 4813 ubi

1929 4872 1947 4907 ι
1984 4856 2134 4910 venit
2158 4853 2436 4924 plenitudo
2464 4852 2745 4922 temporis,
2774 4851 2923 4905 misit
2954 4848 3095 4904 Deus
3122 4847 3318 4903 Filium
3348 4861 3510 4902 suum

1884 4950 1885 4961 ‘
1925 4963 1945 4997 ι
1985 4951 2172 4998 natum
2190 4957 2262 5026 ex
2286 4940 2533 5006 muliere,
2561 4938 2763 4995 factum
2792 4940 2894 4993 sub
2916 4938 3057 5008 lege,
3084 4944 3145 4990 ut
3170 4950 3265 4990 eos
3290 4934 3383 5004 qui
3406 4934 3512 4989 sub

1927 5051 1946 5085 ι
1985 5034 2105 5104 lege
2150 5023 2311 5088 erant
2389 5028 2712 5094 redimeret,
2760 5035 2822 5083 ut
2867 5026 3213 5097 adoptionem
3272 5023 3509 5079 ﬁliorum

1927 5142 1947 5177 ι
1986 5125 2080 5180 Dei
2122 5124 2506 5194 reciperemus.
2534 5120 2801 5188 Quoniam
2843 5126 3027 5173 autem
3070 5117 3204 5173 estis
3242 5116 3343 5171 ﬁlii
3376 5114 3470 5170 Dei
3489 5154 3511 5181 ,

1930 5235 1946 5267 ε
1986 5215 2133 5271 misit
2166 5212 2311 5269 Deus
2343 5211 2607 5282 Spiritum
2639 5206 2761 5265 Filii
2800 5209 2882 5265 sui
2908 5208 2961 5264 in
2992 5207 3158 5264 corda
3185 5214 3368 5263 vestra
3393 5204 3509 5261 ela-

1932 5322 1951 5359 η
1988 5312 2224 5361 mentem
2249 5322 2264 5361 :
2291 5302 2465 5370 Abba,
2490 5311 2663 5375 pater.
2700 5302 2887 5373 Itaque
2909 5299 3022 5371 jam
3052 5314 3162 5354 non
3188 5306 3274 5354 est
3296 5310 3507 5360 servus,

1934 5415 1955 5449 ‹
1990 5396 2083 5452 sed
2112 5394 2279 5459 ﬁlius,
2310 5392 2455 5465 quod
2480 5394 2526 5449 si
2552 5394 2696 5449 ﬁlius
2724 5403 2781 5449 ct
2806 5393 2980 5447 haues
3008 5404 3105 5461 per
3130 5389 3320 5445 Deum.
3346 5407 3365 5440 ι

2001 5487 2211 5555 Quanto
2249 5470 2477 5559 tempore
2504 5486 2671 5540 dceres
2698 5482 2951 5556 parvulus
2980 5490 3077 5547 est,
3106 5480 3238 5534 nihil
3266 5478 3442 5545 (ἥσθη
3476 5492 3511 5531 a

1928 5594 2097 5644 servo,
2137 5592 2255 5633 cum
2283 5577 2351 5631 sit
2378 5576 2621 5631 dominas
2651 5574 2903 5639 omnium,
2932 5572 3022 5626 sed
3050 5569 3147 5624 sub
3175 5568 3436 5623 tutoribus
3461 5574 3511 5620 et

1930 5670 2195 5727 actoribus
2224 5677 2330 5736 est,
2361 5681 2524 5741 usque
2553 5666 2621 5721 ad
2656 5664 2977 5737 prcrﬁnitum
3020 5671 3221 5731 tempus
3261 5674 3295 5712 α
3334 5667 3509 5728 parret
