3946 6412
390 257 464 314 63

1671 242 2031 310 διιΑιιΑουι
2068 241 2361 302 ABBATIS

3589 249 3663 305 δι

395 369 703 426 secundum
759 373 1034 437 acceptam
1078 361 1538 433 comparationem
1587 355 1972 429 disputationis
1997 357 2053 418 Α
2075 362 2258 422 natus,
2297 355 2395 412 sed
2434 353 2633 414 factus.
2665 357 2937 426 Secunda,
2985 358 3057 415 de
3079 357 3256 416 latere
3296 361 3418 416 viri.
3453 361 3666 431 Tertia,

392 459 644 531 producit
677 456 966 526 eloquium.
996 452 1096 508 llic
1123 466 1344 508 servum
1375 457 1531 505 vocat
1571 447 1854 502 Judaicum
1881 458 1977 516 po-

394 553 601 623 pulum,
628 550 720 620 qui
749 549 884 620 legis
910 547 1106 601 litterae
1128 545 1228 600 sub
1257 541 1463 598 carnali
1491 539 1840 596 observantia
1870 552 1980 592 ser-

393 644 592 708 viebat,
629 642 684 696 in
725 639 831 696 ﬁde
858 637 1137 709 parvulus,
1162 644 1219 692 et
1252 651 1286 690 a
1316 649 1480 692 sensu
1519 631 1779 686 doctrinae
1820 628 1982 698 spiri-

394 733 556 789 tualis
583 732 819 796 alienus,
849 744 975 784 cum
1007 727 1265 782 Dominus
1293 725 1490 781 divinas
1532 720 1823 794 agnitionis
1865 719 1983 772 the-

393 837 584 878 sauros
607 829 770 891 atque
815 818 1033 875 divitias
1065 817 1338 888 gentibus,
1378 812 1633 870 servituti
1675 811 1980 866 daemonum

393 909 817 981 subiacentibus,
858 905 1196 962 contulisset.
1241 902 1482 960 Gentiles
1531 901 1708 965 enim,
1745 899 1837 970 qui
1886 912 1984 952 na-

394 1015 518 1060 tura
549 998 908 1056 substantiam
948 995 1280 1050 inﬁdelitatis
1311 998 1792 1061 consumpserant,
1827 987 1984 1060 egeni

394 1101 452 1148 et
500 1106 764 1162 pauperes
806 1096 980 1144 erant.
1027 1087 1127 1142 llic
1170 1093 1352 1141 autem
1397 1084 1670 1154 principes
1698 1089 1755 1137 et
1795 1095 1982 1136 sacer-

396 1182 569 1246 dotes,
609 1189 813 1236 tutores
832 1187 888 1234 et
928 1185 1139 1232 actores
1159 1175 1426 1246 appellat,
1457 1175 1551 1244 qui
1591 1188 1756 1244 super
1773 1171 1986 1242 plebem

397 1285 657 1327 exercere
682 1269 1004 1324 videbantur
1041 1266 1394 1320 dominatum.
1420 1262 1572 1329 Quod
1598 1271 1780 1317 autem
1808 1261 1940 1316 dicit
1969 1279 1982 1314 :

471 1359 644 1432 Usque
667 1359 737 1414 ad
763 1357 1082 1430 prteﬁuitum
1107 1366 1309 1428 tempus
1338 1374 1374 1410 a
1400 1363 1570 1426 patre.
1609 1354 1743 1409 lllud
1775 1362 1988 1423 tempus

398 1450 659 1522 lntellige,
686 1464 795 1519 quo
834 1456 990 1518 pater
1017 1448 1132 1501 vita
1175 1445 1464 1509 excedens,
1502 1443 1670 1498 ﬁlium
1719 1443 1990 1499 tutoribus

399 1555 458 1600 et
485 1544 764 1600 actoribus
804 1541 1028 1612 provida
1071 1539 1418 1596 ordinatione
1463 1535 1775 1592 committit.
1823 1533 1989 1590 Juxta

399 1651 564 1708 quam
585 1634 1045 1705 comparationem
1069 1613 1329 1701 uiiigeniti
1354 1629 1518 1684 Pater
1537 1627 1642 1701 legi
1667 1634 1879 1697 tempus
1902 1641 1994 1682 us-

399 1743 506 1799 que
530 1728 600 1782 ad
621 1727 910 1782 adventum
935 1724 1059 1779 Filii
1081 1722 1392 1794 prmﬁnivit.

473 1819 562 1873 Ita
587 1827 639 1874 et
667 1836 762 1874 nos
789 1834 908 1872 cum
925 1833 1154 1872 essemus
1180 1813 1404 1885 parvuli,
1435 1813 1531 1868 sub
1551 1811 1818 1868 elementis
1838 1827 1993 1865 mun—

405 1909 464 1962 di
489 1923 698 1962 eramus
743 1906 1042 1961 seruientes.
1092 1903 1152 1958 ld
1179 1910 1283 1968 est,
1333 1901 1740 1957 observationes
1785 1899 1995 1956 dierum

403 2009 463 2054 et
493 2006 819 2066 temporum,
847 2009 984 2065 quas
1017 1993 1119 2049 sub
1143 1992 1248 2046 hac
1286 2005 1472 2057 causa,
1504 2005 1570 2045 ne
1598 2004 1695 2059 per
1727 1989 1899 2045 otium
1925 1990 1996 2045 ad

404 2087 545 2144 idola
570 2100 942 2156 evagaremur,
967 2082 1293 2153 accepimus.
1327 2079 1384 2136 Si
1411 2081 1556 2156 enim
1579 2087 1635 2135 et
1652 2077 1821 2134 Judaei
1839 2089 1997 2135 erant

404 2179 687 2237 elementis
707 2176 1026 2242 servientes,
1057 2175 1186 2244 quid
1217 2172 1541 2228 diﬁ'erebant
1565 2187 1597 2226 a
1621 2173 1883 2242 paganis?
1902 2171 2000 2226 Pa-

405 2285 576 2342 ganos
598 2269 867 2324 elementa
889 2267 1088 2332 colere,
1131 2264 1383 2322 omnibus
1416 2271 1601 2320 notum
1643 2275 1749 2331 est,
1786 2261 1998 2319 Iudaeos

408 2369 594 2416 autem
638 2375 747 2414 non
789 2357 1102 2422 elementis,
1150 2355 1249 2411 sed
1295 2356 1396 2411 sub
1441 2355 1724 2412 elementis
1773 2355 2001 2412 Domino

409 2450 668 2515 servisse,
701 2456 926 2518 propter
952 2445 1300 2506 neomaanias,
1334 2453 1390 2499 et
1411 2444 1663 2508 sabbata,
1688 2454 1743 2499 et
1769 2445 2005 2502 circum-

409 2543 662 2606 cisiones,
705 2548 760 2595 et
802 2547 1002 2594 cetera
1047 2536 1198 2591 talia.
1245 2535 1371 2590 Haec
1401 2535 1546 2590 enim
1578 2535 1822 2590 carnalia
1843 2542 1998 2589 sunt.

409 2633 681 2702 Quidquid
707 2630 853 2686 enim
878 2628 1090 2684 visibile
1135 2634 1242 2693 est,
1285 2626 1510 2682 carnale
1551 2634 1656 2692 est,
1705 2634 1762 2682 et
1805 2627 1871 2681 de
1895 2625 2007 2680 ele-

411 2725 613 2782 mentis
641 2731 747 2779 est.
777 2722 858 2777 Ex
881 2735 944 2777 ea
970 2721 1134 2792 igitur
1151 2727 1332 2791 parte,
1359 2734 1520 2788 quam
1557 2734 1726 2789 supra
1747 2719 2004 2783 diximus,

411 2816 514 2872 sub
535 2813 814 2870 elementis
839 2810 1149 2867 serviebant
1182 2808 1373 2864 Judaei.
1405 2809 1486 2864 Ex
1518 2809 1621 2864 alia
1653 2817 1807 2878 parte
1833 2808 2006 2878 legem

411 2905 690 2962 habebant
730 2901 1055 2974 spiritalem,
1105 2915 1225 2970 qua:
1255 2908 1312 2956 et
1348 2914 1582 2970 peccare
1630 2899 1902 2968 prohibet,
1951 2904 2007 2952 et

2075 461 2142 503 ex
2169 449 2284 504 viro
2312 456 2369 504 et
2390 447 2611 504 femina.
2657 449 2882 517 Quarta,
2909 451 3005 506 Dei
3043 461 3102 509 et
3140 454 3378 511 hominis
3403 456 3524 512 sine
3547 457 3672 514 viro

2077 538 2146 594 de
2170 538 2390 594 femina.
2436 538 2556 596 Iam
2599 549 2720 595 erat
2746 558 2878 607 una,
2923 543 3044 598 sine
3067 545 3187 599 viro
3215 555 3272 600 et
3300 543 3520 602 femina.
3574 548 3671 603 Al-

2078 637 2196 685 tera
2220 629 2288 685 de
2311 631 2432 686 viro
2460 632 2579 686 sine
2606 630 2827 686 femina.
2857 633 3061 698 Tertia,
3091 635 3159 689 de
3201 635 3318 691 viro
3345 646 3402 691 et
3439 637 3666 692 femina.

2079 720 2342 777 Restabat
2361 730 2557 790 quarta
2578 722 2696 777 sine
2723 723 2841 777 viro
2865 723 2932 778 de
2961 723 3183 779 femina.
3211 725 3317 782 Sed
3343 727 3444 782 ista
3468 739 3671 798 quarta

2078 810 2334 866 liberavit
2359 820 2492 877 tres,
2522 812 2726 868 factum
2755 814 2855 869 sub
2893 814 3030 884 lege,
3057 823 3118 870 ut
3145 831 3240 871 eos
3271 818 3365 887 qui
3408 819 3509 874 sub
3549 821 3672 891 lege

2081 912 2262 969 erant,
2288 904 2601 960 redimeret.
2651 905 2768 975 Ipse
2807 906 2955 960 enim
2982 908 3083 961 sub
3112 907 3230 979 lege
3273 917 3384 964 tam
3420 912 3512 966 diu
3543 913 3668 980 fuit,

2084 996 2255 1051 donec
2289 996 2597 1067 baptizatus
2639 996 2771 1052 Novi
2816 997 3146 1053 Testamenti
3193 1000 3453 1070 inciperet
3495 1004 3674 1059 Evan-

2085 1087 2281 1158 gelium
2312 1089 2643 1158 praedicare:
2673 1089 2774 1155 Qui
2796 1089 2841 1144 si
2867 1091 2966 1144 sub
3006 1091 3120 1162 lege
3150 1091 3323 1149 factus
3350 1110 3457 1148 non
3503 1107 3670 1163 esset,

2086 1193 2193 1231 non
2219 1177 2374 1233 facile
2421 1176 2637 1233 Judzcos
2661 1179 2730 1233 ad
2757 1180 3117 1236 obedientiam
3146 1197 3440 1252 provocare
3468 1189 3677 1256 potuis-

2087 1278 2189 1323 set.
2219 1269 2530 1338 Promptins
2551 1281 2732 1325 autem
2765 1285 2876 1325 suae
2911 1271 3044 1342 legis
3069 1281 3125 1326 et
3164 1274 3248 1328 sui
3277 1290 3494 1345 generis
3520 1278 3676 1333 vide-

2088 1362 2289 1415 bantur
2335 1361 2526 1415 audire
2567 1376 2727 1431 posse
2767 1359 3069 1428 doctorem,
3099 1363 3239 1418 sicut
3261 1366 3328 1420 de
3351 1379 3409 1420 se
3441 1367 3675 1436 Aposto-

2087 1451 2173 1506 lus
2197 1451 2363 1507 dicit:
2394 1449 2590 1506 Factus
2619 1468 2736 1505 sum
2790 1451 2997 1507 ludatis
3047 1462 3299 1524 tanquam
3335 1455 3580 1522 Judwus,
3619 1470 3678 1512 ut

2087 1539 2307 1596 Iudaeos
2330 1541 2585 1596 lucrarer.
2614 1540 2712 1597 His
2740 1541 2828 1613 qui
2858 1543 2953 1597 sub
2982 1542 3092 1614 lege
3115 1555 3288 1608 erant,
3318 1556 3570 1618 tanquam
3597 1567 3682 1605 es-

2090 1648 2196 1686 sem
2221 1632 2316 1687 sub
2356 1631 2482 1703 lege,
2517 1642 2573 1686 ut
2599 1650 2686 1687 eos
2720 1634 2809 1704 qui
2847 1634 2943 1687 sub
2972 1638 3083 1705 lege
3109 1646 3257 1690 erant
3287 1636 3677 1708 luerifacerem.

2017 1704 2065 1764 Β
2092 1720 2294 1776 Gentes
2333 1730 2513 1777 autem
2558 1731 2770 1791 poterat
2798 1722 3002 1779 alienas
3027 1704 3062 1778 a
3091 1723 3207 1794 lege
3241 1704 3466 1792 salvare,
3511 1731 3683 1785 etiam

2092 1811 2139 1866 si
2163 1811 2263 1866 sub
2290 1811 2408 1882 lege
2444 1827 2550 1867 non
2577 1811 2768 1868 fuisset
2789 1813 3018 1883 positus.

2169 1899 2236 1956 Ut
2264 1902 2598 1973 adoptionem
2646 1904 2879 1974 ﬁliorum
2933 1905 3294 1975 reciperemus.
3327 1907 3387 1962 ld
3425 1917 3533 1975 est,
3573 1925 3685 1965 non

2098 1993 2256 2048 facile
2295 2009 2395 2048 nos
2435 2003 2628 2049 natura
2675 1992 2847 2049 Judaei
2874 1995 3214 2050 vocationem
3260 1997 3404 2052 iliius
3447 2001 3690 2069 recepis-

2097 2098 2299 2146 semus,
2335 2083 2381 2138 si
2411 2084 2585 2138 factus
2612 2084 2710 2139 sub
2737 2083 2856 2154 lege
2898 2099 3005 2138 non
3033 2094 3196 2139 esset.
3228 2085 3534 2156 Promptius
3560 2088 3689 2155 fuit,

2097 2182 2158 2227 ut
2185 2173 2254 2226 ad
2277 2173 2442 2227 vitam
2465 2173 2599 2244 legis
2634 2172 2771 2227 ﬁlios
2799 2173 3052 2228 invitaret
3080 2174 3215 2243 legis
3243 2185 3501 2231 assertor.

2172 2263 2435 2328 Quoniam
2477 2274 2650 2317 autem
2678 2263 2799 2318 estis
2829 2262 2930 2332 filii
2970 2263 3093 2328 Dei,
3120 2267 3261 2320 misit
3303 2265 3444 2321 Deus
3482 2267 3692 2322 Filium

2097 2368 2253 2406 suum
2289 2353 2344 2406 in
2375 2353 2534 2407 corda
2569 2364 2757 2406 vestra.
2804 2353 3004 2409 Probat
3031 2370 3130 2417 nos
3166 2357 3326 2412 Pater
3374 2359 3691 2427 ad0ptionis

2101 2458 2212 2496 sua:
2239 2442 2396 2507 ﬁlios,
2426 2443 2641 2514 quando
2675 2459 2836 2512 super
2863 2460 2960 2499 nos
2987 2445 3239 2514 spiritum
3261 2446 3378 2502 Filii
3409 2450 3492 2506 sui
3521 2451 3694 2506 mise-

2103 2533 2391 2588 ricorditer
2427 2531 2681 2598 infundit,
2706 2543 2761 2589 et
2798 2535 3106 2605 dignanter,
3129 2544 3189 2590 ut
3222 2536 3337 2605 ipsa
3383 2543 3694 2594 communi-

2106 2625 2250 2680 catio
2287 2625 2556 2688 Paracliti,
2592 2626 2685 2695 qui
2733 2641 2801 2680 ex
2851 2635 3084 2694 utroque
3130 2628 3396 2697 procedit,
3445 2631 3696 2687 hatredes

2106 2730 2206 2770 nos
2242 2715 2416 2771 Patris
2441 2724 2497 2770 et
2511 2712 2628 2768 Filii
2654 2723 2926 2770 assereret
2967 2717 3296 2774 cobteredes.
3345 2718 3402 2773 ln
3431 2735 3536 2788 qua
3566 2735 3699 2776 seu-

2109 2804 2274 2859 tentia
2305 2803 2602 2859 trinitatem
2625 2804 2904 2860 evidenter
2933 2805 3210 2876 explicuit.

2178 2896 2505 2953 Clemautem
2531 2897 2698 2961 Abba,
2727 2909 2895 2968 pater.
2931 2898 2988 2953 ld
3033 2909 3138 2966 est,
3173 2901 3265 2972 qui
3313 2903 3569 2959 cordibus
3598 2918 3702 2959 no-

413 2995 737 3052 exhortatur
763 2993 833 3048 ad
858 2991 1201 3048 dilectionem
1229 2990 1443 3045 Domini
1473 2989 1588 3054 Det,
1627 2988 1720 3058 qui
1747 2996 2010 3044 ventu-rus
2110 2992 2244 3048 stris
2273 2992 2468 3056 Deum,
2494 2999 2705 3061 patrem
2745 3007 2868 3047 esse
2900 3001 3170 3060 nostrum,
3210 2995 3422 3052 multa
3461 2996 3703 3067 inspira—

410 3087 494 3142 eis
531 3084 710 3140 fuerat
730 3083 1056 3154 promissus,
1083 3080 1152 3136 ad
1180 3079 1506 3136 remittenda
1526 3089 1768 3149 peccata.

491 3176 553 3230 At
583 3175 670 3231 ubi
697 3175 832 3229 venit
871 3171 1140 3245 plenitudo
1171 3171 1438 3241 temporis,
1482 3170 1625 3224 misit
1669 3167 2016 3224 DominusFi-

413 3268 544 3322 lium
569 3283 749 3322 suum.
801 3264 860 3320 ld
900 3271 1006 3328 est,
1052 3261 1270 3340 quando
1303 3261 1418 3330 jam
1443 3276 1542 3331 per
1564 3259 2012 3316 consuetudinem

415 3357 934 3428 transgressionum,
971 3354 1144 3424 legem
1189 3353 1278 3406 vix
1322 3353 1490 3423 pauci
1517 3357 1770 3420 poterant
1817 3360 2008 3406 custo—

417 3451 556 3506 dire.
587 3447 686 3503 Vel
725 3455 874 3502 certe
897 3443 1178 3516 plenitudo
1202 3451 1506 3512 temporum
1529 3441 1879 3512 intelligenda
1905 3449 2009 3505 est,

417 3537 635 3611 quando
660 3535 888 3593 ﬂorente
931 3531 1144 3604 populis
1187 3531 1406 3597 mundo,
1437 3537 1800 3602 opportunum
1823 3545 1889 3585 ac
1925 3546 2016 3585 sa-

419 3628 576 3684 lubre
611 3625 840 3682 Domino
884 3624 1060 3678 visum
1103 3630 1209 3685 est,
1246 3621 1482 3676 remedia
1531 3619 1722 3676 salutis
1761 3620 2015 3688 gentibus

419 3717 700 3782 exhibere,
730 3730 851 3786 qua:
887 3712 1005 3782 jam
1041 3719 1414 3783 competenter
1441 3710 1614 3781 possit
1649 3709 1789 3764 sexti
1832 3707 2014 3764 saeculi

419 3821 556 3870 aetas
583 3819 779 3866 natura
803 3806 1097 3878 suscipere.
1122 3803 1407 3860 Plenitudo
1431 3817 1562 3873 ergo
1587 3800 1864 3871 temporis,
1883 3807 2016 3854 tetas

425 3901 612 3959 mundi
642 3895 979 3955 senescentis
1005 3909 1073 3948 ex
1123 3893 1282 3948 venia
1326 3891 1554 3962 intelligi
1595 3897 1794 3960 potest,
1826 3888 1878 3943 in
1906 3904 2014 3959 qua

423 3994 476 4052 ei
501 3994 576 4049 ita
602 3989 892 4048 commissa
921 3995 975 4042 et
1004 3985 1212 4042 credita
1233 3991 1317 4039 est
1341 3981 1589 4037 veritatis
1614 3981 1840 4052 agnitio,
1873 3979 2015 4035 sicut

421 4082 670 4156 profecto
695 4079 851 4135 annis
893 4077 1027 4144 ﬁlio,
1067 4083 1217 4130 recte
1261 4071 1652 4144 profundarum
1683 4085 1866 4126 rerum
1896 4083 2015 4124 cre-

426 4175 573 4231 ditur
618 4170 908 4236 institutio,
957 4175 1013 4224 et
1046 4181 1179 4223 sane
1219 4165 1493 4237 praeterita
1538 4161 1758 4226 secula,
1807 4177 1929 4232 quas
1957 4161 2014 4217 in

428 4265 608 4336 primo
642 4269 869 4334 parente
892 4267 1082 4316 nostro
1110 4272 1203 4314 rea
1239 4257 1342 4313 sub
1368 4253 1624 4311 infernali
1645 4252 1915 4325 ergastulo
1937 4260 2017 4307 te-

428 4353 721 4419 nebantur,
765 4351 923 4423 longa
950 4348 1260 4420 indigebant
1287 4345 1566 4410 dilatione,
1597 4352 1655 4400 ut
1691 4345 1806 4415 jam
1832 4341 2016 4398 multis

2035 3067 2081 3129 (ἶ
2115 3084 2262 3138 tione
2291 3081 2570 3136 clamaret.

2187 3172 2374 3240 Itaque
2407 3172 2526 3241 jam
2571 3189 2675 3226 non
2703 3181 2778 3226 est
2823 3190 3022 3239 servus,
3052 3175 3144 3230 sed
3171 3176 3335 3246 ﬁlius.
3367 3177 3425 3234 id
3461 3190 3566 3245 est,
3597 3198 3708 3237 cur

2112 3262 2195 3317 vis
2223 3277 2415 3318 servus
2442 3260 2582 3327 ﬁeri,
2606 3263 2699 3332 qui
2732 3263 3002 3333 accipiens
3039 3266 3288 3336 spiritum
3303 3266 3444 3335 Filii,
3474 3269 3618 3326 filius
3642 3283 3703 3326 et

2113 3354 2286 3408 han-es
2309 3351 2535 3408 effectus
2561 3368 2643 3408 es.
2677 3353 2752 3407 Ex
2782 3355 2884 3409 hoc
2910 3357 3055 3412 enim
3084 3372 3183 3412 nos
3209 3361 3402 3428 probat
3424 3376 3614 3417 omnes
3640 3365 3709 3417 in

2113 3462 2222 3501 uno
2248 3445 2443 3516 spiritu
2471 3460 2637 3500 unum
2678 3459 2798 3501 esse
2824 3446 3136 3512 DeiFilium,
3182 3457 3328 3505 totus
3353 3452 3498 3505 enim
3537 3452 3706 3508 Chri-

2113 3541 2322 3608 stianus
2354 3540 2604 3611 populus,
2634 3541 2689 3594 in
2733 3556 2842 3596 uno
2867 3542 2964 3596 Dei
3002 3541 3139 3596 Filio
3167 3545 3414 3610 credens,
3445 3554 3502 3601 et
3527 3563 3709 3607 unum

2111 3632 2313 3689 Christi
2349 3648 2546 3703 corpus
2570 3632 2813 3699 ellectus,
2841 3649 2980 3688 unus
3009 3635 3111 3688 rite
3135 3643 3363 3690 vocatur
3385 3646 3440 3691 et
3461 3635 3626 3694 ﬁlius.

2185 3720 2340 3788 Quod
2365 3722 2411 3776 si
2436 3721 2608 3790 ﬁlius,
2637 3731 2684 3775 et
2705 3722 2873 3776 lateres
2900 3737 2994 3791 per
3021 3721 3209 3776 Deum.
3259 3722 3376 3778 Non
3415 3740 3510 3794 per
3535 3726 3708 3781 meri-

2111 3818 2226 3866 tum
2256 3825 2359 3865 nec
2401 3818 2673 3875 naturam,
2703 3810 2800 3864 sed
2832 3824 2930 3880 per
2963 3810 3153 3878 gratiae
3187 3811 3457 3881 spiritum,
3488 3815 3556 3868 de
3592 3830 3711 3884 quo

2113 3899 2166 3954 in
2186 3899 2424 3970 Epistola
2448 3900 2515 3954 ad
2542 3897 2818 3955 Romanos
2839 3901 2916 3954 ait
2945 3917 2957 3952 :
2990 3897 3110 3970 Ipse
3133 3903 3271 3954 enim
3299 3899 3529 3970 Spiritus
3555 3906 3712 3958 testi-

2112 3989 2346 4043 monium
2375 3989 2543 4043 reddit
2571 3989 2780 4060 spiritui
2812 4000 3014 4056 nostra,
3062 3992 3202 4062 quod
3230 4009 3412 4048 sumus
3447 3994 3549 4063 ﬁlii
3579 3997 3705 4062 Dei,

2113 4078 2160 4132 si
2188 4087 2364 4132 autem
2399 4076 2499 4146 ﬁlii
2535 4085 2583 4132 et
2603 4077 2857 4142 lueredes,
2891 4077 3125 4134 heredes
3149 4081 3358 4150 quidem
3379 4081 3499 4149 Dei,
3529 4085 3710 4140 colue-

2115 4167 2264 4222 redes
2283 4176 2461 4221 autem
2485 4164 2681 4220 Christi
2713 4165 2894 4236 (Rom.
2920 4167 3060 4238 vni).

2539 4275 2876 4316 EVANGELIUI
2898 4275 3070 4327 ιιιιιιε,
3083 4276 3202 4317 CAP.
3220 4277 3282 4316 ll.

2195 4368 2214 4401 ι
2246 4348 2379 4404 Erat
2398 4347 2599 4417 Joseph
2623 4355 2679 4404 et
2704 4348 2872 4404 Maria
2895 4357 3068 4406 mater
3093 4349 3220 4408 Jesu
3251 4352 3512 4408 mirantes
3539 4370 3711 4425 super

430 4409 764 4516 temporibus
802 4409 1108 4512 expiatione
1134 4439 1338 4494 Christi
1365 4409 1731 4492 liberarentur
1758 4437 2012 4491 adventu.
2040 4409 2094 4474 D
2127 4457 2146 4490 ι
2178 4439 2283 4504 his,
2313 4453 2434 4507 qua:
2461 4409 2780 4494 dicebantur
2807 4439 2872 4494 de
2915 4439 3026 4495 illo.
3072 4440 3141 4495 Et
3177 4441 3452 4498 benedixit
3479 4409 3586 4500 illis
3608 4409 3713 4501 ξιξ

501 4533 729 4589 Factum
766 4549 830 4587 ea:
875 4529 1115 4586 muliere.
1169 4527 1378 4590 Mulier,
1429 4541 1538 4581 non
1583 4525 2014 4594 corruptionem,

430 4628 528 4684 sed
551 4641 738 4683 sexum
781 4623 1072 4695 signiﬁcat.
1117 4620 1361 4690 Denique
1402 4618 1515 4673 Eva
1563 4617 1746 4672 statim
1788 4623 1848 4670 ut
1875 4615 2019 4671 facta

430 4731 537 4788 est,
569 4718 763 4775 mulier
788 4715 1087 4787 appellatur
1111 4710 1262 4785 (Gen.
1295 4727 1334 4765 ιι
1361 4711 1401 4782 ).
1433 4709 1500 4764 Ει
1527 4709 1643 4778 ipse
1666 4707 1926 4762 Dominus
1949 4705 2018 4761 ad

431 4821 661 4869 matrem
683 4806 852 4873 :Quid
895 4805 1023 4859 mihi
1064 4813 1112 4858 et
1141 4802 1258 4867 tibi,
1289 4801 1489 4870 inquit,
1519 4807 1594 4853 est
1625 4797 1814 4852 mulier
1833 4798 2014 4868 (Joan.

431 4905 519 4974 ιι).
547 4903 606 4957 ln
627 4916 693 4955 eo
721 4905 902 4952 autem
927 4895 1071 4964 quod
1114 4892 1281 4948 dicit:
1333 4891 1412 4945 Ex
1440 4890 1686 4954 muliere,
1733 4895 2021 4954 monstrat,

433 5008 543 5050 non
585 5003 736 5046 more
769 4987 931 5044 solito
973 5001 1043 5042 ex
1090 4989 1361 5040 conventu
1400 4982 1504 5037 viri
1539 4989 1595 5038 et
1636 4979 1875 5046 feminae,
1924 4979 2021 5036 sed

431 5097 533 5157 per
555 5080 818 5154 Spiritum
861 5085 1108 5134 sanctum
1150 5089 1217 5130 ex
1248 5082 1423 5130 matre
1472 5080 1704 5137 tantum,
1749 5069 2024 5128 Christum

434 5171 865 5230 incarnationem
892 5164 1131 5221 hominis
1159 5163 1482 5234 suscepisse.
1520 5161 1656 5216 Nam
1693 5159 1836 5216 idem
1875 5161 2022 5232 Apo-

437 5260 613 5318 stolus
641 5258 710 5314 ad
738 5253 1049 5312 Corinthios
1067 5253 1179 5318 ait:
1215 5249 1362 5306 Sicut
1395 5251 1587 5306 mulier
1626 5267 1691 5306 ea:
1721 5250 1851 5314 viro,
1881 5249 1954 5304 ita
1973 5257 2025 5303 et

439 5356 519 5410 uir
541 5369 635 5425 per
665 5347 938 5405 mulierem
977 5345 1030 5419 (Ι
1055 5343 1178 5402 Cor.
1208 5344 1320 5418 χι).
1354 5343 1508 5400 Unde
1558 5343 1699 5399 sicut
1741 5343 1798 5397 in
1824 5340 2025 5412 princi-

441 5443 530 5514 pio
556 5437 940 5514 generationis,
992 5436 1182 5492 mulier
1216 5449 1285 5490 ex
1312 5435 1429 5490 viro
1471 5441 1685 5504 sumpta
1713 5441 1818 5498 est,
1864 5432 1942 5486 ita
1969 5436 2026 5486 et

441 5533 692 5590 Christus
739 5528 1033 5586 secundum
1075 5541 1296 5583 carnem
1322 5541 1390 5582 ex
1436 5533 1610 5580 matre
1657 5531 1868 5579 tantum
1913 5530 2020 5578 est.

446 5624 625 5683 l’rima
652 5620 886 5706 hominis
909 5621 1169 5688 conditio,
1199 5619 1324 5692 quia
1355 5619 1564 5690 primus
1607 5619 1771 5674 homo
1796 5631 1903 5674 non
1941 5625 2024 5672 est

2129 4547 2148 4582 ι
2186 4544 2368 4594 meon,
2395 4537 2452 4583 et
2476 4529 2612 4584 dixit
2639 4530 2706 4585 ad
2748 4529 2973 4585 Mariam
3000 4538 3231 4586 matrem
3258 4533 3376 4603 ejus
3400 4552 3412 4588 :
3446 4535 3586 4592 Ecce
3609 4551 3712 4606 po—

2128 4642 2146 4676 ι
2181 4623 2321 4678 situs
2346 4631 2430 4678 est
2451 4622 2540 4678 hic
2567 4619 2622 4677 in
2665 4622 2875 4676 ruinam
2920 4631 2976 4678 et
2998 4624 3053 4678 in
3077 4626 3531 4682 resurrectionem
3569 4629 3713 4683 mul-

2130 4731 2149 4766 ι
2190 4721 2372 4769 torum
2405 4714 2460 4768 in
2494 4713 2678 4770 Israel.
2710 4712 2778 4768 Et
2805 4714 2860 4768 in
2891 4714 3105 4786 signum
3147 4716 3236 4771 cui
3280 4718 3709 4786 contradicetur,

2129 4823 2150 4858 ι
2192 4813 2250 4860 et
2291 4812 2440 4859 tuam
2486 4803 2655 4873 ipsius
2701 4803 2935 4858 animam
2981 4806 3338 4875 pet-transibit
3372 4807 3603 4878 gladius,
3647 4819 3714 4866 ut

2129 4915 2150 4949 ι
2187 4895 2491 4952 revelentur
2512 4909 2580 4950 ex
2604 4895 2791 4950 multis
2817 4897 3071 4951 cordibus
3098 4895 3472 4966 cogitationes.
3500 4899 3570 4954 Et
3590 4911 3714 4957 erat

2130 5005 2150 5039 ι
2184 4987 2341 5042 Anna
2381 4987 2722 5056 prophetissa
2762 4985 2869 5040 ﬁlia
2909 4986 3170 5051 Phanuel,
3218 4989 3284 5043 de
3332 4988 3475 5042 tribu
3544 4990 3708 5058 Aser,

2129 5095 2150 5129 ι
2189 5078 2308 5133 haec
2333 5083 2677 5147 processerat
2705 5076 2760 5130 in
2802 5077 2992 5132 diebus
3035 5077 3240 5141 multis,
3269 5087 3325 5133 et
3352 5079 3561 5134 vixerat
3583 5097 3712 5136 cum

2131 5186 2150 5220 ι
2183 5168 2300 5222 viro
2328 5182 2429 5222 suo
2471 5165 2630 5222 annis
2676 5174 2883 5236 septem
2926 5183 2956 5221 a
2981 5167 3288 5238 virginitate
3326 5184 3444 5223 sua.
3489 5169 3556 5223 Et
3592 5171 3714 5226 hmc

2134 5273 2154 5309 ι
2189 5256 2352 5310 vidua
2379 5263 2500 5310 erat
2521 5270 2692 5325 usque
2718 5256 2786 5310 ad
2811 5271 2983 5310 annos
3001 5255 3271 5326 octoginta
3304 5265 3556 5326 quatuor,
3586 5273 3712 5327 qua:

2135 5361 2155 5398 ι
2187 5360 2295 5400 non
2321 5344 2634 5400 discedebat
2663 5345 2730 5401 de
2775 5345 2993 5414 templo,
3038 5343 3259 5415 jejuniis
3283 5355 3338 5401 et
3377 5348 3720 5404 obsecratio-

2134 5455 2155 5489 s
2183 5436 2344 5491 nibus
2367 5437 2610 5492 serviens
2637 5437 2724 5492 die
2750 5453 2815 5492 ac
2843 5447 3020 5491 nocte.
3063 5438 3130 5491 Et
3166 5438 3282 5494 htec
3313 5438 3425 5507 ipsa
3457 5439 3588 5493 hora
3616 5455 3716 5495 su-

2133 5546 2155 5582 s
2189 5527 2509 5597 perveniens
2551 5526 2909 5582 conﬁtebatur
2933 5527 3180 5592 Domino,
3209 5536 3268 5583 et
3293 5528 3614 5598 loquebatur
3639 5529 3711 5586 de

2133 5637 2154 5672 ι
2184 5617 2276 5674 illo
2290 5618 2538 5675 omnibus
2553 5618 2644 5689 qui
2665 5619 3050 5690 exspectabant
3073 5620 3494 5691 redemptionem
3515 5619 3706 5678 lsrael.
