3946 6418
256 359 324 413 85
1109 360 1629 422 COLLECTIONES
1666 365 1734 422 IN
1772 365 2152 425 EPISTOLAS
2188 366 2275 423 ΕΤ
2314 366 2725 428 EV'A‘NGELIA.
3460 377 3529 433 66

260 509 277 542 ι
315 491 382 545 Et
407 499 467 546 ut
489 488 841 561 pcrlccerunt
861 492 1042 548 omnia
1074 495 1374 551 secundum
1409 497 1580 570 legem
1607 498 1831 567 Domini,

1949 495 2182 546 marum,
2209 482 2302 536 sed
2326 497 2614 554 corporum
2662 495 2764 551 est,
2808 501 2928 557 qum
2970 501 3068 558 per
3105 486 3354 544 ultimum
3378 489 3527 560 iudi-

258 603 277 633 ε
315 583 514 638 reversi
549 591 680 639 sunt
720 584 774 638 in
803 582 1077 640 Galilaram
1119 587 1172 642 in
1216 588 1493 644 civitatein
1537 608 1689 646 suam
1735 592 1844 647 Na-

260 692 279 724 ι
313 674 520 729 zarctb.
573 671 716 728 Puer
771 681 950 728 autem
999 678 1299 743 crescebat,
1340 688 1395 733 et
1440 679 1848 736 confortabatur

258 785 278 817 ι
313 765 502 836 plenus
536 765 829 836 sapientia,
861 773 914 821 et
942 769 1115 837 gratia
1148 768 1240 823 Dci
1272 777 1389 823 erat
1416 787 1537 824 ctun
1571 770 1680 825 illo.

328 857 458 911 Erat
493 856 686 929 Ioseph
732 868 778 910 et
821 855 996 910 Maria
1043 869 1212 912 mater
1244 859 1372 914 Jesu
1410 862 1662 916 mirantes
1690 879 1848 934 super

253 947 334 1001 liis
355 964 470 1018 qua:
497 947 811 1002 dicebantur
848 947 912 1001 de
959 946 1068 1002 illo.
1106 947 1206 1020 (Ex
1248 949 1439 1024 Beda.)
1487 952 1584 1008 llic
1617 952 1846 1010 Mariam

255 1036 480 1110 ﬁguram
505 1053 790 1110 synagoga:
813 1047 982 1104 tenet,
1009 1037 1206 1110 Josepli
1234 1050 1415 1098 autem
1438 1042 1662 1113 ﬁguram
1686 1045 1840 1118 legis.

253 1129 465 1183 Patrem
495 1127 795 1184 Salvatoris
837 1130 1071 1200 appellat
1113 1129 1336 1201 Joseph,
1386 1148 1491 1186 non
1521 1135 1664 1203 quod
1693 1149 1840 1202 vere,

245 1219 398 1288 iuxta
441 1219 779 1286 Fminianos,
806 1230 962 1291 pater
990 1221 1153 1277 fuerit
1197 1221 1336 1291 eius,
1368 1224 1463 1279 sed
1494 1225 1637 1294 quod
1670 1225 1738 1279 ad
1764 1227 1844 1279 fa-

253 1327 392 1366 mam
417 1310 600 1365 Marim
621 1312 1067 1380 conservandam,
1089 1324 1245 1384 pater
1267 1315 1337 1370 sit
1357 1316 1424 1370 ab
1438 1315 1691 1371 omnibus
1704 1316 1844 1371 testi-

252 1413 449 1458 matus.
482 1403 742 1470 Quamvis
777 1412 831 1458 et
853 1419 919 1459 eo
955 1405 1115 1460 modo
1140 1414 1294 1476 pater
1338 1407 1482 1461 illius
1509 1406 1688 1461 valeat
1712 1407 1840 1472 dici,

251 1509 358 1563 quo
385 1502 440 1547 et
462 1494 544 1547 vir
574 1493 755 1548 Mariae
782 1503 926 1549 recte
947 1495 1284 1568 intelligitur,
1316 1498 1431 1553 sine
1456 1499 1841 1554 commixtione

199 1606 202 1608 ‘
250 1587 455 1653 carnis,
502 1587 618 1657 ipsa
661 1587 998 1657 copulatione
1045 1589 1341 1661 coniungit,
1395 1589 1562 1645 multo
1593 1590 1843 1647 videlicet

250 1675 611 1745 coniunctius,
643 1692 804 1748 quam
831 1677 875 1732 si
905 1686 1048 1733 esset
1074 1678 1286 1732 aliunde
1318 1679 1623 1749 adoptatus.

322 1765 390 1818 Et
418 1766 552 1819 ιίὶςτὶι
584 1767 652 1818 ad
676 1765 903 1820 Mariam
931 1776 1150 1821 matrem
1189 1767 1304 1838 ejus
1329 1781 1348 1820 :
1379 1769 1514 1823 Ecce
1537 1781 1736 1841 positus
1763 1779 1839 1824 est

1945 574 2110 640 cium,
2139 575 2275 629 alios
2305 576 2445 630 mitti
2475 577 2530 631 in
2559 578 2848 632 secundam
2878 587 3130 646 mortem,
3161 580 3297 636 alios
3324 581 3377 636 in
3403 594 3530 636 eam

1945 663 2136 729 vitam,
2166 680 2286 734 qua:
2313 680 2420 720 non
2449 666 2613 720 habet
2641 675 2891 722 mortem.

2014 754 2084 808 Et
2112 756 2167 810 in
2193 757 2423 826 signum,
2452 759 2536 811 cui
2557 760 2958 814 contradicetur.
2988 760 3083 834 (Ex
3111 762 3357 835 Hieron.)
3385 763 3532 819 Scri-

1942 847 2028 902 bis
2078 847 2329 902 videlicet
2372 858 2426 903 et
2467 849 2786 917 Phariszeis,
2850 851 3128 909 luereticis
3181 861 3238 910 et
3276 855 3527 926 paganis.

1945 937 2168 1010 Signum
2206 948 2408 1005 autem,
2433 941 2519 996 cui
2566 943 3000 1011 contradicetur,
3049 945 3210 1000 ﬁdem
3233 937 3568 1002 Dominicac‘

1943 1031 2122 1084 crucis
2162 1031 2370 1099 accipe,
2406 1032 2472 1086 de
2498 1047 2602 1102 qua
2633 1033 2877 1103 apostolo
2902 1034 3070 1089 Paulo
3094 1037 3282 1091 dicunt
3306 1033 3476 1092 Judaei
3510 1052 3527 1092 :

1945 1117 2087 1174 Nam
2117 1121 2182 1175 de
2225 1133 2370 1176 secta
2413 1124 2510 1176 hac
2537 1133 2716 1178 notum
2745 1134 2820 1180 est
2864 1126 3010 1181 nobis
3060 1127 3199 1200 quod
3247 1129 3436 1200 ubique
3483 1128 3534 1182 ei

1942 1211 2324 1265 contradicitur
2343 1212 2482 1283 (Act.
2504 1214 2721 1285 xxviii).
2747 1215 2856 1270 Nos
2876 1217 3073 1287 quippe
3092 1233 3282 1273 omnes
3303 1219 3529 1283 scimus,

1941 1313 2067 1352 vera
2096 1315 2216 1354 esse
2260 1315 2379 1369 qua:
2405 1301 2472 1356 de
2497 1301 2778 1358 Salvatore
2807 1307 3003 1374 scripta
3039 1314 3185 1372 sunt,
3241 1308 3336 1362 sed
3383 1306 3527 1376 apud

1941 1387 2247 1444 incredulos
2272 1401 2326 1446 et
2355 1392 2640 1448 btereticos
2662 1395 2938 1461 universa,
2968 1413 3089 1466 qua:
3119 1398 3186 1454 de
3224 1413 3290 1453 eo
3321 1400 3529 1469 scripta

1941 1489 2087 1546 sunt,
2128 1483 2342 1553 signum
2367 1493 2514 1550 sunt,
2547 1485 2632 1540 cui
2669 1490 3081 1544 contradicitur.
3116 1492 3282 1563 Virgo
3330 1501 3528 1556 mater,

1940 1570 2152 1640 signum
2199 1579 2302 1635 est,
2348 1573 2436 1627 cui
2482 1575 2864 1631 contradicunt
2913 1578 3263 1636 Marcionitaz.
3328 1579 3530 1636 Habuit

1939 1673 2138 1728 corpus
2169 1660 2483 1727 humanum,
2522 1671 2574 1718 et
2605 1665 2710 1720 hoc
2744 1667 2958 1737 signum
2986 1676 3087 1734 est,
3132 1667 3224 1724 cui
3246 1671 3527 1726 contradio

1939 1749 2099 1804 citur.
2125 1749 2441 1806 Resurrexit
2469 1769 2500 1807 a
2530 1755 2781 1820 mortuis,
2828 1766 2883 1812 et
2909 1758 3012 1812 hoc
3039 1759 3252 1827 signum
3275 1768 3380 1826 est,
3438 1759 3527 1816 cui

249 1855 336 1909 hic
359 1856 416 1910 in
448 1856 675 1910 ruinam.
703 1856 982 1923 Quomodo
1005 1865 1184 1912 autem
1230 1859 1283 1912 in
1311 1860 1551 1926 ruinam,
1582 1861 1685 1915 nisi
1710 1862 1831 1929 quia

1941 1841 2345 1896 contradicitur.
2393 1843 2460 1898 Et
2492 1845 2620 1913 quid
2664 1861 2886 1902 necesse
2930 1858 3013 1904 est
3049 1850 3216 1905 multa
3247 1854 3523 1923 persequi.

248 1954 302 2000 ct
341 1946 474 2016 lapis
519 1945 829 2003 oﬁ‘ensionis
876 1955 981 2015 est,
1016 1956 1071 2002 et
1117 1957 1270 2018 petra
1317 1948 1578 2016 scandali,
1629 1951 1684 2006 id
1730 1958 1832 2016 est,

251 2039 406 2092 ruina
438 2039 541 2104 his,
573 2039 662 2109 qui
693 2038 969 2095 oil‘endunt
996 2042 1181 2108 verbo,
1210 2057 1312 2098 nec
1348 2043 1601 2110 credunt,
1631 2045 1696 2101 de
1716 2045 1837 2115 qui-

247 2131 353 2187 bus
377 2131 493 2202 ipse
531 2133 700 2189 dicit:
741 2131 802 2188 Si
839 2150 942 2188 non
973 2135 1223 2189 venissem
1253 2145 1301 2189 et
1344 2135 1549 2192 locutus
1587 2139 1661 2191 eis
1702 2137 1838 2207 fuis-

246 2238 375 2287 sem,
398 2233 665 2294 peccatum
696 2240 798 2278 non
844 2223 1116 2280 haberent.
1153 2225 1312 2281 Nunc
1341 2237 1515 2282 autem
1541 2232 1838 2286 excusatio-

248 2329 362 2366 nem
392 2331 496 2368 non
523 2313 709 2368 habent
737 2315 802 2368 de
823 2324 1034 2384 peccato
1062 2333 1179 2370 suo.
1218 2316 1410 2372 Aliter.

317 2403 426 2474 (Ea:
440 2402 686 2476 Hieron.)
703 2403 919 2473 Aliquid
933 2404 988 2458 in
1009 2421 1096 2460 me
1113 2405 1252 2475 quod
1277 2405 1416 2461 male
1435 2406 1635 2471 stabat,
1650 2409 1832 2476 cadat,

244 2493 482 2564 patiatur
508 2494 738 2561 ruinam,
770 2503 828 2549 ut
856 2503 1041 2565 surgat
1067 2495 1120 2549 in
1161 2495 1374 2562 melius,
1405 2498 1615 2569 peccati
1644 2513 1835 2568 super-

244 2585 332 2640 bia
359 2600 418 2640 se
449 2593 713 2650 erexerat,
738 2583 915 2640 cadat.
961 2585 1264 2656 Antequam
1289 2587 1588 2652 crederem,
1632 2587 1832 2642 bonum

247 2676 301 2730 in
343 2677 685 2746 meiacebat,
727 2675 926 2730 malum
957 2677 1152 2732 stabat.
1204 2661 1495 2748 Postquam
1548 2679 1638 2733 ille
1667 2680 1830 2744 venit,

245 2761 485 2836 quod‘in
536 2783 622 2823 me
677 2769 879 2822 malum
941 2767 1085 2834 fuit,
1143 2769 1386 2824 corruit:
1434 2768 1831 2836 fornicationis,

248 2859 636 2924 immunditite,
685 2859 950 2928 luxurize,
1012 2861 1350 2928 idololatriae,
1406 2871 1834 2934 cmterarumquc

244 2949 475 3018 pestium
519 2949 667 3005 utilis
712 2951 869 3005 ruina
922 2951 1062 3006 facta
1117 2960 1218 3007 est.
1275 2953 1403 3008 Haec
1446 2962 1530 3008 est
1575 2955 1733 3008 ruina
1763 2955 1830 3009 ad

242 3054 405 3109 quam
434 3041 668 3110 primum
692 3043 840 3097 venit
877 3041 1035 3098 Jesus
1063 3043 1362 3110 destruere,
1405 3050 1466 3098 ut
1495 3043 1584 3099 illa
1612 3045 1832 3100 destru-

244 3138 332 3184 cta
356 3139 411 3185 et
452 3131 775 3187 mortiﬁcata
819 3143 1149 3205 consurgant
1195 3143 1250 3190 et
1291 3135 1628 3190 aediﬁcentur
1653 3135 1708 3188 in
1740 3150 1828 3192 me

1938 1929 2131 1986 Omnia
2157 1947 2278 2002 quae
2299 1931 2368 1989 de
2395 1949 2462 1990 eo
2485 1938 2688 2006 scripta
2715 1947 2864 2005 sunt,
2889 1940 3101 2010 signum
3125 1949 3227 2006 est,
3261 1943 3350 1997 cui
3396 1959 3529 1999 con-

1938 2023 2225 2079 tradicitur
2271 2025 2341 2079 ab
2369 2025 2664 2084 incredulis
2691 2038 2747 2084 et
2767 2031 3084 2086 haereticis.‘

2010 2113 2081 2167 Et
2103 2124 2248 2169 tuam
2281 2117 2451 2187 ipsius
2495 2119 2728 2172 animam
2779 2123 3091 2190 pertransiet
3139 2121 3372 2192 gladius.
3423 2123 3528 2196 (Ex

1934 2205 2150 2279 Amhr.)
2176 2207 2286 2264 Nec
2312 2209 2516 2274 littera,
2556 2225 2656 2265 nec
2685 2211 2912 2266 historia
2970 2213 3130 2268 ducet
3177 2230 3245 2270 ex
3272 2215 3374 2270 hac
3417 2217 3531 2272 vita

1937 2298 2162 2354 Mariam
2207 2303 2504 2372 corporalis
2554 2304 2706 2359 necis
2770 2305 3022 2374 passione
3067 2307 3351 2376 migrasse.
3405 2307 3528 2363 Non

1935 2389 2080 2446 enim
2112 2391 2310 2457 anima,
2341 2393 2435 2448 sed
2463 2408 2660 2464 corpus
2698 2396 2965 2451 materiali
3023 2397 3201 2468 gladio
3247 2406 3525 2455 transver-

1936 2479 2177 2534 beratur.
2205 2480 2272 2536 Et
2296 2481 2421 2537 ideo
2453 2485 2796 2554 prudentiam
2845 2485 2988 2540 haud
3036 2487 3224 2557 ignara
3275 2491 3526 2560 mysterii

1933 2569 2172 2626 caelestis
2197 2573 2452 2627 ostendit.
2486 2573 2678 2629 Vivum
2718 2583 2803 2629 est
2848 2577 2993 2631 enim
3042 2578 3266 2632 verbum
3327 2577 3419 2633 Dei
3470 2589 3530 2636 et

1931 2659 2173 2714 validum
2195 2667 2250 2714 et
2274 2671 2491 2717 acutum
2529 2671 2585 2718 et
2620 2667 2766 2719 omni
2794 2666 2972 2736 gladio
3000 2667 3335 2733 acutissimo,
3363 2684 3530 2738 pene-

1936 2758 2090 2806 trans
2136 2767 2307 2822 usque
2342 2753 2410 2808 ad
2457 2754 2779 2812 divisionem
2812 2757 3008 2811 anima:
3052 2765 3108 2812 et
3141 2759 3387 2827 spiritus,
3435 2775 3526 2814 ar-

1935 2851 2199 2912 tuumque
2247 2852 2304 2900 et
2347 2847 2736 2912 medullarum,
2774 2848 3138 2918 cogitationes
3164 2849 3344 2904 cordis
3365 2858 3528 2906 etse-

1935 2942 2086 2990 creta
2113 2945 2388 2990 scrutatur
2426 2939 2751 2992 animorum.

2005 3026 2198 3082 Aliter.
2229 3027 2339 3100 (Ea:
2357 3029 2606 3100 August.)
2623 3030 3046 3086 Tribulationem
3072 3031 3240 3101 igitur
3272 3041 3328 3086 et
3373 3032 3528 3088 dolo-

1935 3132 2054 3172 rem
2098 3117 2392 3173 Dominicze
2437 3121 2724 3188 passionis,
2772 3121 2932 3190 gladii
2978 3122 3194 3176 nomine
3246 3122 3520 3192 signatum

243 3221 426 3277 omnia
456 3222 615 3276 bona.
647 3222 950 3279 Videndum
976 3201 1060 3279 est
1088 3224 1293 3294 itaque,
1318 3239 1387 3279 ne
1413 3222 1552 3280 forte
1577 3223 1830 3280 Salvator

1941 3225 2074 3277 esse,
2113 3209 2375 3265 credibile
2423 3220 2527 3276 est,
2575 3226 2683 3281 quo
2720 3220 2967 3266 materna
3015 3212 3196 3266 anima
3227 3212 3516 3270 vulnerata

242 3321 435 3369 noster
465 3313 586 3368 aliis
630 3323 792 3387 atque
831 3315 952 3372 aliis
979 3317 1032 3371 in
1066 3317 1279 3371 ruinam
1306 3317 1534 3382 venerit,
1578 3326 1634 3372 et
1659 3318 1714 3372 in
1739 3334 1830 3373 re-

245 3406 657 3472 surrectionem,
706 3407 800 3463 sed
845 3408 1038 3464 iisdem
1065 3417 1120 3464 et
1146 3407 1445 3464 in'ruinam
1479 3417 1534 3464 et
1565 3409 1619 3464 in
1649 3425 1830 3465 resur-

245 3500 536 3555 rectionem
583 3502 810 3556 venerit.
858 3501 942 3556 Me
984 3510 1195 3573 oportet
1238 3501 1470 3573 primum
1521 3501 1734 3569 cadere,
1777 3510 1832 3558 et

243 3605 366 3645 cum
397 3591 659 3658 cecidero,
703 3600 890 3662 postea
934 3593 1071 3648 bene
1105 3607 1410 3664 resurgere,
1460 3607 1528 3648 ne
1576 3591 1833 3662 Salvator

243 3696 408 3736 causa
436 3683 568 3738 mihi
598 3681 760 3738 fuerit
791 3683 947 3738 mala:
974 3684 1163 3750 ruinte,
1201 3685 1296 3740 sed
1321 3693 1608 3754 propterea
1633 3684 1830 3740 cadere

245 3787 332 3827 me
357 3771 508 3840 fecit,
534 3782 598 3829 ut
624 3789 968 3846 consurgam.
1006 3774 1077 3830 Et
1097 3775 1269 3830 multo
1298 3775 1431 3829 mihi
1461 3776 1616 3830 ruina
1646 3773 1832 3830 utilior

244 3865 428 3932 fuerit,
456 3881 618 3936 quam
663 3866 797 3922 illud
835 3875 1066 3938 tempus,
1098 3882 1207 3939 quo
1247 3868 1473 3924 videbar
1503 3877 1670 3934 stare,
1717 3877 1831 3924 sta—

243 3959 367 4014 bam
394 3958 539 4013 enim
577 3966 824 4029 peccato,
872 3966 928 4013 et
972 3959 1098 4029 quia
1124 3967 1349 4030 peccato
1379 3959 1613 4026 stabam,
1651 3959 1828 4030 prima

244 4048 376 4104 mihi
404 4048 611 4104 utilitas
656 4048 774 4114 fuit,
815 4059 874 4105 ut
918 4051 1168 4106 caderem
1197 4061 1252 4107 et
1295 4058 1522 4122 peccato
1562 4063 1824 4106 morerer.

239 4137 460 4208 Iniquus
485 4154 626 4206 eras,
656 4140 814 4195 cadat
854 4140 994 4198 inte
1039 4141 1276 4212 iniquus.
1328 4141 1600 4213 Diligebas
1645 4148 1828 4196 scorta

239 4231 496 4300 primum,
524 4229 579 4284 in
603 4237 656 4285 te
683 4238 953 4287 scortator
989 4231 1247 4286 intereat.
1273 4233 1535 4287 Peccator
1561 4247 1706 4298 eras,
1737 4247 1829 4288 ca-

242 4320 416 4374 datin
446 4327 499 4375 te
545 4329 817 4390 peccator,
866 4328 926 4375 ut
962 4321 1138 4391 possis
1185 4321 1382 4376 dehinc
1431 4334 1720 4392 resurgere
1773 4329 1828 4378 et

240 4408 459 4463 dicere:
505 4406 564 4463 Si
595 4409 906 4464 commortui
939 4425 1141 4476 sumus,
1189 4419 1240 4465 et
1281 4411 1650 4478 convivemus;
1697 4422 1746 4466 et
1781 4414 1827 4468 si

1930 3311 2018 3357 est
2043 3301 2245 3356 doloris
2273 3301 2490 3365 aﬁ‘ectu,
2519 3310 2575 3357 et
2621 3317 2794 3371 usque
2819 3301 3001 3367 hodie,
3025 3310 3082 3357 et
3107 3317 3277 3372 usque
3301 3304 3369 3357 ad
3395 3319 3527 3359 con-

1929 3393 2344 3447 summationem
2383 3393 2589 3459 saeculi,
2637 3393 2926 3463 priesentis
2969 3392 3227 3448 Ecclesiae
3281 3395 3523 3451 animam

1929 3483 2138 3554 gladius
2156 3483 2444 3538 durissime
2488 3483 2853 3539 tribulationis
2875 3485 3208 3555 pertransire
3238 3502 3346 3540 non
3395 3503 3518 3544 ces-

1926 3582 2034 3639 sat,
2067 3589 2188 3629 cum
2215 3574 2370 3646 signo
2415 3574 2558 3639 ﬁdei,
2594 3575 2678 3629 ab
2713 3575 2978 3646 improbis
3022 3578 3346 3644 contradici,
3391 3595 3518 3635 cum

1930 3667 2115 3720 audito
2152 3666 2245 3720 Dei
2273 3667 2437 3721 verbo
2467 3666 2665 3720 multos
2689 3681 2812 3721 cum
2837 3666 3060 3723 Christo
3083 3684 3396 3741 resurgere,
3422 3672 3522 3728 sed

1924 3758 2113 3828 plures
2140 3773 2170 3812 a
2193 3757 2513 3814 credulitate
2547 3773 2728 3824 ruere,
2763 3759 3100 3830 gemebunda
3128 3770 3446 3831 pertractat.

2000 3849 2069 3904 Et
2098 3849 2389 3905 revelentur
2428 3867 2493 3905 ea:
2517 3850 2700 3905 multis
2751 3851 2997 3906 cordibus
3023 3853 3385 3923 cogitationes.
3417 3855 3522 3928 (Ex

1927 3941 2182 4014 August.)
2234 3941 2388 4010 Quod
2449 3943 2583 3998 dicit
2634 3961 2648 3997 :
2712 3942 2782 4000 lit
2830 3943 3176 3999 dcnudentur
3227 3946 3521 4004 multorum

1927 4033 2170 4088 cordium
2221 4033 2588 4104 cogitationes,
2621 4032 2724 4088 hoc
2749 4032 3155 4104 intelligendum
3184 4045 3335 4104 puto,
3381 4037 3513 4106 quia

1925 4139 2026 4194 per
2050 4123 2263 4178 Domini
2289 4123 2593 4192 passionem
2623 4131 2678 4177 et
2705 4123 2912 4178 insidia:
2929 4121 3239 4179 Iudaeorum
3265 4133 3322 4180 et
3350 4127 3518 4182 disci-

1925 4215 2173 4287 pulorum
2203 4213 2495 4268 inﬁrmitas
2515 4215 2711 4283 patuit.

1998 4307 2108 4380 (Ea:
2137 4306 2330 4379 Beda.)
2364 4306 2632 4361 Incertum
2676 4313 2794 4361 erat
2841 4306 3136 4375 quondam,
3177 4309 3268 4377 qui
3299 4305 3518 4366 Judzeo-

1924 4416 2046 4456 rum
2084 4401 2315 4473 gratiam
2350 4399 2578 4464 Christi,
2605 4414 2767 4468 quam
2801 4406 3083 4454 venturam
3116 4401 3302 4472 utique
3353 4419 3519 4458 nove-

240 4498 533 4569 conformes
562 4498 688 4570 facti
724 4517 905 4555 sumus
934 4501 1139 4567 mortis,
1177 4500 1469 4572 conformes
1507 4511 1554 4556 et
1595 4518 1825 4556 resurre-
1849 4541 1902 4602 Β
1929 4499 2073 4602 rant:
2106 4491 2350 4562 TeCiPel‘e
2383 4489 2627 4602 ῐηῧξξθηῑ·
2655 4488 2769 4596 Πθξε
2812 4490 3271 4602 θξιίηξιηθῐίνξξίιῑθ
3295 4493 3518 4602 findi”.

241 4593 426 4646 etionis
453 4593 646 4648 erimus
669 4591 756 4666 (II
779 4592 915 4648 Tim.
941 4608 980 4649 ιι
1007 4610 1022 4659 ;
1056 4591 1206 4647 Rom.
1236 4593 1334 4666 γι).

314 4685 382 4739 Et
431 4687 488 4740 in
542 4685 970 4740 resurrectionem
1028 4684 1311 4740 multorum
1364 4686 1418 4739 in
1473 4684 1664 4740 Israel.
1721 4685 1820 4758 (Ex

240 4773 429 4848 Beda.)
455 4775 600 4832 Bene
628 4777 682 4830 in
710 4776 1185 4842 resurrectionem,
1213 4776 1338 4846 quia
1368 4775 1547 4831 lumen
1572 4783 1675 4841 est,
1699 4777 1825 4845 quia

243 4865 409 4937 gloria
436 4865 610 4936 plebis
637 4864 822 4932 Israel,
851 4865 977 4936 quia
1004 4865 1135 4921 dicit
1161 4883 1172 4918 :
1223 4864 1337 4935 Ego
1372 4880 1488 4918 sum
1515 4865 1825 4919 resurrectio

241 4969 288 5014 et
314 4961 437 5024 vita,
472 4958 562 5029 qui
589 4957 750 5011 credit
793 4957 850 5011 in
899 4973 1002 5024 me,
1032 4956 1239 5011 etiamsi
1281 4965 1520 5010 mortuus
1549 4955 1734 5026 fuerit,
1747 4956 1823 5010 vi-

241 5060 317 5106 ret
342 5049 523 5122 (Joan.
555 5048 640 5120 ιι).

312 5140 421 5212 (Ex
460 5137 728 5212 Ambros.)
779 5137 910 5194 Duae
960 5139 1410 5204 resurrectiones,
1461 5152 1569 5192 una
1621 5137 1822 5208 prima,

241 5247 362 5302 quae
388 5246 534 5287 nunc
556 5238 642 5286 est
666 5238 721 5286 et
740 5231 1045 5286 animarum
1070 5238 1174 5297 est,
1207 5245 1327 5301 quae
1358 5231 1547 5286 venire
1573 5245 1679 5287 non
1707 5245 1825 5301 per-

240 5324 409 5378 mittit
435 5323 490 5377 in
517 5331 765 5377 mortem.
816 5319 1085 5387 Secunda,
1136 5322 1204 5377 de
1245 5336 1352 5392 qua
1397 5320 1657 5375 Dominus
1704 5320 1818 5375 ait:

246 5415 400 5470 Venit
429 5415 560 5469 hora
587 5423 638 5468 et
668 5429 805 5469 nunc
844 5422 943 5480 est,
990 5413 1200 5487 quando
1247 5413 1440 5468 mortui
1483 5411 1696 5466 audient
1735 5427 1821 5465 vo-

239 5521 348 5560 cem
373 5503 504 5560 Filii
534 5502 656 5572 Dei,
685 5516 735 5560 et
759 5506 850 5577 qui
876 5503 1162 5570 audierint,
1199 5505 1364 5559 vivent
1394 5501 1576 5576 (Joan.
1603 5500 1679 5572 v).
1717 5500 1822 5568 Qui

237 5594 532 5662 audierint,
566 5595 724 5664 dixit,
771 5595 864 5665 qui
892 5593 1213 5661 obedierint,
1250 5593 1343 5665 qui
1386 5592 1735 5657 crediderint,
1767 5600 1822 5646 et

236 5701 409 5758 usque
434 5687 488 5741 in
524 5684 687 5742 ﬁnem
728 5685 1212 5757 perseveraverint.
1243 5683 1362 5739 Alia
1409 5683 1669 5748 secunda,
1699 5697 1821 5754 qua:

236 5793 342 5832 non
371 5793 517 5834 nunc
541 5785 646 5846 est,
680 5777 774 5833 sed
802 5776 856 5832 in
886 5775 1068 5832 steculi
1099 5775 1204 5834 ﬁne
1246 5775 1427 5832 futura
1447 5784 1549 5842 est,
1583 5792 1682 5835 nec
1708 5775 1820 5831 ani-

1928 4583 2181 4640 revelatis
2209 4599 2332 4638 mox
2363 4582 2606 4638 cordium
2638 4582 3076 4654 cogitationibus,
3130 4581 3373 4639 Herodes
3412 4601 3516 4642 rex

1925 4680 2176 4734 turbatus
2197 4685 2298 4743 est,
2331 4685 2386 4731 et
2415 4677 2592 4732 omnis
2615 4673 2987 4746 Hierosolyma
3015 4691 3138 4730 cum
3168 4675 3280 4742 illo,
3330 4684 3518 4747 pasto-

1926 4788 2016 4828 res
2036 4788 2156 4828 cum
2182 4773 2377 4827 timore
2402 4779 2457 4826 et
2480 4770 2675 4842 gaudio
2706 4771 2815 4825 Deo
2857 4769 3070 4825 laudem
3107 4779 3383 4835 resonant,
3409 4772 3514 4828 bo-

1927 4865 2162 4919 minibus
2201 4863 2350 4933 pacis
2397 4863 2644 4916 nuntium
2687 4861 2959 4932 pandunt,
3017 4859 3134 4930 ejus
3165 4861 3410 4917 doctrina
3458 4871 3517 4919 et

1925 4953 2126 5008 virtute
2150 4953 2448 5016 diti-amata,
2476 4952 2566 5006 alii
2593 4951 2661 5005 ad
2688 4966 2812 5006 eum
2844 4952 2997 5021 quasi
3021 4951 3341 5022 magistrum
3370 4955 3517 5009 veri-

1930 5045 2060 5100 tatis
2085 5043 2380 5108 conﬁuunt,
2413 5043 2504 5098 alii
2525 5041 2594 5096 ab
2620 5056 2686 5098 eo
2708 5042 2863 5112 quasi
2884 5041 3170 5096 seductore
3213 5040 3512 5114 refugiunt.

1928 5133 2057 5203 Ejus
2095 5135 2248 5205 signo
2271 5134 2450 5190 crucis
2471 5141 2678 5199 erecto,
2705 5133 2761 5187 hi
2799 5131 2950 5201 quasi
2972 5130 3117 5200 iuste
3142 5132 3302 5186 morti
3325 5133 3514 5188 datum

1925 5226 2364 5296 blaspliemantes
2385 5223 2614 5279 irrident
2635 5241 2649 5277 :
2671 5222 2747 5278 illi
2773 5221 2928 5292 quasi
2954 5221 3078 5276 vitae
3100 5230 3375 5278 auctorem
3395 5236 3515 5278 mo-

1929 5316 1974 5370 ri
2009 5317 2215 5372 acriter
2239 5313 2445 5369 dolent.

1999 5409 2066 5463 Et
2107 5417 2218 5462 erat
2238 5407 2390 5462 Anna
2435 5405 2778 5478 praphetissa,
2828 5404 2942 5473 ﬁlia
2981 5402 3244 5469 Phanuel,
3277 5403 3342 5458 de
3368 5404 3509 5459 tribu

1922 5503 2072 5556 Aser.
2105 5499 2204 5572 (Ex
2247 5497 2436 5569 Beda.)
2467 5497 2686 5551 Arridet
2715 5506 2894 5551 autem
2927 5495 3183 5551 Ecclesiae
3209 5493 3507 5565 mysteriis,

1923 5591 2066 5662 quod
2101 5590 2256 5644 Anna
2283 5597 2340 5644 et
2365 5587 2535 5659 gratia
2560 5585 2676 5654 eius
2707 5586 3124 5656 interpretatur,
3167 5591 3223 5637 et
3262 5582 3372 5637 ﬁlia
3421 5595 3510 5639 est

1921 5681 2189 5747 Phanuel,
2212 5681 2304 5752 qui
2333 5679 2501 5734 facies
2525 5677 2620 5734 Dei
2653 5679 2872 5733 dicitur.
2905 5674 3041 5732 Cum
3081 5673 3508 5747 Psalmographo

1923 5775 2220 5829 decantaus
2248 5790 2262 5825 :
2302 5769 2576 5840 Signatum
2605 5779 2681 5823 cst
2711 5783 2867 5837 super
2887 5783 2981 5821 nos
3003 5766 3177 5821 lumen
3203 5765 3378 5820 uultus
3403 5764 3507 5832 tui,
