3946 6416
459 348 531 402 67

1745 335 2094 396 SMARACDl
2132 333 2420 394 ABDATIS

3647 330 3718 386 68

461 463 680 516 Domine
707 459 879 530 (Psat.
915 455 1008 527 Iv).
1040 455 1107 510 Et
1133 457 1198 512 de
1251 455 1393 510 tribu
1418 457 1576 520 Aser,
1600 456 1702 510 hoc
1731 463 1834 518 est,
1866 452 2033 516 beati,
2064 455 2114 514 Α
2211 448 2353 502 Puer
2378 455 2551 501 autem
2573 444 2851 513 crescebat,
2887 452 2935 498 et
2962 445 3360 515 confortabatur
3403 443 3587 515 plenus
3629 461 3725 500 sa-

458 556 759 622 dcsceadit,
809 552 903 624 qui
942 551 1086 608 inter
1111 553 1452 622 patriarchas
1503 551 1810 613 duodecim,
1843 547 2037 603 ordine
2138 539 2358 609 pientia,
2379 546 2427 591 et
2454 536 2624 606 gratia
2649 534 2747 590 Dei
2774 545 2885 588 erat
2912 553 3030 589 cum
3053 534 3420 590 illo.Notanda
3445 537 3724 590 distinctio

462 646 737 710 nascendi,
787 649 869 699 est
917 649 1163 708 octavus,
1213 643 1280 697 de
1312 656 1420 711 quo
1448 655 1694 704 numero,
1723 640 1848 710 quia
1891 637 2042 694 Novo

463 737 810 795 Testamento
837 737 912 794 sit
931 751 1106 800 sacer,
1132 733 1377 789 crebrius
1403 741 1488 789 est
1513 733 1865 788 inculcatum.

536 831 644 903 (Ea:
669 829 936 902 Ambros.)
960 829 1096 887 Nam
1118 831 1275 886 Anna
1296 830 1470 902 gratia
1493 827 1612 897 ejus
1634 828 2044 896 interpretatur,
2073 855 2075 857 ι

467 929 656 975 tenens
685 921 913 991 figuram
939 919 1348 990 Prophetarum.
1375 919 1482 976 Sed
1517 927 1572 974 et
1613 917 1855 973 Phanuel
1891 924 2046 987 pater

465 1010 602 1078 ejus,
655 1008 822 1068 facies
875 1011 970 1068 Dei
1029 1013 1450 1082 interpretatur.
1507 1011 1646 1066 Aser
1671 1009 1879 1068 beatus.
1907 1009 2047 1064 Aser

465 1103 661 1158 beatus
711 1103 815 1157 erit
850 1102 1078 1174 ﬁguram
1125 1103 1305 1173 populi
1342 1103 1679 1160 credentium
1714 1109 1920 1165 tenens,
1952 1100 2048 1158 sed

469 1189 555 1243 vel
601 1190 974 1261 pinguedinem
1011 1187 1170 1262 panis
1199 1191 1606 1260 interpretatur,
1654 1189 1748 1259 qui
1792 1189 1860 1248 de
1907 1189 2048 1246 emlo

470 1281 765 1336 descendit.

545 1373 675 1427 ﬂare
700 1382 1018 1443 processerat
1060 1389 1116 1426 in
1149 1373 1332 1426 diebus
1359 1370 1558 1434 multis,
1595 1379 1645 1426 et
1690 1367 1890 1423 uixerat
1931 1383 2049 1422 cum

472 1465 582 1518 uiro
612 1480 708 1518 suo
723 1465 880 1518 annis
901 1474 1092 1534 septem
1113 1481 1146 1516 a
1167 1461 1460 1530 virginitate
1480 1476 1597 1514 sua.
1630 1460 1802 1513 Annis
1821 1467 2047 1528 septem,

473 1553 529 1608 id
549 1562 655 1618 est,
679 1568 948 1624 synagoga
971 1567 1097 1608 cum
1117 1552 1389 1621 heptatice
1417 1552 1498 1606 vel
1521 1559 1706 1620 postea
1729 1565 1824 1620 per
1845 1559 2050 1619 septem

473 1645 617 1698 ibus
629 1643 861 1712 Spiritus
884 1643 1078 1706 sancti,
1108 1657 1140 1696 a
1162 1643 1473 1711 virginitate
1498 1656 1614 1706 sua.
1639 1641 1766 1711 quia
1787 1655 1912 1696 cum
1935 1641 2052 1696 viro

471 1751 576 1791 suo
602 1743 806 1804 septem
834 1732 992 1790 annis
1018 1733 1138 1788 fuit.

2141 630 2450 692 verborum,
2472 626 2596 696 quia
2624 625 2883 681 Dominus
2904 625 3060 682 Jesus
3087 627 3336 683 Christus
3366 628 3418 683 iu
3454 643 3540 694 eo,
3576 627 3725 696 quod

2141 734 2277 791 puer
2298 727 2434 785 erat,
2458 719 2509 774 id
2536 729 2635 781 est,
2662 719 2904 774 habitum
2930 721 3179 775 humana:
3201 719 3510 792 fragilitatis
3537 721 3729 776 indue-

2143 819 2250 876 rat,
2275 825 2520 866 crescere
2543 819 2599 866 et
2624 809 2918 865 coul'ortari
2946 812 3201 867 habebat.
3223 813 3282 868 In
3311 829 3376 868 eo
3400 828 3551 880 vero,
3578 815 3727 884 quod

2145 903 2308 958 etiam
2345 903 2570 958 verbum
2619 901 2733 967 Dei,
2765 911 2821 956 et
2862 901 3006 958 Dens
3033 911 3269 959 aeternus
3299 913 3435 966 erat,
3464 920 3564 960 nec
3595 921 3730 961 con-

2147 993 2334 1050 fortari
2364 993 2654 1065 indigebat,
2682 1007 2781 1048 nec
2809 993 3042 1048 habebat
3068 995 3274 1066 augeri.
3306 995 3458 1052 Unde
3485 997 3731 1053 rectissi-

2145 1100 2252 1152 me,
2279 1086 2468 1156 plenus
2495 1085 2759 1154 sapientia
2781 1085 3092 1154 perhibetur
3112 1093 3166 1140 et
3186 1086 3361 1158 gratia
3389 1105 3402 1141 :
3445 1085 3731 1158 Sapientia

2146 1177 2386 1249 quidem,
2409 1177 2536 1247 quia
2579 1177 2633 1231 in
2681 1176 2796 1248 ipso
2821 1176 3029 1232 habitat
3059 1180 3238 1232 omnis
3277 1177 3555 1248 plenitudo
3590 1181 3735 1236 divi-

2148 1268 2333 1324 nitatis
2373 1267 2744 1338 corporaliter.
2777 1265 2965 1322 Gratia
3007 1277 3208 1333 autem,
3249 1269 3374 1340 quia
3409 1269 3582 1323 eidem
3615 1282 3735 1324 mc-

2149 1361 2339 1415 diatori
2376 1359 2472 1414 Dei
2507 1369 2563 1415 et
2583 1360 2885 1423 hominum,
2916 1359 3121 1414 homini
3146 1358 3273 1414 Jesu
3295 1359 3511 1416 Christo
3531 1377 3730 1433 magna

2149 1453 2323 1525 gratia
2349 1452 2610 1507 donatum
2635 1459 2744 1517 est,
2776 1459 2837 1506 ut
2873 1466 2938 1506 ex
2979 1468 3086 1521 quo
3112 1452 3273 1506 homo
3305 1451 3421 1506 ﬁeri
3452 1453 3733 1523 cmpisset,

2149 1541 2422 1614 perfectus
2459 1551 2606 1598 esset
2629 1551 2686 1597 ct
2707 1541 2871 1597 Deus.
2913 1541 3024 1597 Hoc
3073 1543 3348 1597 hominum
3399 1551 3592 1598 natura
3624 1560 3734 1598 nou

2151 1634 2363 1703 recipit,
2416 1642 2476 1688 ut
2527 1642 2652 1689 ante
2697 1632 2980 1690 duodecim
3040 1648 3211 1687 annos
3259 1633 3524 1702 sapientia
3585 1648 3738 1688 com-

2151 1724 2381 1794 pleatur,
2415 1723 2684 1794 quomodo
2712 1722 2894 1777 omnia
2949 1723 3005 1778 in
3048 1723 3141 1778 illo
3178 1722 3447 1778 mirabilia
3489 1720 3734 1788 fuerunt,

546 1824 616 1880 Et
664 1803 777 1880 hac
803 1826 981 1890 adeo,
1003 1840 1164 1896 usque
1183 1823 1253 1878 ad
1295 1839 1462 1880 anno.
1498 1831 1761 1893 oaogma
1803 1832 2052 1894 quatuor.
2081 1803 2130 1862 Β
2157 1814 2232 1870 ita
2257 1811 2491 1882 pueritia
2531 1810 2797 1867 mirabilis
2847 1808 2969 1878 fuit,
2997 1820 3057 1866 ut
3085 1811 3177 1866 Dei
3207 1811 3473 1884 sapientia
3499 1811 3739 1883 compleo

477 1920 580 1990 (Ex
606 1918 796 1989 Beda.)
820 1916 984 1973 Juxta
1013 1915 1348 1972 intellectum
1403 1929 1536 1971 vero
1565 1914 1874 1984 mysticum,
1928 1913 2055 1984 quia

477 2009 774 2066 Ecclesiam
816 2007 1104 2081 signiﬁcat,
1140 2023 1264 2078 qua:
1311 2007 1366 2062 in
1408 2006 1663 2078 presenti
1689 2006 1842 2075 quasi
1873 2004 2056 2074 sponsi

477 2099 804 2169 nominique
847 2098 934 2154 sui
978 2105 1064 2154 est
1101 2105 1280 2154 morte
1309 2097 1551 2153 viduata.
1598 2094 1866 2154 Numerus
1892 2096 2056 2152 etiam

477 2204 746 2245 annorum
768 2187 1046 2244 viduitatis
1085 2185 1223 2256 ejus,
1249 2195 1462 2256 tempus
1486 2184 1742 2241 Ecclesia:
1791 2185 2057 2256 designat,

475 2282 684 2351 septies
709 2280 907 2351 quippe
951 2278 1183 2335 duodeni
1219 2278 1499 2350 octoginta
1549 2287 1784 2348 quatitur
1833 2275 2056 2340 faciunt.

477 2378 547 2423 et-
573 2377 775 2439 septem
807 2367 1022 2437 quidem
1049 2366 1116 2423 ad
1142 2365 1304 2436 hujus
1331 2367 1510 2423 saeculi
1533 2382 1778 2433 cursum,
1815 2366 1906 2436 qui
1948 2366 2062 2421 die-

480 2463 584 2518 bus
610 2470 815 2531 septem
861 2459 1120 2525 volvitur,
1175 2459 1457 2516 duodecim
1487 2473 1617 2514 vero
1657 2459 1726 2513 ad
1769 2457 2063 2528 perfectio-

483 2569 606 2609 nem
657 2551 915 2606 doctrinaa
970 2550 1279 2620 apostolicae
1317 2551 1612 2622 pertinent,
1643 2551 1898 2619 ideoque,
1947 2551 2064 2608 sive

484 2639 807 2695 universalis
835 2638 1096 2705 Ecclesia,
1122 2654 1217 2695 seu
1243 2639 1498 2709 qualibet
1516 2640 1694 2695 anima
1724 2638 1921 2705 lldelis,
1943 2653 2063 2708 qua:

487 2738 657 2783 totum
683 2729 810 2783 vita:
833 2744 945 2784 suae
973 2736 1202 2799 tempus,
1227 2729 1539 2799 apostolicis
1561 2731 1871 2800 mancipare
1905 2740 2065 2786 curat

477 2819 769 2884 institutis,
796 2819 950 2889 quasi
977 2828 1184 2890 septem
1209 2834 1309 2888 per
1332 2819 1398 2874 12
1442 2820 1820 2890 multiplicare,
1841 2831 1896 2877 et
1933 2823 2064 2894 typi-

485 2909 566 2965 cis
619 2910 892 2981 octoginta
935 2917 1167 2980 quatuor
1215 2911 1372 2966 anuis
1419 2911 1649 2968 Domino
1696 2913 1903 2970 servire
1946 2914 2054 2969 lau-

483 2999 666 3054 datur.
704 2997 858 3055 Sicut
907 2999 1072 3055 etiam
1124 3008 1338 3070 tempus
1369 3010 1574 3072 septem
1626 3018 1911 3068 annorum,
1955 3019 2064 3074 quo

483 3104 607 3144 cum
659 3090 777 3144 viro
833 3104 933 3145 suo
993 3098 1292 3157 manserat,
1335 3091 1629 3148 Dominica:
1676 3092 2064 3152 incarnationis

483 3181 715 3249 tempori
748 3180 1125 3237 decentissime
1458 3181 1778 3252 Septenaria
1802 3199 2058 3253 namque,
2089 3153 2134 3216 ς·

483 3278 549 3326 ut
565 3269 702 3334 disi,
726 3284 954 3326 umero
972 3269 1234 3340 perfectio
1247 3269 1384 3326 solet
1403 3271 1661 3342 temporis
1686 3271 1938 3338 indicari,
1967 3272 2064 3328 sed

586 3367 806 3430 propter
839 3359 1134 3414 Dominicis
1158 3358 1498 3429 privilegium
1525 3360 1847 3430 maiestatis,
1869 3375 1977 3430 quo
2001 3360 2062 3418 in

485 3462 653 3503 carne
681 3434 939 3514 senatus,
963 3446 1122 3502 docui
1145 3447 1396 3518 simplex.
1425 3447 1647 3518 Septem
1668 3464 1934 3506 annorum
1981 3461 2067 3510 est

485 3553 750 3596 numerus
769 3551 1080 3609 expressus,
1105 3538 1196 3594 hic
1215 3538 1287 3594 ob
1308 3537 1630 3609 Apostoliea
1649 3538 1864 3595 cadmei:
1893 3540 2067 3614 digni-

490 3632 618 3700 tatis
651 3637 856 3700 septem
883 3629 1010 3684 anni
1037 3645 1136 3699 per
1166 3629 1448 3687 duodecim
1473 3630 1914 3702 multiplicantur.

567 3719 699 3786 Qua:
718 3737 822 3774 non
847 3720 1140 3776 discedebat
1159 3722 1225 3776 de
1261 3721 1452 3792 templo
1487 3722 1712 3792 jejuniis
1744 3734 1795 3778 et
1831 3725 2070 3782 obsecra-

489 3809 717 3864 tionibus
750 3811 974 3864 servieas
1011 3819 1158 3866 nocte
1183 3827 1246 3866 ac
1274 3811 1360 3866 die
1387 3811 1488 3883 (Ex
1520 3811 1727 3884 Δηὼ).
1776 3813 2066 3869 Multorum

489 3899 634 3954 cnim
662 3915 926 3954 uariorum
957 3901 1118 3956 vidua
1145 3899 1266 3968 fuit,
1295 3910 1350 3957 et
1372 3901 1493 3957 talis
1522 3903 1699 3966 vidua,
1728 3905 1941 3974 qualem
1970 3907 2068 3962 de-

490 3988 680 4058 scribit
721 3988 1008 4058 Apostolus
1038 4008 1052 4044 :
1081 3989 1196 4046 Non
1245 3991 1299 4048 in
1329 3992 1536 4049 deliciis
1585 3995 1794 4060 vivens,
1849 4011 1917 4050 ne
1944 3997 2066 4054 viva

491 4073 772 4137 moriatur,
816 4074 908 4129 sed
935 4075 1230 4144 persistens
1250 4077 1302 4131 in
1333 4078 1667 4134 orationibus
1696 4087 1857 4134 nocte
1871 4088 1926 4134 et
1956 4081 2063 4138 die.

491 4161 708 4216 Orando
729 4175 857 4232 ergo
882 4170 937 4217 et
960 4163 1156 4219 multos
1183 4179 1356 4221 annos
1395 4167 1746 4237 supplicando
1771 4170 2064 4240 humiliter,

477 4251 675 4331 videre
699 4253 897 4308 meruit
921 4253 1198 4322 humilem,
1225 4271 1384 4326 quem
1414 4259 1676 4314 adorabat
1701 4260 1993 4320 excelslln.

561 4341 632 4395 Et
661 4341 771 4396 Iure
795 4342 910 4412 ipsa
921 4343 1050 4397 hora
1069 4348 1800 4417 superveniens,conﬁtebatur
1819 4350 2066 4418 Domino,

491 4441 541 4486 et
565 4430 870 4502 loquebatur
897 4434 960 4488 de
990 4433 1080 4488 illo
1095 4437 1340 4492 omnibus
1374 4440 1462 4509 qui
1483 4441 1850 4510 exspectabant
1875 4441 2060 4496 redem-

489 4525 716 4596 ptionem
753 4523 944 4580 Israel.
992 4525 1340 4597 Prophetavit
1382 4527 1619 4596 Simeon,
1657 4532 2071 4600 prophetaverat

483 4615 744 4694 copulata
768 4616 1036 4688 conjugio,
1056 4619 1478 4687 prophetaverat
1500 4620 1669 4690 virgo,
1697 4622 1881 4678 debuit
1905 4623 2070 4676 etiam

496 4705 676 4770 vidua,
709 4720 777 4759 ne
794 4721 902 4775 qua
924 4714 1018 4759 aut
1040 4705 1308 4774 professio
1355 4707 1585 4774 deesset,
1646 4721 1742 4764 aut
1788 4725 1968 4776 sexus,
2017 4719 2075 4767 et

487 4794 620 4866 ideo
646 4796 821 4861 Anna,
862 4804 918 4851 et
950 4796 1232 4866 stipendiis
1254 4797 1548 4864 viduitatis,
1581 4806 1637 4852 et
1662 4799 1904 4854 moribus
1952 4801 2074 4856 talis

501 4886 795 4952 inducitur,
819 4895 880 4941 ut
903 4887 1063 4958 digna
1087 4886 1247 4958 plane
1287 4887 1458 4943 fuisse
1508 4887 1781 4954 credatur,
1819 4905 1938 4959 qua:
1989 4907 2074 4946 re-

498 4976 834 5047 demptorem
862 4977 1103 5032 omnium
1122 4979 1336 5034 venisse
1359 4979 1653 5034 nuntiaret.

571 5066 640 5120 Et
668 5076 725 5120 ut
749 5067 1078 5137 perfecerunt
1107 5070 1283 5124 omnia
1323 5069 1608 5124 secundum
1646 5070 1808 5143 legem
1837 5071 2071 5141 Domini,

501 5158 692 5212 reversi
727 5168 851 5212 sunt
879 5159 937 5213 in
965 5157 1240 5214 Galilazam
1269 5161 1528 5216 civitatem
1569 5178 1722 5216 suam
1777 5161 2070 5217 Nazareth.

502 5248 605 5319 (Ex
624 5248 815 5322 Beda.)
842 5249 1193 5306 Praetermisit
1221 5252 1322 5306 hoc
1345 5252 1462 5308 loco
1487 5252 1680 5319 Lucas,
1721 5269 1841 5324 qua:
1875 5271 1905 5309 a
1939 5253 2072 5309 Mat-

502 5342 642 5399 tbaeo
665 5342 795 5398 satis
816 5343 1059 5413 exposita
1083 5353 1324 5410 noverat,
1353 5344 1638 5402 Dominum
1675 5347 1923 5403 videlicet
1947 5355 2071 5417 post

501 5432 635 5498 haec,
670 5448 738 5488 ne
759 5434 827 5488 ab
854 5432 1065 5489 Herode
1087 5435 1360 5490 necandus
1381 5436 1735 5504 inveniretur,
1775 5437 2071 5510 [Egyptum

488 5516 533 5573 'a
559 5522 870 5592 parentibus
913 5537 1033 5578 esse
1062 5523 1316 5590 delatum,
1352 5524 1710 5598 defunctoque
1739 5526 1950 5585 Herode
1991 5529 2073 5584 sic

505 5612 720 5670 demum
731 5615 1005 5672 Galilaeam
1019 5631 1294 5676 reversum
1307 5618 1596 5687 Nazarcth,
1624 5622 1899 5679 civitatem
1916 5637 2070 5678 suam

507 5702 809 5764 inhabitare
835 5710 1083 5783 coepisse.

2155 1915 2326 1963 retur.

2780 1989 3099 2031 CONCOIDIA.

2231 2064 2434 2121 Harum
2459 2063 2713 2131 duarum,
2741 2064 2872 2120 etin
2897 2074 3095 2131 matre,
3126 2065 3259 2120 etin
3283 2064 3401 2138 lege
3437 2063 3498 2120 llt
3516 2080 3743 2122 concor-

2159 2157 2248 2213 dia
2270 2157 2582 2212 lectionum.
2597 2155 2656 2210 ln
2685 2164 2880 2221 matre,
2906 2157 3031 2224 quia
3049 2155 3336 2225 Apostolus
3356 2156 3515 2211 dicit:
3535 2155 3742 2210 Natum

2159 2263 2224 2302 ea:
2247 2245 2481 2300 muliere.
2505 2243 2852 2316 Evangelium
2875 2244 3042 2300 dicit:
3084 2243 3232 2298 Dixit
3263 2243 3334 2298 ad
3354 2243 3412 2297 Μ
3415 2245 3586 2299 ariam
3624 2261 3745 2297 ma-

2159 2345 2290 2390 trem
2316 2337 2450 2406 ejus.
2473 2334 2529 2389 ln
2553 2335 2691 2406 lege,
2721 2336 2846 2405 quia
2873 2333 3161 2405 Apostolus
3189 2334 3320 2390 dicit
3346 2352 3358 2388 :
3391 2333 3619 2388 Factum
3643 2335 3744 2389 sub

2159 2424 2288 2495 lege.
2319 2424 2662 2496 Evangelium
2695 2425 2861 2480 dicit:
2893 2423 2961 2478 Et
3000 2433 3056 2477 ut
3081 2423 3408 2494 perfecerunt
3437 2425 3615 2478 omnia
3659 2441 3745 2478 se-

2161 2515 2390 2569 cundum
2421 2514 2582 2585 legent
2615 2514 2844 2569 Domini.
2883 2513 3109 2586 Legales
3154 2515 3300 2570 enim
3355 2514 3600 2587 lega‘liter
3642 2530 3746 2586 pro

2161 2607 2253 2662 illo
2278 2607 2470 2662 oblata:
2496 2613 2621 2662 sunt
2649 2607 3003 2662 caeremoniae.

2585 2715 2652 2771 IN
2681 2716 2792 2770 DIE
2819 2715 3303 2773 THEOPHANUE.

2444 2823 2635 2864 LECTIO
2667 2823 2818 2863 ISALE
2851 2819 3166 2877 PROPBETE,
3217 2826 3334 2866 CAP.
3366 2827 3456 2866 LX.

2241 2927 2260 2961 ι
2307 2908 2498 2981 Surge,
2517 2910 2822 2966 illuminare
2849 2910 3206 2977 Hierusalem,
3233 2912 3363 2982 quia
3380 2912 3529 2968 venit
3559 2911 3748 2969 lumen

2170 3026 2190 3060 ι
2237 3017 2409 3074 unum,
2426 3016 2482 3063 et
2501 3007 2672 3079 gloria
2694 3007 2906 3064 Domini
2920 3022 3082 3077 super
3108 3015 3162 3062 te
3179 3016 3301 3063 orta
3325 3015 3430 3062 est.
3456 3007 3592 3074 Quia
3616 3023 3750 3064 ecce

2171 3117 2190 3150 ι
2237 3099 2473 3154 tenebrat
2496 3098 2747 3167 operient
2767 3105 2991 3162 terram,
3026 3105 3081 3152 et
3101 3095 3276 3166 caligo
3294 3096 3538 3166 populos,
3578 3113 3751 3168 super

2171 3209 2190 3242 ι
2234 3199 2292 3244 te
2336 3196 2518 3244 autem
2577 3188 2784 3243 orietur
2834 3187 3115 3251 Dominus,
3159 3195 3214 3242 et
3240 3186 3410 3258 gloria
3455 3185 3574 3255 ejus
3605 3187 3667 3244 in
3700 3199 3753 3246 te

2169 3297 2189 3330 ι
2234 3278 2522 3334 videbitur.
2555 3276 2624 3332 Et
2651 3276 3004 3335 ambulabunt
3039 3285 3227 3348 gentes
3282 3277 3336 3332 in
3379 3276 3582 3333 lumine
3629 3287 3748 3345 tuo,

2140 3384 2190 3446 ν(
2232 3374 2292 3422 et
2315 3381 2470 3440 reges
2509 3366 2565 3422 in
2606 3365 2891 3438 splendore
2939 3374 3094 3422 ortus
3127 3367 3226 3432 tui,
3257 3366 3374 3422 leva
3411 3368 3466 3422 in
3515 3367 3752 3424 circuitu

2167 3475 2190 3511 ι
2233 3457 2419 3516 acidas
2472 3465 2596 3513 tuos
2621 3465 2678 3514 et
2713 3457 2856 3522 vide,
2879 3471 3070 3516 omnes
3109 3458 3197 3514 isti
3227 3458 3539 3530 congregati
3594 3467 3751 3526 sunt,

2171 3567 2192 3602 ι
2235 3555 2502 3606 venerunt
2536 3548 2659 3604 tibi.
2701 3546 2827 3605 Filii
2855 3549 2933 3606 tui
2958 3548 3028 3604 de
3052 3547 3210 3618 longe
3261 3549 3502 3615 venient,
3529 3557 3584 3604 et
3620 3549 3752 3606 lilize

2172 3657 2192 3690 ι
2235 3647 2342 3694 ωε
2361 3639 2430 3696 de
2458 3638 2628 3696 latere
2669 3646 2911 3711 surgent.
2954 3633 3104 3695 Tunc
3131 3639 3340 3695 videbis
3381 3647 3438 3695 et
3465 3638 3653 3697 alllues
3696 3649 3754 3698 et

2171 3751 2193 3788 ι
2230 3731 2520 3786 mirabitur
2567 3739 2627 3786 et
2648 3731 2964 3788 dilatabitur
3013 3745 3107 3786 cor
3134 3739 3304 3798 tuum,
3355 3732 3572 3802 quando
3615 3749 3754 3788 con-

2172 3839 2192 3873 s
2236 3835 2392 3877 versa
2419 3821 2588 3878 fuerit
2613 3823 2680 3878 ad
2711 3830 2764 3878 te
2797 3822 3088 3882 multitudo
3112 3823 3299 3888 maris,
3331 3821 3590 3878 fortitudo
3618 3839 3753 3894 gen-

2172 3929 2190 3963 ι
2239 3912 2373 3966 tium
2401 3913 2613 3968 venerit
2637 3912 2756 3967 tibi.
2778 3912 3417 3969 lnundatioCamelorum
3445 3913 3652 3982 operiet
3675 3923 3748 3978 to,

2175 4019 2194 4051 ε
2239 4001 2575 4056 Dromedarii
2604 4001 2815 4058 Madian
2845 4010 2900 4057 et
2923 4002 3098 4073 Epha.
3145 3998 3346 4056 Omnes
3393 4001 3460 4057 de
3486 4000 3628 4056 Saba
3657 4018 3752 4056 vc-

2175 4111 2194 4143 ι
2235 4093 2406 4157 nient,
2437 4106 2626 4146 aurum
2645 4101 2703 4146 et
2733 4093 2857 4147 thus
2887 4091 3213 4158 deferentes,
3235 4100 3290 4146 et
3317 4092 3533 4146 laudem
3567 4090 3753 4146 Domi-

2174 4202 2192 4236 t
2237 4199 2309 4240 no
2351 4184 2753 4242 annuntiantes.
2815 4181 2987 4239 Omne
3027 4200 3192 4254 pecus
3221 4185 3394 4239 Cedar
3445 4198 3748 4254 congrega-

2172 4292 2191 4326 s
2237 4274 2382 4330 bitur
2401 4275 2520 4340 tibi,
2540 4275 2742 4334 arietes
2767 4273 3030 4344 Nabajoth
3061 4275 3443 4332 ministrabunt
3467 4273 3584 4330 tibi.
3633 4293 3653 4325 s

2241 4363 2409 4436 Surge
2431 4405 2447 4430 ,
2474 4364 2774 4420 illuminare
2805 4363 3161 4432 Hierusalem,
3204 4365 3328 4436 quia
3386 4366 3518 4420 mit
3573 4363 3750 4418 lumen

2172 4464 2340 4510 tuum.
2393 4454 2495 4525 (Ex
2521 4453 2767 4527 Hieron.)
2804 4455 3060 4512 Ecclesia:
3109 4456 3330 4520 dicitur,
3357 4470 3478 4525 qua:
3513 4456 3748 4537 primum

2172 4543 2240 4597 de
2270 4542 2494 4597 Judaico
2528 4543 2724 4613 populo
2758 4554 3083 4616 congregata
3135 4553 3239 4611 est,
3290 4555 3346 4601 et
3371 4546 3573 4612 lumen,
3604 4545 3749 4616 quod

2170 4647 2333 4702 super
2359 4648 2478 4689 eam
2519 4643 2697 4690 ortum
2730 4633 2927 4702 fuerat,
2977 4652 3073 4706 per
3113 4637 3385 4706 apostolos
3445 4638 3750 4694 transmisit

2171 4726 2241 4782 ad
2268 4735 2478 4797 gentes,
2531 4730 2619 4784 cui
2645 4728 2886 4784 dicitur:
2929 4727 3119 4800 Surge,
3143 4728 3463 4796 illuminare,
3514 4737 3576 4784 ut
3628 4743 3750 4800 qua

2171 4816 2368 4872 cecidit
2386 4817 2440 4871 in
2465 4817 2776 4884 incredulis,
2809 4827 2996 4889 surgat
3024 4819 3080 4873 in
3109 4817 3396 4876 ﬁdelibus:
3433 4835 3554 4890 quae
3600 4822 3746 4876 ceci-

2173 4907 2254 4961 dit
2279 4907 2332 4961 in
2353 4907 2661 4979 synagogis,
2684 4917 2871 4980 surgat
2892 4909 2946 4964 in
2976 4909 3258 4965 Ecclesiis.
3283 4909 3443 4964 Venit
3469 4912 3615 4967 enim
3665 4912 3747 4967 lu-

2175 5013 2299 5051 men
2328 5007 2498 5063 tuum,
2526 4999 2668 5067 quod
2697 4999 2792 5054 tibi
2827 5014 3016 5055 omnes
3037 5001 3312 5070 propheta:
3337 5001 3746 5072 pollicebantur,

2175 5087 2318 5156 quod
2332 5088 2534 5159 jugiter
2565 5090 2940 5160 exspectabas.

2247 5175 2314 5230 Et
2337 5176 2508 5247 gloria
2544 5177 2755 5234 Domini
2795 5195 2952 5249 super
2994 5188 3044 5232 te
3085 5190 3199 5238 orta
3228 5190 3321 5235 est.
3397 5181 3523 5244 Ideo
3577 5182 3743 5254 gloria

2171 5267 2405 5333 Domini,
2447 5283 2570 5339 quae
2615 5271 2888 5340 quondam
2925 5267 3029 5326 fuit
3069 5286 3234 5342 super
3260 5275 3666 5329 tabernaculum
3692 5281 3746 5330 et

2173 5357 2431 5426 templum
2451 5357 2587 5426 ejus,
2607 5374 2772 5430 super
2800 5368 2852 5415 te
2877 5369 2997 5416 orta
3027 5370 3131 5417 est.
3177 5362 3252 5420 De
3279 5380 3383 5435 qua
3406 5363 3610 5420 dictum
3631 5375 3743 5422 est:

2174 5444 2420 5502 Gloriosa
2446 5447 2588 5502 dicta
2610 5455 2734 5503 sunt
2762 5448 2828 5505 de
2869 5457 2920 5503 te
2939 5449 3130 5511 civitas
3160 5450 3265 5514 Dei
3288 5451 3466 5522 (Paul.
3498 5455 3746 5533 Lxxxyi).

2249 5533 2386 5600 Quia
2415 5537 2769 5598 eccetenebrae
2789 5541 3015 5610 operient
3039 5549 3250 5597 terram.
3310 5542 3366 5597 ld
3386 5551 3496 5610 est,
3525 5545 3616 5614 qui
3642 5552 3746 5602 ter.-

2179 5642 2307 5682 rena
2331 5627 2563 5696 sapiunt.

2255 5716 2318 5771 Et
2356 5715 2522 5801 caligo
2551 5717 2786 5789 populos.
2861 5721 2986 5776 Sive
3036 5730 3095 5776 ut
3133 5723 3191 5780 in
3229 5722 3494 5780 liebraico
3532 5724 3740 5797 legitur,
