3946 6440
272 347 336 402 69
1084 311 1599 399 conuertens
1632 336 1703 394 ιιι
1739 336 1814 394 ει

1921 335 2121 393 [‘OLAS
2158 335 2246 392 ΕΤ
2285 337 2698 394 EVANCELIA.
3452 335 3523 401 τι)

266 471 446 524 arma
506 457 681 514 tribus
710 456 854 529 quod
909 454 1126 526 proprie
1188 453 1425 508 refertur
1471 452 1540 508 ad
1569 435 1830 508 lludteosl
1862 451 1910 512 Α
1939 449 2089 518 Epha
2115 449 2365 522 regiones
2391 458 2517 505 sunt
2543 458 2691 505 trans
2739 450 3013 515 Arabiam,
3051 449 3256 510 fertiles
3283 457 3522 513 camelo-

334 553 494 625 Super
518 561 568 606 te
613 560 788 606 autem
835 549 1035 604 orietur
1069 545 1346 601 Dominus.
1399 544 1458 601 1d
1484 554 1588 611 est,
1627 544 1706 601 sol
1749 561 1838 615 ⁴ιι-

265 640 414 704 stititc
432 641 701 700 Christus.

277 739 284 746 ⁴
330 739 392 794 Et
411 735 579 808 gloria
604 733 718 814 ejus
747 733 872 788 inte
892 729 1173 785 videbitur.
1213 728 1292 786 De
1311 743 1417 800 qua
1443 727 1832 798 scriptumest:

263 829 324 885 Et
353 826 574 884 vidimus
622 815 846 894 gloriam
875 820 1011 893 ejus,
1043 818 1197 892 quasi
1247 818 1470 890 gloriam
1497 815 1762 888 Unigeniti
1801 835 1834 873 a

249 919 395 974 Patre
420 916 628 989 plenum
649 914 833 984 gratia:
851 922 897 966 et
919 911 1154 966 veritatis
1184 906 1367 978 (Joan.
1409 907 1471 981 ι).

322 1003 388 1058 Et
422 999 761 1057 ambulabunt
795 1006 970 1068 gentes
1004 997 1058 1049 in
1097 994 1296 1048 lumine
1320 1003 1431 1047 tuo.
1487 991 1596 1048 Nos
1639 1008 1834 1049 omnes

255 1094 583 1154 ambulamus
607 1094 661 1148 in
683 1091 1051 1163 apostolorum
1078 1089 1220 1154 lucc,
1237 1103 1358 1159 qua:
1376 1087 1524 1142 lucet
1538 1087 1592 1142 in
1606 1086 1827 1153 mundo,

253 1199 305 1246 et
325 1187 555 1243 tenebrae
591 1199 712 1242 eam
736 1198 840 1238 non
867 1180 1421 1251 comprehenderunt.
1661 1245 1665 1250 ν

325 1279 386 1333 Et
414 1293 555 1347 reges
598 1275 654 1330 in
678 1273 948 1346 splendore
973 1282 1119 1326 ortus
1161 1271 1257 1326 tui.
1323 1269 1552 1339 Quando
1590 1267 1827 1340 primum

251 1373 302 1428 in
330 1369 542 1426 Christo
563 1376 690 1423 nata
717 1381 796 1432 es,
837 1365 980 1436 quod
1003 1371 1059 1418 et
1089 1364 1411 1434 spiritaliter
1437 1361 1722 1432 impletur,
1773 1367 1828 1416 et

249 1463 564 1528 carnaliter,
614 1469 675 1515 ut
699 1474 854 1532 reges
885 1473 1116 1529 quorum
1166 1471 1262 1513 cor
1291 1458 1346 1512 in
1395 1471 1558 1510 manu
1609 1454 1826 1509 Domini

249 1559 350 1620 est,
400 1561 455 1608 et
494 1552 691 1623 quibus
719 1565 825 1605 non
855 1555 1048 1620 regnat
1073 1557 1357 1618 peccatum
1385 1547 1438 1602 iu
1465 1545 1680 1602 mortali
1706 1561 1827 1601 cor-

245 1659 392 1716 pore,
415 1642 696 1698 ambulent
724 1641 778 1696 in
805 1639 1089 1712 splendore
1112 1639 1389 1694 nascentis
1407 1637 1682 1703 Ecclesiae,
1711 1638 1824 1694 sive

246 1739 296 1794 in
318 1754 382 1794 eo
419 1738 513 1810 qui
535 1745 687 1793 ortus
711 1745 797 1792 est
846 1736 899 1791 in
923 1733 1193 1800 Ecclesia,
1223 1743 1279 1790 et
1298 1735 1412 1789 veri
1435 1734 1600 1806 Regis
1619 1735 1819 1791 Christi

1937 558 2080 608 rum,
2125 541 2411 612 omnisque
2461 543 2741 613 provincia
2800 544 3101 614 appellatur
3137 543 3302 602 Saba.
3365 549 3522 608 Unde

1935 631 2039 688 fuit
2062 642 2117 688 et
2145 632 2290 689 Saba
2325 635 2534 705 regina,
2593 650 2714 704 quae
2759 636 2908 690 venit
2959 637 3283 707 sapientiam
3330 643 3523 699 audire

1935 722 2262 790 Salomonis,
2295 734 2354 780 et
2387 725 2501 796 ipsa
2529 724 2778 781 deferens
2800 741 2995 782 aurum
3022 735 3076 782 et
3106 729 3250 785 thus.

2005 814 2173 871 Omne
2213 832 2370 887 pecus
2410 814 2584 870 Cedar
2611 817 2945 888 congregabit
2978 817 3112 884 tibi,
3161 821 3350 876 arietes
3401 823 3520 878 Na-

1933 907 2112 978 bajath
2133 909 2507 963 ministrabant
2543 909 2657 962 tibi.
2680 907 2860 964 Cedar
2885 916 3066 964 autem
3099 912 3252 982 regio
3281 912 3513 970 Sarace-

1930 1014 2123 1055 norum
2148 1009 2254 1066 est,
2281 1000 2549 1072 Nahajoth
2570 1042 2584 1065 ,
2608 1016 2750 1056 unus
2771 1010 2856 1057 est
2879 1001 3110 1057 filiorum
3138 1004 3366 1060 lsmahel
3391 1047 3407 1072 ,
3443 1022 3513 1063 ex

1930 1104 2160 1160 quorum
2183 1089 2492 1145 nominibus
2519 1090 2752 1145 solitudo
2785 1090 3106 1162 appellatur,
3129 1107 3251 1162 qua:
3291 1093 3508 1167 frugum

1929 1185 2106 1255 inops,
2138 1199 2397 1254 pecorum
2419 1183 2578 1254 plena
2603 1191 2704 1239 est.
2719 1182 2824 1239 Per
2836 1182 3125 1240 familiaria
3142 1201 3272 1257 ergo
3293 1188 3514 1244 nomina

1929 1275 2169 1347 gentium
2192 1273 2549 1330 barbararum
2575 1289 2698 1344 qua:
2725 1274 2923 1329 vicinae
2947 1282 3076 1330 sunt
3106 1275 3316 1342 lsraeli,
3342 1278 3512 1334 totius

1926 1368 2114 1423 mundi
2149 1368 2433 1423 conversio
2460 1367 2808 1438 praedicatur.
2841 1367 3056 1423 Madian
3086 1369 3285 1439 quippe
3323 1347 3389 1425 ἰιῗ
3407 1371 3513 1427 hoc

1927 1460 2044 1516 loco
2094 1461 2488 1531 interpretatur
2532 1460 2805 1530 iniquitas.
2862 1459 3012 1531 Epha
3063 1462 3336 1526 resolutus
3385 1465 3504 1520 sive

1925 1551 2225 1607 effundens.
2257 1550 2397 1606 Saba
2419 1553 2703 1606 conversio
2726 1551 2807 1607 vel
2829 1552 3139 1622 captivitas.
3162 1552 3341 1610 Cedar
3362 1563 3511 1611 tene-

1923 1643 2037 1699 brat
2066 1643 2150 1698 vel
2174 1656 2396 1698 maeror.
2431 1642 2699 1714 Nabajoth
2747 1644 3066 1714 prophetiae.
3091 1644 3298 1718 Greges
3343 1647 3512 1719 igitur

1926 1733 2254 1788 camelorum
2285 1732 2590 1802 iniquitatis
2614 1732 2844 1789 vinculis
2897 1735 3139 1800 resoluti,
3191 1745 3254 1793 et
3293 1739 3510 1795 animas

246 1828 362 1908 fidei
391 1803 533 1884 colla
548 1826 1047 1896 submittant,quod
1069 1825 1312 1896 quotidie
1324 1803 1568 1880 videmus
1585 1825 1817 1894 impleri,
1846 1803 1896 1862 Β
1924 1837 2052 1878 suas
2074 1820 2413 1878 effundentes
2439 1820 2548 1878 Deo
2570 1863 2586 1889 ,
2622 1821 2869 1892 operient
2892 1823 3228 1882 Hierusalem
3261 1831 3507 1888 muneri-

243 1919 450 1990 quando
481 1919 798 1974 idololatriae
824 1933 1008 1974 errore
1030 1917 1261 1985 sublato,
1308 1917 1376 1972 ad
1406 1915 1568 1972 fidem
1611 1915 1816 1974 Christi

243 2007 463 2064 Romani
498 2009 770 2080 principes
804 2016 1108 2064 transeunt.

308 2101 438 2155 Leva
474 2103 531 2155 in
580 2101 799 2156 circuito
836 2099 1014 2155 oculos
1062 2110 1177 2155 tuos
1220 2109 1270 2155 et
1321 2100 1468 2165 vide,
1527 2116 1704 2156 omnes
1728 2101 1819 2156 isti

240 2192 535 2262 congregati
571 2200 711 2257 sunt,
732 2201 980 2246 venerunt
1011 2192 1123 2246 tibi.
1159 2191 1278 2248 Hoc
1299 2191 1496 2247 dicitur
1523 2192 1590 2248 ad
1631 2191 1819 2248 Eccle-

239 2284 390 2348 s‘iam,
438 2299 563 2353 quae
601 2284 836 2354 primum
867 2283 934 2338 ad
961 2283 1234 2353 apostolos
1255 2292 1578 2356 congregata
1632 2291 1717 2339 est
1761 2284 1816 2340 in

238 2371 385 2439 Sion,
413 2373 481 2428 de
503 2375 698 2443 quibus
724 2382 779 2429 et
819 2375 870 2429 in
906 2375 1271 2446 apostolorum
1299 2374 1528 2432 Actibus
1559 2375 1814 2448 legimus,

235 2465 374 2537 quod
396 2465 462 2520 de
485 2467 740 2523 universo
767 2465 895 2522 orbe
917 2475 1181 2522 terrarum
1209 2467 1311 2522 viri
1344 2467 1582 2538 religiosi
1615 2466 1819 2524 fuerint

234 2557 286 2613 in
312 2556 678 2626 Hierusalem,
729 2561 822 2629 qui
868 2559 1204 2630 susciperent
1244 2575 1553 2618 sermonem
1592 2559 1709 2630 Dei,
1761 2569 1818 2616 et

232 2647 424 2720 linguis
462 2663 690 2705 suarum
737 2649 1144 2719 alienarumque
1184 2650 1430 2721 gentium
1461 2690 1476 2716 ,
1540 2649 1625 2705 vel
1661 2650 1816 2706 audi-

233 2748 350 2794 rent
396 2739 688 2810 loquentes
735 2740 904 2807 alios,
961 2739 1048 2796 vel
1075 2740 1178 2811 ipsi
1207 2739 1562 2811 loquerentur
1602 2741 1672 2796 ad
1711 2755 1815 2797 cte-

232 2839 391 2887 teros.

297 2922 428 2978 Filii
453 2924 539 2978 tui
560 2924 625 2978 de
644 2923 796 2996 longe
821 2925 1046 2980 venient.
1098 2923 1211 2980 Nos
1263 2933 1448 2981 autem
1499 2910 1672 2980 simus
1693 2924 1809 2991 filii,

229 3015 318 3086 qui
356 3017 421 3071 de
445 3015 610 3086 longe
645 3016 893 3072 venimus
913 3017 980 3072 ad
1005 3015 1314 3082 Dominum,
1338 3015 1610 3086 peregrini
1637 3031 1812 3086 quon-

228 3106 348 3161 dam
377 3122 408 3161 a
459 3107 815 3163 Testamento
847 3107 964 3173 Dei,
1019 3115 1078 3163 et
1128 3107 1643 3177 repromissionibus
1669 3107 1809 3178 ejus,

1920 1911 2045 1979 bus,
2064 1921 2124 1968 et
2135 1928 2326 1969 comes
2351 1913 2420 1970 de
2435 1914 2752 1984 captivitate
2765 1916 2985 1972 venient
3001 1957 3017 1984 ,
3039 1927 3098 1973 et
3119 1923 3508 1979 conversiones

1917 2006 2132 2060 viarum
2163 2004 2286 2060 lidei
2313 2005 2641 2072 deferentes,
2665 2014 2725 2062 et
2743 2007 2869 2062 thus
2888 2007 3162 2076 sacrificii,
3186 2017 3241 2065 et
3265 2027 3362 2082 per
3387 2013 3506 2070 haec

1920 2110 2147 2150 munera
2190 2110 2534 2167 nequaquam
2575 2097 2799 2168 propria
2829 2097 3006 2155 salute
3048 2103 3311 2169 contenti,
3338 2104 3506 2173 protl-

1920 2184 2085 2251 cient,
2118 2185 2362 2242 utetiam
2385 2187 2601 2244 ueteris
2631 2188 2928 2258 praedicent
2959 2189 3198 2248 salutare
3223 2192 3320 2249 Dei
3340 2235 3356 2260 ,
3404 2196 3508 2252 ha-

1917 2274 2178 2332 bentesin
2205 2278 2519 2334 muneribus
2540 2278 2881 2350 principalia,
2902 2295 3095 2337 aurum
3121 2297 3341 2340 sensum
3374 2286 3498 2360 (sic)

1917 2373 1975 2423 et
1995 2367 2119 2423 thus
2141 2367 2326 2424 odoris
2347 2370 2536 2440 optimi
2559 2378 2722 2442 atque
2741 2371 3002 2428 dicentis:
3029 2373 3305 2444 Dirigatur
3325 2379 3498 2433 oratio

1915 2473 2032 2510 mea
2076 2457 2212 2511 sicut
2255 2459 2522 2513 incensum
2565 2461 2622 2515 in
2669 2470 2948 2532 conspectu
2975 2473 3068 2518 tuo
3116 2461 3292 2536 (Paul.
3343 2466 3496 2538 CXL),

1917 2556 1973 2604 et
2002 2548 2203 2605 Christi
2242 2551 2420 2607 bonus
2471 2551 2610 2608 odor
2654 2569 2842 2610 sumus
2869 2553 2956 2627 (II
2981 2554 3107 2610 Cor.
3138 2556 3220 2630 ιι),
3263 2558 3318 2613 in
3347 2560 3498 2615 omni

1914 2641 2055 2711 loco,
2091 2645 2396 2717 arietesque
2427 2649 2833 2718 prophetarum.
2862 2649 2938 2704 De
2968 2650 3166 2719 quibus
3195 2652 3248 2707 in
3290 2653 3495 2709 vicesi-

1914 2747 2005 2789 mo
2026 2745 2217 2792 octavo
2239 2739 2446 2808 psalmo
2472 2740 2691 2795 canitur
2718 2759 2732 2796 :
2757 2741 2952 2811 Aﬂ'erte
2975 2740 3226 2809 Domino,
3248 2742 3350 2813 ﬁlii
3382 2744 3499 2811 Dei,

1913 2827 2100 2896 afferte
2124 2827 2345 2884 Domino
2369 2829 2508 2898 ﬁlios
2551 2833 2800 2896 arietum,
2843 2832 3061 2887 venient
3087 2840 3141 2889 et
3179 2833 3407 2889 oﬂ'ereut
3436 2848 3499 2891 se

1913 2919 2242 2976 sacriﬁcium
2289 2921 2538 2988 Domino,
2568 2931 2624 2979 et
2645 2925 2936 2994 placabiles
3001 2927 3193 2984 hostia:
3247 2929 3402 2997 fiant,
3431 2939 3496 2988 ut

1912 3011 2114 3068 Christi
2142 3011 2478 3083 glorificetur
2505 3013 2768 3072 Ecclesia.
2799 3017 2874 3074 De
2902 3019 3275 3090 hujuscemodi
3303 3023 3499 3081 ovibus

1913 3099 2164 3157 Salvator
2217 3103 2497 3174 discipulis
2529 3105 2857 3177 loquebatur
2891 3127 2904 3163 :
2941 3110 3018 3165 lte
3044 3110 3111 3165 ad
3157 3128 3286 3168 oves
3315 3116 3499 3183 perdi-

225 3201 317 3257 sed
338 3201 468 3272 quid
497 3201 632 3256 dicit
658 3201 949 3272 Apostolus
975 3220 989 3256 :
1043 3201 1155 3258 Vos
1180 3201 1273 3273 qui
1319 3202 1490 3258 eratis
1516 3201 1809 3273 aliquando
1835 3181 1881 3248 C
1915 3200 1998 3249 tas
2023 3194 2215 3251 domus
2242 3193 2408 3253 Israel
2447 3197 2662 3268 (Matth.
2697 3199 2774 3272 x).
2805 3199 3036 3273 Proprie
3089 3219 3254 3274 super
3303 3181 3389 3262 his
3411 3208 3496 3263 in-

224 3291 398 3364 louge,
420 3292 558 3349 facti
587 3293 718 3348 estis
737 3307 903 3362 prope
927 3289 1144 3364 (Ephes.
1183 3295 1270 3366 ιι).

292 3385 361 3441 Et
392 3385 530 3455 ﬁlia
558 3395 664 3440 tua:
690 3383 773 3439 lac
814 3391 1020 3456 augent.
1066 3384 1222 3452 Quod
1251 3385 1405 3452 dicit,
1434 3385 1565 3456 ﬁlim
1593 3395 1700 3442 tute
1723 3385 1810 3442 lac

221 3489 424 3550 augent,
461 3476 758 3547 signiﬁcat,
785 3479 928 3548 quod
960 3478 1157 3533 animae
1178 3478 1233 3533 in
1266 3476 1483 3534 Christo
1515 3477 1808 3544 lactantes,

220 3575 273 3622 et
301 3568 353 3623 in
383 3568 716 3640 baptismate
761 3567 1108 3639 parvulorum
1165 3566 1266 3639 (de
1306 3567 1503 3637 quibus
1532 3574 1588 3621 et
1616 3565 1809 3622 Petrus

221 3659 462 3728 loquitur
489 3671 513 3712 :
549 3656 716 3726 Quasi
774 3657 936 3713 modo
970 3658 1202 3728 parvuli,
1259 3655 1570 3722 rationales,
1601 3664 1658 3711 ct
1685 3655 1810 3712 abs-

221 3763 324 3819 qne
378 3749 533 3813 dolo,
583 3747 669 3803 lac
731 3748 1035 3804 desiderate
1087 3745 1143 3820 [Ι
1171 3747 1315 3801 Petr.
1341 3745 1440 3820 11])
1480 3755 1678 3818 sugunt
1723 3745 1813 3803 lac‘

220 3839 617 3909 apostolorum,
652 3838 850 3908 quibus
872 3838 1113 3909 parvulis
1156 3845 1322 3907 atque
1347 3837 1692 3900 lactantibus,
1723 3837 1806 3892 lo-

220 3931 488 4000 quebatur
558 3938 612 3985 et
657 3928 902 3985 Paulus:
938 3927 1145 3995 Filioli,
1199 3945 1332 4000 quos
1386 3929 1576 3982 iterum
1627 3938 1808 4000 partu-

221 4021 323 4085 rio,
351 4021 524 4076 donec
553 4020 797 4075 Christus
825 4020 1082 4091 formetur
1108 4021 1165 4074 in
1189 4019 1330 4075 vobis
1370 4017 1512 4093 (Gal.
1548 4020 1644 4093 ιν).

292 4111 440 4167 Tunc
467 4112 668 4168 uidebis
691 4122 736 4166 et
767 4112 976 4182 afﬁues,
1001 4121 1052 4167 et
1085 4112 1394 4179 mirabitur,
1419 4122 1466 4166 et
1491 4111 1808 4167 dilatabitur

219 4219 311 4258 cor
368 4214 546 4269 tuum,
595 4203 806 4274 quando
853 4219 1102 4259 conversa
1143 4204 1303 4274 fuerit
1339 4204 1408 4257 ad
1442 4213 1492 4258 te
1521 4203 1804 4258 multitudo

219 4299 405 4363 maris,
435 4297 692 4369 fortitudo
714 4298 944 4370 gentium
970 4299 1164 4353 venerit
1195 4298 1308 4351 tibi.
1342 4296 1478 4352 Cum
1504 4296 1806 4352 elevaveris

216 4389 407 4442 oculos
436 4397 580 4452 tuos,
618 4387 861 4458 ﬁliosque
887 4389 1233 4459 prospexeris
1256 4389 1468 4453 venire,
1501 4394 1631 4444 tunc
1666 4404 1806 4460 gau-

218 4479 376 4533 debis
403 4486 460 4534 et
488 4479 543 4534 in
571 4479 790 4534 modum
819 4479 1105 4534 ﬂuviorum
1157 4480 1315 4549 aquis
1349 4479 1542 4535 subitis
1576 4481 1803 4536 inunda-

215 4572 387 4636 beris,
417 4579 474 4626 et
504 4571 792 4626 mirabitur
821 4585 883 4626 ac
913 4573 1169 4641 stupcbit,
1227 4572 1342 4627 imo
1370 4571 1683 4628 dilatabitur
1707 4587 1804 4629 cor

216 4670 393 4716 tuum.
427 4660 726 4716 Audientes
761 4661 1078 4732 Apostolum
1110 4681 1123 4717 :
1158 4662 1474 4718 Dilatamini
1501 4671 1551 4717 et
1599 4681 1686 4719 vos
1714 4663 1802 4737 (II

215 4749 340 4805 Cor.
375 4749 476 4823 vi),
515 4765 583 4805 ne
606 4752 852 4820 angustia
878 4753 1140 4822 pectoris,
1184 4768 1294 4808 non
1347 4753 1570 4824 possitis
1598 4755 1804 4810 habere

214 4841 592 4897 habitatorem
619 4841 914 4908 Christum,
947 4844 1040 4915 qui
1068 4844 1203 4901 dicit
1226 4845 1278 4900 in
1310 4845 1610 4918 Evangelio
1648 4863 1660 4900 :
1691 4845 1806 4918 Ego

215 4940 272 4986 et
292 4931 465 4987 Pater
492 4933 793 5001 veniemus,
837 4942 892 4990 et
913 4937 1251 4992 mansionem
1309 4935 1453 5009 apud
1476 4951 1601 4993 eum
1632 4936 1802 4994 facie-

215 5035 342 5078 mus
371 5021 562 5094 (Joan.
593 5022 726 5096 xiv).

286 5114 589 5169 Inundatio
605 5115 923 5171 camelorum
942 5120 1135 5189 aperiet
1149 5127 1217 5184 te,
1235 5119 1560 5173 dromedarii
1583 5117 1807 5174 Madian

212 5219 263 5263 et
293 5205 476 5280 Epha.
503 5205 698 5263 Omnes
723 5209 788 5264 de
817 5209 959 5266 Saba
985 5211 1214 5277 venient,
1252 5227 1444 5266 aurum
1484 5221 1532 5266 et
1559 5212 1678 5267 thus
1713 5213 1809 5266 de-

213 5303 466 5372 ferentes,
501 5309 552 5353 et
579 5299 787 5356 laudem
811 5302 1037 5358 Domino
1061 5305 1454 5358 annuntiantes.
1498 5303 1629 5359 Post
1658 5304 1804 5360 divi-

214 5396 322 5449 tias
350 5392 530 5448 maris
557 5399 613 5448 et
659 5390 1030 5449 fortitudinem
1075 5394 1335 5464 gentium,
1388 5408 1688 5465 gregesque
1717 5409 1808 5449 ca-

211 5485 495 5541 melOrum
524 5491 582 5538 et
603 5483 928 5541 dromedarii
963 5485 1175 5541 Madian
1203 5493 1259 5540 et
1281 5485 1456 5557 Epha,
1485 5485 1810 5554 promittun-

213 5583 306 5630 tur
331 5573 705 5640 Hierusalem,
759 5574 851 5644 qui
901 5587 1090 5629 omnes
1121 5575 1346 5629 veniunt
1383 5574 1449 5629 de
1482 5572 1648 5652 Saba,
1683 5587 1811 5642 por-

215 5674 402 5722 tantes
452 5678 654 5719 aurum
705 5671 761 5718 et
791 5665 938 5731 thus,
967 5674 1022 5720 et
1055 5665 1200 5735 quod
1255 5665 1342 5721 his
1370 5663 1545 5733 majus
1580 5672 1684 5729 est,
1715 5679 1812 5718 au-

217 5761 551 5814 uuntiantes
574 5755 790 5811 Domini
825 5756 1061 5811 salutare
1115 5754 1332 5827 (Matth.
1405 5754 1490 5826 ιι).
1524 5752 1734 5808 Madian
1755 5760 1810 5807 et

1908 3285 2186 3359 telligitur,
2215 3289 2308 3360 qui
2337 3288 2404 3346 de
2435 3290 2686 3362 gentibus
2708 3292 2866 3349 electi
2898 3294 2954 3349 in
3001 3299 3362 3355 sacerdotium
3391 3302 3498 3358 mi-

1907 3377 2067 3436 nistri
2101 3388 2227 3437 sunt
2251 3379 2571 3438 Salvatoris.

2073 3485 2412 3528 EVANGBLIUI
2438 3488 2714 3530 SECUNDUI
2743 3489 3077 3543 ιιΑττιιιειιιι,
3109 3493 3226 3534 CAP.
3259 3495 3319 3534 11.

1984 3580 2006 3615 ι
2049 3560 2183 3618 Cum
2235 3571 2396 3620 natus
2447 3574 2593 3621 esset
2639 3564 2799 3622 Iesus
2855 3568 2910 3623 in
2940 3565 3222 3625 Bethleem
3254 3569 3406 3628 Judte
3433 3573 3491 3628 in

1915 3671 1936 3706 ι
1978 3653 2170 3711 diebus
2201 3652 2429 3712 Herodis
2474 3656 2635 3729 regis.
2690 3656 2834 3714 Ecce
2867 3657 3004 3730 Magi
3054 3659 3123 3713 ab
3151 3658 3372 3717 Oriente
3400 3679 3496 3718 ve—

1915 3760 1935 3796 ι
1980 3755 2176 3802 nerunt
2201 3747 2654 3821 Hierosolymam,
2703 3749 2989 3807 dicentes:
3029 3752 3129 3808 Ubi
3159 3762 3244 3809 est
3281 3755 3373 3826 qui
3397 3750 3496 3811 na-

1913 3855 1934 3890 ι
1981 3845 2066 3893 tus
2095 3846 2179 3894 cst
2227 3854 2322 3893 rex
2351 3838 2708 3895 Judmorum?
2738 3842 2984 3899 Vidimus
3036 3845 3248 3900 stellam
3291 3847 3407 3918 ejus
3437 3848 3492 3902 in

1913 3946 1932 3980 ι
1977 3928 2210 3995 oriente,
2247 3937 2302 3985 ct
2327 3931 2574 3986 venimus
2605 3931 2841 3988 adorare
2863 3947 3008 3988 cum.
3039 3933 3280 3990 Audiens
3309 3945 3490 3991 autem

1913 4031 1934 4068 ι
1979 4018 2218 4075 Herodes
2266 4036 2362 4075 rex
2402 4022 2651 4076 turbatus
2683 4031 2783 4089 est,
2816 4034 2872 4080 ct
2907 4026 3084 4081 omnis
3120 4025 3494 4098 Hierosolyma

1914 4127 1931 4158 ι
1979 4124 2103 4164 cum
2132 4109 2242 4165 illo.
2281 4111 2348 4166 Et
2393 4127 2735 4183 congregans
2766 4131 2955 4170 omnes
3009 4117 3282 4188 principes
3312 4135 3495 4175 sacer-

1914 4215 1932 4249 ι
1980 4201 2166 4254 dolum
2192 4208 2246 4254 et
2278 4201 2486 4257 scribas
2533 4203 2714 4272 populi
2765 4205 3150 4261 sciscitabatur
3175 4209 3241 4264 ab
3266 4209 3364 4274 eis,
3396 4210 3490 4266 ubi

1913 4308 1932 4342 ι
1977 4290 2225 4345 Christus
2254 4301 2588 4347 nasceretur.
2623 4293 2692 4346 At
2723 4293 2796 4348 illi
2826 4294 3079 4351 dixerunt
3120 4299 3168 4352 ei
3195 4316 3207 4351 :
3236 4297 3293 4352 ln
3325 4299 3491 4354 Beth-

1914 4399 1932 4433 ι
1975 4381 2112 4434 leem
2142 4378 2312 4436 Iudae.
2352 4380 2443 4436 Sic
2490 4382 2632 4436 enim
2668 4384 2930 4454 scriptum
2985 4395 3068 4441 est
3114 4403 3211 4458 per
3256 4389 3494 4458 prophe-

1913 4489 1932 4522 ι
1976 4480 2086 4525 tam
2119 4489 2132 4525 :
2166 4470 2235 4525 Et
2264 4481 2319 4526 tu
2347 4471 2619 4527 Bethleem
2651 4480 2794 4528 terra
2825 4473 2982 4541 Juda,
3016 4493 3355 4548 nequaquam
3385 4478 3492 4533 mi-

1913 4581 1932 4614 ι
1978 4563 2124 4616 nima
2177 4577 2238 4623 es
2265 4562 2318 4616 in
2361 4561 2697 4632 principibus
2742 4561 2898 4620 Juda.
2954 4565 3032 4620 Ex
3066 4574 3116 4621 te
3152 4566 3296 4621 enim
3345 4568 3492 4622 exiet

1913 4673 1934 4706 ι
1980 4654 2088 4710 dux
2112 4653 2200 4724 qui
2229 4662 2380 4725 regat
2405 4654 2660 4725 populum
2704 4657 2884 4710 meum
2913 4655 3095 4710 Israel.
3129 4655 3284 4713 Tunc
3314 4657 3491 4712 Hero-

1913 4761 1932 4795 ι
1978 4743 2075 4799 des
2107 4743 2244 4798 clam
2286 4744 2492 4798 vocatis
2547 4743 2716 4815 Magis
2749 4744 3039 4816 diligenter
3091 4745 3280 4802 didicit
3317 4747 3382 4802 ab
3409 4749 3496 4806 eis

1916 4853 1935 4887 ι
1980 4845 2193 4905 tempus
2229 4835 2400 4892 stellae
2444 4850 2563 4905 quae
2591 4837 2843 4905 apparuit
2869 4836 2970 4891 eis.
3021 4837 3089 4892 Et
3117 4837 3336 4893 mittehs
3367 4838 3492 4897 illos

1914 4945 1934 4980 ι
1975 4928 2030 4981 in
2069 4926 2370 4991 Bethleem,
2421 4926 2558 4981 dixit
2599 4941 2612 4980 :
2644 4925 2723 4982 ite
2745 4933 2811 4981 et
2849 4927 3180 4998 interrogate
3217 4928 3285 4984 de
3313 4944 3490 4999 puero

1916 5034 1936 5067 ι
1979 5015 2291 5086 diligenter,
2323 5020 2526 5069 etcum
2575 5013 2913 5080 inveneritis,
2964 5014 3272 5070 renuntiate
3329 5017 3490 5082 mihi,

1917 5125 1937 5159 ι
1982 5114 2043 5160 ιιι
2069 5114 2123 5161 et
2159 5121 2260 5177 ego
2309 5105 2533 5161 veniens
2562 5105 2782 5160 adorem
2827 5119 2970 5161 eum.
3012 5105 3116 5173 Qui
3152 5120 3274 5161 cum
3305 5106 3492 5162 audis-

1917 5215 1936 5250 ι
1981 5209 2105 5253 sent
2133 5212 2333 5270 regem,
2365 5197 2636 5252 abierunt.
2690 5197 2757 5252 Et
2785 5211 2911 5252 ecce
2959 5197 3110 5253 stella
3139 5212 3302 5268 quam
3332 5198 3490 5253 vide-

1919 5307 1938 5340 ι
1981 5296 2106 5342 rant
2130 5287 2184 5342 in
2235 5287 2466 5353 oriente,
2495 5287 2848 5342 antecedebat
2899 5301 3014 5353 eos,
3045 5303 3217 5358 usque
3245 5289 3374 5344 dum
3401 5303 3490 5343 ve-

1920 5396 1940 5430 ι
1981 5379 2140 5434 niens
2170 5386 2339 5434 staret
2365 5391 2528 5447 supra
2566 5378 2655 5432 ubi
2681 5387 2799 5432 erat
2830 5392 2984 5448 puer.
3014 5377 3275 5433 Videntes
3303 5384 3488 5431 autem

1920 5489 1940 5522 ι
1986 5469 2219 5534 stellam,
2247 5469 2419 5540 gavisi
2476 5474 2602 5524 sunt
2650 5468 2843 5539 gaudio
2876 5482 3070 5539 magno
3100 5466 3270 5521 valde.
3314 5466 3382 5519 Et
3410 5466 3494 5544 in-

1920 5579 1939 5614 ι
1984 5569 2193 5618 trantes
2239 5561 2480 5625 domum,
2532 5559 2854 5613 invenerunt
2891 5571 3120 5628 puerum
3163 5570 3284 5610 cum
3320 5553 3486 5608 Maria

1920 5672 1940 5708 ι
1985 5665 2158 5710 matre
2187 5652 2324 5722 ejus.
2358 5652 2427 5707 Et
2449 5651 2813 5722 procidentes,
2841 5650 3204 5704 adoraverunt
3246 5659 3393 5702 eum.
3423 5645 3491 5701 Et

1920 5766 1940 5801 ι
1986 5748 2189 5818 apertis
2215 5746 2488 5802 thesauris
2513 5745 2648 5809 suis,
2694 5740 3006 5796 obtulerunt
3031 5738 3082 5794 ei
3122 5751 3375 5806 munera,
3403 5751 3506 5792 au-
