3946 6430
427 337 488 394 ιη
1696 304 2056 367 suum
2093 298 2383 361 sanans
3614 286 3686 339 τε

435 474 453 506 ι
497 465 640 515 rum,
677 448 800 504 thus
838 451 894 501 et
911 439 1206 513 myrrham.
1266 435 1336 491 Et
1382 444 1644 502 responso
1692 434 1916 515 accepto
1945 422 1999 477 in
2028 423 2078 481 Α
2103 423 2681 515 ηοςικηοξῑηωλιξεηι

436 564 454 595 ι
499 514 704 598 somnis
729 553 797 592 ne
821 535 1060 590 redirent
1086 529 1154 584 ad
1200 523 1491 584 Herodem,
1545 535 1642 592 per
1668 514 1830 574 altam
1859 517 2002 570 viam

438 655 456 685 ι
500 630 701 689 reversi
727 625 932 683 suntin
961 622 1237 693 regionem
1259 629 1434 672 suam.
1472 635 1490 666 ι

503 741 636 797 Cum
657 750 810 793 natus
833 742 966 790 esset
985 731 1143 786 Iesus
1171 729 1226 783 in
1259 723 1520 780 Bethleem
1551 719 1730 775 Juda’.
1779 715 2010 772 Pulchre

433 842 615 888 autem
651 830 850 884 dicitur
891 823 1170 878 Bethleem
1196 817 1346 873 ludat
1373 815 1442 870 ad
1465 811 1868 867 distinctionem
1894 803 2012 873 ejus

435 923 711 980 Bethleem
739 932 860 989 qua:
885 917 938 970 in
961 912 1178 968 Galilzea
1214 909 1316 963 sita
1337 914 1438 968 est,
1469 905 1609 958 sicut
1638 902 1690 955 in
1714 897 1840 953 Jesu
1868 895 2017 989 volu-

436 1015 581 1070 mine
601 987 827 1081 reperiri
864 1011 1044 1076 potest
1076 1002 1260 1074 (Iosue
1285 1000 1420 1067 ιιι).
1456 995 1553 1049 Est
1575 991 1718 1047 enim
1741 987 2014 1043 Bethleem

439 1105 636 1160 civitas
666 1098 856 1162 David,
908 1109 1030 1164 qute
1061 1091 1247 1147 mundi
1293 1086 1477 1158 genuit
1508 1082 1867 1142 salvatorem,
1897 1089 2018 1146 quae

440 1195 592 1266 prius
625 1190 862 1260 Ephrata
893 1192 1086 1240 vocata
1109 1189 1211 1245 est,
1256 1179 1341 1233 cui
1369 1175 1536 1230 Iacob
1565 1180 1776 1242 postea,
1793 1167 2018 1266 quando

444 1260 515 1341 ibi
541 1295 738 1354 pecora
763 1293 860 1333 sua
890 1275 1074 1346 pavit,
1110 1269 1384 1325 Bethleem
1419 1279 1638 1326 nomen,
1664 1260 1897 1354 quodam
1925 1271 2020 1311 va-

445 1348 630 1430 ticinio
656 1369 822 1424 futuri
875 1363 1169 1436 imposuit,
1219 1357 1367 1429 quod
1411 1355 1606 1410 domus
1651 1350 1807 1420 panis
1857 1348 2022 1402 inter-

442 1470 692 1534 pretatur
763 1463 984 1528 propter
1029 1466 1155 1508 eum
1195 1462 1393 1520 panem
1436 1444 1530 1515 qui
1575 1442 1648 1498 ibi
1684 1440 1750 1495 de
1775 1437 1913 1496 coelo
1935 1436 2025 1492 de-

445 1553 673 1610 scendit.

519 1667 587 1720 ]n
611 1664 791 1719 diebus
823 1659 1049 1716 Herodis
1078 1656 1232 1728 regis.
1287 1653 1390 1709 llic
1430 1651 1674 1706 Herodes
1719 1643 2027 1716 Antipatris

2179 506 2288 580 (Ea:
2308 501 2557 575 August.)
2588 500 2698 555 Nos
2723 497 2942 567 quidem
2972 495 3072 551 sub
3107 493 3220 549 fato
3260 491 3556 580 stellarum
3565 488 3695 580 uul—

2108 577 2212 652 lius
2241 593 2473 650 hominis
2507 589 2748 661 genesim
2773 586 3025 658 ponimus
3045 625 3061 648 ,
3092 590 3296 652 quanto
3331 580 3513 636 minus
3543 577 3697 637 illius

2109 684 2458 755 temporalem
2488 679 2888 753 generationem
2917 673 3018 730 sub
3055 681 3327 728 astrorum
3351 669 3696 733 conditione,

2110 777 2399 834 credamus
2420 773 2638 836 factam,
2664 770 2756 841 qui
2779 775 2862 823 est
2881 775 3116 822 aeternus
3137 765 3519 819 universorum
3543 775 3699 816 crea-

2113 877 2199 922 tor
2221 873 2275 920 et
2300 863 2577 918 Dominus.
2608 861 2793 929 Itaque
2812 857 2899 912 illa
2915 856 3069 912 stella
3090 870 3255 926 quam
3279 853 3528 908 viderant
3553 847 3700 922 Magi

2113 957 2333 1013 Christo
2361 955 2414 1008 in
2441 967 2608 1007 carne
2645 959 2804 1014 nato,
2843 963 2951 1002 non
2984 947 3051 1001 ad
3081 947 3358 1001 decretum
3381 942 3703 998 dominaba-

2117 1056 2223 1107 tur.
2252 1045 2347 1100 sed
2377 1044 2446 1098 ad
2477 1040 2848 1096 testimonium
2871 1037 3250 1092 famulabatur.
3284 1033 3395 1091 Nec
3425 1036 3542 1106 ejus
3571 1034 3704 1090 sub-

2113 1137 2331 1209 jacebat
2359 1133 2608 1204 imperio,
2634 1131 2731 1186 sed
2760 1126 3323 1198 indicabatobscquio.
3336 1125 3570 1183 Proinde
3591 1140 3703 1180 non

2119 1248 2184 1287 ex
2207 1231 2312 1284 illis
2334 1237 2455 1283 erat
2495 1228 2609 1282 hzec
2635 1225 2808 1280 stellis
2833 1239 2953 1295 qua!
2984 1224 3052 1278 ab
3094 1223 3251 1278 initio
3300 1232 3569 1278 creaturae
3597 1223 3708 1276 iter

2120 1336 2277 1376 suum
2302 1319 2652 1384 ordinemque
2681 1315 2781 1369 sub
2808 1313 3077 1369 creatoris
3105 1311 3220 1382 lege
3245 1309 3580 1372 custodiunt,
3605 1311 3708 1367 sed

2123 1427 2264 1468 novo
2292 1408 2516 1479 virginis
2544 1415 2701 1477 partu
2728 1420 2930 1460 novum
2960 1404 3110 1458 sidus
3132 1403 3400 1472 apparuit,
3427 1401 3570 1472 quod
3594 1413 3711 1470 my-

2123 1503 2348 1558 sterium
2391 1497 2549 1555 oflicii
2603 1497 2720 1560 sui,
2762 1496 2926 1550 etiam
2979 1495 3110 1564 ipsis
3141 1493 3308 1564 Magis
3333 1491 3710 1562 quierentibus

2125 1593 2422 1655 Christum,
2449 1603 2570 1645 cum
2618 1597 2743 1642 ante
2794 1585 2986 1640 faciem
3017 1584 3258 1654 puniret,
3303 1580 3569 1644 exhibuit,
3603 1578 3708 1634 do-

2129 1698 2230 1737 nec
2259 1696 2352 1736 eos
2380 1693 2550 1748 usque
2571 1679 2638 1731 ad
2670 1677 2843 1746 ipsum
2889 1674 3066 1729 locum
3095 1671 3188 1728 ubi
3221 1671 3315 1727 Dei
3352 1671 3593 1746 Verbum
3623 1668 3710 1724 in-

448 1753 845 1813 Αεοειιοηῖιίάἱεν
895 1749 1086 1806 maris
1139 1760 1270 1838 νθῗο
1299 1742 1552 1815 Cypridis
1602 1738 1851 1838 Ambit”
1877 1735 2022 1838 “Ws
2051 1764 2098 1824 Β
2125 1735 2247 1829 fans
2275 1779 2414 1835 erat,
2448 1735 2736 1838 praeeundo
2760 1763 3104 1836 perduceret.

449 1846 568 1909 fuit,
601 1843 692 1914 qui
737 1842 928 1896 morbo
973 1837 1256 1894 intercutis
1303 1848 1479 1904 aquae,
1544 1829 1881 1886 seatentibus
1908 1834 2024 1881 toto

450 1948 677 2006 corpore
718 1930 996 1987 vermibus
1037 1926 1313 1983 tricesimo
1335 1922 1566 1994 septimo
1593 1919 1742 1989 regni
1773 1917 1857 1973 sui
1884 1929 2028 1970 anno

452 2033 698 2083 mortuus
724 2033 826 2079 est.
859 2021 974 2076 Sub
999 2019 1161 2090 hujus
1201 2017 1310 2072 filio
1336 2013 1571 2076 Herode,
1629 2011 1880 2067 Christus
1903 2021 2030 2079 pas-

452 2133 548 2174 sus
569 2125 673 2172 est.
701 2113 837 2169 Nam
871 2121 926 2167 et
957 2112 1076 2166 ideo
1097 2123 1253 2180 reges
1275 2115 1331 2162 et
1356 2106 1522 2162 duces
1542 2101 1694 2158 lude
1715 2101 1874 2156 istius
1893 2107 2032 2154 tem-

452 2209 604 2280 poris
621 2205 937 2276 alienigenae
961 2202 1294 2264 referuntur,
1321 2197 1448 2269 quia
1472 2195 1788 2266 praedictum
1813 2191 1990 2280 fuerat
2014 2205 2028 2242 :

456 2279 574 2352 Non
605 2296 820 2352 deficiet
862 2293 1114 2364 princeps
1143 2290 1209 2345 de
1245 2285 1405 2353 Juda,
1451 2299 1552 2340 nec
1588 2284 1695 2339 dux
1739 2283 1806 2337 de
1828 2279 2040 2335 femore

457 2391 577 2460 ejus
613 2390 785 2445 donec
812 2386 1018 2451 veniat,
1041 2385 1127 2439 cui
1158 2381 1541 2454 repromissum
1570 2386 1674 2443 est,
1713 2384 1769 2432 et
1794 2374 1908 2445 ipse
1931 2372 2036 2427 erit

459 2481 791 2553 exspectatio
819 2478 1058 2550 gentium
1087 2472 1241 2547 (Gen.
1271 2470 1441 2544 ms).

535 2592 668 2646 Ecce
703 2589 848 2660 Magi
874 2589 938 2643 ab
968 2586 1180 2643 Oriente
1205 2591 1472 2641 venerunt.
1504 2582 1672 2652 Igitur
1698 2579 1825 2636 dum
1857 2578 2040 2633 oriens

461 2694 566 2751 est,
597 2685 689 2754 qui
719 2681 996 2754 quarritur,
1027 2679 1148 2735 ideo
1203 2679 1347 2732 enim
1390 2677 1458 2731 ab
1486 2676 1699 2731 oriente
1748 2673 2038 2734 indicatur,

463 2779 590 2849 quia
617 2778 730 2848 ipse
757 2774 822 2830 ad
854 2773 1203 2842 semetipsum
1233 2786 1332 2824 nos
1352 2767 1522 2822 ducit.

525 2888 946 2960 Hierosolymam
1005 2885 1252 2939 dicentes.
1305 2883 1429 2937 ldco
1478 2876 1906 2949 Hierosolymam
1951 2888 2043 2928 vc-

466 2987 687 3044 ncruut,
717 2979 841 3050 quia
863 2975 928 3030 de
957 2973 1088 3030 Sion
1115 2973 1274 3028 exibit
1304 2971 1388 3026 lex
1417 2981 1463 3026 et
1501 2969 1709 3024 verbum
1744 2965 1954 3021 Domini
1981 2964 2046 3018 de

469 3068 801 3125 Hierusalem
827 3065 959 3139 (Isa.
989 3065 1072 3136 ll).
1098 3063 1222 3118 Sive
1247 3071 1304 3117 ut
1334 3059 1500 3116 Judmi
1536 3061 1847 3130 ignorantes
1872 3055 2030 3113 Chri-

2200 1860 2411 1935 (ναις.)
2445 1859 2626 1929 Magos
2656 1857 2750 1928 qui
2791 1857 2858 1912 ad
2903 1853 3238 1911 adorandum
3266 1853 3557 1910 Dominum
3584 1867 3715 1922 per-

2129 1960 2408 2017 rexerunt,
2442 1949 2660 2020 quidam
2704 1964 2772 2003 ex
2820 1947 3074 2019 progenie
3121 1947 3289 2002 fuisse
3321 1945 3541 2000 Balaam
3585 1944 3708 1999 exi-

2131 2045 2373 2108 stimant,
2414 2039 2654 2097 eruditos
2695 2040 2747 2095 in
2773 2037 3134 2094 astronomiea
3164 2035 3470 2107 disciplina,
3500 2043 3554 2090 et
3582 2034 3718 2090 stel-

2130 2135 2237 2188 lam
2269 2133 2412 2187 illam
2445 2147 2550 2186 non
2577 2147 2645 2184 ex
2669 2131 2812 2186 notis
2838 2128 3005 2185 fuisse
3034 2129 3323 2194 sideribus,
3353 2127 3551 2199 quippe
3584 2127 3717 2198 quia

2134 2243 2236 2282 nec
2290 2225 2478 2280 eodem
2530 2221 2739 2277 caelesti
2783 2220 2973 2275 ordine
3027 2217 3347 2274 movebatur
3389 2225 3448 2272 ut
3478 2225 3714 2272 caetera.

2134 2316 2260 2372 llatc
2279 2315 2424 2370 enim
2453 2313 2518 2367 ad
2546 2312 2721 2367 locum
2753 2310 2807 2365 in
2835 2326 2942 2380 quo
2967 2317 3126 2364 natus
3151 2316 3269 2363 erat
3296 2306 3585 2373 Dominus,
3617 2306 3722 2362 dc-

2135 2405 2486 2463 monstraudo
2509 2412 2639 2458 nutu
2679 2401 2901 2473 proprio
2922 2399 3216 2455 ferebatur.

2205 2497 2308 2552 Alii
2336 2496 2522 2551 dicunt
2551 2502 2774 2564 nepotes
2801 2491 3020 2547 Balaam
3073 2505 3193 2546 esse
3244 2489 3338 2544 filii
3385 2487 3552 2552 Beor,
3583 2488 3718 2559 quia

2137 2596 2340 2646 sectam
2365 2585 2480 2656 ejus
2512 2585 2681 2641 secuti
2734 2592 2879 2640 sunt.
2913 2583 3017 2639 Alii
3048 2582 3235 2638 dicunt
3275 2580 3472 2637 Persas
3521 2577 3716 2646 fuisse,

2138 2688 2201 2736 ut
2227 2689 2401 2735 metro
2427 2676 2692 2734 Canorius
2715 2675 2849 2730 dicit
2875 2693 2888 2729 :

2233 2793 2359 2844 Tum
2382 2792 2523 2854 jubet
2547 2798 2600 2840 et
2622 2789 2805 2839 Perses
2825 2787 3046 2838 celerem
3071 2785 3374 2851 pertundere
3389 2796 3638 2846 gressum.

2212 2886 2572 2956 llierdnymus
2599 2882 2727 2938 dicit
2754 2900 2767 2935 :
2795 2880 3031 2937 Chaldaei
3070 2880 3255 2936 stellas
3280 2880 3412 2935 deos
3438 2893 3563 2935 esse
3591 2893 3726 2934 con-

2145 2975 2455 3039 firmabant,
2491 2973 2634 3027 unde
2679 2985 2868 3027 eorum
2917 2969 3051 3026 deus
3101 2969 3498 3040 nuncupativus
3531 2983 3728 3024 verum

2148 3065 2350 3120 indicat
2379 3064 2688 3128 Dominum,
2715 3059 2856 3116 unde
2880 3060 3116 3116 Chaldaei
3168 3075 3289 3116 esse
3312 3061 3727 3125 existimantur,

468 3159 538 3215 sti
564 3118 899 3214 nativitatem
926 3118 1352 3226 sibilproximam
1385 3167 1414 3205 a
1443 3118 1614 3222 Magis
1660 3149 1725 3204 de
1768 3147 1930 3218 longe
1949 3159 2042 3199 ve-
2071 3118 2116 3180 C
2316 3118 2446 3211 dicit
2475 3196 2487 3208 ,
2533 3118 2769 3208 Vidimus
2815 3151 3021 3208 stellam
3046 3153 3160 3223 ejus
3188 3154 3243 3206 in
3275 3153 3497 3217 oriente,
3533 3151 3586 3208 id
3615 3118 3730 3218 est,

469 3249 761 3314 aientibus,
801 3246 1168 3316 culparentur.
1196 3242 1330 3298 Nam
1359 3249 1413 3296 et
1442 3249 1748 3312 propterea,
1777 3246 1839 3292 ut
1863 3251 2046 3292 sacer-

473 3340 626 3394 dotes
647 3354 677 3392 a
703 3335 870 3406 Magis
900 3331 1236 3402 interrogati,
1271 3330 1361 3384 ubi
1409 3328 1662 3384 Christus
1713 3332 2043 3387 nasceretur,

475 3423 870 3484 inexcusabiles
917 3423 1128 3485 fierent,
1161 3421 1224 3476 de
1254 3419 1484 3474 adventu
1515 3418 1651 3488 ejus.
1695 3415 1865 3473 Judaei
1899 3415 2044 3470 enim

475 3528 722 3577 asserunt
754 3519 880 3573 Sem
911 3515 1076 3570 filium
1099 3511 1210 3568 Noe
1232 3527 1392 3583 quem
1421 3511 1604 3565 dicunt
1634 3507 2050 3572 Melchisedech,

477 3615 707 3683 primum
741 3616 865 3680 post
923 3605 1182 3662 diluvium
1237 3605 1292 3658 in
1343 3601 1503 3674 Syria
1532 3600 1838 3657 condidisse
1863 3599 2052 3653 urbem

479 3705 681 3770 Salem,
713 3703 766 3758 in
802 3687 907 3772 qua
938 3712 1162 3770 regnum
1215 3693 1316 3749 fuit
1345 3693 1585 3764 ejusdem
1634 3688 2052 3754 Melchisedech,

480 3797 620 3850 hanc
645 3801 832 3865 postea
861 3789 1241 3846 continuerunt
1267 3783 1555 3848 Iliebusaei,
1585 3798 1614 3838 e
1643 3781 1841 3852 quibus
1861 3778 2054 3834 sortita

479 3895 566 3942 est
613 3881 931 3940 vocabulum
980 3878 1203 3944 lliebus,
1266 3875 1454 3946 sicque
1506 3873 1714 3929 duobus
1747 3869 2057 3926 nominibus

483 3975 766 4047 copulatis,
797 3971 1000 4028 llicbus
1037 3977 1092 4024 et
1123 3967 1324 4033 Salem,
1357 3974 1550 4021 vocata
1581 3972 1665 4019 est
1697 3961 2057 4028 Hierusalem,

485 4081 606 4137 qua:
633 4073 816 4133 postea
841 4078 871 4116 a
897 4059 1185 4116 Salomone
1240 4055 1636 4127 Hierosolyma,
1682 4053 1836 4124 quasi
1871 4051 2062 4106 llicro-

487 4155 783 4212 salomonia
809 4152 952 4207 dicta
977 4157 1078 4206 est.
1138 4146 1263 4203 llam
1289 4155 1344 4202 et
1379 4155 1631 4216 corrupte
1677 4160 1706 4198 a
1736 4143 1908 4215 poetis
1931 4142 2061 4198 olim

487 4252 815 4313 nuncupata,
846 4251 901 4297 et
925 4239 1263 4312 postmodum
1291 4237 1359 4292 ab
1403 4235 1554 4292 Helio
1579 4233 1818 4289 Adriano
1870 4241 2062 4289 vocata

487 4343 572 4391 est
607 4333 786 4396 llelia;
821 4333 876 4386 in
920 4332 1036 4401 ipsa
1072 4337 1156 4385 est
1178 4336 1232 4384 et
1260 4327 1418 4393 Sion,
1450 4343 1570 4397 qua:
1600 4324 1866 4381 Hebraice
1894 4324 2063 4378 inter-

489 4434 734 4498 pretatur
764 4421 1076 4492 speculatio,
1110 4435 1174 4476 eo
1214 4419 1355 4490 quod
1386 4417 1439 4472 in
1466 4416 1696 4473 sublime
1749 4422 2060 4471 constructa

486 4527 592 4580 est,
627 4523 679 4571 et
705 4515 770 4570 de
807 4513 963 4584 longe
993 4509 1262 4565 venientia
1291 4507 1702 4580 contempletur.

566 4607 666 4661 Ubi
691 4615 790 4669 est,
833 4604 923 4675 qui
953 4611 1106 4657 natus
1133 4609 1208 4655 est
1246 4616 1338 4655 rea:
1373 4599 1702 4654 Judworum.
1757 4597 1816 4653 ld
1840 4607 1944 4663 est,
1966 4612 2063 4652 rex

496 4698 915 4760 confessionum,
972 4709 1067 4747 rex
1093 4691 1186 4762 qui
1215 4700 1375 4746 natus
1409 4706 1596 4747 omnes
1646 4701 1836 4762 gentes
1869 4689 2067 4743 illumi-

499 4801 630 4842 nare
659 4785 821 4840 venit.
871 4783 947 4837 De
973 4797 1080 4851 quo
1109 4780 1275 4836 Isaias
1302 4780 1413 4836 ait:
1444 4779 1586 4835 Puer
1618 4789 1776 4834 natus
1802 4785 1885 4832 est
1913 4776 2068 4832 nobis

501 4878 637 4950 (fsa.
666 4875 765 4948 rx).
799 4875 1048 4930 Redduut
1071 4887 1290 4928 causam
1333 4871 1732 4942 inquirentibus
1775 4869 1909 4936 Quis
1933 4869 2070 4924 dixit

501 4971 655 5026 vobis
670 4970 695 5022 ‘l
727 4967 1077 5038 Respondent
1102 4983 1115 5020 :

584 5060 819 5115 Vidimus
853 5057 1057 5113 stellam
1095 5057 1210 5128 ejus
1235 5074 1290 5112 tn
1336 5066 1532 5111 oriente
1557 5095 1572 5123 ,
1604 5063 1652 5109 et
1683 5055 1913 5108 venimus
1943 5051 2073 5106 ado-

508 5167 626 5205 rare
652 5166 788 5204 eum.
834 5148 1042 5203 Domini
1073 5147 1282 5204 stellam
1332 5162 1390 5202 se
1422 5147 1608 5201 dicunt
1651 5144 1870 5209 vidisse,
1897 5143 1980 5198 vel
2006 5159 2072 5198 ex

509 5241 641 5296 artis
667 5238 910 5303 scientia,
953 5237 1039 5292 vel
1089 5252 1158 5292 ex
1201 5235 1459 5291 vaticinio
1502 5233 1756 5297 Balaam,
1805 5232 2072 5286 dicentis:

512 5333 726 5388 Orietur
761 5329 910 5386 stella
937 5347 1000 5385 ea:
1019 5329 1206 5393 Iacob,
1239 5337 1284 5381 et
1306 5337 1578 5397 consurget
1610 5327 1754 5394 virga
1785 5324 1851 5378 de
1879 5323 2073 5390 Israel,

509 5434 557 5478 et
606 5420 852 5493 percutiet
893 5418 1050 5474 duces
1075 5417 1232 5473 Moab
1273 5418 1462 5490 (Nam.
1500 5413 1839 5486 xx:v).llanc
1865 5413 2075 5468 stellam

513 5512 752 5576 tradunt,
779 5517 839 5566 ut
860 5508 1184 5573 columbam,
1227 5523 1326 5562 nec
1353 5515 1509 5560 antea
1534 5545 1548 5568 ,
1575 5519 1674 5558 nec
1703 5512 1912 5574 postea,
1961 5518 2080 5560 esse

512 5604 708 5666 visam,
739 5600 863 5670 quia
892 5613 993 5653 nec
1012 5604 1169 5652 antea
1189 5636 1205 5662 ,
1235 5611 1334 5652 nec
1365 5603 1571 5665 postea,
1600 5593 1791 5650 similis
1812 5593 1888 5648 illi
1917 5607 2076 5662 quem

513 5688 906 5746 demonstravit
967 5694 1052 5740 est
1105 5693 1283 5740 natus.
1345 5683 1565 5738 Stellam
1629 5684 1744 5752 ejus
1808 5684 2078 5752 vidimus,

2146 3263 2246 3304 nos
2273 3248 2325 3302 in
2354 3247 2562 3302 oriente
2592 3245 2774 3316 positi,
2807 3249 2922 3302 sive
2947 3245 3011 3302 de
3033 3245 3242 3300 oriente
3271 3247 3326 3300 in
3359 3245 3728 3312 occidentem,

2148 3339 2356 3394 stellam
2405 3346 2582 3393 ortam
2638 3338 2893 3392 vidimus.
2947 3336 3097 3392 Fixis
3142 3337 3384 3393 historiae
3428 3337 3729 3402 radicibus,

2149 3427 2453 3498 spiritualia
2485 3429 2811 3482 intueamur.
2853 3425 3129 3482 Bethleem
3179 3443 3300 3496 qua:
3333 3427 3736 3498 interpretatur

2151 3519 2341 3574 domus
2367 3518 2542 3588 panis,
2569 3517 2840 3588 significat
2867 3516 3186 3583 Ecclesiam,
3213 3517 3329 3571 sive
3353 3533 3449 3572 cor
3469 3518 3740 3584 hominis,

2153 3608 2336 3677 inquo
2375 3607 2639 3670 Christus,
2691 3606 2783 3676 qui
2831 3606 3002 3661 dixit:
3066 3605 3180 3676 Ego
3235 3622 3352 3660 sum
3379 3607 3532 3676 panis
3585 3609 3739 3663 rivus

2156 3697 2338 3769 (Joan.
2365 3697 2472 3768 vt),
2499 3697 2762 3752 nascitur.
2789 3695 3030 3751 Herodes
3057 3695 3149 3766 qui
3173 3696 3563 3767 interpretatur
3583 3697 3742 3767 pelli-

2154 3803 2285 3843 ccus
2315 3787 2429 3842 sive
2453 3786 2608 3858 pellis
2633 3785 2821 3856 gloria,
2875 3783 3146 3856 signiﬁcat
3193 3785 3466 3841 diabolum
3497 3801 3741 3857 regnan-

2157 3886 2266 3933 tem
2294 3877 2346 3932 in
2373 3877 2592 3932 mundo.

2229 3968 2364 4023 Tres
2388 3967 2524 4038 Magi
2561 3983 2731 4038 genus
2757 3967 3054 4023 humanum
3080 3981 3204 4023 cum
3237 3967 3483 4039 physica,
3533 3967 3742 4034 ethica,

2158 4059 2350 4130 logica,
2412 4059 2737 4130 significant.
2796 4058 3048 4130 Physica.
3113 4057 3230 4114 Hoc
3281 4067 3388 4124 est,
3440 4059 3742 4114 naturalis.

2161 4151 2375 4206 Ethice.
2405 4150 2464 4205 ld
2512 4157 2621 4215 est,
2652 4148 2899 4216 moralis,
2946 4164 3126 4205 mores
3171 4149 3316 4205 enim
3353 4149 3495 4219 apud
3519 4148 3749 4206 Graecos

2165 4241 2284 4304 seu
2311 4239 2668 4311 appellantur.
2699 4239 2920 4310 Logica.
2950 4237 3065 4295 Hoc
3092 4247 3196 4305 est,
3235 4237 3533 4303 rationalis,
3561 4239 3746 4307 philo~

2164 4333 2368 4406 sophia:
2421 4333 2565 4387 enim
2616 4332 2824 4402 species
2859 4339 2962 4397 est,
2995 4332 3134 4386 ratio
3168 4331 3312 4386 enim
3359 4329 3568 4395 Graece,
3598 4331 3752 4405 λόγος

2166 4424 2380 4480 dicitur.
2414 4421 2553 4491 Magi
2580 4423 2672 4492 qui
2700 4422 3012 4478 sacerdotes
3042 4423 3401 4492 interrogant,
3434 4421 3752 4492 significant

2169 4513 2468 4571 Ecclesiam
2519 4513 2780 4584 gentium,
2834 4512 3147 4569 sacerdotes
3200 4513 3372 4584 legem
3425 4512 3509 4568 vel
3568 4511 3754 4584 Syna-

2171 4620 2381 4678 gogam.

2243 4694 2352 4765 (Ea:
2389 4693 2570 4766 Greg.)
2627 4692 2981 4760 Quzcrendum
3029 4694 3158 4765 quid
3197 4695 3290 4760 sit,
3326 4695 3469 4766 quod
3514 4695 3754 4752 Redem-

2173 4793 2328 4854 ptore
2358 4793 2484 4840 nato
2528 4784 2839 4853 pastoribus
2889 4785 3114 4854 angelus
3165 4785 3437 4854 apparuit,
3485 4795 3649 4854 atque
3681 4786 3754 4840 ad

2175 4877 2506 4932 adorandum
2535 4878 2678 4932 hunc
2701 4876 2886 4946 Magos
2909 4893 3017 4933 non
3047 4878 3288 4948 angelus,
3318 4878 3412 4932 sed
3446 4877 3600 4932 stella
3626 4892 3757 4947 per-

2176 4966 2350 5030 duxit,
2375 4966 2626 5022 videlicet
2668 4965 2868 5022 Judaais
2921 4968 3131 5022 ratione
3183 4969 3458 5023 utentibus
3487 4969 3757 5025 rationale

2178 5056 2396 5123 animal,
2429 5057 2482 5112 id
2514 5065 2618 5122 est,
2655 5057 2878 5128 angelus
2905 5058 3203 5126 praedicare
3247 5057 3452 5112 debuit.
3485 5056 3754 5124 Gentiles,

2178 5151 2304 5221 quia
2329 5150 2406 5204 uti
2437 5149 2647 5205 ratione
2695 5150 3027 5214 nesciebant,
3059 5150 3128 5204 ad
3179 5149 3611 5220 cognoscendum
3649 5149 3759 5204 Do-

2181 5241 2407 5304 minum,
2442 5254 2546 5294 non
2574 5254 2669 5310 per
2691 5254 2900 5305 vocem,
2931 5240 3026 5294 sed
3063 5253 3160 5308 per
3187 5239 3338 5309 signa
3353 5239 3754 5307 perducuntur,

2183 5329 2289 5384 illis
2323 5329 2602 5399 prophetia
2634 5336 2892 5398 tanquam
2939 5328 3205 5394 fidelibus,
3263 5328 3384 5382 istis
3424 5329 3579 5398 signa
3626 5336 3754 5384 tan-

2181 5435 2344 5492 quam
2372 5419 2676 5474 infidelibus
2705 5419 2828 5472 data
2857 5427 3003 5474 sunt.

2255 5509 2363 5582 (Es:
2402 5508 2592 5581 Beda.)
2633 5509 2855 5564 Constat
2885 5509 3083 5579 quippe
3129 5509 3314 5580 Magos
3354 5509 3633 5566 Christum
3663 5511 3761 5566 ho-

2184 5599 2381 5654 minem
2420 5598 2766 5663 intellexisse,
2823 5608 3044 5669 propter
3095 5600 3239 5669 quod
3293 5599 3517 5654 dicunt:
3557 5597 3656 5654 Ubi
3683 5610 3758 5654 est

2183 5691 2272 5761 qui
2309 5698 2463 5742 natus
2493 5698 2567 5742 est
2595 5688 2619 5740 .’
2644 5697 2699 5740 et
2727 5703 2928 5759 regem,
2958 5688 3083 5757 quia
3120 5689 3305 5744 dicunt
3336 5706 3347 5741 :
3381 5687 3496 5742 Rex
3539 5687 3758 5743 Judtea-
