  <div class='ocr_page' id='page_1' title='image "/cluster/home/n/w/nwhite01/storage/ocr_20150623/102/umn.31951002477395f/044.png"; bbox 0 0 3946 6448; ppageno 0'>
   <div class='ocr_carea' id='block_1_1' title="bbox 219 276 3485 340">
    <p class='ocr_par' dir='ltr' id='par_1_1' title="bbox 219 276 3485 340">
     <span class='ocr_line' id='line_1_1' title="bbox 219 276 3485 340; baseline -0.003 -1"><span class='ocrx_word' id='word_1_1' title='bbox 219 280 287 339; x_wconf 75' lang='lat'><strong>75</strong></span> <span class='ocrx_word' id='word_1_2' title='bbox 1046 281 1657 340; x_wconf 62' lang='lat' dir='ltr'><strong>COLIECTIONES—lN</strong></span> <span class='ocrx_word' id='word_1_3' title='bbox 1696 279 2077 339; x_wconf 63' lang='lat' dir='ltr'><strong>EPISTOLAS</strong></span> <span class='ocrx_word' id='word_1_4' title='bbox 2118 279 2206 335; x_wconf 85' lang='lat' dir='ltr'><strong>ET</strong></span> <span class='ocrx_word' id='word_1_5' title='bbox 2244 276 2655 333; x_wconf 58' lang='lat' dir='ltr'><strong>EYANGEUA&#39;.</strong></span> <span class='ocrx_word' id='word_1_6' title='bbox 3402 276 3485 330; x_wconf 57' lang='grc' dir='ltr'><strong><em>τὰ</em></strong></span> 
     </span>
    </p>
   </div>
   <div class='ocr_carea' id='block_1_2' title="bbox 225 385 3481 469">
    <p class='ocr_par' dir='ltr' id='par_1_2' title="bbox 225 385 3481 469">
     <span class='ocr_line' id='line_1_2' title="bbox 225 385 3481 469; baseline -0.002 -22"><span class='ocrx_word' id='word_1_7' title='bbox 225 410 361 458; x_wconf 83' lang='lat' dir='ltr'><strong>runt,</strong></span> <span class='ocrx_word' id='word_1_8' title='bbox 386 402 440 448; x_wconf 77' lang='lat' dir='ltr'><strong>et</strong></span> <span class='ocrx_word' id='word_1_9' title='bbox 479 393 782 457; x_wconf 85' lang='lat' dir='ltr'><strong>Dominum,</strong></span> <span class='ocrx_word' id='word_1_10' title='bbox 814 394 947 463; x_wconf 83' lang='lat' dir='ltr'><strong>quia</strong></span> <span class='ocrx_word' id='word_1_11' title='bbox 995 394 1179 449; x_wconf 91' lang='lat' dir='ltr'><strong>dicunt</strong></span> <span class='ocrx_word' id='word_1_12' title='bbox 1234 415 1245 449; x_wconf 86' lang='lat'>:</span> <span class='ocrx_word' id='word_1_13' title='bbox 1292 395 1533 447; x_wconf 75' lang='lat' dir='ltr'><strong>Venimus</strong></span> <span class='ocrx_word' id='word_1_14' title='bbox 1574 394 1799 447; x_wconf 80' lang='lat' dir='ltr'><strong>adorare</strong></span> <span class='ocrx_word' id='word_1_15' title='bbox 1828 405 1875 459; x_wconf 65' lang='grc' dir='ltr'><strong>Α</strong></span> <span class='ocrx_word' id='word_1_16' title='bbox 1902 392 2061 454; x_wconf 91' lang='lat' dir='ltr'><strong>hunc,</strong></span> <span class='ocrx_word' id='word_1_17' title='bbox 2097 391 2141 443; x_wconf 90' lang='lat' dir='ltr'><strong>si</strong></span> <span class='ocrx_word' id='word_1_18' title='bbox 2174 389 2411 443; x_wconf 82' lang='lat' dir='ltr'><strong>invenire</strong></span> <span class='ocrx_word' id='word_1_19' title='bbox 2440 388 2647 469; x_wconf 59' lang='lat' dir='ltr'><strong>:pussit,</strong></span> <span class='ocrx_word' id='word_1_20' title='bbox 2698 387 3026 458; x_wconf 60' lang='lat' dir='ltr'><strong>exstinguat,</strong></span> <span class='ocrx_word' id='word_1_21' title='bbox 3060 385 3159 447; x_wconf 84' lang='lat' dir='ltr'><strong>sed</strong></span> <span class='ocrx_word' id='word_1_22' title='bbox 3180 387 3308 459; x_wconf 84' lang='lat' dir='ltr'><strong>quia</strong></span> <span class='ocrx_word' id='word_1_23' title='bbox 3355 387 3481 446; x_wconf 80' lang='lat' dir='ltr'><strong>ﬁcte</strong></span> 
     </span>
    </p>
   </div>
   <div class='ocr_carea' id='block_1_3' title="bbox 224 484 1794 552">
    <p class='ocr_par' dir='ltr' id='par_1_3' title="bbox 224 484 1794 552">
     <span class='ocr_line' id='line_1_3' title="bbox 224 484 1794 552; baseline -0.001 -13"><span class='ocrx_word' id='word_1_24' title='bbox 224 503 360 539; x_wconf 85' lang='lat' dir='ltr'><strong>eum.</strong></span> <span class='ocrx_word' id='word_1_25' title='bbox 391 484 492 552; x_wconf 84' lang='lat' dir='ltr'><strong>Qui</strong></span> <span class='ocrx_word' id='word_1_26' title='bbox 519 485 682 538; x_wconf 89' lang='lat' dir='ltr'><strong>etiam</strong></span> <span class='ocrx_word' id='word_1_27' title='bbox 718 485 820 539; x_wconf 91' lang='lat' dir='ltr'><strong>hoc</strong></span> <span class='ocrx_word' id='word_1_28' title='bbox 846 485 1228 541; x_wconf 86' lang='lat' dir='ltr'><strong>sublimissime</strong></span> <span class='ocrx_word' id='word_1_29' title='bbox 1264 487 1329 541; x_wconf 91' lang='lat' dir='ltr'><strong>de</strong></span> <span class='ocrx_word' id='word_1_30' title='bbox 1351 486 1440 540; x_wconf 89' lang='lat' dir='ltr'><strong>illo</strong></span> <span class='ocrx_word' id='word_1_31' title='bbox 1487 494 1794 548; x_wconf 84' lang='lat' dir='ltr'><strong>senserunt,</strong></span> 
     </span>
    </p>
   </div>
   <div class='ocr_carea' id='block_1_4' title="bbox 224 572 1841 645">
    <p class='ocr_par' dir='ltr' id='par_1_4' title="bbox 224 572 1841 645">
     <span class='ocr_line' id='line_1_4' title="bbox 224 572 1841 645; baseline -0.001 -16"><span class='ocrx_word' id='word_1_32' title='bbox 224 575 350 645; x_wconf 97' lang='lat' dir='ltr'><strong>quia</strong></span> <span class='ocrx_word' id='word_1_33' title='bbox 380 590 499 629; x_wconf 90' lang='lat' dir='ltr'><strong>cum</strong></span> <span class='ocrx_word' id='word_1_34' title='bbox 530 582 673 629; x_wconf 88' lang='lat' dir='ltr'><strong>esset</strong></span> <span class='ocrx_word' id='word_1_35' title='bbox 702 572 815 628; x_wconf 80' lang='lat' dir='ltr'><strong>Rex</strong></span> <span class='ocrx_word' id='word_1_36' title='bbox 842 572 1169 640; x_wconf 70' lang='lat' dir='ltr'><strong>Judrcorum,</strong></span> <span class='ocrx_word' id='word_1_37' title='bbox 1211 574 1278 628; x_wconf 91' lang='lat' dir='ltr'><strong>ad</strong></span> <span class='ocrx_word' id='word_1_38' title='bbox 1308 575 1592 629; x_wconf 86' lang='lat' dir='ltr'><strong>salvandas</strong></span> <span class='ocrx_word' id='word_1_39' title='bbox 1634 574 1799 628; x_wconf 89' lang='lat' dir='ltr'><strong>etiam</strong></span> <span class='ocrx_word' id='word_1_40' title='bbox 1838 624 1841 627; x_wconf 89' lang='lat'><strong>.</strong></span> 
     </span>
    </p>
   </div>
   <div class='ocr_carea' id='block_1_5' title="bbox 228 662 1799 736">
    <p class='ocr_par' dir='ltr' id='par_1_5' title="bbox 228 662 1799 736">
     <span class='ocr_line' id='line_1_5' title="bbox 228 662 1799 736; baseline -0.003 -17"><span class='ocrx_word' id='word_1_41' title='bbox 228 673 433 736; x_wconf 83' lang='lat' dir='ltr'><strong>gentes,</strong></span> <span class='ocrx_word' id='word_1_42' title='bbox 461 678 583 732; x_wconf 71' lang='lat' dir='ltr'><strong>qua:</strong></span> <span class='ocrx_word' id='word_1_43' title='bbox 607 662 658 716; x_wconf 93' lang='lat' dir='ltr'><strong>in</strong></span> <span class='ocrx_word' id='word_1_44' title='bbox 690 662 862 731; x_wconf 83' lang='lat' dir='ltr'><strong>ipsum</strong></span> <span class='ocrx_word' id='word_1_45' title='bbox 891 665 1111 717; x_wconf 87' lang='lat' dir='ltr'><strong>credere</strong></span> <span class='ocrx_word' id='word_1_46' title='bbox 1137 671 1299 732; x_wconf 87' lang='lat' dir='ltr'><strong>atque</strong></span> <span class='ocrx_word' id='word_1_47' title='bbox 1337 665 1405 717; x_wconf 88' lang='lat' dir='ltr'><strong>ad</strong></span> <span class='ocrx_word' id='word_1_48' title='bbox 1436 662 1584 716; x_wconf 92' lang='lat' dir='ltr'><strong>illum</strong></span> <span class='ocrx_word' id='word_1_49' title='bbox 1614 662 1799 715; x_wconf 88' lang='lat' dir='ltr'><strong>venire</strong></span> 
     </span>
    </p>
   </div>
   <div class='ocr_carea' id='block_1_6' title="bbox 228 752 1801 823">
    <p class='ocr_par' dir='ltr' id='par_1_6' title="bbox 228 752 1801 823">
     <span class='ocr_line' id='line_1_6' title="bbox 228 752 1801 823; baseline -0.002 -17"><span class='ocrx_word' id='word_1_50' title='bbox 228 754 442 819; x_wconf 82' lang='lat' dir='ltr'><strong>vellent,</strong></span> <span class='ocrx_word' id='word_1_51' title='bbox 471 761 620 807; x_wconf 89' lang='lat' dir='ltr'><strong>esset</strong></span> <span class='ocrx_word' id='word_1_52' title='bbox 670 752 916 816; x_wconf 90' lang='lat' dir='ltr'><strong>idoneus,</strong></span> <span class='ocrx_word' id='word_1_53' title='bbox 966 752 1108 823; x_wconf 90' lang='lat' dir='ltr'><strong>quod</strong></span> <span class='ocrx_word' id='word_1_54' title='bbox 1160 769 1256 807; x_wconf 92' lang='lat' dir='ltr'><strong>suo</strong></span> <span class='ocrx_word' id='word_1_55' title='bbox 1306 753 1538 806; x_wconf 74' lang='lat' dir='ltr'><strong>maxime</strong></span> <span class='ocrx_word' id='word_1_56' title='bbox 1567 752 1801 805; x_wconf 88' lang='lat' dir='ltr'><strong>adventu</strong></span> 
     </span>
    </p>
   </div>
   <div class='ocr_carea' id='block_1_7' title="bbox 226 841 1803 916">
    <p class='ocr_par' dir='ltr' id='par_1_7' title="bbox 226 841 1803 916">
     <span class='ocr_line' id='line_1_7' title="bbox 226 841 1803 916; baseline -0.004 -17"><span class='ocrx_word' id='word_1_57' title='bbox 226 846 587 916; x_wconf 87' lang='lat' dir='ltr'><strong>probaverunt</strong></span> <span class='ocrx_word' id='word_1_58' title='bbox 628 850 683 897; x_wconf 90' lang='lat' dir='ltr'><strong>et</strong></span> <span class='ocrx_word' id='word_1_59' title='bbox 713 850 856 897; x_wconf 89' lang='lat' dir='ltr'><strong>actu.</strong></span> <span class='ocrx_word' id='word_1_60' title='bbox 905 841 1012 897; x_wconf 88' lang='lat' dir='ltr'><strong>Sed</strong></span> <span class='ocrx_word' id='word_1_61' title='bbox 1037 842 1177 898; x_wconf 90' lang='lat' dir='ltr'><strong>etde</strong></span> <span class='ocrx_word' id='word_1_62' title='bbox 1201 842 1355 897; x_wconf 77' lang='lat' dir='ltr'><strong>stella</strong></span> <span class='ocrx_word' id='word_1_63' title='bbox 1387 857 1508 911; x_wconf 75' lang='lat' dir='ltr'><strong>qum</strong></span> <span class='ocrx_word' id='word_1_64' title='bbox 1533 842 1613 895; x_wconf 77' lang='lat' dir='ltr'><strong>eis</strong></span> <span class='ocrx_word' id='word_1_65' title='bbox 1645 855 1803 909; x_wconf 88' lang='lat' dir='ltr'><strong>appa-</strong></span> 
     </span>
    </p>
   </div>
   <div class='ocr_carea' id='block_1_8' title="bbox 229 931 1803 1004">
    <p class='ocr_par' dir='ltr' id='par_1_8' title="bbox 229 931 1803 1004">
     <span class='ocr_line' id='line_1_8' title="bbox 229 931 1803 1004; baseline -0.004 -15"><span class='ocrx_word' id='word_1_66' title='bbox 229 936 356 1001; x_wconf 89' lang='lat' dir='ltr'><strong>ruit,</strong></span> <span class='ocrx_word' id='word_1_67' title='bbox 422 933 643 1004; x_wconf 89' lang='lat' dir='ltr'><strong>quidam</strong></span> <span class='ocrx_word' id='word_1_68' title='bbox 696 934 881 988; x_wconf 91' lang='lat' dir='ltr'><strong>dicunt</strong></span> <span class='ocrx_word' id='word_1_69' title='bbox 914 933 982 988; x_wconf 90' lang='lat' dir='ltr'><strong>ab</strong></span> <span class='ocrx_word' id='word_1_70' title='bbox 1037 932 1248 987; x_wconf 84' lang='lat' dir='ltr'><strong>oriente</strong></span> <span class='ocrx_word' id='word_1_71' title='bbox 1298 948 1467 1002; x_wconf 90' lang='lat' dir='ltr'><strong>usque</strong></span> <span class='ocrx_word' id='word_1_72' title='bbox 1495 932 1561 985; x_wconf 88' lang='lat' dir='ltr'><strong>ad</strong></span> <span class='ocrx_word' id='word_1_73' title='bbox 1603 931 1803 985; x_wconf 83' lang='lat' dir='ltr'><strong>vicinia</strong></span> 
     </span>
    </p>
   </div>
   <div class='ocr_carea' id='block_1_9' title="bbox 227 1021 1803 1092">
    <p class='ocr_par' dir='ltr' id='par_1_9' title="bbox 227 1021 1803 1092">
     <span class='ocr_line' id='line_1_9' title="bbox 227 1021 1803 1092; baseline -0.004 -12"><span class='ocrx_word' id='word_1_74' title='bbox 227 1025 519 1090; x_wconf 77' lang='lat' dir='ltr'><strong>Bethleem,</strong></span> <span class='ocrx_word' id='word_1_75' title='bbox 550 1024 742 1079; x_wconf 89' lang='lat' dir='ltr'><strong>ducem</strong></span> <span class='ocrx_word' id='word_1_76' title='bbox 770 1024 848 1078; x_wconf 89' lang='lat' dir='ltr'><strong>eis</strong></span> <span class='ocrx_word' id='word_1_77' title='bbox 872 1023 1083 1078; x_wconf 83' lang='lat' dir='ltr'><strong>itineris</strong></span> <span class='ocrx_word' id='word_1_78' title='bbox 1104 1022 1398 1086; x_wconf 74' lang='lat' dir='ltr'><strong>exstitisse,</strong></span> <span class='ocrx_word' id='word_1_79' title='bbox 1431 1021 1573 1092; x_wconf 85' lang='lat' dir='ltr'><strong>quod</strong></span> <span class='ocrx_word' id='word_1_80' title='bbox 1601 1035 1803 1090; x_wconf 88' lang='lat' dir='ltr'><strong>nequa-</strong></span> 
     </span>
    </p>
   </div>
   <div class='ocr_carea' id='block_1_10' title="bbox 230 1109 1796 1186">
    <p class='ocr_par' dir='ltr' id='par_1_10' title="bbox 230 1109 1796 1186">
     <span class='ocr_line' id='line_1_10' title="bbox 230 1109 1796 1186; baseline -0.005 -16"><span class='ocrx_word' id='word_1_81' title='bbox 230 1132 390 1186; x_wconf 83' lang='lat' dir='ltr'><strong>quam</strong></span> <span class='ocrx_word' id='word_1_82' title='bbox 421 1114 495 1169; x_wconf 86' lang='lat' dir='ltr'><strong>ita</strong></span> <span class='ocrx_word' id='word_1_83' title='bbox 526 1128 667 1180; x_wconf 89' lang='lat' dir='ltr'><strong>esse,</strong></span> <span class='ocrx_word' id='word_1_84' title='bbox 719 1113 835 1184; x_wconf 88' lang='lat' dir='ltr'><strong>ipsa</strong></span> <span class='ocrx_word' id='word_1_85' title='bbox 866 1112 1142 1183; x_wconf 81' lang='lat' dir='ltr'><strong>Evangelii</strong></span> <span class='ocrx_word' id='word_1_86' title='bbox 1199 1112 1400 1166; x_wconf 88' lang='lat' dir='ltr'><strong>veritas</strong></span> <span class='ocrx_word' id='word_1_87' title='bbox 1428 1110 1683 1180; x_wconf 89' lang='lat' dir='ltr'><strong>inquisita</strong></span> <span class='ocrx_word' id='word_1_88' title='bbox 1708 1109 1796 1164; x_wconf 88' lang='lat' dir='ltr'><strong>de-</strong></span> 
     </span>
    </p>
   </div>
   <div class='ocr_carea' id='block_1_11' title="bbox 230 1198 1802 1273">
    <p class='ocr_par' dir='ltr' id='par_1_11' title="bbox 230 1198 1802 1273">
     <span class='ocr_line' id='line_1_11' title="bbox 230 1198 1802 1273; baseline -0.006 -13"><span class='ocrx_word' id='word_1_89' title='bbox 230 1210 513 1270; x_wconf 81' lang='lat' dir='ltr'><strong>monstrat,</strong></span> <span class='ocrx_word' id='word_1_90' title='bbox 547 1203 639 1257; x_wconf 91' lang='lat' dir='ltr'><strong>sed</strong></span> <span class='ocrx_word' id='word_1_91' title='bbox 669 1203 850 1273; x_wconf 78' lang='lat' dir='ltr'><strong>potius</strong></span> <span class='ocrx_word' id='word_1_92' title='bbox 880 1201 933 1255; x_wconf 92' lang='lat' dir='ltr'><strong>in</strong></span> <span class='ocrx_word' id='word_1_93' title='bbox 969 1202 1181 1255; x_wconf 81' lang='lat' dir='ltr'><strong>oriente</strong></span> <span class='ocrx_word' id='word_1_94' title='bbox 1222 1209 1429 1255; x_wconf 88' lang='lat' dir='ltr'><strong>tantum</strong></span> <span class='ocrx_word' id='word_1_95' title='bbox 1459 1215 1553 1254; x_wconf 88' lang='lat' dir='ltr'><strong>eos</strong></span> <span class='ocrx_word' id='word_1_96' title='bbox 1594 1198 1802 1254; x_wconf 88' lang='lat' dir='ltr'><strong>stellam</strong></span> 
     </span>
    </p>
   </div>
   <div class='ocr_carea' id='block_1_12' title="bbox 230 1275 1805 1365">
    <p class='ocr_par' dir='ltr' id='par_1_12' title="bbox 230 1275 1805 1365">
     <span class='ocr_line' id='line_1_12' title="bbox 230 1275 1805 1365; baseline -0.004 -14"><span class='ocrx_word' id='word_1_97' title='bbox 230 1297 467 1365; x_wconf 75' lang='lat' dir='ltr'><strong>vidisse,</strong></span> <span class='ocrx_word' id='word_1_98' title='bbox 500 1275 820 1364; x_wconf 63' lang='lat' dir='ltr'><strong>statimque</strong></span> <span class='ocrx_word' id='word_1_99' title='bbox 866 1293 1229 1360; x_wconf 61' lang='lat' dir='ltr'><strong>intellexisse,</strong></span> <span class='ocrx_word' id='word_1_100' title='bbox 1287 1292 1411 1362; x_wconf 87' lang='lat' dir='ltr'><strong>quia</strong></span> <span class='ocrx_word' id='word_1_101' title='bbox 1460 1293 1576 1346; x_wconf 73' lang='lat' dir='ltr'><strong>hrcc</strong></span> <span class='ocrx_word' id='word_1_102' title='bbox 1627 1300 1805 1345; x_wconf 90' lang='lat' dir='ltr'><strong>ortum</strong></span> 
     </span>
    </p>
   </div>
   <div class='ocr_carea' id='block_1_13' title="bbox 231 1381 1808 1457">
    <p class='ocr_par' dir='ltr' id='par_1_13' title="bbox 231 1381 1808 1457">
     <span class='ocr_line' id='line_1_13' title="bbox 231 1381 1808 1457; baseline -0.003 -15"><span class='ocrx_word' id='word_1_103' title='bbox 231 1389 342 1442; x_wconf 87' lang='lat' dir='ltr'><strong>nati</strong></span> <span class='ocrx_word' id='word_1_104' title='bbox 394 1388 446 1441; x_wconf 90' lang='lat' dir='ltr'><strong>in</strong></span> <span class='ocrx_word' id='word_1_105' title='bbox 494 1383 679 1442; x_wconf 68' lang='grc' dir='ltr'><strong>Ιιιόεηίι</strong></span> <span class='ocrx_word' id='word_1_106' title='bbox 728 1387 888 1457; x_wconf 82' lang='lat' dir='ltr'><strong>Regis</strong></span> <span class='ocrx_word' id='word_1_107' title='bbox 933 1386 1202 1457; x_wconf 80' lang='lat' dir='ltr'><strong>signaret,</strong></span> <span class='ocrx_word' id='word_1_108' title='bbox 1251 1385 1370 1438; x_wconf 80' lang='lat' dir='ltr'><strong>ideo</strong></span> <span class='ocrx_word' id='word_1_109' title='bbox 1403 1392 1667 1438; x_wconf 86' lang='lat' dir='ltr'><strong>venerunt</strong></span> <span class='ocrx_word' id='word_1_110' title='bbox 1714 1381 1808 1437; x_wconf 79' lang='lat' dir='ltr'><strong>Ju-</strong></span> 
     </span>
    </p>
   </div>
   <div class='ocr_carea' id='block_1_14' title="bbox 232 1462 1815 1545">
    <p class='ocr_par' dir='ltr' id='par_1_14' title="bbox 232 1462 1815 1545">
     <span class='ocr_line' id='line_1_14' title="bbox 232 1462 1815 1545; baseline -0.002 -13"><span class='ocrx_word' id='word_1_111' title='bbox 232 1480 421 1532; x_wconf 72' lang='lat' dir='ltr'><strong>dmam.</strong></span> <span class='ocrx_word' id='word_1_112' title='bbox 478 1475 719 1545; x_wconf 89' lang='lat' dir='ltr'><strong>Cmnque</strong></span> <span class='ocrx_word' id='word_1_113' title='bbox 776 1475 1098 1530; x_wconf 87' lang='lat' dir='ltr'><strong>testimoniis</strong></span> <span class='ocrx_word' id='word_1_114' title='bbox 1133 1474 1486 1545; x_wconf 86' lang='lat' dir='ltr'><strong>propheticis,</strong></span> <span class='ocrx_word' id='word_1_115' title='bbox 1542 1474 1597 1529; x_wconf 89' lang='lat' dir='ltr'><strong>in</strong></span> <span class='ocrx_word' id='word_1_116' title='bbox 1648 1462 1815 1529; x_wconf 21' lang='lat' dir='ltr'><strong>Beth-I</strong></span> 
     </span>
    </p>
   </div>
   <div class='ocr_carea' id='block_1_15' title="bbox 234 1564 1802 1637">
    <p class='ocr_par' dir='ltr' id='par_1_15' title="bbox 234 1564 1802 1637">
     <span class='ocr_line' id='line_1_15' title="bbox 234 1564 1802 1637; baseline -0.003 -16"><span class='ocrx_word' id='word_1_117' title='bbox 234 1569 371 1623; x_wconf 81' lang='lat' dir='ltr'><strong>leem</strong></span> <span class='ocrx_word' id='word_1_118' title='bbox 424 1567 570 1621; x_wconf 89' lang='lat' dir='ltr'><strong>illum</strong></span> <span class='ocrx_word' id='word_1_119' title='bbox 627 1575 809 1621; x_wconf 88' lang='lat' dir='ltr'><strong>natum</strong></span> <span class='ocrx_word' id='word_1_120' title='bbox 861 1565 1261 1637; x_wconf 78' lang='lat' dir='ltr'><strong>cognovissent,</strong></span> <span class='ocrx_word' id='word_1_121' title='bbox 1322 1580 1446 1619; x_wconf 75' lang='lat' dir='ltr'><strong>mox</strong></span> <span class='ocrx_word' id='word_1_122' title='bbox 1510 1564 1637 1619; x_wconf 90' lang='lat' dir='ltr'><strong>illuc</strong></span> <span class='ocrx_word' id='word_1_123' title='bbox 1696 1564 1802 1617; x_wconf 83' lang='lat' dir='ltr'><strong>iter</strong></span> 
     </span>
    </p>
   </div>
   <div class='ocr_carea' id='block_1_16' title="bbox 231 1654 1807 1731">
    <p class='ocr_par' dir='ltr' id='par_1_16' title="bbox 231 1654 1807 1731">
     <span class='ocr_line' id='line_1_16' title="bbox 231 1654 1807 1731; baseline -0.003 -18"><span class='ocrx_word' id='word_1_124' title='bbox 231 1666 469 1731; x_wconf 77' lang='lat' dir='ltr'><strong>agentes,</strong></span> <span class='ocrx_word' id='word_1_125' title='bbox 516 1657 723 1712; x_wconf 88' lang='lat' dir='ltr'><strong>stellam</strong></span> <span class='ocrx_word' id='word_1_126' title='bbox 754 1672 914 1726; x_wconf 86' lang='lat' dir='ltr'><strong>quam</strong></span> <span class='ocrx_word' id='word_1_127' title='bbox 966 1657 1018 1710; x_wconf 90' lang='lat' dir='ltr'><strong>in</strong></span> <span class='ocrx_word' id='word_1_128' title='bbox 1048 1656 1258 1711; x_wconf 80' lang='lat' dir='ltr'><strong>oriente</strong></span> <span class='ocrx_word' id='word_1_129' title='bbox 1310 1655 1581 1720; x_wconf 80' lang='lat' dir='ltr'><strong>viderant,</strong></span> <span class='ocrx_word' id='word_1_130' title='bbox 1615 1654 1807 1709; x_wconf 85' lang='lat' dir='ltr'><strong>ducem</strong></span> 
     </span>
    </p>
   </div>
   <div class='ocr_carea' id='block_1_17' title="bbox 234 1746 1876 1816">
    <p class='ocr_par' dir='ltr' id='par_1_17' title="bbox 234 1746 1876 1816">
     <span class='ocr_line' id='line_1_17' title="bbox 234 1746 1876 1816; baseline -0.003 -11"><span class='ocrx_word' id='word_1_131' title='bbox 234 1751 433 1805; x_wconf 85' lang='lat' dir='ltr'><strong>habere</strong></span> <span class='ocrx_word' id='word_1_132' title='bbox 474 1757 804 1804; x_wconf 87' lang='lat' dir='ltr'><strong>meruerunt.</strong></span> <span class='ocrx_word' id='word_1_133' title='bbox 843 1748 972 1816; x_wconf 71' lang='lat' dir='ltr'><strong>Qum</strong></span> <span class='ocrx_word' id='word_1_134' title='bbox 1001 1764 1103 1803; x_wconf 90' lang='lat' dir='ltr'><strong>non</strong></span> <span class='ocrx_word' id='word_1_135' title='bbox 1133 1750 1184 1802; x_wconf 91' lang='lat' dir='ltr'><strong>in</strong></span> <span class='ocrx_word' id='word_1_136' title='bbox 1218 1763 1425 1802; x_wconf 88' lang='lat' dir='ltr'><strong>summa</strong></span> <span class='ocrx_word' id='word_1_137' title='bbox 1454 1746 1576 1803; x_wconf 75' lang='lat' dir='ltr'><strong>cmli</strong></span> <span class='ocrx_word' id='word_1_138' title='bbox 1619 1746 1802 1801; x_wconf 88' lang='lat' dir='ltr'><strong>altitu—</strong></span> <span class='ocrx_word' id='word_1_139' title='bbox 1829 1750 1876 1809; x_wconf 84' lang='grc' dir='ltr'><strong>Β</strong></span> 
     </span>
    </p>
   </div>
   <div class='ocr_carea' id='block_1_18' title="bbox 235 1838 1807 1905">
    <p class='ocr_par' dir='ltr' id='par_1_18' title="bbox 235 1838 1807 1905">
     <span class='ocr_line' id='line_1_18' title="bbox 235 1838 1807 1905; baseline -0.003 -9"><span class='ocrx_word' id='word_1_140' title='bbox 235 1841 359 1897; x_wconf 88' lang='lat' dir='ltr'><strong>dine</strong></span> <span class='ocrx_word' id='word_1_141' title='bbox 411 1842 553 1894; x_wconf 89' lang='lat' dir='ltr'><strong>inter</strong></span> <span class='ocrx_word' id='word_1_142' title='bbox 605 1848 829 1895; x_wconf 73' lang='lat' dir='ltr'><strong>czeteras</strong></span> <span class='ocrx_word' id='word_1_143' title='bbox 880 1841 1085 1905; x_wconf 81' lang='lat' dir='ltr'><strong>stellas,</strong></span> <span class='ocrx_word' id='word_1_144' title='bbox 1137 1840 1232 1894; x_wconf 87' lang='lat' dir='ltr'><strong>sed</strong></span> <span class='ocrx_word' id='word_1_145' title='bbox 1288 1840 1340 1894; x_wconf 92' lang='lat' dir='ltr'><strong>in</strong></span> <span class='ocrx_word' id='word_1_146' title='bbox 1399 1838 1596 1895; x_wconf 88' lang='lat' dir='ltr'><strong>vicinia</strong></span> <span class='ocrx_word' id='word_1_147' title='bbox 1647 1851 1807 1893; x_wconf 82' lang='lat' dir='ltr'><strong>terrae</strong></span> 
     </span>
    </p>
   </div>
   <div class='ocr_carea' id='block_1_19' title="bbox 237 1922 1422 1986">
    <p class='ocr_par' dir='ltr' id='par_1_19' title="bbox 237 1922 1422 1986">
     <span class='ocr_line' id='line_1_19' title="bbox 237 1922 1422 1986; baseline -0.004 0"><span class='ocrx_word' id='word_1_148' title='bbox 237 1933 351 1986; x_wconf 85' lang='lat' dir='ltr'><strong>visa</strong></span> <span class='ocrx_word' id='word_1_149' title='bbox 375 1941 457 1986; x_wconf 86' lang='lat' dir='ltr'><strong>est</strong></span> <span class='ocrx_word' id='word_1_150' title='bbox 492 1930 617 1986; x_wconf 89' lang='lat' dir='ltr'><strong>illis.</strong></span> <span class='ocrx_word' id='word_1_151' title='bbox 1418 1922 1422 1935; x_wconf 61' lang='grc'><strong>³</strong></span> 
     </span>
    </p>
   </div>
   <div class='ocr_carea' id='block_1_20' title="bbox 308 2021 1807 2087">
    <p class='ocr_par' dir='ltr' id='par_1_20' title="bbox 308 2021 1807 2087">
     <span class='ocr_line' id='line_1_20' title="bbox 308 2021 1807 2087; baseline 0 -12"><span class='ocrx_word' id='word_1_152' title='bbox 308 2021 533 2076; x_wconf 74' lang='lat' dir='ltr'><strong>Audiens</strong></span> <span class='ocrx_word' id='word_1_153' title='bbox 561 2033 731 2076; x_wconf 86' lang='lat' dir='ltr'><strong>autent</strong></span> <span class='ocrx_word' id='word_1_154' title='bbox 756 2021 987 2077; x_wconf 81' lang='lat' dir='ltr'><strong>Herodes</strong></span> <span class='ocrx_word' id='word_1_155' title='bbox 1016 2039 1125 2087; x_wconf 69' lang='lat' dir='ltr'><strong>rex,</strong></span> <span class='ocrx_word' id='word_1_156' title='bbox 1167 2024 1405 2076; x_wconf 86' lang='lat' dir='ltr'><strong>turbatus</strong></span> <span class='ocrx_word' id='word_1_157' title='bbox 1444 2031 1538 2087; x_wconf 88' lang='lat' dir='ltr'><strong>est,</strong></span> <span class='ocrx_word' id='word_1_158' title='bbox 1568 2032 1614 2075; x_wconf 90' lang='lat' dir='ltr'><strong>et</strong></span> <span class='ocrx_word' id='word_1_159' title='bbox 1642 2024 1807 2075; x_wconf 79' lang='lat' dir='ltr'><strong>omnis</strong></span> 
     </span>
    </p>
   </div>
   <div class='ocr_carea' id='block_1_21' title="bbox 240 2115 1809 2188">
    <p class='ocr_par' dir='ltr' id='par_1_21' title="bbox 240 2115 1809 2188">
     <span class='ocr_line' id='line_1_21' title="bbox 240 2115 1809 2188; baseline -0.002 -16"><span class='ocrx_word' id='word_1_160' title='bbox 240 2117 600 2187; x_wconf 79' lang='lat' dir='ltr'><strong>Hierosolyma</strong></span> <span class='ocrx_word' id='word_1_161' title='bbox 644 2134 759 2171; x_wconf 78' lang='lat' dir='ltr'><strong>cum</strong></span> <span class='ocrx_word' id='word_1_162' title='bbox 801 2116 910 2171; x_wconf 84' lang='lat' dir='ltr'><strong>illo.</strong></span> <span class='ocrx_word' id='word_1_163' title='bbox 952 2117 1051 2188; x_wconf 69' lang='lat' dir='ltr'><strong>(Ex</strong></span> <span class='ocrx_word' id='word_1_164' title='bbox 1076 2115 1265 2186; x_wconf 81' lang='lat' dir='ltr'><strong>Greg.)</strong></span> <span class='ocrx_word' id='word_1_165' title='bbox 1302 2116 1435 2172; x_wconf 71' lang='grc' dir='ltr'><strong>ϐωιὶ</strong></span> <span class='ocrx_word' id='word_1_166' title='bbox 1493 2117 1638 2185; x_wconf 78' lang='lat' dir='ltr'><strong>Rege</strong></span> <span class='ocrx_word' id='word_1_167' title='bbox 1681 2124 1809 2170; x_wconf 84' lang='lat' dir='ltr'><strong>nato</strong></span> 
     </span>
    </p>
   </div>
   <div class='ocr_carea' id='block_1_22' title="bbox 237 2207 1811 2278">
    <p class='ocr_par' dir='ltr' id='par_1_22' title="bbox 237 2207 1811 2278">
     <span class='ocr_line' id='line_1_22' title="bbox 237 2207 1811 2278; baseline 0 -16"><span class='ocrx_word' id='word_1_168' title='bbox 237 2223 331 2262; x_wconf 73' lang='lat' dir='ltr'><strong>rex</strong></span> <span class='ocrx_word' id='word_1_169' title='bbox 357 2219 512 2263; x_wconf 74' lang='lat' dir='ltr'><strong>terrm</strong></span> <span class='ocrx_word' id='word_1_170' title='bbox 541 2210 786 2262; x_wconf 86' lang='lat' dir='ltr'><strong>turbatus</strong></span> <span class='ocrx_word' id='word_1_171' title='bbox 816 2216 916 2272; x_wconf 85' lang='lat' dir='ltr'><strong>est,</strong></span> <span class='ocrx_word' id='word_1_172' title='bbox 944 2209 1070 2278; x_wconf 87' lang='lat' dir='ltr'><strong>quia</strong></span> <span class='ocrx_word' id='word_1_173' title='bbox 1120 2209 1376 2263; x_wconf 83' lang='lat' dir='ltr'><strong>nimirum</strong></span> <span class='ocrx_word' id='word_1_174' title='bbox 1435 2216 1653 2262; x_wconf 86' lang='lat' dir='ltr'><strong>terrena</strong></span> <span class='ocrx_word' id='word_1_175' title='bbox 1692 2207 1811 2262; x_wconf 83' lang='lat' dir='ltr'><strong>alti—</strong></span> 
     </span>
    </p>
   </div>
   <div class='ocr_carea' id='block_1_23' title="bbox 236 2298 1809 2370">
    <p class='ocr_par' dir='ltr' id='par_1_23' title="bbox 236 2298 1809 2370">
     <span class='ocr_line' id='line_1_23' title="bbox 236 2298 1809 2370; baseline -0.001 -16"><span class='ocrx_word' id='word_1_176' title='bbox 236 2302 365 2355; x_wconf 89' lang='lat' dir='ltr'><strong>tudo</strong></span> <span class='ocrx_word' id='word_1_177' title='bbox 391 2298 754 2363; x_wconf 80' lang='lat' dir='ltr'><strong>confunditur,</strong></span> <span class='ocrx_word' id='word_1_178' title='bbox 810 2315 929 2354; x_wconf 89' lang='lat' dir='ltr'><strong>cum</strong></span> <span class='ocrx_word' id='word_1_179' title='bbox 962 2300 1223 2354; x_wconf 81' lang='lat' dir='ltr'><strong>celsitudo</strong></span> <span class='ocrx_word' id='word_1_180' title='bbox 1254 2299 1496 2354; x_wconf 74' lang='lat' dir='ltr'><strong>cmlestis</strong></span> <span class='ocrx_word' id='word_1_181' title='bbox 1527 2300 1809 2370; x_wconf 88' lang='lat' dir='ltr'><strong>aperitur;</strong></span> 
     </span>
    </p>
   </div>
   <div class='ocr_carea' id='block_1_24' title="bbox 235 2389 1813 2460">
    <p class='ocr_par' dir='ltr' id='par_1_24' title="bbox 235 2389 1813 2460">
     <span class='ocr_line' id='line_1_24' title="bbox 235 2389 1813 2460; baseline -0.001 -15"><span class='ocrx_word' id='word_1_182' title='bbox 235 2400 290 2445; x_wconf 91' lang='lat' dir='ltr'><strong>et</strong></span> <span class='ocrx_word' id='word_1_183' title='bbox 317 2400 377 2445; x_wconf 92' lang='lat' dir='ltr'><strong>ut</strong></span> <span class='ocrx_word' id='word_1_184' title='bbox 400 2391 488 2445; x_wconf 91' lang='lat' dir='ltr'><strong>alii</strong></span> <span class='ocrx_word' id='word_1_185' title='bbox 532 2390 736 2455; x_wconf 88' lang='lat' dir='ltr'><strong>volunt,</strong></span> <span class='ocrx_word' id='word_1_186' title='bbox 767 2390 884 2445; x_wconf 90' lang='lat' dir='ltr'><strong>ideo</strong></span> <span class='ocrx_word' id='word_1_187' title='bbox 905 2389 1143 2445; x_wconf 77' lang='lat' dir='ltr'><strong>Herodes</strong></span> <span class='ocrx_word' id='word_1_188' title='bbox 1171 2391 1312 2460; x_wconf 85' lang='lat' dir='ltr'><strong>regis</strong></span> <span class='ocrx_word' id='word_1_189' title='bbox 1351 2406 1546 2444; x_wconf 88' lang='lat' dir='ltr'><strong>nomen</strong></span> <span class='ocrx_word' id='word_1_190' title='bbox 1577 2391 1632 2444; x_wconf 90' lang='lat' dir='ltr'><strong>in</strong></span> <span class='ocrx_word' id='word_1_191' title='bbox 1654 2389 1813 2444; x_wconf 87' lang='lat' dir='ltr'><strong>Chri-</strong></span> 
     </span>
    </p>
   </div>
   <div class='ocr_carea' id='block_1_25' title="bbox 237 2480 1871 2553">
    <p class='ocr_par' dir='ltr' id='par_1_25' title="bbox 237 2480 1871 2553">
     <span class='ocr_line' id='line_1_25' title="bbox 237 2480 1871 2553; baseline -0.002 -16"><span class='ocrx_word' id='word_1_192' title='bbox 237 2492 321 2538; x_wconf 91' lang='lat' dir='ltr'><strong>sto</strong></span> <span class='ocrx_word' id='word_1_193' title='bbox 353 2481 680 2553; x_wconf 86' lang='lat' dir='ltr'><strong>indignatur,</strong></span> <span class='ocrx_word' id='word_1_194' title='bbox 718 2481 841 2553; x_wconf 85' lang='lat' dir='ltr'><strong>quia</strong></span> <span class='ocrx_word' id='word_1_195' title='bbox 891 2480 1162 2550; x_wconf 84' lang='lat' dir='ltr'><strong>Augustus</strong></span> <span class='ocrx_word' id='word_1_196' title='bbox 1197 2482 1518 2536; x_wconf 75' lang='lat' dir='ltr'><strong>decreverat</strong></span> <span class='ocrx_word' id='word_1_197' title='bbox 1566 2496 1635 2535; x_wconf 90' lang='lat' dir='ltr'><strong>ne</strong></span> <span class='ocrx_word' id='word_1_198' title='bbox 1687 2480 1811 2551; x_wconf 88' lang='lat' dir='ltr'><strong>quis</strong></span> <span class='ocrx_word' id='word_1_199' title='bbox 1868 2530 1871 2533; x_wconf 89' lang='lat'><strong>.</strong></span> 
     </span>
    </p>
   </div>
   <div class='ocr_carea' id='block_1_26' title="bbox 238 2570 1811 2640">
    <p class='ocr_par' dir='ltr' id='par_1_26' title="bbox 238 2570 1811 2640">
     <span class='ocr_line' id='line_1_26' title="bbox 238 2570 1811 2640; baseline -0.001 -11"><span class='ocrx_word' id='word_1_200' title='bbox 238 2591 354 2640; x_wconf 82' lang='lat' dir='ltr'><strong>rex,</strong></span> <span class='ocrx_word' id='word_1_201' title='bbox 383 2574 465 2628; x_wconf 88' lang='lat' dir='ltr'><strong>vel</strong></span> <span class='ocrx_word' id='word_1_202' title='bbox 496 2575 655 2638; x_wconf 89' lang='lat' dir='ltr'><strong>Deus,</strong></span> <span class='ocrx_word' id='word_1_203' title='bbox 717 2574 831 2629; x_wconf 91' lang='lat' dir='ltr'><strong>sine</strong></span> <span class='ocrx_word' id='word_1_204' title='bbox 854 2589 950 2629; x_wconf 89' lang='lat' dir='ltr'><strong>suo</strong></span> <span class='ocrx_word' id='word_1_205' title='bbox 979 2573 1205 2629; x_wconf 82' lang='lat' dir='ltr'><strong>consilio</strong></span> <span class='ocrx_word' id='word_1_206' title='bbox 1254 2573 1543 2628; x_wconf 86' lang='lat' dir='ltr'><strong>diceretur.</strong></span> <span class='ocrx_word' id='word_1_207' title='bbox 1583 2570 1811 2627; x_wconf 88' lang='lat' dir='ltr'><strong>Omnem</strong></span> 
     </span>
    </p>
   </div>
   <div class='ocr_carea' id='block_1_27' title="bbox 237 2663 1810 2736">
    <p class='ocr_par' dir='ltr' id='par_1_27' title="bbox 237 2663 1810 2736">
     <span class='ocr_line' id='line_1_27' title="bbox 237 2663 1810 2736; baseline -0.003 -15"><span class='ocrx_word' id='word_1_208' title='bbox 237 2667 380 2721; x_wconf 90' lang='lat' dir='ltr'><strong>enim</strong></span> <span class='ocrx_word' id='word_1_209' title='bbox 419 2665 842 2736; x_wconf 82' lang='lat' dir='ltr'><strong>Hierosolymam</strong></span> <span class='ocrx_word' id='word_1_210' title='bbox 872 2681 994 2721; x_wconf 92' lang='lat' dir='ltr'><strong>cum</strong></span> <span class='ocrx_word' id='word_1_211' title='bbox 1051 2663 1141 2718; x_wconf 87' lang='lat' dir='ltr'><strong>illo</strong></span> <span class='ocrx_word' id='word_1_212' title='bbox 1170 2664 1301 2719; x_wconf 89' lang='lat' dir='ltr'><strong>dicit</strong></span> <span class='ocrx_word' id='word_1_213' title='bbox 1336 2679 1457 2720; x_wconf 90' lang='lat' dir='ltr'><strong>esse</strong></span> <span class='ocrx_word' id='word_1_214' title='bbox 1517 2663 1810 2730; x_wconf 89' lang='lat' dir='ltr'><strong>turbatam,</strong></span> 
     </span>
    </p>
   </div>
   <div class='ocr_carea' id='block_1_28' title="bbox 238 2758 1391 2831">
    <p class='ocr_par' dir='ltr' id='par_1_28' title="bbox 238 2758 1391 2831">
     <span class='ocr_line' id='line_1_28' title="bbox 238 2758 1391 2831; baseline -0.006 -16"><span class='ocrx_word' id='word_1_215' title='bbox 238 2763 363 2831; x_wconf 89' lang='lat' dir='ltr'><strong>quia</strong></span> <span class='ocrx_word' id='word_1_216' title='bbox 395 2759 628 2815; x_wconf 83' lang='lat' dir='ltr'><strong>turbatio</strong></span> <span class='ocrx_word' id='word_1_217' title='bbox 658 2759 797 2830; x_wconf 85' lang='lat' dir='ltr'><strong>regis</strong></span> <span class='ocrx_word' id='word_1_218' title='bbox 824 2758 1058 2813; x_wconf 80' lang='lat' dir='ltr'><strong>turbatio</strong></span> <span class='ocrx_word' id='word_1_219' title='bbox 1085 2758 1263 2829; x_wconf 84' lang='lat' dir='ltr'><strong>populi</strong></span> <span class='ocrx_word' id='word_1_220' title='bbox 1289 2766 1391 2813; x_wconf 87' lang='lat' dir='ltr'><strong>est.</strong></span> 
     </span>
    </p>
   </div>
   <div class='ocr_carea' id='block_1_29' title="bbox 314 2868 1816 2942">
    <p class='ocr_par' dir='ltr' id='par_1_29' title="bbox 314 2868 1816 2942">
     <span class='ocr_line' id='line_1_29' title="bbox 314 2868 1816 2942; baseline -0.003 -16"><span class='ocrx_word' id='word_1_221' title='bbox 314 2871 380 2926; x_wconf 84' lang='lat' dir='ltr'><strong>Et</strong></span> <span class='ocrx_word' id='word_1_222' title='bbox 409 2887 725 2942; x_wconf 75' lang='lat' dir='ltr'><strong>congregans</strong></span> <span class='ocrx_word' id='word_1_223' title='bbox 752 2887 927 2925; x_wconf 89' lang='lat' dir='ltr'><strong>omnes</strong></span> <span class='ocrx_word' id='word_1_224' title='bbox 954 2869 1213 2941; x_wconf 78' lang='lat' dir='ltr'><strong>principes</strong></span> <span class='ocrx_word' id='word_1_225' title='bbox 1238 2868 1592 2933; x_wconf 75' lang='lat' dir='ltr'><strong>sacerdotum,</strong></span> <span class='ocrx_word' id='word_1_226' title='bbox 1622 2876 1670 2922; x_wconf 88' lang='lat' dir='ltr'><strong>et</strong></span> <span class='ocrx_word' id='word_1_227' title='bbox 1690 2868 1816 2922; x_wconf 43' lang='lat' dir='ltr'><strong>scri‘</strong></span> 
     </span>
    </p>
   </div>
   <div class='ocr_carea' id='block_1_30' title="bbox 242 2957 1819 3033">
    <p class='ocr_par' dir='ltr' id='par_1_30' title="bbox 242 2957 1819 3033">
     <span class='ocr_line' id='line_1_30' title="bbox 242 2957 1819 3033; baseline -0.005 -15"><span class='ocrx_word' id='word_1_228' title='bbox 242 2965 331 3018; x_wconf 78' lang='lat' dir='ltr'><strong>bas</strong></span> <span class='ocrx_word' id='word_1_229' title='bbox 358 2962 552 3033; x_wconf 82' lang='lat' dir='ltr'><strong>populi,</strong></span> <span class='ocrx_word' id='word_1_230' title='bbox 580 2962 945 3016; x_wconf 84' lang='lat' dir='ltr'><strong>sciscitabatur</strong></span> <span class='ocrx_word' id='word_1_231' title='bbox 975 2961 1039 3015; x_wconf 89' lang='lat' dir='ltr'><strong>ab</strong></span> <span class='ocrx_word' id='word_1_232' title='bbox 1065 2961 1166 3025; x_wconf 82' lang='lat' dir='ltr'><strong>eis,</strong></span> <span class='ocrx_word' id='word_1_233' title='bbox 1186 2959 1275 3014; x_wconf 87' lang='lat' dir='ltr'><strong>ubi</strong></span> <span class='ocrx_word' id='word_1_234' title='bbox 1310 2957 1551 3014; x_wconf 80' lang='lat' dir='ltr'><strong>Christus</strong></span> <span class='ocrx_word' id='word_1_235' title='bbox 1577 2972 1819 3011; x_wconf 86' lang='lat' dir='ltr'><strong>nascere-</strong></span> 
     </span>
    </p>
   </div>
   <div class='ocr_carea' id='block_1_31' title="bbox 241 3046 1815 3124">
    <p class='ocr_par' dir='ltr' id='par_1_31' title="bbox 241 3046 1815 3124">
     <span class='ocr_line' id='line_1_31' title="bbox 241 3046 1815 3124; baseline -0.003 -17"><span class='ocrx_word' id='word_1_236' title='bbox 241 3065 350 3107; x_wconf 84' lang='lat' dir='ltr'><strong>tur.</strong></span> <span class='ocrx_word' id='word_1_237' title='bbox 379 3052 514 3124; x_wconf 80' lang='lat' dir='ltr'><strong>Magi</strong></span> <span class='ocrx_word' id='word_1_238' title='bbox 574 3051 941 3107; x_wconf 79' lang='lat' dir='ltr'><strong>tantummodo</strong></span> <span class='ocrx_word' id='word_1_239' title='bbox 993 3051 1194 3121; x_wconf 81' lang='lat' dir='ltr'><strong>Regem</strong></span> <span class='ocrx_word' id='word_1_240' title='bbox 1239 3049 1512 3114; x_wconf 89' lang='lat' dir='ltr'><strong>nuntiant,</strong></span> <span class='ocrx_word' id='word_1_241' title='bbox 1574 3046 1815 3103; x_wconf 82' lang='lat' dir='ltr'><strong>Herodes</strong></span> 
     </span>
    </p>
   </div>
   <div class='ocr_carea' id='block_1_32' title="bbox 242 3137 1817 3213">
    <p class='ocr_par' dir='ltr' id='par_1_32' title="bbox 242 3137 1817 3213">
     <span class='ocr_line' id='line_1_32' title="bbox 242 3137 1817 3213; baseline -0.003 -15"><span class='ocrx_word' id='word_1_242' title='bbox 242 3139 515 3198; x_wconf 86' lang='lat' dir='ltr'><strong>Christum</strong></span> <span class='ocrx_word' id='word_1_243' title='bbox 560 3142 805 3212; x_wconf 80' lang='lat' dir='ltr'><strong>requirit.</strong></span> <span class='ocrx_word' id='word_1_244' title='bbox 838 3141 1017 3213; x_wconf 81' lang='lat' dir='ltr'><strong>ipsum</strong></span> <span class='ocrx_word' id='word_1_245' title='bbox 1068 3140 1230 3211; x_wconf 81' lang='lat' dir='ltr'><strong>igitur</strong></span> <span class='ocrx_word' id='word_1_246' title='bbox 1258 3138 1461 3211; x_wconf 84' lang='lat' dir='ltr'><strong>Regem</strong></span> <span class='ocrx_word' id='word_1_247' title='bbox 1491 3137 1558 3195; x_wconf 88' lang='lat' dir='ltr'><strong>de</strong></span> <span class='ocrx_word' id='word_1_248' title='bbox 1586 3151 1697 3208; x_wconf 82' lang='lat' dir='ltr'><strong>quo</strong></span> <span class='ocrx_word' id='word_1_249' title='bbox 1733 3138 1817 3194; x_wconf 88' lang='lat' dir='ltr'><strong>in-</strong></span> 
     </span>
    </p>
   </div>
   <div class='ocr_carea' id='block_1_33' title="bbox 246 3230 1817 3305">
    <p class='ocr_par' dir='ltr' id='par_1_33' title="bbox 246 3230 1817 3305">
     <span class='ocr_line' id='line_1_33' title="bbox 246 3230 1817 3305; baseline 0 -18"><span class='ocrx_word' id='word_1_250' title='bbox 246 3240 500 3305; x_wconf 84' lang='lat' dir='ltr'><strong>terrogat,</strong></span> <span class='ocrx_word' id='word_1_251' title='bbox 533 3232 838 3288; x_wconf 83' lang='lat' dir='ltr'><strong>conﬁtetur.</strong></span> <span class='ocrx_word' id='word_1_252' title='bbox 893 3231 1095 3286; x_wconf 85' lang='lat' dir='ltr'><strong>Deinde</strong></span> <span class='ocrx_word' id='word_1_253' title='bbox 1124 3230 1217 3285; x_wconf 90' lang='lat' dir='ltr'><strong>ubi</strong></span> <span class='ocrx_word' id='word_1_254' title='bbox 1267 3239 1606 3297; x_wconf 86' lang='lat' dir='ltr'><strong>nasceretur,</strong></span> <span class='ocrx_word' id='word_1_255' title='bbox 1638 3230 1817 3300; x_wconf 84' lang='lat' dir='ltr'><strong>inqui-</strong></span> 
     </span>
    </p>
   </div>
   <div class='ocr_carea' id='block_1_34' title="bbox 247 3321 1816 3393">
    <p class='ocr_par' dir='ltr' id='par_1_34' title="bbox 247 3321 1816 3393">
     <span class='ocr_line' id='line_1_34' title="bbox 247 3321 1816 3393; baseline -0.003 -14"><span class='ocrx_word' id='word_1_256' title='bbox 247 3327 403 3391; x_wconf 89' lang='lat' dir='ltr'><strong>ritur,</strong></span> <span class='ocrx_word' id='word_1_257' title='bbox 437 3325 620 3393; x_wconf 85' lang='lat' dir='ltr'><strong>utique</strong></span> <span class='ocrx_word' id='word_1_258' title='bbox 643 3324 1052 3393; x_wconf 73' lang='lat' dir='ltr'><strong>prtenuntiatus,</strong></span> <span class='ocrx_word' id='word_1_259' title='bbox 1087 3322 1409 3378; x_wconf 89' lang='lat' dir='ltr'><strong>ostenditur.</strong></span> <span class='ocrx_word' id='word_1_260' title='bbox 1460 3321 1647 3391; x_wconf 87' lang='lat' dir='ltr'><strong>Neque</strong></span> <span class='ocrx_word' id='word_1_261' title='bbox 1669 3321 1816 3377; x_wconf 88' lang='lat' dir='ltr'><strong>enim</strong></span> 
     </span>
    </p>
   </div>
   <div class='ocr_carea' id='block_1_35' title="bbox 245 3411 1813 3486">
    <p class='ocr_par' dir='ltr' id='par_1_35' title="bbox 245 3411 1813 3486">
     <span class='ocr_line' id='line_1_35' title="bbox 245 3411 1813 3486; baseline -0.002 -18"><span class='ocrx_word' id='word_1_262' title='bbox 245 3415 412 3486; x_wconf 64' lang='lat' dir='ltr'><strong>quaeri</strong></span> <span class='ocrx_word' id='word_1_263' title='bbox 442 3420 675 3485; x_wconf 85' lang='lat' dir='ltr'><strong>poterat,</strong></span> <span class='ocrx_word' id='word_1_264' title='bbox 702 3412 791 3482; x_wconf 87' lang='lat' dir='ltr'><strong>qui</strong></span> <span class='ocrx_word' id='word_1_265' title='bbox 818 3427 923 3466; x_wconf 91' lang='lat' dir='ltr'><strong>non</strong></span> <span class='ocrx_word' id='word_1_266' title='bbox 950 3420 1070 3468; x_wconf 88' lang='lat' dir='ltr'><strong>erat</strong></span> <span class='ocrx_word' id='word_1_267' title='bbox 1090 3412 1387 3467; x_wconf 86' lang='lat' dir='ltr'><strong>nuntiatus.</strong></span> <span class='ocrx_word' id='word_1_268' title='bbox 1421 3411 1601 3481; x_wconf 84' lang='lat' dir='ltr'><strong>Quare</strong></span> <span class='ocrx_word' id='word_1_269' title='bbox 1630 3421 1813 3467; x_wconf 83' lang='lat' dir='ltr'><strong>tamen</strong></span> 
     </span>
    </p>
   </div>
   <div class='ocr_carea' id='block_1_36' title="bbox 245 3502 1813 3573">
    <p class='ocr_par' dir='ltr' id='par_1_36' title="bbox 245 3502 1813 3573">
     <span class='ocr_line' id='line_1_36' title="bbox 245 3502 1813 3573; baseline 0 -14"><span class='ocrx_word' id='word_1_270' title='bbox 245 3506 413 3561; x_wconf 88' lang='lat' dir='ltr'><strong>voluit</strong></span> <span class='ocrx_word' id='word_1_271' title='bbox 440 3506 578 3559; x_wconf 88' lang='lat' dir='ltr'><strong>Deus</strong></span> <span class='ocrx_word' id='word_1_272' title='bbox 603 3504 706 3559; x_wconf 92' lang='lat' dir='ltr'><strong>hoc</strong></span> <span class='ocrx_word' id='word_1_273' title='bbox 729 3520 757 3557; x_wconf 90' lang='lat' dir='ltr'><strong>a</strong></span> <span class='ocrx_word' id='word_1_274' title='bbox 778 3502 976 3558; x_wconf 75' lang='lat' dir='ltr'><strong>Judaeis</strong></span> <span class='ocrx_word' id='word_1_275' title='bbox 1003 3504 1224 3573; x_wconf 89' lang='lat' dir='ltr'><strong>inquiri,</strong></span> <span class='ocrx_word' id='word_1_276' title='bbox 1255 3512 1316 3559; x_wconf 91' lang='lat' dir='ltr'><strong>ut</strong></span> <span class='ocrx_word' id='word_1_277' title='bbox 1344 3504 1470 3559; x_wconf 89' lang='lat' dir='ltr'><strong>dum</strong></span> <span class='ocrx_word' id='word_1_278' title='bbox 1502 3503 1813 3569; x_wconf 88' lang='lat' dir='ltr'><strong>ostendunt,</strong></span> 
     </span>
    </p>
   </div>
   <div class='ocr_carea' id='block_1_37' title="bbox 249 3594 1820 3667">
    <p class='ocr_par' dir='ltr' id='par_1_37' title="bbox 249 3594 1820 3667">
     <span class='ocr_line' id='line_1_37' title="bbox 249 3594 1820 3667; baseline -0.001 -17"><span class='ocrx_word' id='word_1_279' title='bbox 249 3598 300 3651; x_wconf 89' lang='lat' dir='ltr'><strong>in</strong></span> <span class='ocrx_word' id='word_1_280' title='bbox 324 3611 482 3667; x_wconf 88' lang='lat' dir='ltr'><strong>quem</strong></span> <span class='ocrx_word' id='word_1_281' title='bbox 512 3610 617 3648; x_wconf 88' lang='lat' dir='ltr'><strong>non</strong></span> <span class='ocrx_word' id='word_1_282' title='bbox 648 3595 891 3659; x_wconf 89' lang='lat' dir='ltr'><strong>credunt,</strong></span> <span class='ocrx_word' id='word_1_283' title='bbox 929 3594 1029 3665; x_wconf 84' lang='lat' dir='ltr'><strong>ipsi</strong></span> <span class='ocrx_word' id='word_1_284' title='bbox 1057 3610 1152 3648; x_wconf 86' lang='lat' dir='ltr'><strong>sua</strong></span> <span class='ocrx_word' id='word_1_285' title='bbox 1183 3595 1643 3650; x_wconf 83' lang='lat' dir='ltr'><strong>demonstratione</strong></span> <span class='ocrx_word' id='word_1_286' title='bbox 1668 3595 1820 3650; x_wconf 82' lang='lat' dir='ltr'><strong>dam-</strong></span> 
     </span>
    </p>
   </div>
   <div class='ocr_carea' id='block_1_38' title="bbox 248 3682 1814 3756">
    <p class='ocr_par' dir='ltr' id='par_1_38' title="bbox 248 3682 1814 3756">
     <span class='ocr_line' id='line_1_38' title="bbox 248 3682 1814 3756; baseline 0.001 -18"><span class='ocrx_word' id='word_1_287' title='bbox 248 3694 463 3739; x_wconf 84' lang='lat' dir='ltr'><strong>nentur.</strong></span> <span class='ocrx_word' id='word_1_288' title='bbox 532 3682 665 3737; x_wconf 72' lang='lat' dir='ltr'><strong>Nam</strong></span> <span class='ocrx_word' id='word_1_289' title='bbox 725 3691 1078 3754; x_wconf 76' lang='lat' dir='ltr'><strong>perrexerunt</strong></span> <span class='ocrx_word' id='word_1_290' title='bbox 1118 3683 1255 3756; x_wconf 82' lang='lat' dir='ltr'><strong>Magi</strong></span> <span class='ocrx_word' id='word_1_291' title='bbox 1314 3693 1368 3740; x_wconf 91' lang='lat' dir='ltr'><strong>et</strong></span> <span class='ocrx_word' id='word_1_292' title='bbox 1428 3685 1814 3750; x_wconf 87' lang='lat' dir='ltr'><strong>adoraverunt,</strong></span> 
     </span>
    </p>
   </div>
   <div class='ocr_carea' id='block_1_39' title="bbox 252 3774 1522 3845">
    <p class='ocr_par' dir='ltr' id='par_1_39' title="bbox 252 3774 1522 3845">
     <span class='ocr_line' id='line_1_39' title="bbox 252 3774 1522 3845; baseline 0.002 -17"><span class='ocrx_word' id='word_1_293' title='bbox 252 3785 628 3830; x_wconf 86' lang='lat' dir='ltr'><strong>remanserunt</strong></span> <span class='ocrx_word' id='word_1_294' title='bbox 654 3774 839 3839; x_wconf 69' lang='lat' dir='ltr'><strong>Judazi,</strong></span> <span class='ocrx_word' id='word_1_295' title='bbox 873 3776 963 3845; x_wconf 88' lang='lat' dir='ltr'><strong>qui</strong></span> <span class='ocrx_word' id='word_1_296' title='bbox 993 3776 1522 3833; x_wconf 74' lang='lat' dir='ltr'><strong>demonstraverunt.</strong></span> 
     </span>
    </p>
   </div>
   <div class='ocr_carea' id='block_1_40' title="bbox 321 3891 1821 3958">
    <p class='ocr_par' dir='ltr' id='par_1_40' title="bbox 321 3891 1821 3958">
     <span class='ocr_line' id='line_1_40' title="bbox 321 3891 1821 3958; baseline 0.003 -15"><span class='ocrx_word' id='word_1_297' title='bbox 321 3892 385 3944; x_wconf 77' lang='lat' dir='ltr'><strong>At</strong></span> <span class='ocrx_word' id='word_1_298' title='bbox 414 3892 493 3945; x_wconf 86' lang='lat' dir='ltr'><strong>illi</strong></span> <span class='ocrx_word' id='word_1_299' title='bbox 518 3891 759 3946; x_wconf 65' lang='lat' dir='ltr'><strong>dixerunt</strong></span> <span class='ocrx_word' id='word_1_300' title='bbox 783 3906 800 3944; x_wconf 85' lang='lat'><em>:</em></span> <span class='ocrx_word' id='word_1_301' title='bbox 833 3891 901 3947; x_wconf 86' lang='lat' dir='ltr'><strong>In</strong></span> <span class='ocrx_word' id='word_1_302' title='bbox 930 3891 1194 3947; x_wconf 77' lang='lat' dir='ltr'><strong>Bethleem</strong></span> <span class='ocrx_word' id='word_1_303' title='bbox 1216 3891 1398 3958; x_wconf 67' lang='lat' dir='ltr'><strong>lustre,</strong></span> <span class='ocrx_word' id='word_1_304' title='bbox 1428 3894 1505 3947; x_wconf 81' lang='lat' dir='ltr'><strong>sic</strong></span> <span class='ocrx_word' id='word_1_305' title='bbox 1524 3894 1663 3947; x_wconf 83' lang='lat' dir='ltr'><strong>enim</strong></span> <span class='ocrx_word' id='word_1_306' title='bbox 1685 3894 1821 3948; x_wconf 88' lang='lat' dir='ltr'><strong>scri-</strong></span> 
     </span>
    </p>
   </div>
   <div class='ocr_carea' id='block_1_41' title="bbox 249 3984 1818 4055">
    <p class='ocr_par' dir='ltr' id='par_1_41' title="bbox 249 3984 1818 4055">
     <span class='ocr_line' id='line_1_41' title="bbox 249 3984 1818 4055; baseline 0.001 -19"><span class='ocrx_word' id='word_1_307' title='bbox 249 3995 393 4053; x_wconf 84' lang='lat' dir='ltr'><strong>ptum</strong></span> <span class='ocrx_word' id='word_1_308' title='bbox 412 3993 486 4038; x_wconf 87' lang='lat' dir='ltr'><strong>est</strong></span> <span class='ocrx_word' id='word_1_309' title='bbox 511 4001 604 4054; x_wconf 88' lang='lat' dir='ltr'><strong>per</strong></span> <span class='ocrx_word' id='word_1_310' title='bbox 623 3984 924 4055; x_wconf 78' lang='lat' dir='ltr'><strong>prophetam</strong></span> <span class='ocrx_word' id='word_1_311' title='bbox 949 4000 966 4038; x_wconf 91' lang='lat'><strong><em>:</em></strong></span> <span class='ocrx_word' id='word_1_312' title='bbox 1008 3984 1079 4039; x_wconf 88' lang='lat' dir='ltr'><strong>Et</strong></span> <span class='ocrx_word' id='word_1_313' title='bbox 1119 3995 1177 4039; x_wconf 88' lang='lat' dir='ltr'><strong>tu</strong></span> <span class='ocrx_word' id='word_1_314' title='bbox 1194 3984 1459 4040; x_wconf 81' lang='lat' dir='ltr'><strong>Bethleem</strong></span> <span class='ocrx_word' id='word_1_315' title='bbox 1498 3994 1640 4040; x_wconf 84' lang='lat' dir='ltr'><strong>terra</strong></span> <span class='ocrx_word' id='word_1_316' title='bbox 1674 3985 1818 4039; x_wconf 77' lang='lat' dir='ltr'><strong>Iuda</strong></span> 
     </span>
    </p>
   </div>
   <div class='ocr_carea' id='block_1_42' title="bbox 253 4074 1823 4146">
    <p class='ocr_par' dir='ltr' id='par_1_42' title="bbox 253 4074 1823 4146">
     <span class='ocr_line' id='line_1_42' title="bbox 253 4074 1823 4146; baseline 0.001 -19"><span class='ocrx_word' id='word_1_317' title='bbox 253 4091 580 4145; x_wconf 71' lang='lat' dir='ltr'><strong>nequaquam</strong></span> <span class='ocrx_word' id='word_1_318' title='bbox 614 4075 829 4129; x_wconf 85' lang='lat' dir='ltr'><strong>minima</strong></span> <span class='ocrx_word' id='word_1_319' title='bbox 889 4092 941 4129; x_wconf 84' lang='lat' dir='ltr'><strong>es</strong></span> <span class='ocrx_word' id='word_1_320' title='bbox 965 4075 1021 4131; x_wconf 92' lang='lat' dir='ltr'><strong>in</strong></span> <span class='ocrx_word' id='word_1_321' title='bbox 1083 4076 1405 4146; x_wconf 82' lang='lat' dir='ltr'><strong>principibus</strong></span> <span class='ocrx_word' id='word_1_322' title='bbox 1463 4074 1630 4140; x_wconf 72' lang='lat' dir='ltr'><strong>Iuda,</strong></span> <span class='ocrx_word' id='word_1_323' title='bbox 1679 4086 1823 4130; x_wconf 63' lang='grc' dir='ltr'><strong>περ</strong></span> 
     </span>
    </p>
   </div>
   <div class='ocr_carea' id='block_1_43' title="bbox 251 4164 1821 4237">
    <p class='ocr_par' dir='ltr' id='par_1_43' title="bbox 251 4164 1821 4237">
     <span class='ocr_line' id='line_1_43' title="bbox 251 4164 1821 4237; baseline 0.001 -20"><span class='ocrx_word' id='word_1_324' title='bbox 251 4166 388 4217; x_wconf 80' lang='lat' dir='ltr'><strong>enim</strong></span> <span class='ocrx_word' id='word_1_325' title='bbox 449 4164 726 4220; x_wconf 69' lang='lat' dir='ltr'><strong>exietDua:</strong></span> <span class='ocrx_word' id='word_1_326' title='bbox 779 4166 867 4237; x_wconf 85' lang='lat' dir='ltr'><strong>qui</strong></span> <span class='ocrx_word' id='word_1_327' title='bbox 902 4175 1047 4236; x_wconf 83' lang='lat' dir='ltr'><strong>regat</strong></span> <span class='ocrx_word' id='word_1_328' title='bbox 1106 4166 1358 4237; x_wconf 79' lang='lat' dir='ltr'><strong>populum</strong></span> <span class='ocrx_word' id='word_1_329' title='bbox 1415 4184 1587 4221; x_wconf 86' lang='lat' dir='ltr'><strong>meum</strong></span> <span class='ocrx_word' id='word_1_330' title='bbox 1651 4166 1821 4221; x_wconf 86' lang='lat' dir='ltr'><strong>Israel</strong></span> 
     </span>
    </p>
   </div>
   <div class='ocr_carea' id='block_1_44' title="bbox 254 4255 1822 4330">
    <p class='ocr_par' dir='ltr' id='par_1_44' title="bbox 254 4255 1822 4330">
     <span class='ocr_line' id='line_1_44' title="bbox 254 4255 1822 4330; baseline 0.005 -24"><span class='ocrx_word' id='word_1_331' title='bbox 254 4255 442 4319; x_wconf 69' lang='lat' dir='ltr'><strong>(Jlich.</strong></span> <span class='ocrx_word' id='word_1_332' title='bbox 480 4272 511 4309; x_wconf 77' lang='grc' dir='ltr'><strong>ν</strong></span> <span class='ocrx_word' id='word_1_333' title='bbox 536 4256 580 4326; x_wconf 90' lang='grc'><strong>).</strong></span> <span class='ocrx_word' id='word_1_334' title='bbox 618 4256 694 4311; x_wconf 88' lang='lat' dir='ltr'><strong>Ac</strong></span> <span class='ocrx_word' id='word_1_335' title='bbox 723 4257 768 4311; x_wconf 89' lang='lat' dir='ltr'><strong>si</strong></span> <span class='ocrx_word' id='word_1_336' title='bbox 796 4258 1018 4323; x_wconf 86' lang='lat' dir='ltr'><strong>diceret,</strong></span> <span class='ocrx_word' id='word_1_337' title='bbox 1048 4274 1157 4313; x_wconf 87' lang='lat' dir='ltr'><strong>una</strong></span> <span class='ocrx_word' id='word_1_338' title='bbox 1187 4275 1246 4314; x_wconf 90' lang='lat' dir='ltr'><strong>es</strong></span> <span class='ocrx_word' id='word_1_339' title='bbox 1278 4260 1329 4314; x_wconf 94' lang='lat' dir='ltr'><strong>in</strong></span> <span class='ocrx_word' id='word_1_340' title='bbox 1367 4259 1701 4330; x_wconf 88' lang='lat' dir='ltr'><strong>principibus</strong></span> <span class='ocrx_word' id='word_1_341' title='bbox 1731 4275 1822 4314; x_wconf 82' lang='lat' dir='ltr'><strong>ur-</strong></span> 
     </span>
    </p>
   </div>
   <div class='ocr_carea' id='block_1_45' title="bbox 253 4348 1824 4420">
    <p class='ocr_par' dir='ltr' id='par_1_45' title="bbox 253 4348 1824 4420">
     <span class='ocr_line' id='line_1_45' title="bbox 253 4348 1824 4420; baseline 0.004 -21"><span class='ocrx_word' id='word_1_342' title='bbox 253 4348 399 4399; x_wconf 69' lang='lat' dir='ltr'><strong>ldum</strong></span> <span class='ocrx_word' id='word_1_343' title='bbox 459 4348 817 4417; x_wconf 85' lang='lat' dir='ltr'><strong>principatum</strong></span> <span class='ocrx_word' id='word_1_344' title='bbox 873 4351 1201 4415; x_wconf 87' lang='lat' dir='ltr'><strong>tenentibus,</strong></span> <span class='ocrx_word' id='word_1_345' title='bbox 1255 4351 1381 4420; x_wconf 89' lang='lat' dir='ltr'><strong>quia</strong></span> <span class='ocrx_word' id='word_1_346' title='bbox 1412 4367 1440 4404; x_wconf 88' lang='lat' dir='ltr'><strong>a</strong></span> <span class='ocrx_word' id='word_1_347' title='bbox 1487 4362 1540 4406; x_wconf 89' lang='lat' dir='ltr'><strong>te</strong></span> <span class='ocrx_word' id='word_1_348' title='bbox 1593 4356 1699 4406; x_wconf 92' lang='lat' dir='ltr'><strong>duo</strong></span> <span class='ocrx_word' id='word_1_349' title='bbox 1729 4368 1824 4406; x_wconf 81' lang='lat' dir='ltr'><strong>na-</strong></span> 
     </span>
    </p>
   </div>
   <div class='ocr_carea' id='block_1_46' title="bbox 253 4438 1536 4508">
    <p class='ocr_par' dir='ltr' id='par_1_46' title="bbox 253 4438 1536 4508">
     <span class='ocr_line' id='line_1_46' title="bbox 253 4438 1536 4508; baseline 0.004 -19"><span class='ocrx_word' id='word_1_350' title='bbox 253 4446 474 4492; x_wconf 82' lang='lat' dir='ltr'><strong>scentur</strong></span> <span class='ocrx_word' id='word_1_351' title='bbox 499 4438 785 4508; x_wconf 81' lang='lat' dir='ltr'><strong>principes,</strong></span> <span class='ocrx_word' id='word_1_352' title='bbox 814 4439 867 4495; x_wconf 89' lang='lat' dir='ltr'><strong>id</strong></span> <span class='ocrx_word' id='word_1_353' title='bbox 890 4449 975 4496; x_wconf 84' lang='lat' dir='ltr'><strong>est</strong></span> <span class='ocrx_word' id='word_1_354' title='bbox 995 4441 1164 4495; x_wconf 84' lang='lat' dir='ltr'><strong>David</strong></span> <span class='ocrx_word' id='word_1_355' title='bbox 1184 4450 1239 4497; x_wconf 89' lang='lat' dir='ltr'><strong>et</strong></span> <span class='ocrx_word' id='word_1_356' title='bbox 1267 4442 1536 4497; x_wconf 82' lang='lat' dir='ltr'><strong>Christus.</strong></span> 
     </span>
    </p>
   </div>
   <div class='ocr_carea' id='block_1_47' title="bbox 332 4549 1826 4626">
    <p class='ocr_par' dir='ltr' id='par_1_47' title="bbox 332 4549 1826 4626">
     <span class='ocr_line' id='line_1_47' title="bbox 332 4549 1826 4626; baseline 0.003 -23"><span class='ocrx_word' id='word_1_357' title='bbox 332 4549 464 4603; x_wconf 77' lang='lat' dir='ltr'><strong>Tum</strong></span> <span class='ocrx_word' id='word_1_358' title='bbox 501 4549 730 4606; x_wconf 79' lang='lat' dir='ltr'><strong>Herodes</strong></span> <span class='ocrx_word' id='word_1_359' title='bbox 751 4552 883 4607; x_wconf 88' lang='lat' dir='ltr'><strong>clam</strong></span> <span class='ocrx_word' id='word_1_360' title='bbox 911 4556 1103 4608; x_wconf 71' lang='lat' dir='ltr'><strong>vocatis</strong></span> <span class='ocrx_word' id='word_1_361' title='bbox 1137 4554 1332 4626; x_wconf 76' lang='lat' dir='ltr'><strong>Magis,</strong></span> <span class='ocrx_word' id='word_1_362' title='bbox 1377 4556 1655 4626; x_wconf 81' lang='lat' dir='ltr'><strong>diligenter</strong></span> <span class='ocrx_word' id='word_1_363' title='bbox 1685 4555 1826 4609; x_wconf 82' lang='lat' dir='ltr'><strong>didi—</strong></span> 
     </span>
    </p>
   </div>
   <div class='ocr_carea' id='block_1_48' title="bbox 254 4643 1824 4716">
    <p class='ocr_par' dir='ltr' id='par_1_48' title="bbox 254 4643 1824 4716">
     <span class='ocr_line' id='line_1_48' title="bbox 254 4643 1824 4716; baseline 0.004 -22"><span class='ocrx_word' id='word_1_364' title='bbox 254 4645 322 4695; x_wconf 80' lang='lat' dir='ltr'><strong>rit</strong></span> <span class='ocrx_word' id='word_1_365' title='bbox 349 4653 549 4713; x_wconf 83' lang='lat' dir='ltr'><strong>tempus</strong></span> <span class='ocrx_word' id='word_1_366' title='bbox 600 4643 761 4697; x_wconf 59' lang='lat' dir='ltr'><strong>stellis</strong></span> <span class='ocrx_word' id='word_1_367' title='bbox 808 4661 923 4715; x_wconf 72' lang='lat' dir='ltr'><strong>qum</strong></span> <span class='ocrx_word' id='word_1_368' title='bbox 975 4647 1219 4716; x_wconf 78' lang='lat' dir='ltr'><strong>apparuit</strong></span> <span class='ocrx_word' id='word_1_369' title='bbox 1268 4649 1359 4701; x_wconf 85' lang='lat' dir='ltr'><strong>eis.</strong></span> <span class='ocrx_word' id='word_1_370' title='bbox 1401 4648 1651 4701; x_wconf 83' lang='lat' dir='ltr'><strong>&#39;l&#39;imchat</strong></span> <span class='ocrx_word' id='word_1_371' title='bbox 1678 4648 1824 4701; x_wconf 86' lang='lat' dir='ltr'><strong>enim</strong></span> 
     </span>
    </p>
   </div>
   <div class='ocr_carea' id='block_1_49' title="bbox 260 4733 1824 4804">
    <p class='ocr_par' dir='ltr' id='par_1_49' title="bbox 260 4733 1824 4804">
     <span class='ocr_line' id='line_1_49' title="bbox 260 4733 1824 4804; baseline 0.003 -18"><span class='ocrx_word' id='word_1_372' title='bbox 260 4734 462 4803; x_wconf 74' lang='lat' dir='ltr'><strong>Magos,</strong></span> <span class='ocrx_word' id='word_1_373' title='bbox 492 4733 559 4788; x_wconf 89' lang='lat' dir='ltr'><strong>ad</strong></span> <span class='ocrx_word' id='word_1_374' title='bbox 583 4749 641 4789; x_wconf 87' lang='lat' dir='ltr'><strong>se</strong></span> <span class='ocrx_word' id='word_1_375' title='bbox 697 4735 875 4804; x_wconf 88' lang='lat' dir='ltr'><strong>aliqua</strong></span> <span class='ocrx_word' id='word_1_376' title='bbox 904 4750 1069 4790; x_wconf 85' lang='lat' dir='ltr'><strong>causa</strong></span> <span class='ocrx_word' id='word_1_377' title='bbox 1118 4753 1224 4792; x_wconf 88' lang='lat' dir='ltr'><strong>non</strong></span> <span class='ocrx_word' id='word_1_378' title='bbox 1250 4752 1585 4801; x_wconf 84' lang='lat' dir='ltr'><strong>reversuros,</strong></span> <span class='ocrx_word' id='word_1_379' title='bbox 1614 4746 1675 4803; x_wconf 71' lang='lat' dir='ltr'><strong>ut</strong></span> <span class='ocrx_word' id='word_1_380' title='bbox 1704 4752 1824 4791; x_wconf 82' lang='lat' dir='ltr'><strong>eve-</strong></span> 
     </span>
    </p>
   </div>
   <div class='ocr_carea' id='block_1_50' title="bbox 260 4824 1821 4898">
    <p class='ocr_par' dir='ltr' id='par_1_50' title="bbox 260 4824 1821 4898">
     <span class='ocr_line' id='line_1_50' title="bbox 260 4824 1821 4898; baseline 0.003 -21"><span class='ocrx_word' id='word_1_381' title='bbox 260 4828 432 4885; x_wconf 84' lang='lat' dir='ltr'><strong>nit,et</strong></span> <span class='ocrx_word' id='word_1_382' title='bbox 450 4824 571 4879; x_wconf 90' lang='lat' dir='ltr'><strong>ideo</strong></span> <span class='ocrx_word' id='word_1_383' title='bbox 596 4835 805 4895; x_wconf 86' lang='lat' dir='ltr'><strong>tempus</strong></span> <span class='ocrx_word' id='word_1_384' title='bbox 834 4827 1000 4881; x_wconf 74' lang='lat' dir='ltr'><strong>stella:</strong></span> <span class='ocrx_word' id='word_1_385' title='bbox 1025 4827 1163 4882; x_wconf 87' lang='lat' dir='ltr'><strong>clam</strong></span> <span class='ocrx_word' id='word_1_386' title='bbox 1191 4829 1397 4883; x_wconf 83' lang='lat' dir='ltr'><strong>vocatis</strong></span> <span class='ocrx_word' id='word_1_387' title='bbox 1427 4827 1594 4898; x_wconf 76' lang='lat' dir='ltr'><strong>Magis</strong></span> <span class='ocrx_word' id='word_1_388' title='bbox 1614 4829 1821 4882; x_wconf 84' lang='lat' dir='ltr'><strong>didicit.</strong></span> 
     </span>
    </p>
   </div>
   <div class='ocr_carea' id='block_1_51' title="bbox 240 4915 1828 4983">
    <p class='ocr_par' dir='ltr' id='par_1_51' title="bbox 240 4915 1828 4983">
     <span class='ocr_line' id='line_1_51' title="bbox 240 4915 1828 4983; baseline 0 -12"><span class='ocrx_word' id='word_1_389' title='bbox 240 4915 413 4981; x_wconf 39' lang='lat' dir='ltr'><strong>,Unde</strong></span> <span class='ocrx_word' id='word_1_390' title='bbox 437 4923 492 4970; x_wconf 89' lang='lat' dir='ltr'><strong>et</strong></span> <span class='ocrx_word' id='word_1_391' title='bbox 518 4916 607 4970; x_wconf 86' lang='lat' dir='ltr'><strong>hic</strong></span> <span class='ocrx_word' id='word_1_392' title='bbox 651 4916 833 4971; x_wconf 78' lang='lat' dir='ltr'><strong>deﬁcit</strong></span> <span class='ocrx_word' id='word_1_393' title='bbox 868 4918 1115 4983; x_wconf 82' lang='lat' dir='ltr'><strong>historia,</strong></span> <span class='ocrx_word' id='word_1_394' title='bbox 1165 4934 1287 4973; x_wconf 87' lang='lat' dir='ltr'><strong>cmn</strong></span> <span class='ocrx_word' id='word_1_395' title='bbox 1319 4927 1530 4973; x_wconf 88' lang='lat' dir='ltr'><strong>secrete</strong></span> <span class='ocrx_word' id='word_1_396' title='bbox 1587 4918 1828 4972; x_wconf 85' lang='lat' dir='ltr'><strong>indicant</strong></span> 
     </span>
    </p>
   </div>
   <div class='ocr_carea' id='block_1_52' title="bbox 260 5006 689 5076">
    <p class='ocr_par' dir='ltr' id='par_1_52' title="bbox 260 5006 689 5076">
     <span class='ocr_line' id='line_1_52' title="bbox 260 5006 689 5076; baseline -0.005 -14"><span class='ocrx_word' id='word_1_397' title='bbox 260 5018 472 5076; x_wconf 84' lang='lat' dir='ltr'><strong>tempus</strong></span> <span class='ocrx_word' id='word_1_398' title='bbox 502 5006 689 5063; x_wconf 70' lang='lat' dir='ltr'><strong>stellm.</strong></span> 
     </span>
    </p>
   </div>
   <div class='ocr_carea' id='block_1_53' title="bbox 332 5118 1834 5186">
    <p class='ocr_par' dir='ltr' id='par_1_53' title="bbox 332 5118 1834 5186">
     <span class='ocr_line' id='line_1_53' title="bbox 332 5118 1834 5186; baseline 0.002 -14"><span class='ocrx_word' id='word_1_399' title='bbox 332 5118 398 5173; x_wconf 78' lang='lat' dir='ltr'><strong>Et</strong></span> <span class='ocrx_word' id='word_1_400' title='bbox 428 5119 636 5174; x_wconf 85' lang='lat' dir='ltr'><strong>mittens</strong></span> <span class='ocrx_word' id='word_1_401' title='bbox 663 5119 780 5175; x_wconf 87' lang='lat' dir='ltr'><strong>illos</strong></span> <span class='ocrx_word' id='word_1_402' title='bbox 804 5121 858 5175; x_wconf 87' lang='lat' dir='ltr'><strong>in</strong></span> <span class='ocrx_word' id='word_1_403' title='bbox 885 5120 1169 5186; x_wconf 87' lang='lat' dir='ltr'><strong>Bethleem,</strong></span> <span class='ocrx_word' id='word_1_404' title='bbox 1214 5123 1347 5177; x_wconf 72' lang='lat' dir='ltr'><strong>dixit</strong></span> <span class='ocrx_word' id='word_1_405' title='bbox 1377 5136 1394 5174; x_wconf 91' lang='lat'><em>:</em></span> <span class='ocrx_word' id='word_1_406' title='bbox 1430 5122 1454 5176; x_wconf 86' lang='grc'><strong><em>1</em></strong></span> <span class='ocrx_word' id='word_1_407' title='bbox 1460 5133 1512 5176; x_wconf 87' lang='lat' dir='ltr'><strong>te</strong></span> <span class='ocrx_word' id='word_1_408' title='bbox 1528 5131 1574 5176; x_wconf 86' lang='lat' dir='ltr'><strong>et</strong></span> <span class='ocrx_word' id='word_1_409' title='bbox 1608 5122 1834 5176; x_wconf 88' lang='lat' dir='ltr'><strong>interro-</strong></span> 
     </span>
    </p>
   </div>
   <div class='ocr_carea' id='block_1_54' title="bbox 256 5209 1834 5282">
    <p class='ocr_par' dir='ltr' id='par_1_54' title="bbox 256 5209 1834 5282">
     <span class='ocr_line' id='line_1_54' title="bbox 256 5209 1834 5282; baseline 0.002 -20"><span class='ocrx_word' id='word_1_410' title='bbox 256 5220 373 5280; x_wconf 82' lang='lat' dir='ltr'><strong>gate</strong></span> <span class='ocrx_word' id='word_1_411' title='bbox 396 5209 676 5282; x_wconf 83' lang='lat' dir='ltr'><strong>diligenter</strong></span> <span class='ocrx_word' id='word_1_412' title='bbox 700 5212 763 5265; x_wconf 87' lang='lat' dir='ltr'><strong>de</strong></span> <span class='ocrx_word' id='word_1_413' title='bbox 781 5228 961 5282; x_wconf 88' lang='lat' dir='ltr'><strong>puero,</strong></span> <span class='ocrx_word' id='word_1_414' title='bbox 978 5222 1025 5266; x_wconf 88' lang='lat' dir='ltr'><strong>et</strong></span> <span class='ocrx_word' id='word_1_415' title='bbox 1049 5229 1167 5266; x_wconf 87' lang='lat' dir='ltr'><strong>cum</strong></span> <span class='ocrx_word' id='word_1_416' title='bbox 1196 5214 1518 5277; x_wconf 73' lang='lat' dir='ltr'><strong>inveneritis,</strong></span> <span class='ocrx_word' id='word_1_417' title='bbox 1540 5214 1834 5266; x_wconf 88' lang='lat' dir='ltr'><strong>renuntiate</strong></span> 
     </span>
    </p>
   </div>
   <div class='ocr_carea' id='block_1_55' title="bbox 258 5304 1834 5374">
    <p class='ocr_par' dir='ltr' id='par_1_55' title="bbox 258 5304 1834 5374">
     <span class='ocr_line' id='line_1_55' title="bbox 258 5304 1834 5374; baseline -0.001 -18"><span class='ocrx_word' id='word_1_418' title='bbox 258 5305 406 5367; x_wconf 82' lang='lat' dir='ltr'><strong>mihi,</strong></span> <span class='ocrx_word' id='word_1_419' title='bbox 435 5313 487 5356; x_wconf 88' lang='lat' dir='ltr'><strong>ut</strong></span> <span class='ocrx_word' id='word_1_420' title='bbox 513 5314 559 5357; x_wconf 90' lang='lat' dir='ltr'><strong>et</strong></span> <span class='ocrx_word' id='word_1_421' title='bbox 587 5319 678 5374; x_wconf 85' lang='lat' dir='ltr'><strong>ego</strong></span> <span class='ocrx_word' id='word_1_422' title='bbox 720 5304 945 5365; x_wconf 82' lang='lat' dir='ltr'><strong>veniens,</strong></span> <span class='ocrx_word' id='word_1_423' title='bbox 971 5305 1181 5357; x_wconf 82' lang='lat' dir='ltr'><strong>mlorcm</strong></span> <span class='ocrx_word' id='word_1_424' title='bbox 1219 5321 1333 5357; x_wconf 86' lang='lat' dir='ltr'><strong>eum</strong></span> <span class='ocrx_word' id='word_1_425' title='bbox 1349 5321 1366 5368; x_wconf 90' lang='lat'><strong><em>;</em></strong></span> <span class='ocrx_word' id='word_1_426' title='bbox 1392 5305 1486 5373; x_wconf 86' lang='lat' dir='ltr'><strong>qui</strong></span> <span class='ocrx_word' id='word_1_427' title='bbox 1509 5320 1627 5356; x_wconf 86' lang='lat' dir='ltr'><strong>cum</strong></span> <span class='ocrx_word' id='word_1_428' title='bbox 1653 5305 1834 5356; x_wconf 80' lang='lat' dir='ltr'><strong>audis—</strong></span> 
     </span>
    </p>
   </div>
   <div class='ocr_carea' id='block_1_56' title="bbox 257 5393 1831 5464">
    <p class='ocr_par' dir='ltr' id='par_1_56' title="bbox 257 5393 1831 5464">
     <span class='ocr_line' id='line_1_56' title="bbox 257 5393 1831 5464; baseline 0.001 -19"><span class='ocrx_word' id='word_1_429' title='bbox 257 5403 370 5447; x_wconf 76' lang='lat' dir='ltr'><strong>sent</strong></span> <span class='ocrx_word' id='word_1_430' title='bbox 398 5409 593 5463; x_wconf 81' lang='lat' dir='ltr'><strong>regem,</strong></span> <span class='ocrx_word' id='word_1_431' title='bbox 617 5394 876 5447; x_wconf 87' lang='lat' dir='ltr'><strong>abierunt.</strong></span> <span class='ocrx_word' id='word_1_432' title='bbox 903 5393 1194 5447; x_wconf 84' lang='lat' dir='ltr'><strong>Nativitate</strong></span> <span class='ocrx_word' id='word_1_433' title='bbox 1216 5393 1377 5461; x_wconf 81' lang='lat' dir='ltr'><strong>Regis</strong></span> <span class='ocrx_word' id='word_1_434' title='bbox 1399 5393 1568 5448; x_wconf 88' lang='lat' dir='ltr'><strong>nostri</strong></span> <span class='ocrx_word' id='word_1_435' title='bbox 1595 5393 1831 5464; x_wconf 86' lang='lat' dir='ltr'><strong>cognita,</strong></span> 
     </span>
    </p>
   </div>
   <div class='ocr_carea' id='block_1_57' title="bbox 261 5483 1835 5554">
    <p class='ocr_par' dir='ltr' id='par_1_57' title="bbox 261 5483 1835 5554">
     <span class='ocr_line' id='line_1_57' title="bbox 261 5483 1835 5554; baseline -0.001 -17"><span class='ocrx_word' id='word_1_436' title='bbox 261 5484 501 5538; x_wconf 84' lang='lat' dir='ltr'><strong>llcmdcs</strong></span> <span class='ocrx_word' id='word_1_437' title='bbox 536 5484 603 5537; x_wconf 86' lang='lat' dir='ltr'><strong>ad</strong></span> <span class='ocrx_word' id='word_1_438' title='bbox 627 5483 817 5537; x_wconf 89' lang='lat' dir='ltr'><strong>callida</strong></span> <span class='ocrx_word' id='word_1_439' title='bbox 842 5493 1153 5554; x_wconf 81' lang='lat' dir='ltr'><strong>argumenta</strong></span> <span class='ocrx_word' id='word_1_440' title='bbox 1183 5483 1539 5549; x_wconf 87' lang='lat' dir='ltr'><strong>convertitur,</strong></span> <span class='ocrx_word' id='word_1_441' title='bbox 1566 5498 1635 5538; x_wconf 90' lang='lat' dir='ltr'><strong>ne</strong></span> <span class='ocrx_word' id='word_1_442' title='bbox 1667 5489 1835 5536; x_wconf 90' lang='lat' dir='ltr'><strong>terre-</strong></span> 
     </span>
    </p>
   </div>
   <div class='ocr_carea' id='block_1_58' title="bbox 260 5576 1834 5647">
    <p class='ocr_par' dir='ltr' id='par_1_58' title="bbox 260 5576 1834 5647">
     <span class='ocr_line' id='line_1_58' title="bbox 260 5576 1834 5647; baseline -0.001 -16"><span class='ocrx_word' id='word_1_443' title='bbox 260 5597 330 5631; x_wconf 69' lang='lat' dir='ltr'><strong>na</strong></span> <span class='ocrx_word' id='word_1_444' title='bbox 361 5593 530 5647; x_wconf 75' lang='lat' dir='ltr'><strong>regno</strong></span> <span class='ocrx_word' id='word_1_445' title='bbox 559 5578 881 5646; x_wconf 74' lang='lat' dir='ltr'><strong>privaretur.</strong></span> <span class='ocrx_word' id='word_1_446' title='bbox 924 5576 1240 5631; x_wconf 78' lang='lat' dir='ltr'><strong>Renuntiavi</strong></span> <span class='ocrx_word' id='word_1_447' title='bbox 1273 5577 1375 5631; x_wconf 87' lang='lat' dir='ltr'><strong>sibi</strong></span> <span class='ocrx_word' id='word_1_448' title='bbox 1406 5576 1494 5631; x_wconf 90' lang='lat' dir='ltr'><strong>ubi</strong></span> <span class='ocrx_word' id='word_1_449' title='bbox 1523 5591 1658 5646; x_wconf 87' lang='lat' dir='ltr'><strong>puer</strong></span> <span class='ocrx_word' id='word_1_450' title='bbox 1687 5577 1834 5630; x_wconf 87' lang='lat' dir='ltr'><strong>iuve-</strong></span> 
     </span>
    </p>
   </div>
   <div class='ocr_carea' id='block_1_59' title="bbox 260 5668 1835 5737">
    <p class='ocr_par' dir='ltr' id='par_1_59' title="bbox 260 5668 1835 5737">
     <span class='ocr_line' id='line_1_59' title="bbox 260 5668 1835 5737; baseline -0.002 -12"><span class='ocrx_word' id='word_1_451' title='bbox 260 5673 471 5725; x_wconf 86' lang='lat' dir='ltr'><strong>niretur</strong></span> <span class='ocrx_word' id='word_1_452' title='bbox 508 5668 755 5737; x_wconf 68' lang='lat' dir='ltr'><strong>postulat.</strong></span> <span class='ocrx_word' id='word_1_453' title='bbox 805 5669 1041 5722; x_wconf 78' lang='lat' dir='ltr'><strong>Adorare</strong></span> <span class='ocrx_word' id='word_1_454' title='bbox 1073 5669 1207 5723; x_wconf 84' lang='lat' dir='ltr'><strong>velle</strong></span> <span class='ocrx_word' id='word_1_455' title='bbox 1236 5683 1292 5723; x_wconf 86' lang='lat' dir='ltr'><strong>se</strong></span> <span class='ocrx_word' id='word_1_456' title='bbox 1326 5668 1563 5733; x_wconf 82' lang='lat' dir='ltr'><strong>simulat,</strong></span> <span class='ocrx_word' id='word_1_457' title='bbox 1596 5677 1653 5721; x_wconf 90' lang='lat' dir='ltr'><strong>ut</strong></span> <span class='ocrx_word' id='word_1_458' title='bbox 1684 5670 1835 5724; x_wconf 64' lang='lat' dir='ltr'><strong>extasi</strong></span> 
     </span>
    </p>
   </div>
   <div class='ocr_carea' id='block_1_60' title="bbox 667 5760 1118 5819">
    <p class='ocr_par' dir='ltr' id='par_1_60' title="bbox 667 5760 1118 5819">
     <span class='ocr_line' id='line_1_60' title="bbox 667 5760 1118 5819; baseline 0 -2"><span class='ocrx_word' id='word_1_459' title='bbox 667 5761 937 5818; x_wconf 57' lang='lat' dir='ltr'><strong>Parnm.</strong></span> <span class='ocrx_word' id='word_1_460' title='bbox 990 5760 1118 5819; x_wconf 74' lang='lat' dir='ltr'><strong>Cll.</strong></span> 
     </span>
    </p>
   </div>
   <div class='ocr_carea' id='block_1_61' title="bbox 1900 478 2826 549">
    <p class='ocr_par' dir='ltr' id='par_1_61' title="bbox 1900 478 2826 549">
     <span class='ocr_line' id='line_1_61' title="bbox 1900 478 2826 549; baseline 0.001 -18"><span class='ocrx_word' id='word_1_461' title='bbox 1900 479 2172 549; x_wconf 61' lang='lat' dir='ltr'><strong>quaesivit,</strong></span> <span class='ocrx_word' id='word_1_462' title='bbox 2207 478 2449 533; x_wconf 86' lang='lat' dir='ltr'><strong>invenire</strong></span> <span class='ocrx_word' id='word_1_463' title='bbox 2472 494 2575 531; x_wconf 89' lang='lat' dir='ltr'><strong>non</strong></span> <span class='ocrx_word' id='word_1_464' title='bbox 2608 478 2826 532; x_wconf 88' lang='lat' dir='ltr'><strong>meruit.</strong></span> 
     </span>
    </p>
   </div>
   <div class='ocr_carea' id='block_1_62' title="bbox 1971 588 3479 659">
    <p class='ocr_par' dir='ltr' id='par_1_62' title="bbox 1971 588 3479 659">
     <span class='ocr_line' id='line_1_62' title="bbox 1971 588 3479 659; baseline 0 -14"><span class='ocrx_word' id='word_1_465' title='bbox 1971 588 2038 645; x_wconf 81' lang='lat' dir='ltr'><strong>Et</strong></span> <span class='ocrx_word' id='word_1_466' title='bbox 2064 608 2179 645; x_wconf 86' lang='lat' dir='ltr'><strong>ecce</strong></span> <span class='ocrx_word' id='word_1_467' title='bbox 2200 590 2375 655; x_wconf 84' lang='lat' dir='ltr'><strong>stella,</strong></span> <span class='ocrx_word' id='word_1_468' title='bbox 2414 608 2572 651; x_wconf 82' lang='lat' dir='ltr'><strong>quam</strong></span> <span class='ocrx_word' id='word_1_469' title='bbox 2621 591 2857 645; x_wconf 73' lang='lat' dir='ltr'><strong>viderant</strong></span> <span class='ocrx_word' id='word_1_470' title='bbox 2904 591 2959 645; x_wconf 88' lang='lat' dir='ltr'><strong>in</strong></span> <span class='ocrx_word' id='word_1_471' title='bbox 2992 588 3228 659; x_wconf 85' lang='lat' dir='ltr'><strong>Oriente,</strong></span> <span class='ocrx_word' id='word_1_472' title='bbox 3272 601 3479 647; x_wconf 82' lang='lat' dir='ltr'><strong>antece-</strong></span> 
     </span>
    </p>
   </div>
   <div class='ocr_carea' id='block_1_63' title="bbox 1900 681 3478 754">
    <p class='ocr_par' dir='ltr' id='par_1_63' title="bbox 1900 681 3478 754">
     <span class='ocr_line' id='line_1_63' title="bbox 1900 681 3478 754; baseline 0.001 -19"><span class='ocrx_word' id='word_1_473' title='bbox 1900 682 2048 735; x_wconf 81' lang='lat' dir='ltr'><strong>debat</strong></span> <span class='ocrx_word' id='word_1_474' title='bbox 2109 698 2217 742; x_wconf 85' lang='lat' dir='ltr'><strong>eos,</strong></span> <span class='ocrx_word' id='word_1_475' title='bbox 2245 697 2405 751; x_wconf 86' lang='lat' dir='ltr'><strong>usque</strong></span> <span class='ocrx_word' id='word_1_476' title='bbox 2442 681 2571 734; x_wconf 71' lang='lat' dir='ltr'><strong>ilum</strong></span> <span class='ocrx_word' id='word_1_477' title='bbox 2610 682 2816 735; x_wconf 72' lang='lat' dir='ltr'><strong>veniens</strong></span> <span class='ocrx_word' id='word_1_478' title='bbox 2860 690 3022 735; x_wconf 86' lang='lat' dir='ltr'><strong>staret</strong></span> <span class='ocrx_word' id='word_1_479' title='bbox 3053 682 3143 735; x_wconf 87' lang='lat' dir='ltr'><strong>ubi</strong></span> <span class='ocrx_word' id='word_1_480' title='bbox 3172 690 3286 737; x_wconf 83' lang='lat' dir='ltr'><strong>erat</strong></span> <span class='ocrx_word' id='word_1_481' title='bbox 3328 698 3478 754; x_wconf 84' lang='lat' dir='ltr'><strong>puer.</strong></span> 
     </span>
    </p>
   </div>
   <div class='ocr_carea' id='block_1_64' title="bbox 1902 768 3484 835">
    <p class='ocr_par' dir='ltr' id='par_1_64' title="bbox 1902 768 3484 835">
     <span class='ocr_line' id='line_1_64' title="bbox 1902 768 3484 835; baseline 0.001 -11"><span class='ocrx_word' id='word_1_482' title='bbox 1902 770 2003 824; x_wconf 81' lang='lat' dir='ltr'><strong>Ubi</strong></span> <span class='ocrx_word' id='word_1_483' title='bbox 2033 778 2116 825; x_wconf 88' lang='lat' dir='ltr'><strong>est</strong></span> <span class='ocrx_word' id='word_1_484' title='bbox 2146 769 2403 834; x_wconf 85' lang='lat' dir='ltr'><strong>Herodes,</strong></span> <span class='ocrx_word' id='word_1_485' title='bbox 2433 768 2585 822; x_wconf 66' lang='lat' dir='ltr'><strong>ste-lla</strong></span> <span class='ocrx_word' id='word_1_486' title='bbox 2615 784 2720 824; x_wconf 90' lang='lat' dir='ltr'><strong>non</strong></span> <span class='ocrx_word' id='word_1_487' title='bbox 2736 770 2977 835; x_wconf 88' lang='lat' dir='ltr'><strong>videtur;</strong></span> <span class='ocrx_word' id='word_1_488' title='bbox 3007 772 3098 825; x_wconf 90' lang='lat' dir='ltr'><strong>uhi</strong></span> <span class='ocrx_word' id='word_1_489' title='bbox 3130 779 3214 825; x_wconf 87' lang='lat' dir='ltr'><strong>est</strong></span> <span class='ocrx_word' id='word_1_490' title='bbox 3231 770 3484 827; x_wconf 84' lang='lat' dir='ltr'><strong>Christus</strong></span> 
     </span>
    </p>
   </div>
   <div class='ocr_carea' id='block_1_65' title="bbox 1902 861 3482 930">
    <p class='ocr_par' dir='ltr' id='par_1_65' title="bbox 1902 861 3482 930">
     <span class='ocr_line' id='line_1_65' title="bbox 1902 861 3482 930; baseline 0.001 -16"><span class='ocrx_word' id='word_1_491' title='bbox 1902 861 2135 922; x_wconf 86' lang='lat' dir='ltr'><strong>videtur,</strong></span> <span class='ocrx_word' id='word_1_492' title='bbox 2175 870 2231 914; x_wconf 90' lang='lat' dir='ltr'><strong>et</strong></span> <span class='ocrx_word' id='word_1_493' title='bbox 2279 862 2422 914; x_wconf 84' lang='lat' dir='ltr'><strong>viam</strong></span> <span class='ocrx_word' id='word_1_494' title='bbox 2454 861 2802 930; x_wconf 84' lang='lat' dir='ltr'><strong>pergentibus</strong></span> <span class='ocrx_word' id='word_1_495' title='bbox 2825 864 2892 915; x_wconf 86' lang='lat' dir='ltr'><strong>ad</strong></span> <span class='ocrx_word' id='word_1_496' title='bbox 2921 861 3193 917; x_wconf 90' lang='lat' dir='ltr'><strong>Christum</strong></span> <span class='ocrx_word' id='word_1_497' title='bbox 3222 865 3482 927; x_wconf 86' lang='lat' dir='ltr'><strong>ostendit,</strong></span> 
     </span>
    </p>
   </div>
   <div class='ocr_carea' id='block_1_66' title="bbox 1903 952 3487 1023">
    <p class='ocr_par' dir='ltr' id='par_1_66' title="bbox 1903 952 3487 1023">
     <span class='ocr_line' id='line_1_66' title="bbox 1903 952 3487 1023; baseline 0.003 -21"><span class='ocrx_word' id='word_1_498' title='bbox 1903 952 2029 1021; x_wconf 82' lang='lat' dir='ltr'><strong>quia</strong></span> <span class='ocrx_word' id='word_1_499' title='bbox 2055 952 2168 1021; x_wconf 86' lang='lat' dir='ltr'><strong>ipse</strong></span> <span class='ocrx_word' id='word_1_500' title='bbox 2188 952 2484 1007; x_wconf 88' lang='lat' dir='ltr'><strong>secundum</strong></span> <span class='ocrx_word' id='word_1_501' title='bbox 2513 952 2900 1007; x_wconf 86' lang='lat' dir='ltr'><strong>incarnationis</strong></span> <span class='ocrx_word' id='word_1_502' title='bbox 2920 954 3261 1023; x_wconf 76' lang='lat' dir='ltr'><strong>mysterium,</strong></span> <span class='ocrx_word' id='word_1_503' title='bbox 3285 963 3341 1009; x_wconf 90' lang='lat' dir='ltr'><strong>et</strong></span> <span class='ocrx_word' id='word_1_504' title='bbox 3363 957 3487 1011; x_wconf 64' lang='lat' dir='ltr'><strong>stet-</strong></span> 
     </span>
    </p>
   </div>
   <div class='ocr_carea' id='block_1_67' title="bbox 1904 1041 3100 1112">
    <p class='ocr_par' dir='ltr' id='par_1_67' title="bbox 1904 1041 3100 1112">
     <span class='ocr_line' id='line_1_67' title="bbox 1904 1041 3100 1112; baseline 0.003 -18"><span class='ocrx_word' id='word_1_505' title='bbox 1904 1041 1956 1095; x_wconf 85' lang='lat' dir='ltr'><strong>la</strong></span> <span class='ocrx_word' id='word_1_506' title='bbox 1986 1049 2040 1096; x_wconf 89' lang='lat' dir='ltr'><strong>et</strong></span> <span class='ocrx_word' id='word_1_507' title='bbox 2069 1042 2152 1096; x_wconf 88' lang='lat' dir='ltr'><strong>via</strong></span> <span class='ocrx_word' id='word_1_508' title='bbox 2182 1052 2287 1107; x_wconf 87' lang='lat' dir='ltr'><strong>est,</strong></span> <span class='ocrx_word' id='word_1_509' title='bbox 2320 1050 2376 1095; x_wconf 90' lang='lat' dir='ltr'><strong>ct</strong></span> <span class='ocrx_word' id='word_1_510' title='bbox 2406 1057 2507 1097; x_wconf 89' lang='lat' dir='ltr'><strong>nos</strong></span> <span class='ocrx_word' id='word_1_511' title='bbox 2532 1057 2630 1112; x_wconf 83' lang='lat' dir='ltr'><strong>per</strong></span> <span class='ocrx_word' id='word_1_512' title='bbox 2659 1057 2720 1098; x_wconf 89' lang='lat' dir='ltr'><strong>se</strong></span> <span class='ocrx_word' id='word_1_513' title='bbox 2752 1044 2900 1099; x_wconf 85' lang='lat' dir='ltr'><strong>ducit</strong></span> <span class='ocrx_word' id='word_1_514' title='bbox 2928 1044 2998 1099; x_wconf 86' lang='lat' dir='ltr'><strong>ad</strong></span> <span class='ocrx_word' id='word_1_515' title='bbox 3023 1058 3100 1099; x_wconf 91' lang='lat' dir='ltr'><strong>se.</strong></span> 
     </span>
    </p>
   </div>
   <div class='ocr_carea' id='block_1_68' title="bbox 1924 1151 3487 1229">
    <p class='ocr_par' dir='ltr' id='par_1_68' title="bbox 1924 1151 3487 1229">
     <span class='ocr_line' id='line_1_68' title="bbox 1924 1151 3487 1229; baseline 0.005 -25"><span class='ocrx_word' id='word_1_516' title='bbox 1924 1196 1931 1203; x_wconf 96' lang='lat'><strong>.</strong></span> <span class='ocrx_word' id='word_1_517' title='bbox 1986 1151 2229 1206; x_wconf 85' lang='lat' dir='ltr'><strong>Videntes</strong></span> <span class='ocrx_word' id='word_1_518' title='bbox 2256 1162 2435 1205; x_wconf 85' lang='lat' dir='ltr'><strong>autem</strong></span> <span class='ocrx_word' id='word_1_519' title='bbox 2463 1152 2691 1217; x_wconf 84' lang='lat' dir='ltr'><strong>stellam,</strong></span> <span class='ocrx_word' id='word_1_520' title='bbox 2720 1155 2885 1225; x_wconf 85' lang='lat' dir='ltr'><strong>gavisi</strong></span> <span class='ocrx_word' id='word_1_521' title='bbox 2935 1164 3055 1209; x_wconf 82' lang='lat' dir='ltr'><strong>sunt</strong></span> <span class='ocrx_word' id='word_1_522' title='bbox 3083 1157 3279 1227; x_wconf 77' lang='lat' dir='ltr'><strong>gaudio</strong></span> <span class='ocrx_word' id='word_1_523' title='bbox 3299 1174 3487 1229; x_wconf 86' lang='lat' dir='ltr'><strong>magno</strong></span> 
     </span>
    </p>
   </div>
   <div class='ocr_carea' id='block_1_69' title="bbox 1904 1243 3488 1316">
    <p class='ocr_par' dir='ltr' id='par_1_69' title="bbox 1904 1243 3488 1316">
     <span class='ocr_line' id='line_1_69' title="bbox 1904 1243 3488 1316; baseline 0.004 -21"><span class='ocrx_word' id='word_1_524' title='bbox 1904 1243 2075 1306; x_wconf 82' lang='lat' dir='ltr'><strong>valde,</strong></span> <span class='ocrx_word' id='word_1_525' title='bbox 2112 1251 2158 1295; x_wconf 91' lang='lat' dir='ltr'><strong>et</strong></span> <span class='ocrx_word' id='word_1_526' title='bbox 2188 1243 2441 1296; x_wconf 85' lang='lat' dir='ltr'><strong>intrantes</strong></span> <span class='ocrx_word' id='word_1_527' title='bbox 2492 1243 2706 1296; x_wconf 82' lang='lat' dir='ltr'><strong>domum</strong></span> <span class='ocrx_word' id='word_1_528' title='bbox 2746 1244 3050 1299; x_wconf 81' lang='lat' dir='ltr'><strong>invenerunt</strong></span> <span class='ocrx_word' id='word_1_529' title='bbox 3097 1263 3317 1316; x_wconf 85' lang='lat' dir='ltr'><strong>puerum</strong></span> <span class='ocrx_word' id='word_1_530' title='bbox 3369 1265 3488 1301; x_wconf 83' lang='lat' dir='ltr'><strong>cunt</strong></span> 
     </span>
    </p>
   </div>
   <div class='ocr_carea' id='block_1_70' title="bbox 1908 1330 3483 1407">
    <p class='ocr_par' dir='ltr' id='par_1_70' title="bbox 1908 1330 3483 1407">
     <span class='ocr_line' id='line_1_70' title="bbox 1908 1330 3483 1407; baseline 0.005 -22"><span class='ocrx_word' id='word_1_531' title='bbox 1908 1330 2085 1386; x_wconf 70' lang='lat' dir='ltr'><strong>Maria</strong></span> <span class='ocrx_word' id='word_1_532' title='bbox 2120 1343 2291 1386; x_wconf 83' lang='lat' dir='ltr'><strong>matre</strong></span> <span class='ocrx_word' id='word_1_533' title='bbox 2320 1333 2455 1401; x_wconf 84' lang='lat' dir='ltr'><strong>ejus.</strong></span> <span class='ocrx_word' id='word_1_534' title='bbox 2486 1332 2668 1388; x_wconf 82' lang='lat' dir='ltr'><strong>Gavisi</strong></span> <span class='ocrx_word' id='word_1_535' title='bbox 2696 1343 2823 1388; x_wconf 88' lang='lat' dir='ltr'><strong>sunt</strong></span> <span class='ocrx_word' id='word_1_536' title='bbox 2854 1336 3052 1402; x_wconf 81' lang='lat' dir='ltr'><strong>gaudio</strong></span> <span class='ocrx_word' id='word_1_537' title='bbox 3078 1351 3273 1407; x_wconf 83' lang='lat' dir='ltr'><strong>magno</strong></span> <span class='ocrx_word' id='word_1_538' title='bbox 3302 1336 3483 1400; x_wconf 85' lang='lat' dir='ltr'><strong>valde.</strong></span> 
     </span>
    </p>
   </div>
   <div class='ocr_carea' id='block_1_71' title="bbox 1906 1422 3491 1496">
    <p class='ocr_par' dir='ltr' id='par_1_71' title="bbox 1906 1422 3491 1496">
     <span class='ocr_line' id='line_1_71' title="bbox 1906 1422 3491 1496; baseline 0.004 -21"><span class='ocrx_word' id='word_1_539' title='bbox 1906 1423 2034 1491; x_wconf 90' lang='lat' dir='ltr'><strong>quia</strong></span> <span class='ocrx_word' id='word_1_540' title='bbox 2064 1422 2238 1492; x_wconf 85' lang='lat' dir='ltr'><strong>majus</strong></span> <span class='ocrx_word' id='word_1_541' title='bbox 2258 1424 2512 1493; x_wconf 72' lang='lat' dir='ltr'><strong>gaudium</strong></span> <span class='ocrx_word' id='word_1_542' title='bbox 2542 1422 2602 1477; x_wconf 84' lang='lat' dir='ltr'><strong>lit</strong></span> <span class='ocrx_word' id='word_1_543' title='bbox 2626 1422 2691 1479; x_wconf 90' lang='lat' dir='ltr'><strong>de</strong></span> <span class='ocrx_word' id='word_1_544' title='bbox 2718 1424 2954 1480; x_wconf 84' lang='lat' dir='ltr'><strong>inventis</strong></span> <span class='ocrx_word' id='word_1_545' title='bbox 2991 1438 3152 1495; x_wconf 89' lang='lat' dir='ltr'><strong>quam</strong></span> <span class='ocrx_word' id='word_1_546' title='bbox 3182 1428 3251 1482; x_wconf 86' lang='lat' dir='ltr'><strong>de</strong></span> <span class='ocrx_word' id='word_1_547' title='bbox 3278 1440 3491 1496; x_wconf 77' lang='lat' dir='ltr'><strong>posses-</strong></span> 
     </span>
    </p>
   </div>
   <div class='ocr_carea' id='block_1_72' title="bbox 1908 1515 3486 1588">
    <p class='ocr_par' dir='ltr' id='par_1_72' title="bbox 1908 1515 3486 1588">
     <span class='ocr_line' id='line_1_72' title="bbox 1908 1515 3486 1588; baseline 0 -17"><span class='ocrx_word' id='word_1_548' title='bbox 1908 1516 2002 1571; x_wconf 89' lang='lat' dir='ltr'><strong>sis.</strong></span> <span class='ocrx_word' id='word_1_549' title='bbox 2038 1515 2178 1570; x_wconf 84' lang='lat' dir='ltr'><strong>Puer</strong></span> <span class='ocrx_word' id='word_1_550' title='bbox 2233 1516 2324 1568; x_wconf 91' lang='lat' dir='ltr'><strong>ille</strong></span> <span class='ocrx_word' id='word_1_551' title='bbox 2356 1515 2630 1569; x_wconf 88' lang='lat' dir='ltr'><strong>invenitur</strong></span> <span class='ocrx_word' id='word_1_552' title='bbox 2674 1531 2798 1570; x_wconf 91' lang='lat' dir='ltr'><strong>cum</strong></span> <span class='ocrx_word' id='word_1_553' title='bbox 2836 1525 3028 1582; x_wconf 88' lang='lat' dir='ltr'><strong>matre,</strong></span> <span class='ocrx_word' id='word_1_554' title='bbox 3062 1518 3129 1573; x_wconf 85' lang='lat' dir='ltr'><strong>de</strong></span> <span class='ocrx_word' id='word_1_555' title='bbox 3178 1533 3287 1588; x_wconf 89' lang='lat' dir='ltr'><strong>quo</strong></span> <span class='ocrx_word' id='word_1_556' title='bbox 3315 1519 3486 1574; x_wconf 67' lang='lat' dir='ltr'><strong>Isaias</strong></span> 
     </span>
    </p>
   </div>
   <div class='ocr_carea' id='block_1_73' title="bbox 1909 1606 3492 1677">
    <p class='ocr_par' dir='ltr' id='par_1_73' title="bbox 1909 1606 3492 1677">
     <span class='ocr_line' id='line_1_73' title="bbox 1909 1606 3492 1677; baseline 0.003 -17"><span class='ocrx_word' id='word_1_557' title='bbox 1909 1608 2028 1661; x_wconf 89' lang='lat' dir='ltr'><strong>ait:</strong></span> <span class='ocrx_word' id='word_1_558' title='bbox 2064 1606 2208 1660; x_wconf 82' lang='lat' dir='ltr'><strong>Puer</strong></span> <span class='ocrx_word' id='word_1_559' title='bbox 2267 1617 2423 1660; x_wconf 80' lang='lat' dir='ltr'><strong>natus</strong></span> <span class='ocrx_word' id='word_1_560' title='bbox 2482 1616 2557 1659; x_wconf 83' lang='lat' dir='ltr'><strong>est</strong></span> <span class='ocrx_word' id='word_1_561' title='bbox 2589 1607 2758 1671; x_wconf 81' lang='lat' dir='ltr'><strong>nobis,</strong></span> <span class='ocrx_word' id='word_1_562' title='bbox 2823 1606 2967 1677; x_wconf 76' lang='lat' dir='ltr'><strong>ﬁlius</strong></span> <span class='ocrx_word' id='word_1_563' title='bbox 3014 1609 3175 1664; x_wconf 84' lang='lat' dir='ltr'><strong>datus</strong></span> <span class='ocrx_word' id='word_1_564' title='bbox 3237 1619 3313 1664; x_wconf 84' lang='lat' dir='ltr'><strong>est</strong></span> <span class='ocrx_word' id='word_1_565' title='bbox 3346 1613 3492 1665; x_wconf 80' lang='lat' dir='ltr'><strong>nobis</strong></span> 
     </span>
    </p>
   </div>
   <div class='ocr_carea' id='block_1_74' title="bbox 1914 1695 2180 1767">
    <p class='ocr_par' dir='ltr' id='par_1_74' title="bbox 1914 1695 2180 1767">
     <span class='ocr_line' id='line_1_74' title="bbox 1914 1695 2180 1767; baseline -0.004 -17"><span class='ocrx_word' id='word_1_566' title='bbox 1914 1696 2048 1766; x_wconf 87' lang='lat' dir='ltr'><strong>(Isa.</strong></span> <span class='ocrx_word' id='word_1_567' title='bbox 2081 1695 2180 1767; x_wconf 79' lang='lat' dir='ltr'><strong>ix).</strong></span> 
     </span>
    </p>
   </div>
   <div class='ocr_carea' id='block_1_75' title="bbox 1981 1809 3493 1882">
    <p class='ocr_par' dir='ltr' id='par_1_75' title="bbox 1981 1809 3493 1882">
     <span class='ocr_line' id='line_1_75' title="bbox 1981 1809 3493 1882; baseline 0.001 -19"><span class='ocrx_word' id='word_1_568' title='bbox 1981 1809 2050 1863; x_wconf 84' lang='lat' dir='ltr'><strong>Et</strong></span> <span class='ocrx_word' id='word_1_569' title='bbox 2077 1810 2401 1881; x_wconf 82' lang='lat' dir='ltr'><strong>procidentes</strong></span> <span class='ocrx_word' id='word_1_570' title='bbox 2429 1809 2785 1864; x_wconf 86' lang='lat' dir='ltr'><strong>adoraverunt</strong></span> <span class='ocrx_word' id='word_1_571' title='bbox 2808 1826 2946 1873; x_wconf 87' lang='lat' dir='ltr'><strong>eum,</strong></span> <span class='ocrx_word' id='word_1_572' title='bbox 2976 1819 3023 1864; x_wconf 90' lang='lat' dir='ltr'><strong>et</strong></span> <span class='ocrx_word' id='word_1_573' title='bbox 3065 1812 3259 1882; x_wconf 88' lang='lat' dir='ltr'><strong>apertis</strong></span> <span class='ocrx_word' id='word_1_574' title='bbox 3285 1812 3493 1867; x_wconf 67' lang='lat' dir='ltr'><strong>thesau-</strong></span> 
     </span>
    </p>
   </div>
   <div class='ocr_carea' id='block_1_76' title="bbox 1909 1901 3493 1977">
    <p class='ocr_par' dir='ltr' id='par_1_76' title="bbox 1909 1901 3493 1977">
     <span class='ocr_line' id='line_1_76' title="bbox 1909 1901 3493 1977; baseline 0.003 -22"><span class='ocrx_word' id='word_1_575' title='bbox 1909 1902 1982 1955; x_wconf 87' lang='lat' dir='ltr'><strong>ris</strong></span> <span class='ocrx_word' id='word_1_576' title='bbox 2006 1901 2138 1965; x_wconf 86' lang='lat' dir='ltr'><strong>suis,</strong></span> <span class='ocrx_word' id='word_1_577' title='bbox 2175 1901 2467 1956; x_wconf 85' lang='lat' dir='ltr'><strong>obtulerunt</strong></span> <span class='ocrx_word' id='word_1_578' title='bbox 2497 1902 2547 1955; x_wconf 89' lang='lat' dir='ltr'><strong>ei</strong></span> <span class='ocrx_word' id='word_1_579' title='bbox 2598 1917 2836 1968; x_wconf 84' lang='lat' dir='ltr'><strong>munera,</strong></span> <span class='ocrx_word' id='word_1_580' title='bbox 2884 1918 3097 1970; x_wconf 84' lang='lat' dir='ltr'><strong>aurum,</strong></span> <span class='ocrx_word' id='word_1_581' title='bbox 3128 1903 3246 1959; x_wconf 87' lang='lat' dir='ltr'><strong>thus</strong></span> <span class='ocrx_word' id='word_1_582' title='bbox 3275 1912 3325 1959; x_wconf 87' lang='lat' dir='ltr'><strong>et</strong></span> <span class='ocrx_word' id='word_1_583' title='bbox 3352 1922 3493 1977; x_wconf 80' lang='lat' dir='ltr'><strong>myr-</strong></span> 
     </span>
    </p>
   </div>
   <div class='ocr_carea' id='block_1_77' title="bbox 1912 1989 3487 2065">
    <p class='ocr_par' dir='ltr' id='par_1_77' title="bbox 1912 1989 3487 2065">
     <span class='ocr_line' id='line_1_77' title="bbox 1912 1989 3487 2065; baseline 0.006 -21"><span class='ocrx_word' id='word_1_584' title='bbox 1912 1994 2082 2046; x_wconf 85' lang='lat' dir='ltr'><strong>rham.</strong></span> <span class='ocrx_word' id='word_1_585' title='bbox 2138 1993 2395 2047; x_wconf 79' lang='lat' dir='ltr'><strong>Veterum</strong></span> <span class='ocrx_word' id='word_1_586' title='bbox 2443 1991 2663 2045; x_wconf 87' lang='lat' dir='ltr'><strong>traditio</strong></span> <span class='ocrx_word' id='word_1_587' title='bbox 2694 1989 2812 2057; x_wconf 79' lang='lat' dir='ltr'><strong>fuit,</strong></span> <span class='ocrx_word' id='word_1_588' title='bbox 2853 2000 2912 2046; x_wconf 92' lang='lat' dir='ltr'><strong>ut</strong></span> <span class='ocrx_word' id='word_1_589' title='bbox 2939 1992 3117 2048; x_wconf 89' lang='lat' dir='ltr'><strong>nullus</strong></span> <span class='ocrx_word' id='word_1_590' title='bbox 3172 1995 3240 2048; x_wconf 88' lang='lat' dir='ltr'><strong>ad</strong></span> <span class='ocrx_word' id='word_1_591' title='bbox 3289 2011 3487 2065; x_wconf 81' lang='lat' dir='ltr'><strong>regem.</strong></span> 
     </span>
    </p>
   </div>
   <div class='ocr_carea' id='block_1_78' title="bbox 1911 2080 3492 2153">
    <p class='ocr_par' dir='ltr' id='par_1_78' title="bbox 1911 2080 3492 2153">
     <span class='ocr_line' id='line_1_78' title="bbox 1911 2080 3492 2153; baseline -0.001 -16"><span class='ocrx_word' id='word_1_592' title='bbox 1911 2084 2025 2137; x_wconf 90' lang='lat' dir='ltr'><strong>sive</strong></span> <span class='ocrx_word' id='word_1_593' title='bbox 2050 2083 2117 2137; x_wconf 90' lang='lat' dir='ltr'><strong>ad</strong></span> <span class='ocrx_word' id='word_1_594' title='bbox 2147 2082 2437 2137; x_wconf 85' lang='lat' dir='ltr'><strong>Dominum</strong></span> <span class='ocrx_word' id='word_1_595' title='bbox 2487 2080 2784 2152; x_wconf 89' lang='lat' dir='ltr'><strong>rogandum</strong></span> <span class='ocrx_word' id='word_1_596' title='bbox 2836 2096 3040 2137; x_wconf 90' lang='lat' dir='ltr'><strong>vacuus</strong></span> <span class='ocrx_word' id='word_1_597' title='bbox 3101 2082 3348 2137; x_wconf 89' lang='lat' dir='ltr'><strong>intraret.</strong></span> <span class='ocrx_word' id='word_1_598' title='bbox 3383 2083 3492 2153; x_wconf 62' lang='lat' dir='ltr'><strong>(lic</strong></span> 
     </span>
    </p>
   </div>
   <div class='ocr_carea' id='block_1_79' title="bbox 1910 2171 3489 2246">
    <p class='ocr_par' dir='ltr' id='par_1_79' title="bbox 1910 2171 3489 2246">
     <span class='ocr_line' id='line_1_79' title="bbox 1910 2171 3489 2246; baseline -0.002 -19"><span class='ocrx_word' id='word_1_599' title='bbox 1910 2171 2092 2246; x_wconf 83' lang='lat' dir='ltr'><strong>Greg.)</strong></span> <span class='ocrx_word' id='word_1_600' title='bbox 2119 2173 2257 2245; x_wconf 84' lang='lat' dir='ltr'><strong>Magi</strong></span> <span class='ocrx_word' id='word_1_601' title='bbox 2286 2189 2418 2228; x_wconf 89' lang='lat' dir='ltr'><strong>vero</strong></span> <span class='ocrx_word' id='word_1_602' title='bbox 2472 2187 2599 2228; x_wconf 90' lang='lat' dir='ltr'><strong>eum</strong></span> <span class='ocrx_word' id='word_1_603' title='bbox 2631 2186 2789 2242; x_wconf 90' lang='lat' dir='ltr'><strong>quem</strong></span> <span class='ocrx_word' id='word_1_604' title='bbox 2821 2173 3070 2238; x_wconf 87' lang='lat' dir='ltr'><strong>adorant,</strong></span> <span class='ocrx_word' id='word_1_605' title='bbox 3098 2174 3342 2245; x_wconf 85' lang='lat' dir='ltr'><strong>mysticis</strong></span> <span class='ocrx_word' id='word_1_606' title='bbox 3372 2190 3489 2227; x_wconf 85' lang='lat' dir='ltr'><strong>mu-</strong></span> 
     </span>
    </p>
   </div>
   <div class='ocr_carea' id='block_1_80' title="bbox 1911 2260 3497 2336">
    <p class='ocr_par' dir='ltr' id='par_1_80' title="bbox 1911 2260 3497 2336">
     <span class='ocr_line' id='line_1_80' title="bbox 1911 2260 3497 2336; baseline -0.001 -17"><span class='ocrx_word' id='word_1_607' title='bbox 1911 2264 2133 2319; x_wconf 86' lang='lat' dir='ltr'><strong>neribus</strong></span> <span class='ocrx_word' id='word_1_608' title='bbox 2155 2263 2466 2333; x_wconf 71' lang='lat' dir='ltr'><strong>prmdicant.</strong></span> <span class='ocrx_word' id='word_1_609' title='bbox 2500 2261 2648 2317; x_wconf 81' lang='lat' dir='ltr'><strong>Auro</strong></span> <span class='ocrx_word' id='word_1_610' title='bbox 2672 2262 2892 2332; x_wconf 83' lang='lat' dir='ltr'><strong>Regem,</strong></span> <span class='ocrx_word' id='word_1_611' title='bbox 2922 2262 3105 2318; x_wconf 88' lang='lat' dir='ltr'><strong>Thure</strong></span> <span class='ocrx_word' id='word_1_612' title='bbox 3133 2260 3321 2329; x_wconf 82' lang='lat' dir='ltr'><strong>Deum,</strong></span> <span class='ocrx_word' id='word_1_613' title='bbox 3354 2262 3497 2336; x_wconf 76' lang='lat' dir='ltr'><strong>Myr-</strong></span> 
     </span>
    </p>
   </div>
   <div class='ocr_carea' id='block_1_81' title="bbox 1912 2351 3487 2423">
    <p class='ocr_par' dir='ltr' id='par_1_81' title="bbox 1912 2351 3487 2423">
     <span class='ocr_line' id='line_1_81' title="bbox 1912 2351 3487 2423; baseline 0 -15"><span class='ocrx_word' id='word_1_614' title='bbox 1912 2356 2008 2409; x_wconf 91' lang='lat' dir='ltr'><strong>rha</strong></span> <span class='ocrx_word' id='word_1_615' title='bbox 2037 2353 2342 2408; x_wconf 88' lang='lat' dir='ltr'><strong>mortalem.</strong></span> <span class='ocrx_word' id='word_1_616' title='bbox 2377 2353 2532 2408; x_wconf 87' lang='lat' dir='ltr'><strong>Sicut</strong></span> <span class='ocrx_word' id='word_1_617' title='bbox 2570 2352 2809 2408; x_wconf 64' lang='lat' dir='ltr'><strong>haeretici</strong></span> <span class='ocrx_word' id='word_1_618' title='bbox 2862 2351 2954 2423; x_wconf 91' lang='lat' dir='ltr'><strong>qui</strong></span> <span class='ocrx_word' id='word_1_619' title='bbox 2980 2354 3125 2409; x_wconf 90' lang='lat' dir='ltr'><strong>hunc</strong></span> <span class='ocrx_word' id='word_1_620' title='bbox 3172 2354 3341 2409; x_wconf 90' lang='lat' dir='ltr'><strong>Deum</strong></span> <span class='ocrx_word' id='word_1_621' title='bbox 3369 2370 3487 2409; x_wconf 87' lang='lat' dir='ltr'><strong>crc-</strong></span> 
     </span>
    </p>
   </div>
   <div class='ocr_carea' id='block_1_82' title="bbox 1911 2443 3499 2515">
    <p class='ocr_par' dir='ltr' id='par_1_82' title="bbox 1911 2443 3499 2515">
     <span class='ocr_line' id='line_1_82' title="bbox 1911 2443 3499 2515; baseline -0.001 -14"><span class='ocrx_word' id='word_1_622' title='bbox 1911 2447 2066 2511; x_wconf 90' lang='lat' dir='ltr'><strong>dunt,</strong></span> <span class='ocrx_word' id='word_1_623' title='bbox 2090 2447 2184 2502; x_wconf 88' lang='lat' dir='ltr'><strong>sed</strong></span> <span class='ocrx_word' id='word_1_624' title='bbox 2234 2446 2432 2515; x_wconf 89' lang='lat' dir='ltr'><strong>ubique</strong></span> <span class='ocrx_word' id='word_1_625' title='bbox 2485 2459 2715 2514; x_wconf 81' lang='lat' dir='ltr'><strong>regnare</strong></span> <span class='ocrx_word' id='word_1_626' title='bbox 2766 2458 2873 2499; x_wconf 90' lang='lat' dir='ltr'><strong>non</strong></span> <span class='ocrx_word' id='word_1_627' title='bbox 2902 2445 3147 2506; x_wconf 89' lang='lat' dir='ltr'><strong>credunt,</strong></span> <span class='ocrx_word' id='word_1_628' title='bbox 3200 2444 3255 2499; x_wconf 90' lang='lat' dir='ltr'><strong>hi</strong></span> <span class='ocrx_word' id='word_1_629' title='bbox 3284 2443 3335 2501; x_wconf 84' lang='lat' dir='ltr'><strong>ei</strong></span> <span class='ocrx_word' id='word_1_630' title='bbox 3368 2444 3499 2499; x_wconf 80' lang='lat' dir='ltr'><strong>thes</strong></span> 
     </span>
    </p>
   </div>
   <div class='ocr_carea' id='block_1_83' title="bbox 1910 2534 3493 2606">
    <p class='ocr_par' dir='ltr' id='par_1_83' title="bbox 1910 2534 3493 2606">
     <span class='ocr_line' id='line_1_83' title="bbox 1910 2534 3493 2606; baseline -0.006 -12"><span class='ocrx_word' id='word_1_631' title='bbox 1910 2538 2143 2594; x_wconf 79' lang='lat' dir='ltr'><strong>oti‘erunt</strong></span> <span class='ocrx_word' id='word_1_632' title='bbox 2177 2553 2284 2593; x_wconf 90' lang='lat' dir='ltr'><strong>non</strong></span> <span class='ocrx_word' id='word_1_633' title='bbox 2312 2552 2524 2592; x_wconf 90' lang='lat' dir='ltr'><strong>aurum.</strong></span> <span class='ocrx_word' id='word_1_634' title='bbox 2558 2534 2697 2591; x_wconf 91' lang='lat' dir='ltr'><strong>Sunt</strong></span> <span class='ocrx_word' id='word_1_635' title='bbox 2735 2534 2826 2605; x_wconf 91' lang='lat' dir='ltr'><strong>qui</strong></span> <span class='ocrx_word' id='word_1_636' title='bbox 2870 2536 3013 2589; x_wconf 90' lang='lat' dir='ltr'><strong>hunc</strong></span> <span class='ocrx_word' id='word_1_637' title='bbox 3068 2547 3251 2606; x_wconf 80' lang='lat' dir='ltr'><strong>regem</strong></span> <span class='ocrx_word' id='word_1_638' title='bbox 3305 2535 3493 2591; x_wconf 64' lang='lat' dir='ltr'><strong>exist?-</strong></span> 
     </span>
    </p>
   </div>
   <div class='ocr_carea' id='block_1_84' title="bbox 1912 2624 3490 2698">
    <p class='ocr_par' dir='ltr' id='par_1_84' title="bbox 1912 2624 3490 2698">
     <span class='ocr_line' id='line_1_84' title="bbox 1912 2624 3490 2698; baseline -0.005 -13"><span class='ocrx_word' id='word_1_639' title='bbox 1912 2637 2085 2694; x_wconf 77' lang='lat' dir='ltr'><strong>mant,</strong></span> <span class='ocrx_word' id='word_1_640' title='bbox 2114 2628 2209 2685; x_wconf 91' lang='lat' dir='ltr'><strong>sed</strong></span> <span class='ocrx_word' id='word_1_641' title='bbox 2239 2628 2409 2684; x_wconf 89' lang='lat' dir='ltr'><strong>Deum</strong></span> <span class='ocrx_word' id='word_1_642' title='bbox 2440 2633 2671 2698; x_wconf 86' lang='lat' dir='ltr'><strong>negant;</strong></span> <span class='ocrx_word' id='word_1_643' title='bbox 2697 2625 2752 2680; x_wconf 86' lang='lat' dir='ltr'><strong>hi</strong></span> <span class='ocrx_word' id='word_1_644' title='bbox 2783 2625 2832 2680; x_wconf 90' lang='lat' dir='ltr'><strong>ei</strong></span> <span class='ocrx_word' id='word_1_645' title='bbox 2864 2639 3054 2679; x_wconf 88' lang='lat' dir='ltr'><strong>aurum</strong></span> <span class='ocrx_word' id='word_1_646' title='bbox 3098 2624 3352 2690; x_wconf 75' lang='lat' dir='ltr'><strong>offerunt,</strong></span> <span class='ocrx_word' id='word_1_647' title='bbox 3386 2640 3490 2680; x_wconf 78' lang='lat' dir='ltr'><strong>non</strong></span> 
     </span>
    </p>
   </div>
   <div class='ocr_carea' id='block_1_85' title="bbox 1914 2717 3495 2795">
    <p class='ocr_par' dir='ltr' id='par_1_85' title="bbox 1914 2717 3495 2795">
     <span class='ocr_line' id='line_1_85' title="bbox 1914 2717 3495 2795; baseline -0.002 -15"><span class='ocrx_word' id='word_1_648' title='bbox 1914 2725 2060 2781; x_wconf 86' lang='lat' dir='ltr'><strong>thus.</strong></span> <span class='ocrx_word' id='word_1_649' title='bbox 2096 2724 2239 2780; x_wconf 89' lang='lat' dir='ltr'><strong>Sunt</strong></span> <span class='ocrx_word' id='word_1_650' title='bbox 2266 2724 2356 2795; x_wconf 90' lang='lat' dir='ltr'><strong>qui</strong></span> <span class='ocrx_word' id='word_1_651' title='bbox 2390 2724 2535 2779; x_wconf 89' lang='lat' dir='ltr'><strong>hunc</strong></span> <span class='ocrx_word' id='word_1_652' title='bbox 2586 2729 2640 2777; x_wconf 90' lang='lat' dir='ltr'><strong>et</strong></span> <span class='ocrx_word' id='word_1_653' title='bbox 2673 2721 2846 2777; x_wconf 91' lang='lat' dir='ltr'><strong>Deum</strong></span> <span class='ocrx_word' id='word_1_654' title='bbox 2901 2718 3140 2776; x_wconf 81' lang='lat' dir='ltr'><strong>fatentur</strong></span> <span class='ocrx_word' id='word_1_655' title='bbox 3181 2727 3236 2774; x_wconf 91' lang='lat' dir='ltr'><strong>et</strong></span> <span class='ocrx_word' id='word_1_656' title='bbox 3275 2717 3495 2791; x_wconf 80' lang='lat' dir='ltr'><strong>Regem.</strong></span> 
     </span>
    </p>
   </div>
   <div class='ocr_carea' id='block_1_86' title="bbox 1914 2808 3495 2886">
    <p class='ocr_par' dir='ltr' id='par_1_86' title="bbox 1914 2808 3495 2886">
     <span class='ocr_line' id='line_1_86' title="bbox 1914 2808 3495 2886; baseline -0.006 -14"><span class='ocrx_word' id='word_1_657' title='bbox 1914 2817 2009 2872; x_wconf 87' lang='lat' dir='ltr'><strong>sed</strong></span> <span class='ocrx_word' id='word_1_658' title='bbox 2042 2814 2400 2886; x_wconf 88' lang='lat' dir='ltr'><strong>assumpsisse</strong></span> <span class='ocrx_word' id='word_1_659' title='bbox 2423 2829 2642 2869; x_wconf 89' lang='lat' dir='ltr'><strong>carnem</strong></span> <span class='ocrx_word' id='word_1_660' title='bbox 2676 2812 2959 2868; x_wconf 88' lang='lat' dir='ltr'><strong>mortalem</strong></span> <span class='ocrx_word' id='word_1_661' title='bbox 2982 2817 3198 2882; x_wconf 86' lang='lat' dir='ltr'><strong>negant.</strong></span> <span class='ocrx_word' id='word_1_662' title='bbox 3237 2808 3304 2865; x_wconf 81' lang='lat' dir='ltr'><strong>Hi</strong></span> <span class='ocrx_word' id='word_1_663' title='bbox 3327 2815 3374 2864; x_wconf 88' lang='lat' dir='ltr'><strong>ei</strong></span> <span class='ocrx_word' id='word_1_664' title='bbox 3402 2825 3495 2863; x_wconf 89' lang='lat' dir='ltr'><strong>au-</strong></span> 
     </span>
    </p>
   </div>
   <div class='ocr_carea' id='block_1_87' title="bbox 1916 2898 3502 2973">
    <p class='ocr_par' dir='ltr' id='par_1_87' title="bbox 1916 2898 3502 2973">
     <span class='ocr_line' id='line_1_87' title="bbox 1916 2898 3502 2973; baseline -0.004 -13"><span class='ocrx_word' id='word_1_665' title='bbox 1916 2921 2034 2960; x_wconf 91' lang='lat' dir='ltr'><strong>rum</strong></span> <span class='ocrx_word' id='word_1_666' title='bbox 2060 2913 2116 2960; x_wconf 91' lang='lat' dir='ltr'><strong>ct</strong></span> <span class='ocrx_word' id='word_1_667' title='bbox 2144 2906 2272 2960; x_wconf 87' lang='lat' dir='ltr'><strong>thus</strong></span> <span class='ocrx_word' id='word_1_668' title='bbox 2297 2903 2552 2971; x_wconf 79' lang='lat' dir='ltr'><strong>oﬂ‘erunt,</strong></span> <span class='ocrx_word' id='word_1_669' title='bbox 2586 2918 2694 2959; x_wconf 90' lang='lat' dir='ltr'><strong>non</strong></span> <span class='ocrx_word' id='word_1_670' title='bbox 2744 2900 3042 2973; x_wconf 86' lang='lat' dir='ltr'><strong>myrrham.</strong></span> <span class='ocrx_word' id='word_1_671' title='bbox 3075 2899 3185 2955; x_wconf 90' lang='lat' dir='ltr'><strong>Nos</strong></span> <span class='ocrx_word' id='word_1_672' title='bbox 3211 2898 3502 2954; x_wconf 66' lang='lat' dir='ltr'><strong>oderames</strong></span> 
     </span>
    </p>
   </div>
   <div class='ocr_carea' id='block_1_88' title="bbox 1914 2990 3531 3074">
    <p class='ocr_par' dir='ltr' id='par_1_88' title="bbox 1914 2990 3531 3074">
     <span class='ocr_line' id='line_1_88' title="bbox 1914 2990 3531 3074; baseline -0.004 -23"><span class='ocrx_word' id='word_1_673' title='bbox 1914 3011 2105 3052; x_wconf 87' lang='lat' dir='ltr'><strong>aurum</strong></span> <span class='ocrx_word' id='word_1_674' title='bbox 2141 2998 2213 3059; x_wconf 87' lang='lat' dir='ltr'><strong>ei,</strong></span> <span class='ocrx_word' id='word_1_675' title='bbox 2242 3006 2304 3051; x_wconf 89' lang='lat' dir='ltr'><strong>ut</strong></span> <span class='ocrx_word' id='word_1_676' title='bbox 2331 2997 2529 3066; x_wconf 54' lang='lat' dir='ltr'><strong>ubique</strong></span> <span class='ocrx_word' id='word_1_677' title='bbox 2580 3010 2705 3049; x_wconf 89' lang='lat' dir='ltr'><strong>eum</strong></span> <span class='ocrx_word' id='word_1_678' title='bbox 2748 3007 2975 3074; x_wconf 78' lang='lat' dir='ltr'><strong>regnare</strong></span> <span class='ocrx_word' id='word_1_679' title='bbox 3019 2994 3324 3048; x_wconf 74' lang='lat' dir='ltr'><strong>credamus.</strong></span> <span class='ocrx_word' id='word_1_680' title='bbox 3356 2990 3531 3047; x_wconf 61' lang='grc' dir='ltr'><strong>υπς’-ο</strong></span> 
     </span>
    </p>
   </div>
   <div class='ocr_carea' id='block_1_89' title="bbox 1842 3074 3500 3164">
    <p class='ocr_par' dir='ltr' id='par_1_89' title="bbox 1842 3074 3500 3164">
     <span class='ocr_line' id='line_1_89' title="bbox 1842 3074 3500 3164; baseline -0.005 -20"><span class='ocrx_word' id='word_1_681' title='bbox 1842 3103 1886 3164; x_wconf 76' lang='lat' dir='ltr'><strong><em>C</em></strong></span> <span class='ocrx_word' id='word_1_682' title='bbox 1917 3103 2103 3144; x_wconf 88' lang='lat' dir='ltr'><strong>ramus</strong></span> <span class='ocrx_word' id='word_1_683' title='bbox 2129 3089 2275 3152; x_wconf 84' lang='lat' dir='ltr'><strong>thus,</strong></span> <span class='ocrx_word' id='word_1_684' title='bbox 2326 3098 2386 3143; x_wconf 90' lang='lat' dir='ltr'><strong>ut</strong></span> <span class='ocrx_word' id='word_1_685' title='bbox 2419 3087 2723 3151; x_wconf 85' lang='lat' dir='ltr'><strong>credamus,</strong></span> <span class='ocrx_word' id='word_1_686' title='bbox 2769 3079 2913 3156; x_wconf 84' lang='lat' dir='ltr'><strong>quod</strong></span> <span class='ocrx_word' id='word_1_687' title='bbox 2954 3085 3002 3139; x_wconf 90' lang='lat' dir='ltr'><strong>is</strong></span> <span class='ocrx_word' id='word_1_688' title='bbox 3029 3085 3121 3154; x_wconf 89' lang='lat' dir='ltr'><strong>qui</strong></span> <span class='ocrx_word' id='word_1_689' title='bbox 3153 3085 3205 3138; x_wconf 90' lang='lat' dir='ltr'><strong>in</strong></span> <span class='ocrx_word' id='word_1_690' title='bbox 3256 3074 3500 3153; x_wconf 63' lang='lat' dir='ltr'><strong>tempore</strong></span> 
     </span>
    </p>
   </div>
   <div class='ocr_carea' id='block_1_90' title="bbox 1918 3172 3495 3251">
    <p class='ocr_par' dir='ltr' id='par_1_90' title="bbox 1918 3172 3495 3251">
     <span class='ocr_line' id='line_1_90' title="bbox 1918 3172 3495 3251; baseline -0.005 -16"><span class='ocrx_word' id='word_1_691' title='bbox 1918 3178 2169 3251; x_wconf 80' lang='lat' dir='ltr'><strong>apparuit</strong></span> <span class='ocrx_word' id='word_1_692' title='bbox 2225 3178 2368 3234; x_wconf 87' lang='lat' dir='ltr'><strong>Deus</strong></span> <span class='ocrx_word' id='word_1_693' title='bbox 2431 3186 2557 3232; x_wconf 88' lang='lat' dir='ltr'><strong>ante</strong></span> <span class='ocrx_word' id='word_1_694' title='bbox 2607 3186 2851 3245; x_wconf 87' lang='lat' dir='ltr'><strong>tempora</strong></span> <span class='ocrx_word' id='word_1_695' title='bbox 2906 3174 3133 3231; x_wconf 79' lang='lat' dir='ltr'><strong>exstitit.</strong></span> <span class='ocrx_word' id='word_1_696' title='bbox 3188 3172 3495 3229; x_wconf 77' lang='lat' dir='ltr'><strong>Oti&#39;eramus</strong></span> 
     </span>
    </p>
   </div>
   <div class='ocr_carea' id='block_1_91' title="bbox 1917 3264 3502 3343">
    <p class='ocr_par' dir='ltr' id='par_1_91' title="bbox 1917 3264 3502 3343">
     <span class='ocr_line' id='line_1_91' title="bbox 1917 3264 3502 3343; baseline -0.007 -16"><span class='ocrx_word' id='word_1_697' title='bbox 1917 3271 2217 3343; x_wconf 85' lang='lat' dir='ltr'><strong>myrrham,</strong></span> <span class='ocrx_word' id='word_1_698' title='bbox 2244 3278 2306 3324; x_wconf 87' lang='lat' dir='ltr'><strong>ut</strong></span> <span class='ocrx_word' id='word_1_699' title='bbox 2332 3283 2454 3324; x_wconf 90' lang='lat' dir='ltr'><strong>eum</strong></span> <span class='ocrx_word' id='word_1_700' title='bbox 2486 3282 2647 3338; x_wconf 86' lang='lat' dir='ltr'><strong>quem</strong></span> <span class='ocrx_word' id='word_1_701' title='bbox 2690 3265 2963 3322; x_wconf 86' lang='lat' dir='ltr'><strong>credimus</strong></span> <span class='ocrx_word' id='word_1_702' title='bbox 2990 3266 3043 3321; x_wconf 90' lang='lat' dir='ltr'><strong>in</strong></span> <span class='ocrx_word' id='word_1_703' title='bbox 3092 3281 3190 3321; x_wconf 88' lang='lat' dir='ltr'><strong>sua</strong></span> <span class='ocrx_word' id='word_1_704' title='bbox 3224 3264 3502 3321; x_wconf 84' lang='lat' dir='ltr'><strong>divinitate</strong></span> 
     </span>
    </p>
   </div>
   <div class='ocr_carea' id='block_1_92' title="bbox 1919 3355 3501 3434">
    <p class='ocr_par' dir='ltr' id='par_1_92' title="bbox 1919 3355 3501 3434">
     <span class='ocr_line' id='line_1_92' title="bbox 1919 3355 3501 3434; baseline -0.006 -16"><span class='ocrx_word' id='word_1_705' title='bbox 1919 3362 2323 3434; x_wconf 88' lang='lat' dir='ltr'><strong>impassibilem,</strong></span> <span class='ocrx_word' id='word_1_706' title='bbox 2341 3360 2631 3415; x_wconf 87' lang='lat' dir='ltr'><strong>credamus</strong></span> <span class='ocrx_word' id='word_1_707' title='bbox 2653 3359 2816 3413; x_wconf 89' lang='lat' dir='ltr'><strong>etiam</strong></span> <span class='ocrx_word' id='word_1_708' title='bbox 2840 3356 2896 3412; x_wconf 91' lang='lat' dir='ltr'><strong>in</strong></span> <span class='ocrx_word' id='word_1_709' title='bbox 2924 3366 3112 3412; x_wconf 87' lang='lat' dir='ltr'><strong>nostra</strong></span> <span class='ocrx_word' id='word_1_710' title='bbox 3140 3355 3307 3412; x_wconf 78' lang='lat' dir='ltr'><strong>fuisse</strong></span> <span class='ocrx_word' id='word_1_711' title='bbox 3337 3370 3501 3410; x_wconf 71' lang='lat' dir='ltr'><strong>carne</strong></span> 
     </span>
    </p>
   </div>
   <div class='ocr_carea' id='block_1_93' title="bbox 1919 3448 3501 3520">
    <p class='ocr_par' dir='ltr' id='par_1_93' title="bbox 1919 3448 3501 3520">
     <span class='ocr_line' id='line_1_93' title="bbox 1919 3448 3501 3520; baseline -0.006 -10"><span class='ocrx_word' id='word_1_712' title='bbox 1919 3454 2223 3510; x_wconf 86' lang='lat' dir='ltr'><strong>mortalem.</strong></span> <span class='ocrx_word' id='word_1_713' title='bbox 2252 3452 2513 3519; x_wconf 74' lang='lat' dir='ltr'><strong>Quamvis</strong></span> <span class='ocrx_word' id='word_1_714' title='bbox 2538 3452 2593 3506; x_wconf 92' lang='lat' dir='ltr'><strong>in</strong></span> <span class='ocrx_word' id='word_1_715' title='bbox 2624 3466 2781 3518; x_wconf 91' lang='lat' dir='ltr'><strong>auro,</strong></span> <span class='ocrx_word' id='word_1_716' title='bbox 2815 3449 2975 3505; x_wconf 86' lang='lat' dir='ltr'><strong>thure</strong></span> <span class='ocrx_word' id='word_1_717' title='bbox 3003 3456 3059 3504; x_wconf 87' lang='lat' dir='ltr'><strong>et</strong></span> <span class='ocrx_word' id='word_1_718' title='bbox 3087 3449 3308 3520; x_wconf 85' lang='lat' dir='ltr'><strong>myrrha</strong></span> <span class='ocrx_word' id='word_1_719' title='bbox 3342 3448 3501 3502; x_wconf 67' lang='lat' dir='ltr'><strong>intcl«</strong></span> 
     </span>
    </p>
   </div>
   <div class='ocr_carea' id='block_1_94' title="bbox 1917 3532 3505 3617">
    <p class='ocr_par' dir='ltr' id='par_1_94' title="bbox 1917 3532 3505 3617">
     <span class='ocr_line' id='line_1_94' title="bbox 1917 3532 3505 3617; baseline -0.006 -17"><span class='ocrx_word' id='word_1_720' title='bbox 1917 3547 2009 3617; x_wconf 86' lang='lat' dir='ltr'><strong>ligi</strong></span> <span class='ocrx_word' id='word_1_721' title='bbox 2035 3555 2091 3601; x_wconf 86' lang='lat' dir='ltr'><strong>et</strong></span> <span class='ocrx_word' id='word_1_722' title='bbox 2114 3544 2261 3600; x_wconf 85' lang='lat' dir='ltr'><strong>aliud</strong></span> <span class='ocrx_word' id='word_1_723' title='bbox 2307 3550 2506 3615; x_wconf 87' lang='lat' dir='ltr'><strong>potest.</strong></span> <span class='ocrx_word' id='word_1_724' title='bbox 2544 3543 2748 3597; x_wconf 83' lang='lat' dir='ltr'><strong>Aurum</strong></span> <span class='ocrx_word' id='word_1_725' title='bbox 2784 3547 3015 3615; x_wconf 85' lang='lat' dir='ltr'><strong>namque</strong></span> <span class='ocrx_word' id='word_1_726' title='bbox 3060 3539 3387 3610; x_wconf 87' lang='lat' dir='ltr'><strong>sapientiam</strong></span> <span class='ocrx_word' id='word_1_727' title='bbox 3413 3532 3505 3593; x_wconf 77' lang='lat' dir='ltr'><strong>dr-</strong></span> 
     </span>
    </p>
   </div>
   <div class='ocr_carea' id='block_1_95' title="bbox 1918 3629 3505 3711">
    <p class='ocr_par' dir='ltr' id='par_1_95' title="bbox 1918 3629 3505 3711">
     <span class='ocr_line' id='line_1_95' title="bbox 1918 3629 3505 3711; baseline -0.008 -17"><span class='ocrx_word' id='word_1_728' title='bbox 1918 3640 2121 3711; x_wconf 83' lang='lat' dir='ltr'><strong>signat,</strong></span> <span class='ocrx_word' id='word_1_729' title='bbox 2153 3636 2441 3693; x_wconf 85' lang='lat' dir='ltr'><strong>Salomone</strong></span> <span class='ocrx_word' id='word_1_730' title='bbox 2466 3640 2782 3698; x_wconf 88' lang='lat' dir='ltr'><strong>attestante,</strong></span> <span class='ocrx_word' id='word_1_731' title='bbox 2815 3631 2904 3702; x_wconf 88' lang='lat' dir='ltr'><strong>qui</strong></span> <span class='ocrx_word' id='word_1_732' title='bbox 2929 3632 3006 3686; x_wconf 91' lang='lat' dir='ltr'><strong>ait</strong></span> <span class='ocrx_word' id='word_1_733' title='bbox 3034 3648 3048 3685; x_wconf 89' lang='lat'>:</span> <span class='ocrx_word' id='word_1_734' title='bbox 3074 3629 3389 3684; x_wconf 86' lang='lat' dir='ltr'><strong>Thesaurus</strong></span> <span class='ocrx_word' id='word_1_735' title='bbox 3414 3629 3505 3682; x_wconf 81' lang='lat' dir='ltr'><strong>de-</strong></span> 
     </span>
    </p>
   </div>
   <div class='ocr_carea' id='block_1_96' title="bbox 1918 3718 3502 3798">
    <p class='ocr_par' dir='ltr' id='par_1_96' title="bbox 1918 3718 3502 3798">
     <span class='ocr_line' id='line_1_96' title="bbox 1918 3718 3502 3798; baseline -0.011 -12"><span class='ocrx_word' id='word_1_736' title='bbox 1918 3728 2226 3786; x_wconf 86' lang='lat' dir='ltr'><strong>siderabilis</strong></span> <span class='ocrx_word' id='word_1_737' title='bbox 2276 3725 2572 3798; x_wconf 87' lang='lat' dir='ltr'><strong>requiescit</strong></span> <span class='ocrx_word' id='word_1_738' title='bbox 2619 3724 2673 3779; x_wconf 93' lang='lat' dir='ltr'><strong>in</strong></span> <span class='ocrx_word' id='word_1_739' title='bbox 2716 3737 2812 3779; x_wconf 88' lang='lat' dir='ltr'><strong>ore</strong></span> <span class='ocrx_word' id='word_1_740' title='bbox 2837 3722 3105 3794; x_wconf 86' lang='lat' dir='ltr'><strong>sapientis</strong></span> <span class='ocrx_word' id='word_1_741' title='bbox 3157 3718 3502 3793; x_wconf 63' lang='lat' dir='ltr'><strong>(Promxxt).</strong></span> 
     </span>
    </p>
   </div>
   <div class='ocr_carea' id='block_1_97' title="bbox 1922 3812 3506 3887">
    <p class='ocr_par' dir='ltr' id='par_1_97' title="bbox 1922 3812 3506 3887">
     <span class='ocr_line' id='line_1_97' title="bbox 1922 3812 3506 3887; baseline -0.008 -12"><span class='ocrx_word' id='word_1_742' title='bbox 1922 3821 2071 3876; x_wconf 86' lang='lat' dir='ltr'><strong>Thus</strong></span> <span class='ocrx_word' id='word_1_743' title='bbox 2098 3827 2299 3884; x_wconf 75' lang='lat' dir='ltr'><strong>autem,</strong></span> <span class='ocrx_word' id='word_1_744' title='bbox 2329 3818 2471 3887; x_wconf 89' lang='lat' dir='ltr'><strong>quod</strong></span> <span class='ocrx_word' id='word_1_745' title='bbox 2503 3816 2613 3872; x_wconf 90' lang='lat' dir='ltr'><strong>Deo</strong></span> <span class='ocrx_word' id='word_1_746' title='bbox 2661 3815 2987 3881; x_wconf 90' lang='lat' dir='ltr'><strong>incenditur,</strong></span> <span class='ocrx_word' id='word_1_747' title='bbox 3025 3815 3198 3869; x_wconf 88' lang='lat' dir='ltr'><strong>virtus</strong></span> <span class='ocrx_word' id='word_1_748' title='bbox 3243 3812 3506 3867; x_wconf 80' lang='lat' dir='ltr'><strong>orationis</strong></span> 
     </span>
    </p>
   </div>
   <div class='ocr_carea' id='block_1_98' title="bbox 1920 3905 3507 3981">
    <p class='ocr_par' dir='ltr' id='par_1_98' title="bbox 1920 3905 3507 3981">
     <span class='ocr_line' id='line_1_98' title="bbox 1920 3905 3507 3981; baseline -0.009 -14"><span class='ocrx_word' id='word_1_749' title='bbox 1920 3911 2264 3981; x_wconf 76' lang='lat' dir='ltr'><strong>exprimitur.</strong></span> <span class='ocrx_word' id='word_1_750' title='bbox 2319 3908 2602 3964; x_wconf 86' lang='lat' dir='ltr'><strong>Psalmista</strong></span> <span class='ocrx_word' id='word_1_751' title='bbox 2636 3913 2970 3962; x_wconf 81' lang='lat' dir='ltr'><strong>attestantc:</strong></span> <span class='ocrx_word' id='word_1_752' title='bbox 3008 3905 3289 3975; x_wconf 83' lang='lat' dir='ltr'><strong>Dirigatur</strong></span> <span class='ocrx_word' id='word_1_753' title='bbox 3338 3905 3507 3957; x_wconf 68' lang='lat' dir='ltr'><strong>oratio</strong></span> 
     </span>
    </p>
   </div>
   <div class='ocr_carea' id='block_1_99' title="bbox 1920 3994 3503 4070">
    <p class='ocr_par' dir='ltr' id='par_1_99' title="bbox 1920 3994 3503 4070">
     <span class='ocr_line' id='line_1_99' title="bbox 1920 3994 3503 4070; baseline -0.008 -12"><span class='ocrx_word' id='word_1_754' title='bbox 1920 4020 2057 4067; x_wconf 87' lang='lat' dir='ltr'><strong>mea,</strong></span> <span class='ocrx_word' id='word_1_755' title='bbox 2104 4003 2236 4056; x_wconf 83' lang='lat' dir='ltr'><strong>sicut</strong></span> <span class='ocrx_word' id='word_1_756' title='bbox 2278 4002 2546 4057; x_wconf 85' lang='lat' dir='ltr'><strong>incensum</strong></span> <span class='ocrx_word' id='word_1_757' title='bbox 2592 4001 2647 4055; x_wconf 87' lang='lat' dir='ltr'><strong>in</strong></span> <span class='ocrx_word' id='word_1_758' title='bbox 2697 4010 2973 4070; x_wconf 79' lang='lat' dir='ltr'><strong>conspectu</strong></span> <span class='ocrx_word' id='word_1_759' title='bbox 3020 4007 3112 4052; x_wconf 87' lang='lat' dir='ltr'><strong>tuo</strong></span> <span class='ocrx_word' id='word_1_760' title='bbox 3158 3994 3503 4069; x_wconf 64' lang='lat' dir='ltr'><strong>(Psal.cx:.‘,.</strong></span> 
     </span>
    </p>
   </div>
   <div class='ocr_carea' id='block_1_100' title="bbox 1920 4090 3505 4167">
    <p class='ocr_par' dir='ltr' id='par_1_100' title="bbox 1920 4090 3505 4167">
     <span class='ocr_line' id='line_1_100' title="bbox 1920 4090 3505 4167; baseline -0.005 -19"><span class='ocrx_word' id='word_1_761' title='bbox 1920 4095 2024 4150; x_wconf 86' lang='lat' dir='ltr'><strong>Per</strong></span> <span class='ocrx_word' id='word_1_762' title='bbox 2060 4097 2335 4167; x_wconf 87' lang='lat' dir='ltr'><strong>myrrham</strong></span> <span class='ocrx_word' id='word_1_763' title='bbox 2371 4109 2497 4150; x_wconf 83' lang='lat' dir='ltr'><strong>vero</strong></span> <span class='ocrx_word' id='word_1_764' title='bbox 2544 4093 2725 4148; x_wconf 89' lang='lat' dir='ltr'><strong>carnis</strong></span> <span class='ocrx_word' id='word_1_765' title='bbox 2754 4099 2953 4148; x_wconf 73' lang='lat' dir='ltr'><strong>nostra:</strong></span> <span class='ocrx_word' id='word_1_766' title='bbox 2981 4090 3335 4145; x_wconf 81' lang='lat' dir='ltr'><strong>mortiﬁcalio</strong></span> <span class='ocrx_word' id='word_1_767' title='bbox 3364 4090 3505 4145; x_wconf 55' lang='lat' dir='ltr'><strong>dest.-</strong></span> 
     </span>
    </p>
   </div>
   <div class='ocr_carea' id='block_1_101' title="bbox 1921 4179 3503 4258">
    <p class='ocr_par' dir='ltr' id='par_1_101' title="bbox 1921 4179 3503 4258">
     <span class='ocr_line' id='line_1_101' title="bbox 1921 4179 3503 4258; baseline -0.006 -19"><span class='ocrx_word' id='word_1_768' title='bbox 1921 4195 2131 4258; x_wconf 80' lang='lat' dir='ltr'><strong>gnatur.</strong></span> <span class='ocrx_word' id='word_1_769' title='bbox 2171 4186 2318 4240; x_wconf 89' lang='lat' dir='ltr'><strong>Unde</strong></span> <span class='ocrx_word' id='word_1_770' title='bbox 2345 4194 2400 4239; x_wconf 89' lang='lat' dir='ltr'><strong>et</strong></span> <span class='ocrx_word' id='word_1_771' title='bbox 2430 4192 2617 4238; x_wconf 87' lang='lat' dir='ltr'><strong>sancta</strong></span> <span class='ocrx_word' id='word_1_772' title='bbox 2674 4182 2917 4236; x_wconf 84' lang='lat' dir='ltr'><strong>Ecclesia</strong></span> <span class='ocrx_word' id='word_1_773' title='bbox 2953 4182 3121 4236; x_wconf 91' lang='lat' dir='ltr'><strong>dicit:</strong></span> <span class='ocrx_word' id='word_1_774' title='bbox 3157 4179 3349 4233; x_wconf 75' lang='lat' dir='ltr'><strong>Manus</strong></span> <span class='ocrx_word' id='word_1_775' title='bbox 3376 4196 3503 4258; x_wconf 66' lang='lat' dir='ltr'><strong>ntea-</strong></span> 
     </span>
    </p>
   </div>
   <div class='ocr_carea' id='block_1_102' title="bbox 1921 4252 3505 4346">
    <p class='ocr_par' dir='ltr' id='par_1_102' title="bbox 1921 4252 3505 4346">
     <span class='ocr_line' id='line_1_102' title="bbox 1921 4252 3505 4346; baseline -0.004 -15"><span class='ocrx_word' id='word_1_776' title='bbox 1921 4252 2305 4331; x_wconf 71' lang='lat' dir='ltr'><strong>distillacerunt</strong></span> <span class='ocrx_word' id='word_1_777' title='bbox 2364 4275 2631 4345; x_wconf 81' lang='lat' dir='ltr'><strong>myrrham</strong></span> <span class='ocrx_word' id='word_1_778' title='bbox 2690 4272 2866 4346; x_wconf 86' lang='lat' dir='ltr'><strong>(Cant.</strong></span> <span class='ocrx_word' id='word_1_779' title='bbox 2903 4277 2979 4341; x_wconf 77' lang='grc' dir='ltr'><strong>ν).</strong></span> <span class='ocrx_word' id='word_1_780' title='bbox 3021 4270 3160 4328; x_wconf 84' lang='lat' dir='ltr'><strong>Nato</strong></span> <span class='ocrx_word' id='word_1_781' title='bbox 3218 4287 3347 4342; x_wconf 86' lang='lat' dir='ltr'><strong>ergo</strong></span> <span class='ocrx_word' id='word_1_782' title='bbox 3372 4252 3505 4340; x_wconf 54' lang='lat' dir='ltr'><strong>Rei</strong></span> 
     </span>
    </p>
   </div>
   <div class='ocr_carea' id='block_1_103' title="bbox 1880 4364 3510 4438">
    <p class='ocr_par' dir='ltr' id='par_1_103' title="bbox 1880 4364 3510 4438">
     <span class='ocr_line' id='line_1_103' title="bbox 1880 4364 3510 4438; baseline -0.002 -17"><span class='ocrx_word' id='word_1_783' title='bbox 1880 4420 1883 4421; x_wconf 30' lang='grc' dir='ltr'><em>ν</em></span> <span class='ocrx_word' id='word_1_784' title='bbox 1923 4386 2118 4425; x_wconf 82' lang='lat' dir='ltr'><strong>aurum</strong></span> <span class='ocrx_word' id='word_1_785' title='bbox 2148 4369 2444 4433; x_wconf 67' lang='lat' dir='ltr'><strong>oderimus,</strong></span> <span class='ocrx_word' id='word_1_786' title='bbox 2481 4368 2524 4422; x_wconf 91' lang='lat' dir='ltr'><strong>si</strong></span> <span class='ocrx_word' id='word_1_787' title='bbox 2578 4368 2632 4421; x_wconf 91' lang='lat' dir='ltr'><strong>in</strong></span> <span class='ocrx_word' id='word_1_788' title='bbox 2662 4375 2953 4438; x_wconf 81' lang='lat' dir='ltr'><strong>conspectu</strong></span> <span class='ocrx_word' id='word_1_789' title='bbox 2982 4364 3098 4434; x_wconf 87' lang='lat' dir='ltr'><strong>ejus</strong></span> <span class='ocrx_word' id='word_1_790' title='bbox 3148 4365 3395 4420; x_wconf 86' lang='lat' dir='ltr'><strong>claritate</strong></span> <span class='ocrx_word' id='word_1_791' title='bbox 3422 4384 3510 4419; x_wconf 78' lang='lat' dir='ltr'><strong>su-</strong></span> 
     </span>
    </p>
   </div>
   <div class='ocr_carea' id='block_1_104' title="bbox 1847 4449 3506 4534">
    <p class='ocr_par' dir='ltr' id='par_1_104' title="bbox 1847 4449 3506 4534">
     <span class='ocr_line' id='line_1_104' title="bbox 1847 4449 3506 4534; baseline -0.005 -17"><span class='ocrx_word' id='word_1_792' title='bbox 1847 4449 1898 4507; x_wconf 83' lang='lat' dir='ltr'><strong>D</strong></span> <span class='ocrx_word' id='word_1_793' title='bbox 1923 4478 2103 4534; x_wconf 78' lang='lat' dir='ltr'><strong>pernae</strong></span> <span class='ocrx_word' id='word_1_794' title='bbox 2137 4461 2415 4532; x_wconf 75' lang='lat' dir='ltr'><strong>sapientim</strong></span> <span class='ocrx_word' id='word_1_795' title='bbox 2458 4459 2885 4529; x_wconf 84' lang='lat' dir='ltr'><strong>resplendcmns.</strong></span> <span class='ocrx_word' id='word_1_796' title='bbox 2919 4459 3079 4533; x_wconf 82' lang='lat' dir='ltr'><strong>Thus</strong></span> <span class='ocrx_word' id='word_1_797' title='bbox 3121 4457 3423 4520; x_wconf 68' lang='lat' dir='ltr'><strong>oderimus,</strong></span> <span class='ocrx_word' id='word_1_798' title='bbox 3462 4459 3506 4509; x_wconf 77' lang='lat' dir='ltr'><strong>si</strong></span> 
     </span>
    </p>
   </div>
   <div class='ocr_carea' id='block_1_105' title="bbox 1926 4548 3507 4623">
    <p class='ocr_par' dir='ltr' id='par_1_105' title="bbox 1926 4548 3507 4623">
     <span class='ocr_line' id='line_1_105' title="bbox 1926 4548 3507 4623; baseline -0.003 -16"><span class='ocrx_word' id='word_1_799' title='bbox 1926 4554 2281 4623; x_wconf 81' lang='lat' dir='ltr'><strong>cogitationes</strong></span> <span class='ocrx_word' id='word_1_800' title='bbox 2332 4552 2510 4605; x_wconf 86' lang='lat' dir='ltr'><strong>carnis</strong></span> <span class='ocrx_word' id='word_1_801' title='bbox 2537 4567 2634 4622; x_wconf 88' lang='lat' dir='ltr'><strong>per</strong></span> <span class='ocrx_word' id='word_1_802' title='bbox 2667 4558 2853 4606; x_wconf 89' lang='lat' dir='ltr'><strong>sancta</strong></span> <span class='ocrx_word' id='word_1_803' title='bbox 2908 4550 3214 4605; x_wconf 88' lang='lat' dir='ltr'><strong>orationum</strong></span> <span class='ocrx_word' id='word_1_804' title='bbox 3247 4548 3423 4603; x_wconf 77' lang='lat' dir='ltr'><strong>studia</strong></span> <span class='ocrx_word' id='word_1_805' title='bbox 3458 4550 3507 4603; x_wconf 87' lang='lat' dir='ltr'><strong>in</strong></span> 
     </span>
    </p>
   </div>
   <div class='ocr_carea' id='block_1_106' title="bbox 1932 4636 3511 4713">
    <p class='ocr_par' dir='ltr' id='par_1_106' title="bbox 1932 4636 3511 4713">
     <span class='ocr_line' id='line_1_106' title="bbox 1932 4636 3511 4713; baseline -0.003 -15"><span class='ocrx_word' id='word_1_806' title='bbox 1932 4660 2026 4698; x_wconf 89' lang='lat' dir='ltr'><strong>ara</strong></span> <span class='ocrx_word' id='word_1_807' title='bbox 2056 4643 2238 4699; x_wconf 74' lang='lat' dir='ltr'><strong>cordis</strong></span> <span class='ocrx_word' id='word_1_808' title='bbox 2266 4644 2620 4697; x_wconf 86' lang='lat' dir='ltr'><strong>incendimus.</strong></span> <span class='ocrx_word' id='word_1_809' title='bbox 2660 4640 2933 4713; x_wconf 83' lang='lat' dir='ltr'><strong>Myrrham</strong></span> <span class='ocrx_word' id='word_1_810' title='bbox 2962 4636 3257 4703; x_wconf 69' lang='lat' dir='ltr'><strong>offerimus,</strong></span> <span class='ocrx_word' id='word_1_811' title='bbox 3294 4640 3337 4694; x_wconf 92' lang='lat' dir='ltr'><strong>si</strong></span> <span class='ocrx_word' id='word_1_812' title='bbox 3388 4658 3511 4694; x_wconf 84' lang='lat' dir='ltr'><strong>car-</strong></span> 
     </span>
    </p>
   </div>
   <div class='ocr_carea' id='block_1_107' title="bbox 1928 4733 3128 4804">
    <p class='ocr_par' dir='ltr' id='par_1_107' title="bbox 1928 4733 3128 4804">
     <span class='ocr_line' id='line_1_107' title="bbox 1928 4733 3128 4804; baseline -0.004 -15"><span class='ocrx_word' id='word_1_813' title='bbox 1928 4736 2011 4789; x_wconf 87' lang='lat' dir='ltr'><strong>nis</strong></span> <span class='ocrx_word' id='word_1_814' title='bbox 2037 4735 2163 4789; x_wconf 88' lang='lat' dir='ltr'><strong>vitia</strong></span> <span class='ocrx_word' id='word_1_815' title='bbox 2192 4748 2287 4804; x_wconf 86' lang='lat' dir='ltr'><strong>per</strong></span> <span class='ocrx_word' id='word_1_816' title='bbox 2310 4733 2687 4789; x_wconf 89' lang='lat' dir='ltr'><strong>abstinentiam</strong></span> <span class='ocrx_word' id='word_1_817' title='bbox 2719 4733 3128 4789; x_wconf 84' lang='lat' dir='ltr'><strong>rnortilicamus.</strong></span> 
     </span>
    </p>
   </div>
   <div class='ocr_carea' id='block_1_108' title="bbox 2002 4841 3507 4917">
    <p class='ocr_par' dir='ltr' id='par_1_108' title="bbox 2002 4841 3507 4917">
     <span class='ocr_line' id='line_1_108' title="bbox 2002 4841 3507 4917; baseline -0.005 -14"><span class='ocrx_word' id='word_1_818' title='bbox 2002 4848 2069 4903; x_wconf 83' lang='lat' dir='ltr'><strong>Et</strong></span> <span class='ocrx_word' id='word_1_819' title='bbox 2101 4862 2345 4917; x_wconf 86' lang='lat' dir='ltr'><strong>responso</strong></span> <span class='ocrx_word' id='word_1_820' title='bbox 2373 4854 2581 4916; x_wconf 83' lang='lat' dir='ltr'><strong>accepto</strong></span> <span class='ocrx_word' id='word_1_821' title='bbox 2606 4845 2663 4900; x_wconf 86' lang='lat' dir='ltr'><strong>in</strong></span> <span class='ocrx_word' id='word_1_822' title='bbox 2693 4844 2909 4909; x_wconf 83' lang='lat' dir='ltr'><strong>somnis,</strong></span> <span class='ocrx_word' id='word_1_823' title='bbox 2935 4860 2997 4898; x_wconf 85' lang='lat' dir='ltr'><strong>ne</strong></span> <span class='ocrx_word' id='word_1_824' title='bbox 3027 4841 3253 4897; x_wconf 85' lang='lat' dir='ltr'><strong>redirent</strong></span> <span class='ocrx_word' id='word_1_825' title='bbox 3282 4842 3351 4895; x_wconf 82' lang='lat' dir='ltr'><strong>ad</strong></span> <span class='ocrx_word' id='word_1_826' title='bbox 3398 4841 3507 4896; x_wconf 76' lang='lat' dir='ltr'><strong>Ile-</strong></span> 
     </span>
    </p>
   </div>
   <div class='ocr_carea' id='block_1_109' title="bbox 1930 4931 3517 5006">
    <p class='ocr_par' dir='ltr' id='par_1_109' title="bbox 1930 4931 3517 5006">
     <span class='ocr_line' id='line_1_109' title="bbox 1930 4931 3517 5006; baseline -0.004 -15"><span class='ocrx_word' id='word_1_827' title='bbox 1930 4940 2125 5002; x_wconf 84' lang='lat' dir='ltr'><strong>rodcm,</strong></span> <span class='ocrx_word' id='word_1_828' title='bbox 2161 4946 2265 4991; x_wconf 83' lang='lat' dir='ltr'><strong>etc.</strong></span> <span class='ocrx_word' id='word_1_829' title='bbox 2330 4935 2577 5006; x_wconf 80' lang='lat' dir='ltr'><strong>Magnum</strong></span> <span class='ocrx_word' id='word_1_830' title='bbox 2632 4950 2763 4990; x_wconf 89' lang='lat' dir='ltr'><strong>vero</strong></span> <span class='ocrx_word' id='word_1_831' title='bbox 2797 4934 2954 4989; x_wconf 85' lang='lat' dir='ltr'><strong>nobis</strong></span> <span class='ocrx_word' id='word_1_832' title='bbox 3017 4932 3221 5003; x_wconf 89' lang='lat' dir='ltr'><strong>aliquid</strong></span> <span class='ocrx_word' id='word_1_833' title='bbox 3267 4931 3402 5004; x_wconf 80' lang='lat' dir='ltr'><strong>Magi</strong></span> <span class='ocrx_word' id='word_1_834' title='bbox 3435 4933 3517 4986; x_wconf 85' lang='lat' dir='ltr'><strong>in-</strong></span> 
     </span>
    </p>
   </div>
   <div class='ocr_carea' id='block_1_110' title="bbox 1936 5022 3517 5096">
    <p class='ocr_par' dir='ltr' id='par_1_110' title="bbox 1936 5022 3517 5096">
     <span class='ocr_line' id='line_1_110' title="bbox 1936 5022 3517 5096; baseline -0.003 -15"><span class='ocrx_word' id='word_1_835' title='bbox 1936 5036 2123 5092; x_wconf 85' lang='lat' dir='ltr'><strong>nuunt,</strong></span> <span class='ocrx_word' id='word_1_836' title='bbox 2160 5028 2300 5096; x_wconf 89' lang='lat' dir='ltr'><strong>quod</strong></span> <span class='ocrx_word' id='word_1_837' title='bbox 2332 5025 2382 5078; x_wconf 90' lang='lat' dir='ltr'><strong>in</strong></span> <span class='ocrx_word' id='word_1_838' title='bbox 2415 5026 2686 5096; x_wconf 79' lang='lat' dir='ltr'><strong>regionem</strong></span> <span class='ocrx_word' id='word_1_839' title='bbox 2739 5039 2891 5079; x_wconf 89' lang='lat' dir='ltr'><strong>suam</strong></span> <span class='ocrx_word' id='word_1_840' title='bbox 2923 5038 3019 5094; x_wconf 87' lang='lat' dir='ltr'><strong>per</strong></span> <span class='ocrx_word' id='word_1_841' title='bbox 3051 5024 3191 5077; x_wconf 89' lang='lat' dir='ltr'><strong>viam</strong></span> <span class='ocrx_word' id='word_1_842' title='bbox 3236 5022 3401 5076; x_wconf 88' lang='lat' dir='ltr'><strong>aliam</strong></span> <span class='ocrx_word' id='word_1_843' title='bbox 3437 5040 3517 5076; x_wconf 85' lang='lat' dir='ltr'><strong>re-</strong></span> 
     </span>
    </p>
   </div>
   <div class='ocr_carea' id='block_1_111' title="bbox 1932 5112 3517 5184">
    <p class='ocr_par' dir='ltr' id='par_1_111' title="bbox 1932 5112 3517 5184">
     <span class='ocr_line' id='line_1_111' title="bbox 1932 5112 3517 5184; baseline -0.002 -14"><span class='ocrx_word' id='word_1_844' title='bbox 1932 5126 2236 5170; x_wconf 84' lang='lat' dir='ltr'><strong>vertuntur.</strong></span> <span class='ocrx_word' id='word_1_845' title='bbox 2266 5113 2435 5184; x_wconf 78' lang='lat' dir='ltr'><strong>Regio</strong></span> <span class='ocrx_word' id='word_1_846' title='bbox 2470 5114 2665 5184; x_wconf 86' lang='lat' dir='ltr'><strong>quippe</strong></span> <span class='ocrx_word' id='word_1_847' title='bbox 2695 5123 2874 5168; x_wconf 87' lang='lat' dir='ltr'><strong>nostra</strong></span> <span class='ocrx_word' id='word_1_848' title='bbox 2906 5113 3190 5183; x_wconf 87' lang='lat' dir='ltr'><strong>paradisus</strong></span> <span class='ocrx_word' id='word_1_849' title='bbox 3218 5121 3322 5167; x_wconf 90' lang='lat' dir='ltr'><strong>est.</strong></span> <span class='ocrx_word' id='word_1_850' title='bbox 3355 5112 3400 5166; x_wconf 85' lang='lat' dir='ltr'><strong>A</strong></span> <span class='ocrx_word' id='word_1_851' title='bbox 3431 5130 3517 5168; x_wconf 85' lang='lat' dir='ltr'><strong>re-</strong></span> 
     </span>
    </p>
   </div>
   <div class='ocr_carea' id='block_1_112' title="bbox 1936 5203 3519 5278">
    <p class='ocr_par' dir='ltr' id='par_1_112' title="bbox 1936 5203 3519 5278">
     <span class='ocr_line' id='line_1_112' title="bbox 1936 5203 3519 5278; baseline -0.002 -19"><span class='ocrx_word' id='word_1_852' title='bbox 1936 5207 2091 5278; x_wconf 79' lang='lat' dir='ltr'><strong>gione</strong></span> <span class='ocrx_word' id='word_1_853' title='bbox 2115 5206 2311 5259; x_wconf 88' lang='lat' dir='ltr'><strong>etenim</strong></span> <span class='ocrx_word' id='word_1_854' title='bbox 2346 5213 2531 5257; x_wconf 87' lang='lat' dir='ltr'><strong>nostra</strong></span> <span class='ocrx_word' id='word_1_855' title='bbox 2563 5203 2947 5272; x_wconf 83' lang='lat' dir='ltr'><strong>superhiendo,</strong></span> <span class='ocrx_word' id='word_1_856' title='bbox 2976 5203 3352 5267; x_wconf 84' lang='lat' dir='ltr'><strong>inohcdicndo,</strong></span> <span class='ocrx_word' id='word_1_857' title='bbox 3387 5203 3519 5256; x_wconf 83' lang='lat' dir='ltr'><strong>visi-</strong></span> 
     </span>
    </p>
   </div>
   <div class='ocr_carea' id='block_1_113' title="bbox 1938 5278 3515 5372">
    <p class='ocr_par' dir='ltr' id='par_1_113' title="bbox 1938 5278 3515 5372">
     <span class='ocr_line' id='line_1_113' title="bbox 1938 5278 3515 5372; baseline -0.008 -14"><span class='ocrx_word' id='word_1_858' title='bbox 1938 5304 2063 5358; x_wconf 80' lang='lat' dir='ltr'><strong>bilia</strong></span> <span class='ocrx_word' id='word_1_859' title='bbox 2081 5302 2374 5372; x_wconf 87' lang='lat' dir='ltr'><strong>sequendo,</strong></span> <span class='ocrx_word' id='word_1_860' title='bbox 2396 5299 2575 5353; x_wconf 88' lang='lat' dir='ltr'><strong>cibum</strong></span> <span class='ocrx_word' id='word_1_861' title='bbox 2594 5298 2818 5353; x_wconf 85' lang='lat' dir='ltr'><strong>vetitum</strong></span> <span class='ocrx_word' id='word_1_862' title='bbox 2843 5278 3128 5369; x_wconf 72' lang='lat' dir='ltr'><strong>gustando,</strong></span> <span class='ocrx_word' id='word_1_863' title='bbox 3146 5296 3515 5356; x_wconf 84' lang='lat' dir='ltr'><strong>discessimus,</strong></span> 
     </span>
    </p>
   </div>
   <div class='ocr_carea' id='block_1_114' title="bbox 1940 5388 3517 5456">
    <p class='ocr_par' dir='ltr' id='par_1_114' title="bbox 1940 5388 3517 5456">
     <span class='ocr_line' id='line_1_114' title="bbox 1940 5388 3517 5456; baseline -0.008 -4"><span class='ocrx_word' id='word_1_864' title='bbox 1940 5396 2033 5452; x_wconf 87' lang='lat' dir='ltr'><strong>scd</strong></span> <span class='ocrx_word' id='word_1_865' title='bbox 2062 5396 2127 5449; x_wconf 81' lang='lat' dir='ltr'><strong>ad</strong></span> <span class='ocrx_word' id='word_1_866' title='bbox 2174 5410 2293 5450; x_wconf 84' lang='lat' dir='ltr'><strong>eam</strong></span> <span class='ocrx_word' id='word_1_867' title='bbox 2324 5408 2545 5448; x_wconf 88' lang='lat' dir='ltr'><strong>necesse</strong></span> <span class='ocrx_word' id='word_1_868' title='bbox 2581 5401 2682 5453; x_wconf 84' lang='lat' dir='ltr'><strong>est.</strong></span> <span class='ocrx_word' id='word_1_869' title='bbox 2720 5400 2784 5447; x_wconf 90' lang='lat' dir='ltr'><strong>ut</strong></span> <span class='ocrx_word' id='word_1_870' title='bbox 2811 5392 3008 5456; x_wconf 85' lang='lat' dir='ltr'><strong>ﬂendo,</strong></span> <span class='ocrx_word' id='word_1_871' title='bbox 3039 5391 3359 5453; x_wconf 89' lang='lat' dir='ltr'><strong>obcdiendo,</strong></span> <span class='ocrx_word' id='word_1_872' title='bbox 3391 5388 3517 5441; x_wconf 79' lang='lat' dir='ltr'><strong>visi—</strong></span> 
     </span>
    </p>
   </div>
   <div class='ocr_carea' id='block_1_115' title="bbox 1941 5476 3517 5553">
    <p class='ocr_par' dir='ltr' id='par_1_115' title="bbox 1941 5476 3517 5553">
     <span class='ocr_line' id='line_1_115' title="bbox 1941 5476 3517 5553; baseline -0.007 -12"><span class='ocrx_word' id='word_1_873' title='bbox 1941 5486 2066 5541; x_wconf 83' lang='lat' dir='ltr'><strong>hilia</strong></span> <span class='ocrx_word' id='word_1_874' title='bbox 2097 5482 2513 5547; x_wconf 86' lang='lat' dir='ltr'><strong>contemnendo,</strong></span> <span class='ocrx_word' id='word_1_875' title='bbox 2565 5490 2726 5551; x_wconf 86' lang='lat' dir='ltr'><strong>atque</strong></span> <span class='ocrx_word' id='word_1_876' title='bbox 2778 5483 3072 5553; x_wconf 88' lang='lat' dir='ltr'><strong>appetitum</strong></span> <span class='ocrx_word' id='word_1_877' title='bbox 3119 5479 3298 5535; x_wconf 90' lang='lat' dir='ltr'><strong>carnis</strong></span> <span class='ocrx_word' id='word_1_878' title='bbox 3353 5476 3517 5532; x_wconf 80' lang='lat' dir='ltr'><strong>refre-</strong></span> 
     </span>
    </p>
   </div>
   <div class='ocr_carea' id='block_1_116' title="bbox 1942 5568 3517 5635">
    <p class='ocr_par' dir='ltr' id='par_1_116' title="bbox 1942 5568 3517 5635">
     <span class='ocr_line' id='line_1_116' title="bbox 1942 5568 3517 5635; baseline -0.007 -5"><span class='ocrx_word' id='word_1_879' title='bbox 1942 5577 2121 5630; x_wconf 76' lang='lat' dir='ltr'><strong>nando</strong></span> <span class='ocrx_word' id='word_1_880' title='bbox 2148 5575 2451 5629; x_wconf 85' lang='lat' dir='ltr'><strong>redeamus.</strong></span> <span class='ocrx_word' id='word_1_881' title='bbox 2483 5572 2587 5627; x_wconf 89' lang='lat' dir='ltr'><strong>Per</strong></span> <span class='ocrx_word' id='word_1_882' title='bbox 2624 5573 2784 5626; x_wconf 81' lang='lat' dir='ltr'><strong>aliam</strong></span> <span class='ocrx_word' id='word_1_883' title='bbox 2815 5574 2956 5625; x_wconf 89' lang='lat' dir='ltr'><strong>viam</strong></span> <span class='ocrx_word' id='word_1_884' title='bbox 3007 5570 3071 5623; x_wconf 88' lang='lat' dir='ltr'><strong>ad</strong></span> <span class='ocrx_word' id='word_1_885' title='bbox 3120 5568 3390 5635; x_wconf 78' lang='lat' dir='ltr'><strong>regionem</strong></span> <span class='ocrx_word' id='word_1_886' title='bbox 3422 5581 3517 5619; x_wconf 67' lang='grc' dir='ltr'><strong><em>κιο--</em></strong></span> 
     </span>
    </p>
   </div>
   <div class='ocr_carea' id='block_1_117' title="bbox 1945 5659 3515 5735">
    <p class='ocr_par' dir='ltr' id='par_1_117' title="bbox 1945 5659 3515 5735">
     <span class='ocr_line' id='line_1_117' title="bbox 1945 5659 3515 5735; baseline -0.006 -13"><span class='ocrx_word' id='word_1_887' title='bbox 1945 5677 2111 5723; x_wconf 85' lang='lat' dir='ltr'><strong>stram</strong></span> <span class='ocrx_word' id='word_1_888' title='bbox 2168 5667 2518 5735; x_wconf 61' lang='lat' dir='ltr'><strong>regredimur,</strong></span> <span class='ocrx_word' id='word_1_889' title='bbox 2557 5665 2807 5733; x_wconf 76' lang='lat' dir='ltr'><strong>(pteniam</strong></span> <span class='ocrx_word' id='word_1_890' title='bbox 2835 5665 2921 5731; x_wconf 82' lang='lat' dir='ltr'><strong>qui</strong></span> <span class='ocrx_word' id='word_1_891' title='bbox 2958 5677 2984 5715; x_wconf 89' lang='lat' dir='ltr'><strong>a</strong></span> <span class='ocrx_word' id='word_1_892' title='bbox 3034 5661 3265 5730; x_wconf 74' lang='lat' dir='ltr'><strong>paradisi</strong></span> <span class='ocrx_word' id='word_1_893' title='bbox 3300 5659 3515 5729; x_wconf 78' lang='lat' dir='ltr'><strong>gaudio,</strong></span> 
     </span>
    </p>
   </div>
   <div class='ocr_carea' id='block_1_118' title="bbox 3093 5753 3129 5811">
    <p class='ocr_par' dir='ltr' id='par_1_118' title="bbox 3093 5753 3129 5811">
     <span class='ocr_line' id='line_1_118' title="bbox 3093 5753 3129 5811; baseline 0 0"><span class='ocrx_word' id='word_1_894' title='bbox 3093 5753 3129 5811; x_wconf 91' lang='lat'><strong>3</strong></span> 
     </span>
    </p>
   </div>
  </div>
