3946 6412
402 299 497 355 ‘75
1712 286 2063 343 SMARAGDI
2104 288 2391 346 ΑΒΒΑΠΒ
3615 294 3686 347 76

402 427 522 483 per
553 409 932 467 dilectamenta
986 403 1355 469 discessimus,
1412 402 1485 459 ad
1511 399 1617 457 hoc
1645 415 1743 471 per
1768 401 2005 456 lamenta
2032 403 2081 463 Α
2108 401 2244 466 ειιΙί.
2276 409 2332 457 ει
2361 401 2406 455 si
2440 401 2533 472 qui
2563 408 2689 456 sunt
2715 400 2808 471 qui
2836 406 3022 455 amant
3051 412 3291 469 presens
3330 399 3588 455 steculum
3631 414 3689 457 et

425 514 762 557 l'CVOCﬂIlIlIl‘.

1059 578 1377 620 CONCOIDIL.

494 662 723 716 lstarum
751 658 977 713 duarum
1035 656 1322 728 perspicua
1354 664 1438 711 est
1456 662 1514 711 et
1545 653 1853 726 gratissima
1874 668 2005 709 con-

425 758 608 815 cordia
646 755 960 818 lcctionum,
990 755 1162 809 ambae
1182 752 1327 807 enim
1352 751 1420 807 de
1462 749 1739 805 vocatione
1764 748 2005 820 gentium

424 846 875 911 misericorditer,
899 853 955 900 et
976 843 1150 898 ambae
1178 842 1247 898 dc
1293 841 1491 897 oblatis
1518 839 1749 894 Domino
1777 837 2007 909 mystice

406 939 766 996 concorditer
792 937 1085 1006 loquuntur
1109 933 1444 989 muneribus.

577 1044 902 1103 DOMINICA
934 1042 1148 1097 ΡιιιΜΑ
1184 1039 1362 1097 POST
1400 1037 1862 1096 THEOPIIANIA.

409 1154 622 1194 οιιεετιο
649 1152 923 1194 ιιιιιειτοιε
956 1150 1117 1192 ἘΑΤΙ
1153 1146 1602 1188 Ριυιικλνοετοιι
1642 1147 1712 1186 ΑΒ
1742 1145 2005 1195 ιοΙΑμοδ,

1047 1219 1244 1260 ωριτε
1278 1218 1379 1257 ΧΠ.

492 1339 520 1370 οι
550 1320 793 1375 Obsecro
828 1329 928 1385 per
954 1312 1387 1370 misericordiam
1425 1311 1553 1376 Dei,
1598 1318 1665 1381 ut
1707 1309 2013 1367 exhibeatis

431 1430 451 1463 ι
481 1423 711 1479 corpora
750 1414 933 1463 vestra
969 1404 1208 1461 hostiam
1243 1403 1542 1468 viventem,
1584 1410 1852 1466 sanctam,
1898 1401 2010 1458 Deo

418 1518 450 1550 4
481 1498 805 1569 placentem,
830 1493 1152 1551 rationabile
1182 1492 1505 1562 obsequium
1529 1501 1790 1547 vestrum.
1823 1490 1890 1545 Et
1913 1506 2012 1545 no-

432 1610 451 1641 ι
483 1590 579 1644 lite
622 1583 954 1645 conformari
989 1583 1117 1640 huic
1153 1582 1372 1648 saeculo,
1412 1582 1508 1639 sed
1540 1580 1917 1637 reformamini
1954 1580 2010 1636 in

420 1699 449 1731 t
484 1678 723 1734 novitate
752 1690 945 1732 sensus
969 1672 1162 1740 vestri,
1200 1682 1263 1728 ut
1299 1672 1545 1744 probetis
1569 1687 1691 1743 qua:
1719 1672 1794 1728 sit
1819 1671 2007 1726 volun-

2105 505 2169 546 ea
2194 505 2314 560 qua:
2340 491 2520 546 saeculi
2550 500 2709 557 sunt,
2752 488 3047 544 secundum
3078 486 3307 545 formam
3337 489 3519 544 seculi
3550 507 3691 561 prte—

2104 583 2276 638 sentis
2319 591 2591 654 aptantur,
2645 583 2736 653 qui
2788 597 2917 637 vero
2964 579 3072 636 noni
3123 583 3419 653 respiciunt
3461 600 3526 639 ea
3568 601 3693 656 quze

2105 673 2377 739 videntur,
2425 675 2519 729 sed
2564 689 2684 744 qua:
2727 689 2835 728 non
2882 673 3152 739 videntur,
3203 684 3411 729 aeterna
3462 685 3607 741 sunt,
3635 688 3694 731 et

2104 763 2585 829 transformamur,
2623 772 2678 819 et
2700 772 3035 820 renovantur
3059 765 3126 819 ad
3154 764 3320 821 iuturi
3359 766 3543 823 saeculi
3582 769 3693 824 for-

2106 868 2274 916 mam.
2320 854 2456 909 \‘ide
2500 868 2631 926 ergo
2673 869 2742 908 ne
2785 854 2923 909 forte
2952 871 3076 910 cum
3120 857 3331 912 venerit
3372 858 3454 912 ira
3496 859 3553 913 in
3596 875 3697 915 cor

2108 952 2277 1006 tuum,
2309 952 2365 999 et
2390 945 2830 1016 concupiscentia
2856 945 2997 1000 mala
3022 956 3079 1001 et
3102 948 3355 1012 avaritia,
3383 956 3698 1021 ceteraque

2107 1033 2302 1102 quibus
2343 1034 2597 1089 smculum
2642 1051 2885 1106 praesens
2928 1036 3247 1103 delectatur,
3300 1037 3537 1095 formam
3588 1043 3695 1097 tibi

2108 1122 2289 1178 szeculi
2312 1126 2593 1194 przesentis
2619 1125 2917 1195 imponant.
2935 1125 2993 1181 Si
3019 1143 3150 1182 vero
3171 1144 3202 1183 e
3217 1130 3512 1195 contrario,
3535 1148 3695 1186 man-

2107 1214 2355 1277 suetudo,
2396 1215 2678 1285 patientia,
2722 1216 2943 1283 lenitas,
2970 1220 3327 1285 continentia,
3361 1222 3514 1287 ﬁdes,
3547 1226 3693 1280 veri-

2108 1310 2216 1368 tas,
2244 1311 2560 1374 ceteraeque
2588 1304 2817 1360 virtutes
2841 1301 3091 1361 habitent
3120 1307 3176 1362 in
3202 1308 3366 1364 corde
3403 1317 3515 1374 tuo,
3554 1326 3695 1366 cou-

2107 1390 2335 1447 formem
2382 1401 2436 1448 te
2476 1392 2645 1449 futuri
2685 1395 2866 1451 saculi
2904 1395 3140 1463 faciunt,
3189 1408 3246 1454 et
3289 1399 3360 1455 ita
3406 1402 3695 1472 pulchram

2108 1484 2343 1539 animam
2377 1492 2543 1553 tuam,
2577 1496 2638 1541 ut
2662 1488 2875 1543 dicatur
2899 1489 2971 1544 illi
3003 1505 3034 1544 a
3058 1490 3225 1547 verbo
3251 1491 3344 1547 Dei
3368 1507 3385 1547 :
3408 1493 3539 1549 Tota
3567 1498 3693 1567 ραι-

2108 1576 2234 1630 chra
2261 1594 2336 1641 es,
2363 1580 2537 1634 amica
2558 1596 2698 1646 mea,
2724 1591 2773 1635 et
2798 1582 3007 1636 macula
3033 1600 3136 1638 non
3161 1594 3237 1639 est
3261 1585 3316 1639 in
3343 1595 3393 1640 te
3419 1585 3714 1659 (Cantor).

2184 1666 2294 1722 Sed
2317 1668 2679 1739 reformamini
2717 1673 2773 1726 in
2814 1673 3040 1728 novitate
3078 1690 3259 1729 sensus
3286 1679 3461 1731 vestri.
3511 1678 3701 1734 Reno-

429 1787 449 1818 ‹
482 1777 565 1824 tas
583 1767 679 1823 Dei
700 1766 865 1830 bona,
887 1771 942 1818 et
961 1762 1322 1832 beueplacens
1341 1773 1398 1819 et
1416 1762 1675 1835 perfecta.
1704 1762 1839 1818 Dico
1862 1763 2010 1818 enim
2037 1748 2085 1810 Β
2111 1754 2270 1812 vatur
2295 1768 2477 1814 autem
2517 1774 2710 1816 sensus
2745 1770 2931 1818 noster
2971 1778 3070 1833 per
3113 1766 3371 1820 exercitia
3416 1769 3701 1838 sapientia:

424 1876 451 1908 4
483 1872 582 1929 per
607 1855 863 1929 gratiam,
895 1868 1017 1925 qua:
1043 1854 1167 1909 data
1195 1860 1281 1909 est
1305 1853 1463 1919 mihi,
1486 1854 1743 1909 omnibus
1764 1853 1858 1922 qui
1883 1860 2013 1908 sunt

429 1966 451 1998 ε
476 1926 629 2002 inter
649 1960 767 2001 vos.
790 1926 932 2000 ‘Non
965 1943 1088 2014 plus
1124 1957 1320 2014 sapere
1345 1958 1509 2015 quam
1536 1950 1751 2014 oportet
1786 1957 2010 2013 sapere,

432 2058 451 2090 ι
483 2039 579 2095 sed
607 2052 799 2108 sapere
825 2036 894 2092 ad
919 2035 1294 2091 sobrietatem.
1339 2034 1407 2089 Et
1432 2033 1728 2104 unicuique
1755 2032 1900 2088 Deus
1929 2032 2012 2087 di-

430 2146 450 2179 s
484 2127 613 2182 visit
651 2139 964 2181 mensuram
995 2123 1141 2179 ﬁdei.
1192 2121 1346 2179 Sicut
1385 2122 1532 2179 enim
1562 2122 1615 2176 in
1644 2137 1753 2177 uno
1784 2136 2012 2192 corpore

427 2235 451 2267 v
486 2215 656 2271 multa
699 2214 945 2271 membra
983 2213 1269 2279 habemus,
1316 2212 1499 2269 omnia
1541 2223 1723 2267 autem
1766 2211 2010 2266 membra

432 2326 451 2357 ι
486 2322 592 2362 non
619 2305 872 2362 eumdem
901 2313 1083 2360 actum
1112 2305 1355 2361 habent:
1390 2305 1467 2360 ita
1496 2304 1651 2361 multi
1686 2320 1852 2360 unum
1892 2320 2012 2360 cor-

430 2418 451 2451 i
481 2415 583 2470 pus
607 2414 794 2455 sumus
820 2398 876 2454 in
900 2397 1141 2465 Christo,
1179 2396 1377 2469 singuli
1406 2406 1589 2452 autem
1626 2396 1764 2451 alter
1787 2397 2010 2454 alterius

432 2506 455 2542 ς
489 2489 757 2545 membra.
784 2509 801 2543 ι

500 2579 614 2653 (Ex
639 2578 913 2653 Origene.)
953 2579 1091 2637 Cum
1127 2579 1379 2652 superius
1416 2578 1690 2636 docuisset
1720 2577 2011 2650 Apostolus

428 2670 703 2743 quomodo
730 2687 763 2726 a
786 2668 988 2729 ludatis
1014 2672 1083 2728 ad
1108 2682 1315 2744 gentes,
1339 2672 1409 2727 ab
1433 2671 1778 2729 observantia
1804 2670 2011 2727 carnali

433 2765 502 2820 ad
524 2761 930 2820 observantiam
952 2761 1277 2835 spiritalem,
1297 2762 1578 2834 religionis
1596 2777 1809 2818 smnma
1837 2771 2013 2817 trans-

430 2862 543 2916 lata
583 2858 692 2923 sit,
742 2857 1057 2930 aggreditur
1104 2856 1368 2930 spiritalis
1437 2853 1598 2925 hujus
1657 2856 2014 2912 observantiae

424 2967 610 3012 mores
632 2959 690 3008 et
715 2950 967 3008 instituta
990 2949 1357 3015 sanctiﬁcare,
1383 2957 1440 3004 et
1461 2950 1557 3005 ait.

499 3043 728 3102 Obsecro
754 3044 932 3116 itaque
956 3060 1065 3110 vos,
1091 3042 1306 3114 fratres,
1333 3057 1427 3113 per
1448 3038 1863 3096 misericordiam
1889 3038 2010 3093 Dei.

430 3136 569 3205 Quia
596 3151 788 3194 omnes
825 3133 1067 3192 conclusi
1096 3141 1256 3191 erant
1290 3132 1394 3187 sub
1422 3138 1668 3203 peccato,
1716 3144 1864 3184 nunc
1900 3128 2016 3200 jam

427 3245 537 3286 non
564 3229 620 3286 in
647 3227 877 3295 meritis,
899 3226 995 3284 sed
1018 3226 1075 3281 in
1100 3223 1480 3282 misericordia
1498 3221 1595 3277 Dei
1615 3220 1762 3276 salus
1780 3220 2014 3276 humana

427 3320 702 3377 consistit.
736 3318 862 3375 ideo
887 3316 1044 3388 quasi
1069 3315 1164 3387 qui
1186 3313 1422 3370 cilicium
1448 3311 1761 3383 susceperit
1773 3312 2016 3368 reconci-

429 3409 599 3467 liandi
626 3425 724 3466 vos
749 3409 883 3475 Deo,
910 3406 1140 3463 obsecro
1162 3420 1262 3462 vos
1287 3419 1397 3460 non
1423 3417 1520 3475 per
1543 3403 1843 3475 potentiam
1862 3441 1879 3464 .
1917 3403 2014 3459 sed

427 3515 527 3574 per
551 3500 983 3559 misericordiam
1011 3498 1132 3554 Dei.
1164 3497 1305 3567 Quid
1329 3511 1425 3552 vos
1451 3496 1722 3552 obsecro?

505 3588 575 3646 Ut
616 3587 904 3646 exhibeatis
948 3603 1170 3659 corpora
1206 3596 1379 3641 vestra
1403 3625 1420 3652 ,
1467 3585 1694 3641 hostiam
1737 3585 2010 3640 aioeruem.

429 3681 713 3737 Viventem
733 3677 867 3735 dicit
885 3676 1122 3734 hostiam
1142 3691 1262 3747 qua:
1279 3675 1467 3741 vitam,
1483 3674 1586 3731 hoc
1607 3682 1690 3729 est
1710 3672 2010 3739 Christum,

432 3771 487 3825 in
516 3784 576 3827 se
607 3768 766 3841 gerit,
789 3776 849 3824 et
868 3767 1016 3826 dicit.
1040 3774 1271 3823 mortem
1291 3756 1419 3821 Jcs'u
1445 3765 1500 3820 in
1524 3776 1755 3836 corpore
1777 3763 2013 3819 circum-

432 3859 691 3925 ferimus,
734 3867 798 3914 ut
835 3866 893 3915 et
917 3858 1027 3914 vita
1058 3857 1186 3915 Jesu
1220 3856 1426 3914 Christi
1463 3857 1517 3912 in
1551 3871 1780 3926 corpore
1823 3863 2012 3911 nostro

434 3947 834 4004 manilestetur.

505 4032 777 4093 Sanctam.
815 4036 1072 4093 Sanctam
1101 4036 1234 4092 dicit
1271 4036 1326 4091 in
1366 4052 1473 4108 qua
1513 4046 1734 4093 sanctus
1774 4035 2013 4107 Spiritus

431 4128 663 4194 habitat,
695 4137 755 4184 ut
781 4128 912 4185 illud
936 4145 951 4183 :
982 4125 1213 4184 Nescitis
1236 4135 1362 4201 quia
1386 4128 1637 4201 templum
1666 4128 1766 4184 Dei
1799 4129 1924 4184 estis
1960 4137 2009 4184 et

428 4218 644 4289 spiritus
669 4217 768 4273 Dei
796 4218 997 4274 habitat
1026 4220 1083 4274 in
1108 4219 1250 4274 vobis
1275 4218 1329 4291 (1
1360 4218 1483 4274 Cor.
1512 4218 1619 4291 ιιι).

499 4307 612 4363 Deo
637 4306 944 4379 placentem.
982 4307 1299 4365 Placentem
1328 4310 1439 4365 Deo
1475 4310 1645 4375 dicit,
1696 4318 1756 4365 ut
1801 4320 1929 4380 pote
1977 4326 2010 4366 a

2110 1852 2167 1899 et
2194 1847 2597 1902 meditationem
2624 1848 2775 1904 verbi
2819 1849 2915 1904 Dei
2934 1890 2949 1913 ,
2997 1859 3054 1905 et
3078 1851 3214 1922 legis
3242 1852 3360 1923 ejus
3389 1854 3697 1928 intelligen-

2111 1936 2272 2003 tiam,
2311 1946 2368 1991 et
2392 1947 2598 2008 quanto
2621 1940 2744 2010 quis
2771 1940 3015 2010 quotidie
3044 1957 3111 1997 ex
3140 1942 3543 2015 Scripturarum
3572 1964 3703 2019 pro—

2113 2025 2224 2080 ﬁcit
2253 2027 2504 2092 lectione,
2528 2037 2733 2099 quanto
2759 2030 2922 2085 altius
2951 2032 3257 2089 intellectus
3280 2035 3398 2106 ejus
3427 2040 3699 2102 ascendit,

2112 2126 2263 2173 tanto
2283 2133 2496 2189 semper
2513 2137 2684 2176 novus
2704 2130 2760 2176 et
2778 2123 3019 2193 quotidie
3038 2139 3209 2181 novus
3229 2126 3480 2184 edicitur.
3512 2130 3706 2188 Potest

2111 2208 2274 2262 etiam
2294 2219 2351 2264 et
2365 2225 2558 2265 sensus
2572 2213 2819 2267 renovari
2841 2214 2908 2267 ad
2922 2213 3189 2282 justitiam
3207 2225 3263 2272 et
3279 2220 3699 2285 continentiam,

2110 2306 2166 2352 et
2192 2298 2260 2352 ad
2284 2297 2443 2354 ﬁdem
2469 2309 2524 2355 et
2548 2301 2890 2371 patientiam,
2916 2313 3022 2359 etc.

2186 2386 2254 2442 Ut
2286 2390 2511 2459 probetis
2542 2407 2660 2462 qua:
2696 2392 2763 2446 sit
2800 2392 3041 2450 voluntas
3073 2393 3169 2449 Dei
3198 2395 3335 2452 bona
3370 2408 3419 2453 et
3451 2380 3701 2465 bent-pla-

2113 2498 2235 2536 cens
2258 2491 2304 2536 et
2326 2481 2577 2553 perfecta.
2617 2482 2673 2537 In
2693 2476 2878 2539 multis
2897 2484 3041 2540 enim
3062 2495 3283 2556 putatur
3302 2504 3423 2545 esse
3444 2491 3706 2548 voluntas

2113 2566 2209 2627 Dei
2228 2612 2243 2636 ,
2275 2580 2329 2627 et
2357 2587 2460 2626 non
2493 2580 2607 2638 est,
2639 2572 2694 2631 in
2722 2588 2830 2643 quo
2860 2574 2906 2629 is
2933 2576 3118 2645 utique
3150 2578 3242 2648 qui
3278 2594 3494 2635 sensum
3531 2581 3703 2637 habet

2114 2672 2430 2719 renovatum
2456 2673 2606 2720 errat
2631 2672 2685 2720 et
2714 2665 2933 2722 fallitur.
2973 2668 3069 2723 Est
3092 2680 3272 2726 autem
3298 2687 3405 2727 non
3434 2672 3705 2744 cujusque

2115 2768 2329 2819 sensus,
2345 2756 2439 2810 sed
2463 2755 2615 2812 valde
2637 2758 2900 2823 renovati,
2919 2759 3151 2828 probare
3172 2760 3227 2815 in
3249 2762 3474 2833 singulis
3494 2766 3705 2834 quibus

2114 2845 2347 2916 agimus,
2375 2860 2497 2917 qua:
2522 2844 2812 2918 loquimur,
2840 2863 2961 2919 quae
2984 2849 3304 2922 cogitamus,
3332 2854 3379 2908 si
3409 2853 3481 2908 sit
3508 2855 3704 2911 volun-

2118 2945 2203 2993 tas
2243 2937 2372 3005 Dei,
2418 2947 2474 2993 et
2515 2939 2648 2995 nihil
2683 2941 2907 2997 omnino
2931 2940 3015 2996 vel
3046 2956 3230 3014 agere,
3257 2943 3342 3000 vel
3371 2944 3577 3014 dicere,
3610 2949 3706 3004 vel

2117 3029 2376 3099 cogitare,
2407 3031 2551 3101 quod
2577 3031 2837 3087 voluntati
2862 3032 2957 3088 Dei
2988 3049 3095 3091 non
3124 3036 3359 3091 senserit
3380 3041 3706 3105 convenire,

2041 3096 2086 3159 (ἶ
2116 3096 2241 3190 quia
2267 3096 2518 3177 volun-tas
2543 3121 2642 3177 Dei
2663 3129 2769 3188 est,
2796 3123 3056 3195 quidquid
3082 3126 3284 3209 bonum
3307 3135 3363 3185 et
3385 3096 3705 3201 beneplaci:

2115 3221 2231 3267 tum
2258 3220 2315 3269 et
2340 3212 2638 3284 perfectum
2664 3222 2767 3271 est.

2187 3303 2318 3357 Dico
2348 3304 2488 3357 enim
2520 3320 2614 3375 per
2636 3306 2860 3376 gratiam
2888 3323 3006 3379 quia
3033 3307 3159 3363 data
3190 3316 3269 3363 est
3293 3309 3443 3364 mihi.
3488 3307 3726 3376 Paulus,

2113 3395 2259 3450 sicut
2302 3403 2358 3449 et
2398 3394 2452 3449 in
2498 3395 2621 3452 aliis
2658 3396 2938 3465 dicit,non
2989 3397 3044 3453 in
3103 3400 3366 3455 suasoriis
3417 3402 3706 3473 sapientia:

2114 3484 2350 3540 carnalis
2373 3484 2577 3550 verbis,
2622 3487 2718 3542 sed
2758 3502 2858 3557 per
2883 3497 3116 3560 gratiam
3150 3504 3270 3558 quae
3300 3490 3403 3547 sibi
3446 3492 3570 3547 data
3612 3507 3706 3550 est

2115 3572 2181 3644 (1.
2227 3571 2351 3628 Cor.
2380 3572 2707 3646 n)loquitur.
2742 3575 2838 3632 Est
2865 3576 3011 3633 enim
3042 3577 3208 3633 multa
3238 3577 3567 3646 differentia,
3598 3599 3705 3654 per
3793 3570 3797 3573 ’

2112 3663 2343 3733 gratiam
2391 3664 2700 3735 loquentis,
2756 3675 2813 3723 et
2857 3681 2957 3738 per
3005 3668 3299 3724 humanam
3348 3672 3700 3743 sapientiam.

2112 3756 2353 3828 Denique
2374 3757 2616 3814 nonnulli
2635 3758 2948 3831 eloquentes
2967 3771 3022 3816 et
3040 3761 3238 3816 eruditi
3256 3761 3361 3817 viri
3381 3779 3503 3819 cum
3526 3765 3701 3819 multa

2111 3849 2348 3905 dixerint
2371 3852 2667 3923 composite
2693 3860 2751 3909 et
2771 3852 3017 3919 erudite,
3059 3863 3238 3910 tamen
3272 3856 3399 3925 quia
3441 3872 3550 3913 non
3596 3873 3704 3928 per

2111 3940 2364 4011 gratiam,
2393 3940 2664 3998 neminem
2692 3943 3029 4008 auditorum,
3057 3954 3152 4001 aut
3178 3947 3246 4003 ad
3274 3947 3433 4005 ﬁdem
3452 3991 3468 4016 ,
3506 3959 3601 4006 aut
3627 3952 3701 4007 ad

2110 4036 2363 4090 timorem
2383 4034 2502 4101 Dei,
2521 4044 2617 4090 aut
2635 4035 2705 4090 ad
2727 4037 3194 4107 compunctionem
3216 4040 3396 4095 cordis
3416 4049 3718 4111 potuerunt

2109 4126 2357 4182 incitare.
2390 4125 2497 4181 Alii
2527 4140 2633 4180 non
2661 4141 2855 4194 magna
2882 4126 3212 4197 eloquentia,
3242 4129 3340 4185 sed
3369 4131 3699 4200 simpliciter

2106 4217 2413 4286 loquentes,
2440 4215 2642 4271 multos
2667 4215 2963 4271 inﬁdelium
2989 4225 3346 4285 convertunt,
3385 4229 3441 4274 et
3476 4220 3582 4276 hoc
3609 4231 3699 4277 est

2107 4322 2209 4378 per
2229 4308 2463 4378 gratiam
2487 4307 2635 4378 loqui
2661 4322 2783 4379 qua:
2808 4308 2934 4364 data
2958 4318 3043 4365 est
3066 4310 3254 4366 Paulo.

429 4398 669 4470 peccatis
696 4407 752 4455 et
776 4396 924 4454 vitiis
969 4406 1309 4469 separatam,
1352 4399 1410 4454 hi
1450 4400 1596 4454 cnim
1636 4398 1729 4470 qui
1767 4399 2009 4454 membra
2036 4438 2090 4500 Β
2184 4396 2439 4453 Omnibus
2471 4398 2561 4469 qui
2589 4408 2712 4453 sunt
2738 4399 2877 4455 inter
2902 4415 3012 4466 vos,
3044 4416 3149 4455 non
3173 4400 3292 4472 plus
3321 4418 3506 4472 sapere
3533 4419 3696 4474 quam

430 4509 528 4548 sua
572 4490 922 4557 mortiﬁcant,
969 4490 1039 4546 ab
1082 4490 1357 4545 incentivo
1397 4488 1637 4545 libidinis
1685 4497 1741 4544 et
1785 4487 2007 4555 furoris,

430 4596 582 4640 actus
610 4582 855 4655 corporis
880 4583 965 4638 sui
988 4582 1220 4638 Domino
1249 4579 1480 4652 placitos
1513 4579 1712 4635 habent
1729 4619 1745 4645 ,
1777 4578 2009 4634 hostiam

428 4677 721 4740 viventem,
742 4683 1008 4738 sanctam,
1028 4672 1254 4731 Domino
1274 4670 1599 4742 placentem.
1615 4669 2011 4726 rationabiliter

431 4761 686 4821 oderunt.

499 4855 830 4911 Rationabile
856 4853 1177 4924 obsequium.
1218 4850 1551 4920 Obsequium
1578 4850 1667 4906 hic
1692 4849 1895 4905 cultum
1926 4850 2007 4906 di-

431 4945 546 5011 cit,
595 4946 688 5016 qui
732 4932 935 4999 dudum
976 4944 1032 4996 in
1073 4927 1342 5011 pecudum
1380 4950 1651 4996 mutorum
1690 4941 2007 5011 corporibus

428 5034 782 5093 consistebat.
839 5034 1023 5100 Nune,
1073 5032 1278 5102 inquit,
1326 5031 1382 5087 in
1416 5046 1643 5103 corpore
1670 5034 2005 5090 rationabilis

429 5127 665 5184 hominis
707 5124 995 5191 offeratur,
1042 5132 1099 5179 et
1142 5137 1370 5194 corpora
1416 5124 1592 5195 magis
1626 5133 1807 5180 vestra
1844 5141 2006 5195 quam

429 5216 693 5289 pecudum
720 5216 854 5272 ﬁant
882 5213 1209 5272 sacriﬁcium
1239 5214 1371 5282 Deo,
1396 5215 1523 5286 quia
1546 5215 1767 5288 dignum
1795 5226 1879 5273 est
1904 5216 2008 5274 Do-

429 5311 597 5373 mino,
622 5309 759 5365 tales
776 5306 986 5364 hostias
1006 5307 1308 5374 immolare,
1332 5309 1532 5365 arietes
1549 5318 1730 5365 autem
1752 5318 1808 5365 et
1826 5310 2009 5366 hircos

431 5412 487 5458 et
516 5401 737 5468 vitulos,
768 5399 1063 5457 immortali
1102 5410 1158 5457 et
1196 5401 1516 5471 incorporeo
1542 5401 1769 5457 Domino
1789 5402 2007 5468 oll‘erre,

433 5492 577 5547 nulla
599 5493 742 5549 ratio
766 5499 914 5548 recta
940 5500 997 5547 et
1019 5491 1247 5548 honesta
1263 5492 1508 5562 suscipit.

505 5581 574 5637 Et
614 5582 773 5638 nolite
807 5581 1129 5653 conformari
1170 5583 1292 5638 huic
1330 5583 1547 5638 saeculo.
1600 5581 1849 5639 Ostendit
1889 5595 2010 5636 esse

435 5672 727 5741 quamdam
755 5672 986 5731 formam
1013 5663 1178 5743 hujus
1207 5673 1413 5739 saeculi,
1441 5682 1496 5729 et
1525 5672 1686 5727 aliam
1715 5671 1881 5727 futuri
1911 5687 2011 5727 sa:-

2113 4497 2310 4559 0portet
2337 4504 2539 4559 sapere.
2576 4487 2731 4556 Quod
2754 4488 2888 4546 dicit
2909 4490 3149 4546 omnibus
3174 4492 3263 4561 qui
3292 4500 3413 4546 sunt
3441 4492 3582 4545 inter
3607 4509 3698 4547 ros

2109 4577 2287 4633 simile
2317 4586 2403 4633 est
2428 4592 2493 4634 ac
2525 4578 2571 4634 si
2606 4578 2847 4635 diceret:
2882 4578 3037 4635 Omni
3067 4580 3157 4649 qui
3186 4581 3239 4634 in
3267 4580 3378 4636 Deo
3405 4589 3509 4647 est,
3538 4580 3699 4649 cuius

2112 4685 2327 4741 semper
2353 4685 2475 4727 esse
2502 4679 2608 4727 est.
2644 4671 2797 4739 Quod
2825 4671 2979 4738 dicit,
3014 4671 3137 4727 Non
3164 4672 3282 4744 plus
3316 4690 3513 4744 sapere,
3541 4675 3698 4730 vidc-

2112 4770 2202 4816 tur
2230 4762 2300 4818 ad
2344 4762 2719 4831 superbientes
2761 4778 2944 4819 ramos
2977 4762 3237 4829 oleastri,
3284 4772 3340 4819 et
3368 4765 3700 4821 insultantes

2113 4854 2280 4910 ramis
2308 4854 2400 4924 qui
2444 4855 2511 4911 de
2554 4855 2697 4910 bona
2724 4854 2866 4910 oliva
2905 4854 3067 4912 fracti
3114 4864 3272 4921 sunt,
3318 4857 3464 4912 hunc
3500 4867 3697 4928 aptare

2114 4960 2451 5011 sermonem,
2493 4953 2550 5000 et
2591 4946 2774 5001 dicere
2806 4945 2919 5013 eis,
2965 4961 3074 5001 non
3100 4945 3294 5002 debere
3336 4944 3459 5016 plus
3497 4960 3699 5016 sapere

2112 5053 2275 5109 quam
2305 5046 2553 5109 oportet,
2602 5038 2705 5093 hoc
2743 5045 2862 5103 est,
2903 5036 3023 5107 plus
3063 5052 3255 5108 sapere
3279 5052 3441 5107 quam
3477 5049 3698 5107 oportet

2112 5145 2339 5201 sapere:
2373 5130 2488 5201 Ego
2514 5137 2697 5185 autem
2722 5130 2844 5186 dico
2867 5130 3011 5201 quod
3040 5130 3284 5186 haeretici
3323 5129 3446 5201 plus
3473 5131 3700 5201 sapiunt

2115 5221 2182 5278 de
2200 5221 2418 5280 Christo
2444 5236 2608 5292 quam
2633 5229 2848 5291 oportet
2869 5236 3080 5292 sapere,
3104 5221 3195 5291 qui
3222 5232 3420 5293 negant
3443 5236 3569 5278 eum
3595 5221 3694 5279 Dei

2113 5310 2374 5365 creatoris
2395 5324 2517 5366 esse
2539 5309 2757 5377 Filium,
2782 5319 2840 5366 et
2859 5309 2966 5365 alia
2987 5309 3154 5366 multa
3175 5309 3297 5380 plus
3316 5309 3385 5367 de
3409 5309 3503 5369 illo
3525 5325 3695 5383 quam

2112 5409 2326 5471 oportet
2349 5400 2633 5471 ﬁngentes.

2186 5490 2292 5546 Sed
2323 5508 2503 5562 sapere
2530 5490 2600 5545 ad
2634 5490 2984 5547 sobrietatem.
3017 5491 3117 5563 (Ex
3147 5490 3337 5563 Greg.)
3374 5491 3511 5546 Dum
3542 5493 3692 5547 enim

2115 5597 2213 5651 per
2240 5597 2529 5653 supernam
2558 5581 2807 5652 gratiam,
2834 5584 2901 5638 ad
2928 5582 3118 5638 altiora
3148 5582 3494 5654 intelligenda
3528 5584 3695 5638 dedu-

2115 5673 2305 5735 cimur,
2354 5681 2557 5741 quanto
2601 5671 2849 5727 subtilius
2890 5672 3153 5736 levamur,
3185 5681 3334 5726 tanto
3376 5685 3593 5741 semper
3635 5673 3692 5726 in
