3946 6442
181 324 232 379 i7
982 317 1499 377 COLLECTIONES
1536 316 1601 372 IN
1644 313 1726 370 ΕΡ

1833 311 2028 369 'OLAS
2062 310 2155 368 ET
2192 309 2608 367 EVANGELIA.
2662 378 2663 381 η
3340 308 3411 368 78

175 436 516 496 humilitatem
559 434 920 507 nosmetipsos
961 435 1016 491 in
1054 434 1328 492 intellectu
1373 444 1560 491 nostro
1603 440 1726 503 pre-

1839 445 1857 478 ¢
1889 426 2219 482 Nesciebatis
2260 427 2387 496 quia
2435 428 2493 482 in
2539 426 2646 491 his,
2694 439 2816 497 quae
2861 425 3042 484 Patris
3099 426 3207 484 mei
3252 438 3412 494 sunt,

173 545 314 585 mere
335 528 609 583 debemus.
643 524 722 580 Ne
743 536 1004 619 conemur
1028 527 1150 597 plus
1172 538 1366 597 sapere
1388 542 1553 597 quam
1576 530 1736 595 opor-
1764 606 1790 619 μ’

174 630 246 677 tet
269 634 471 690 sapere,
493 618 589 673 sed
611 631 804 687 sapere
827 605 895 671 a'd
920 618 1291 673 sobrietatem.
1320 617 1400 673 Ne
1421 619 1548 673 dum
1573 617 1736 671 nimis

174 708 448 767 invisibilia
477 707 831 771 discutimus,
876 707 1213 763 aberremus.
1264 708 1419 776 Quod
1460 709 1516 763 in
1545 706 1736 762 Graeco

173 797 717 871 (ιὶεὶιιιι-σωφροσῦνη,
753 797 810 852 in
845 798 1048 853 nostris
1074 798 1381 864 codicibus,
1420 798 1526 853 hoc
1560 807 1645 853 est
1679 797 1735 851 in

173 888 454 959 Scripturis
482 888 700 953 divinis,
728 887 996 944 sobrietas
1026 903 1058 943 a
1085 888 1385 960 majoribus
1412 890 1737 959 interpreta-

172 990 276 1035 tum
312 987 430 1045 est,
474 980 543 1035 ab
582 978 702 1034 aliis
741 986 925 1035 tamen
964 978 1195 1035 eruditis
1216 980 1348 1035 viris
1375 979 1736 1050 temperantia

167 1070 393 1140 ponitur,
422 1082 543 1139 quae
570 1067 943 1137 temperantia,
975 1082 1084 1123 una
1111 1083 1181 1125 ex
1207 1077 1442 1139 quatuor
1464 1068 1733 1141 generali-

168 1162 262 1215 bus
286 1159 575 1215 virtutibus
602 1159 850 1215 babetur.
887 1159 1031 1230 Ergo
1055 1174 1248 1231 sapere
1274 1161 1342 1217 ad
1363 1161 1731 1226 sobrietatem,

171 1256 521 1320 temperanter
547 1262 738 1318 sapere
766 1256 869 1311 est,
900 1249 1007 1305 hoc
1030 1257 1136 1316 est,
1167 1257 1229 1305 ut
1257 1250 1311 1306 in
1337 1251 1592 1307 omnibus
1614 1265 1735 1322 quae

166 1344 364 1412 agimus
384 1342 467 1398 vel
486 1357 607 1412 qua:
626 1341 896 1412 loquimur
913 1351 1008 1398 aut
1029 1343 1292 1399 sentimus
1319 1345 1734 1416 temperantiam

168 1442 456 1487 teneamus.

231 1523 296 1577 Et
336 1522 615 1589 unicuique
656 1523 793 1577 sicut
831 1522 973 1580 Deus
1017 1522 1195 1578 divisit
1239 1540 1541 1581 mensuram
1583 1526 1730 1596 ﬁdei.

167 1614 272 1668 lluc
299 1625 403 1679 est,
424 1623 487 1668 ut
508 1613 648 1669 sciat
670 1614 1041 1684 unusquisque
1067 1625 1123 1670 et
1143 1616 1407 1688 intelligat
1433 1630 1555 1686 qua:
1583 1617 1638 1672 in
1666 1628 1734 1674 eo

166 1706 227 1758 sit
268 1718 520 1759 mensura
561 1704 753 1775 gratiae
792 1704 888 1759 Dei
931 1719 1094 1774 quam
1117 1706 1377 1776 consequi
1404 1707 1605 1763 meruit
1634 1720 1734 1780 per

1843 534 1861 567 ι
1890 524 2107 587 oportet
2133 532 2222 571 me
2248 531 2389 573 esse.
2424 517 2492 571 Et
2520 517 2621 587 ipsi
2647 531 2756 572 nou
2783 516 3166 575 intellexerunt
3187 518 3415 575 verbum

1842 628 1860 661 ‹
1889 610 2033 679 quod
2063 608 2275 664 locutus
2300 617 2386 663 est
2414 609 2482 663 ad
2508 609 2648 663 illos.
2682 609 2753 663 Et
2773 609 3053 667 descendit
3078 625 3205 667 cum
3232 611 3333 678 eis,
3358 621 3414 665 et

1841 718 1860 753 ι
1889 701 2038 756 venit
2068 701 2365 766 Nazareth,
2409 707 2467 755 et
2505 708 2625 754 erat
2661 701 2910 757 subditus
2952 702 3079 759 illis.
3131 703 3197 760 Et
3239 712 3416 758 mater

1839 810 1859 843 ι
1890 790 2008 861 eius
2037 792 2399 848 conservabat
2436 790 2617 847 omnia
2646 791 2814 847 verba
2852 792 3004 858 hac,
3042 792 3330 850 conferens
3358 795 3415 849 in

1840 903 1859 936 ι
1888 886 2053 941 corde
2080 894 2200 941 suo.
2232 885 2301 940 Et
2324 883 2483 941 Iesus
2511 885 2830 956 proficiebat
2855 887 3138 956 sapientia,
3166 896 3328 943 a-tate
3360 899 3416 943 ct

1839 994 1859 1028 ι
1888 978 2063 1048 gratia
2092 977 2236 1049 apud
2261 978 2430 1032 Deum
2459 986 2516 1033 et
2541 978 2809 1035 homines.
2839 995 2860 1030 s

1902 1066 1974 1121 Et
1995 1072 2113 1121 cunt
2137 1066 2309 1136 factus
2327 1076 2457 1122 esset
2469 1066 2625 1122 Jesus
2647 1083 2907 1122 annorum
2924 1067 3223 1136 duodecim,
3234 1085 3416 1124 ascen-

1832 1157 2073 1213 dentibus
2095 1156 2204 1212 illis
2224 1156 2652 1229 Hierosolymam
2675 1157 2963 1212 secundum
2986 1160 3415 1217 consuetudinem

1832 1247 1937 1302 diei
1965 1248 2110 1317 festi,
2142 1247 2619 1315 eonsummatisque
2646 1247 2863 1315 diebus,
2898 1266 3019 1303 eum
3048 1250 3295 1314 redirent,
3329 1266 3414 1304 reo

1832 1341 2027 1397 mansit
2056 1355 2189 1412 puer
2211 1339 2368 1396 Iesus
2398 1342 2455 1396 in
2482 1340 2839 1397 Hierusalem.
2880 1341 2986 1415 (Ex
3012 1340 3204 1415 Beda.)
3249 1342 3352 1410 Qui
3381 1358 3415 1398 a

1832 1434 2153 1498 nativitate,
2199 1433 2308 1489 imo
2353 1448 2385 1487 a
2431 1433 2782 1504 conceptione
2816 1434 3074 1501 humana,
3110 1434 3417 1491 manifestis

1834 1523 2243 1589 miraculorum,
2266 1523 2397 1593 quia
2419 1524 2562 1579 Deus
2590 1524 2682 1590 sit,
2708 1532 2792 1581 est
2819 1525 3151 1596 approbatus
3176 1526 3413 1590 indiciis,

1832 1614 1949 1684 ipse
1998 1614 2167 1677 etiam
2220 1629 2347 1670 mox
2399 1614 2491 1670 ubi
2546 1622 2761 1685 tempus
2813 1617 2991 1671 aetatis
3042 1617 3412 1687 congruebat.

1832 1713 2121 1775 utramque
2167 1719 2319 1760 suam
2361 1712 2674 1761 reverenter
2713 1705 2953 1774 pandere
2998 1707 3203 1777 coepit,
3251 1716 3416 1779 atque

167 1797 339 1861 ﬁdem,
365 1796 637 1852 interdum
662 1796 811 1851 enim
842 1797 1069 1868 accipit,
1099 1797 1224 1868 quis
1250 1812 1282 1852 a
1305 1775 1439 1864 Deo,
1467 1805 1528 1853 ut
1557 1775 1735 1870 sapiat
1758 1775 1806 1834 Β
1832 1793 2045 1864 aperire
2081 1794 2472 1856 substantiam,
2518 1803 2575 1850 et
2607 1794 2739 1864 quid
2762 1794 3013 1852 videlicet
3038 1775 3216 1863 Patri,
3255 1775 3413 1867 iusta

164 1891 213 1944 iu
239 1905 397 1960 opere
420 1889 727 1953 cbaritatis,
773 1897 869 1944 aut
911 1903 1042 1962 erga
1087 1891 1489 1955 misericordias
1526 1905 1729 1964 paupew

165 2000 275 2037 rum
293 2026 307 2047 ,
344 1991 437 2037 aut
462 1984 611 2038 circa
637 1982 894 2039 debilium
922 1998 1111 2039 curam
1128 2018 1145 2050 ,
1176 1993 1270 2039 aut
1293 1999 1422 2056 erga
1446 1984 1732 2040 viduarum

162 2084 213 2129 et
243 2074 569 2144 pupillorum
597 2073 997 2141 defensionem,
1043 2083 1139 2130 aut
1174 2090 1306 2147 erga
1350 2074 1732 2146 hoSpitalitatis

160 2166 593 2231 sollicitudinem,
617 2165 734 2221 haec
758 2180 888 2237 ergo
909 2164 1121 2238 singula
1149 2165 1332 2222 divisit
1358 2166 1501 2221 Deus
1524 2166 1731 2223 unicui-

158 2273 257 2327 que
287 2258 593 2312 secundum
609 2273 918 2313 mensuram
945 2257 1091 2325 fidei,
1128 2259 1223 2314 sed
1252 2259 1299 2314 si
1328 2259 1376 2315 is
1403 2260 1496 2330 qui
1521 2260 1733 2332 accepit

158 2348 398 2415 gratiam,
426 2355 492 2400 ut
515 2345 582 2401 de
607 2362 714 2402 uno
742 2346 925 2418 aliquo
950 2347 1146 2402 horum
1171 2355 1408 2418 saperet,
1436 2363 1545 2404 non
1575 2349 1732 2405 intel-

156 2439 278 2508 ligat
304 2452 615 2495 mensuram
646 2440 832 2513 gratiae
856 2440 959 2497 sibi
985 2441 1141 2506 datm,
1171 2442 1266 2497 sed
1294 2442 1426 2496 velit
1454 2456 1646 2513 sapere
1673 2442 1731 2498 in

156 2544 255 2597 quo
281 2530 513 2599 gratiam
543 2545 650 2584 non
681 2530 924 2601 accepit,
964 2539 1021 2586 et
1050 2547 1158 2587 non
1189 2531 1399 2588 discere
1426 2532 1590 2600 velit,
1634 2533 1733 2590 sed

155 2620 341 2675 docere
367 2636 493 2690 quae
522 2622 725 2685 nescit,
765 2621 869 2677 iste
894 2637 1017 2678 eum
1052 2623 1231 2680 minus
1259 2625 1434 2694 sapiat
1465 2624 1588 2696 plus
1615 2624 1733 2680 vult

154 2726 335 2783 sapere
380 2729 549 2783 quam
572 2724 806 2785 oportet,
836 2730 1023 2770 verum
1049 2725 1108 2770 ut
1133 2717 1435 2772 evidentius
1459 2717 1637 2773 adhuc
1662 2717 1733 2772 de

154 2803 232 2857 his
243 2804 534 2874 Apostolus
546 2807 1167 2878 assignaret,iutrodnrit
1178 2810 1484 2879 exemplum
1499 2816 1555 2866 et
1565 2810 1724 2867 dicit:

220 2894 360 2951 Sicut
389 2899 535 2953 enim
562 2898 618 2953 in
647 2915 750 2955 uno
772 2916 987 2971 corpore
1008 2901 1176 2956 multa
1200 2903 1430 2957 membra
1455 2902 1725 2968 habemus,

151 2991 318 3043 omnia
343 2999 525 3044 autem
552 2991 782 3046 membra
811 3007 915 3046 non
945 2992 1182 3047 eumdem
1212 3002 1388 3048 actum
1410 2992 1625 3057 habent,
1650 2993 1727 3046 ita

148 3080 293 3135 multi
327 3098 498 3137 unum
534 3097 723 3153 corpus
760 3098 942 3137 sumus
979 3083 1035 3137 in
1064 3081 1497 3153 Christo,singuli
1524 3092 1700 3137 autem

1830 1883 2116 1940 veritatem
2161 1881 2358 1938 divinae
2402 1881 2722 1952 majestatis,
2766 1894 2822 1939 et
2864 1886 2993 1955 quid
3013 1884 3173 1957 juxta
3196 1904 3412 1946 assum-

1829 1971 2033 2042 ptiouis
2084 1971 2337 2029 humanm
2385 1971 2738 2045 fragilitatem
2788 1974 2985 2045 debeat
3032 1978 3242 2045 matri,
3311 1995 3418 2036 nec

1830 2063 2037 2133 absque
2069 2063 2442 2135 providentia,
2478 2062 2741 2120 duodenis
2767 2065 2943 2136 prima
2968 2080 3080 2122 suae
3107 2066 3233 2124 fidei
3261 2071 3412 2126 rudi—

1831 2162 2013 2210 menta
2039 2154 2343 2222 revelabat,
2382 2169 2504 2225 quae
2543 2154 2830 2210 duodecim
2859 2155 3226 2227 apostolorum
3252 2160 3416 2217 mini-

1829 2243 2020 2309 sterio,
2065 2258 2166 2314 per
2188 2251 2445 2299 cunctum
2476 2252 2634 2299 erant
2675 2243 2962 2301 revelauda
3000 2253 3056 2302 ct
3094 2246 3413 2305 elucidanda

1829 2334 2039 2389 orbem.
2088 2333 2382 2389 Possumus
2426 2342 2484 2389 et
2524 2334 2629 2391 hoc
2656 2335 2862 2403 dicere,
2899 2337 3027 2408 quia
3065 2339 3206 2395 sicut
3229 2351 3411 2411 septe-

1829 2429 2005 2495 nario,
2053 2428 2134 2484 sic
2176 2436 2232 2484 et
2270 2428 2603 2485 duodeuario
2635 2444 2883 2496 numero,
2923 2432 3016 2501 qui
3045 2431 3416 2504 multiplicatis

1830 2517 1973 2574 inter
2003 2533 2065 2573 se
2108 2518 2340 2574 invicem
2388 2519 2699 2591 septenario
2739 2519 2987 2591 partibus
3029 2532 3245 2579 constat
3267 2565 3284 2590 ,
3327 2525 3414 2580 vel

1832 2624 2016 2665 rerum
2043 2610 2129 2681 vel
2170 2618 2473 2682 temporum
2507 2612 2835 2668 universitas
2873 2628 2942 2668 ac
2979 2614 3243 2685 perfectio
3270 2615 3413 2671 desi—

1828 2707 2057 2770 gnatur:
2083 2707 2248 2770 atque
2267 2700 2390 2756 ideo
2413 2716 2522 2772 quo
2542 2702 2727 2758 omnia
2746 2702 2861 2760 loca
2882 2703 2969 2759 vel
2995 2713 3238 2776 tempora
3261 2708 3416 2763 decet

1828 2790 2079 2861 occupari
2104 2830 2120 2857 ,
2172 2800 2319 2847 recte
2357 2807 2390 2847 a
2424 2793 2745 2851 duodecimo
2785 2810 3013 2851 numero
3046 2796 3211 2868 jubar
3246 2802 3415 2855 sumit

1827 2882 2134 2937 exordium.

1901 2968 1970 3023 Et
2001 2986 2106 3023 non
2136 2980 2487 3041 cognoverunt
2513 2981 2756 3043 parentes
2782 2974 2931 3045 ejus,
2967 2985 3018 3030 et
3053 2978 3412 3033 existimantes

1827 3070 2005 3116 autem
2039 3061 2193 3116 illum
2223 3078 2334 3117 esse
2370 3063 2426 3118 in
2458 3064 2735 3132 comitatu,
2774 3079 3022 3123 iuuerunt
3057 3071 3160 3125 iter
3185 3072 3323 3139 diei,
3363 3085 3411 3127 et

147 3168 276 3224 at,”
298 3170 526 3225 αιιενεω
551 3144 801 3226 me'mbm.
840 3171 1255 3229 ordinatissime
1277 3144 1407 3244 ’μετ’
1425 3173 1543 3229 [me
1578 3187 1728 3230 com-
1752 3144 1799 3207 C
1831 3154 2161 3227 requirebant
2190 3170 2309 3209 eum
2331 3156 2471 3210 inter
2496 3166 2746 3228 cognatos
2773 3169 2821 3214 et
2852 3171 3029 3229 notos,
3057 3173 3107 3218 et
3136 3181 3242 3222 non
3268 3168 3408 3223 inre-

146 3274 345 3327 pouens
368 3275 538 3315 omne
566 3275 763 3332 corpus
786 3261 1061 3328 Ecclesiae,
1089 3270 1150 3317 ut
1173 3262 1315 3317 sicut
1338 3262 1580 3317 membra
1604 3276 1729 3317 cor-

145 3350 289 3419 poris
338 3350 559 3422 singula
587 3365 814 3424 qumque
838 3352 1087 3424 proprios
1116 3354 1317 3408 habent
1344 3361 1521 3418 actus,
1555 3361 1611 3408 et
1640 3361 1724 3408 ta-

145 3455 261 3494 men
295 3454 403 3495 uno
435 3455 714 3497 consensu
749 3452 938 3498 mutuo
967 3442 1070 3498 sibi
1100 3442 1331 3498 invicem
1358 3442 1586 3509 cedunt,
1618 3441 1722 3508 ita,

1829 3246 2051 3312 nientes,
2081 3247 2274 3301 reversi
2314 3255 2437 3302 sunt
2465 3248 2522 3302 in
2555 3247 2883 3305 Hierusalem
2913 3254 3229 3325 requirentes
3265 3274 3405 3314 eum.

1826 3338 2031 3405 Quaerit
2068 3337 2264 3408 aliquis
2293 3338 2564 3409 quomodo
2600 3340 2697 3396 Dei
2736 3341 2906 3399 Filius
2934 3353 3084 3400 tanta
3121 3357 3408 3419 parentum

1826 3446 1955 3485 cura
1986 3430 2256 3496 nutritus,
2300 3432 2386 3486 bis
2420 3432 2754 3511 abeuntibus
2781 3437 3020 3505 potuerit
3041 3438 3410 3497 obliviscenda

145 3530 344 3602 inquit,
385 3541 443 3587 οι
487 3531 541 3586 in
577 3531 855 3601 Ecclesia,
884 3549 1005 3605 qua,
1031 3544 1115 3590 εει
1140 3549 1337 3605 corpus
1362 3534 1597 3600 Chl-131i,
1637 3535 1723 3590 di-
1828 3522 2082 3593 relinqui.
2131 3524 2229 3579 Cui
2272 3524 2706 3595 respondendum
2735 3527 2863 3595 quia
2888 3527 3015 3586 filiis
3042 3530 3210 3589 Israel
3240 3536 3409 3589 moris

142 3636 325 3677 versos
354 3622 558 3694 singuli
590 3624 852 3680 habemus
875 3633 1047 3689 actus,
1079 3622 1230 3679 verbi
1258 3624 1436 3696 gratia
1460 3624 1602 3679 alius
1626 3637 1726 3696 per
1825 3615 2020 3682 fuerit.
2061 3625 2122 3672 ιιι
2152 3618 2489 3689 temporibus
2513 3616 2670 3674 festis
2696 3619 2781 3676 vel
2812 3618 3245 3695 Hierosolymam
3275 3641 3409 3683 cos.-

143 3712 467 3782 sapientiam
537 3722 624 3771 est
650 3715 871 3781 oculus,
902 3716 1041 3773 alius
1066 3731 1166 3787 per
1192 3731 1359 3788 Opera
1384 3726 1469 3774 est
1498 3732 1722 3783 manus,
1823 3708 2073 3774 ίιιιοηιθες
2102 3709 2188 3766 νει
2233 3711 2302 3766 ad
2348 3711 2569 3783 Ρνοῐπίει
2616 3711 2932 3781 “dimittes.
2979 3730 3226 3777 seorsum
3258 3718 3363 3773 Viri
3389 3760 3404 3783 .

142 3803 276 3859 alius
294 3807 570 3863 audiendo
589 3814 675 3865 est
691 3809 861 3875 auris,
881 3825 1047 3865 unum
1077 3818 1259 3866 tamen
1280 3818 1366 3865 est
1385 3825 1454 3866 ex
1472 3811 1726 3867 omnibus

1833 3816 2071 3857 seorsum
2099 3810 2281 3856 autem
2309 3801 2542 3868 femina),
2567 3802 2766 3860 choros
2787 3805 3048 3862 ducentes
3073 3807 3402 3863 incederent.

143 3895 396 3950 membris
470 3911 671 3967 corpus
717 3897 773 3953 in
819 3897 1036 3954 Christo
1071 3897 1197 3954 Jesu
1239 3900 1467 3955 Domino
1512 3909 1718 3956 nostro.
1823 3890 2170 3961 lnfanlesque
2197 3891 2281 3946 vel
2311 3893 2487 3963 pueri.
2515 3908 2640 3949 cum
2663 3895 2907 3965 quolibet
2939 3907 3175 3968 parente
3196 3899 3406 3956 indiffe-

140 3984 419 4053 Quomodo
444 3997 630 4043 autem
654 4003 852 4061 corpus
876 3990 1023 4048 istud
1046 3992 1100 4047 in
1122 3991 1339 4048 Christo
1362 3993 1451 4056 sit,
1476 3993 1618 4048 idem
1641 4002 1725 4049 est

1833 3991 2010 4037 renler
2048 3983 2128 4038 ire
2166 3990 2477 4055 potuerunt.
2533 3970 2768 4055 Ideoque
2801 3987 3027 4043 beatam
3068 3990 3291 4045 Mariam
3321 3993 3404 4046 vel

141 4073 194 4126 in
219 4074 476 4140 veritate,
506 4083 561 4131 et
584 4077 846 4148 sapientia
872 4087 928 4134 et
945 4078 1159 4151 iustitia
1182 4089 1239 4136 et
1262 4081 1719 4149 sanctificatione,

138 4181 255 4236 qua:
279 4167 469 4222 omnia
497 4166 742 4225 Christus
765 4177 871 4235 est,
893 4170 1004 4241 jam
1031 4186 1175 4242 saepe
1199 4172 1455 4228 diximus.

538 4274 869 4318 EVANGELIUI
906 4279 1078 4330 ιυελε,
1117 4280 1236 4320 CAP.
1274 4279 1333 4318 11.

212 4369 231 4402 r
264 4350 491 4407 Etcum
526 4350 700 4407 factus
735 4361 879 4409 esset
911 4354 1070 4411 Jesus
1105 4370 1369 4409 annorum
1398 4354 1715 4417 duodecim,

143 4463 161 4496 ι
191 4444 615 4499 ascendentibus
651 4444 755 4501 illis
777 4446 1205 4518 Hierosolymam
1245 4445 1540 4500 secundum
1588 4463 1717 4502 eon-

141 4555 158 4587 ι
189 4534 542 4590 suetudinem
585 4535 690 4590 diei
740 4535 884 4593 festi.
960 4537 1470 4607 Consummatisque
1529 4538 1719 4593 diebus

140 4647 158 4678 ι
190 4641 314 4681 cum
342 4626 606 4692 redirent,
634 4627 892 4681 remansit
918 4643 1053 4698 puer
1076 4626 1233 4683 Jesus
1262 4628 1313 4682 in
1342 4627 1719 4700 Hierosolyma

139 4736 155 4768 ι
186 4725 242 4771 et
289 4731 402 4771 non
449 4724 816 4786 cognoverunt
850 4726 1104 4787 parentes
1141 4718 1279 4790 ejus.
1334 4718 1719 4776 Existimantes

139 4826 156 4858 ι
188 4818 374 4862 autem
422 4806 573 4861 illum
600 4822 722 4864 esse
751 4808 804 4863 in
839 4809 1127 4875 comitatu,
1156 4817 1423 4865 venerunt
1466 4810 1570 4865 iter
1610 4811 1717 4867 diei

138 4918 154 4949 ι
186 4908 243 4953 ct
267 4898 623 4968 requirebant
645 4911 769 4953 eum
791 4899 936 4955 inter
957 4909 1218 4973 cognatos
1242 4908 1298 4956 et
1323 4909 1500 4967 notos,
1528 4910 1583 4956 et
1608 4917 1715 4957 non

137 5009 154 5041 σ
190 4989 537 5044 invenientes
567 4990 800 5059 regressi
828 4998 954 5045 sunt
982 4990 1037 5046 in
1065 4988 1402 5045 Hierusalem
1433 4991 1715 5061 requiren-

136 5101 151 5131 ι
188 5089 269 5135 trs
297 5094 453 5134 eum.
505 5080 567 5132 lit
605 5078 804 5134 factum
831 5089 917 5135 est
940 5092 1063 5152 post
1090 5080 1356 5147 triduum,
1393 5080 1716 5137 invenerunt

136 5192 153 5221 s
186 5170 338 5226 illum
374 5172 429 5225 in
464 5171 661 5242 templo
688 5173 964 5229 sedentem
992 5173 1046 5237 in
1078 5174 1257 5230 medio
1286 5175 1591 5239 doctorum,
1622 5191 1722 5230 au-

134 5282 152 5313 c
186 5264 430 5318 :iientem
487 5262 641 5327 illos,
691 5272 745 5317 et
792 5264 1214 5335 interrogantem
1244 5281 1359 5321 eos.
1415 5266 1719 5337 Stupebant

133 5375 149 5404 ο
183 5366 370 5409 autem
399 5370 595 5409 omnes
624 5356 713 5424 qui
749 5372 871 5411 cum
902 5356 1193 5414 audiebant
1230 5373 1394 5429 super
1426 5360 1713 5430 prudentia

132 5463 151 5495 ι
180 5455 236 5499 et
268 5445 555 5516 responsis
593 5446 728 5516 ejus.
777 5444 844 5501 Et
880 5447 1125 5503 videntes
1162 5449 1415 5504 admirati
1453 5458 1598 5505 sunt.
1648 5450 1716 5505 Et

133 5552 149 5581 ι
181 5535 320 5589 dixit
350 5541 533 5589 mater
562 5534 678 5603 ejus
703 5538 770 5593 ad
798 5537 947 5593 illum
979 5556 992 5592 :
1032 5537 1166 5604 Fili,
1196 5540 1325 5610 quid
1352 5524 1529 5596 fecisti
1559 5542 1716 5597 nobis

133 5640 150 5674 ι
181 5623 304 5678 sic?
338 5623 490 5679 Ecce
517 5633 672 5694 pater
697 5634 820 5683 tuus
854 5636 911 5682 et
943 5642 1045 5697 ego
1071 5628 1314 5685 dolentes
1339 5632 1716 5700 quaerebamus

135 5734 152 5766 ι
182 5724 254 5771 te.
293 5715 359 5770 Et
392 5714 477 5769 ait
502 5714 569 5769 ad
595 5715 713 5772 illos
738 5732 754 5771 :
787 5718 925 5786 Quid
954 5726 1038 5774 est
1062 5719 1205 5787 quod
1235 5735 1319 5774 mc
1349 5723 1716 5790 qmcrcbatis?

1821 4075 2054 4146 Joseph,
2097 4075 2340 4131 vicissim
2376 4084 2599 4145 putasse
2628 4091 2854 4147 puerum
2880 4076 3100 4147 Iesum,
3145 4095 3305 4152 quem
3343 4101 3407 4138 se

1822 4168 2071 4239 comitari
2119 4182 2227 4223 non
2274 4166 2611 4234 cernebant,
2657 4182 2782 4223 cum
2828 4168 3002 4225 altern
3044 4178 3271 4241 parente
3311 4186 3400 4228 re-

1823 4272 2057 4313 γονευιιι.

1896 4349 1963 4404 Et
2004 4350 2201 4420 factum
2239 4360 2313 4403 est
2348 4360 2462 4419 post
2501 4350 2773 4414 triduum,
2812 4352 3120 4410 invenerunt
3155 4355 3307 4412 illum
3345 4361 3397 4413 in

1821 4439 2011 4510 templo
2040 4441 2301 4495 sedentem
2328 4441 2381 4494 in
2408 4440 2579 4494 medio
2608 4440 2917 4510 doctorum,
2952 4446 3253 4503 audientem
3281 4449 3400 4504 illos

1821 4544 1868 4589 et
1916 4534 2341 4604 interrogantem.
2397 4532 2563 4601 Quasi
2609 4531 2735 4589 fons
2778 4535 3060 4604 sapientia
3107 4538 3393 4595 doctorum

1822 4626 2032 4682 medius
2057 4625 2228 4690 sedet,
2251 4626 2345 4680 sed
2370 4626 2525 4696 quasi
2550 4626 2827 4696 exemplar
2849 4628 3189 4699 humilitatis,
3210 4633 3355 4689 audii
3370 4652 3401 4689 e

1819 4716 1993 4785 prius,
2015 4723 2073 4770 et
2097 4714 2436 4785 interrogare
2456 4716 2729 4781 doctores,
2749 4730 2914 4787 quam
2940 4718 3213 4777 instruere
3250 4738 3388 4795 quas.

1820 4805 1893 4859 rit
1921 4804 2187 4861 indoctos.
2235 4801 2314 4859 Ne
2351 4804 2556 4860 etenim
2596 4804 2807 4875 parvuli
2849 4821 2883 4862 a
2920 4809 3228 4868 senioribus
3267 4827 3397 4869 eru-

1817 4899 2044 4955 bescant
2066 4900 2295 4965 discere,
2323 4907 2381 4955 et
2407 4899 2517 4970 ipse
2543 4900 2608 4954 ob
2635 4903 2808 4957 (etatis
2833 4902 3080 4962 humanm
3098 4922 3401 4981 congruen-

1821 4992 1952 5047 tiam
1986 4992 2233 5048 homines
2272 4991 2579 5048 auscultare
2626 5002 2735 5049 nan
2781 4997 3051 5054 erubescit
3099 5000 3259 5056 Deus.
3320 5001 3398 5058 Ne

1810 5072 2069 5137 infirmus
2095 5083 2288 5138 docere
2314 5084 2441 5152 quis
2466 5086 2693 5149 audeat,
2723 5095 2779 5141 et
2810 5085 2899 5143 ille
2928 5103 3062 5159 puer
3088 5092 3271 5147 doceri
3312 5094 3397 5148 in-

1820 5173 2141 5240 terrogando
2166 5172 2357 5238 voluit,
2382 5174 2476 5243 qui
2503 5189 2602 5244 per
2627 5175 2926 5232 divinitatis
2954 5182 3251 5249 potentiam
3277 5198 3398 5238 νει·-

1818 5263 1944 5319 bum
1972 5264 2216 5321 scientia:
2238 5263 2370 5333 ipsis
2395 5265 2510 5319 suis
2534 5265 2847 5323 doctoribus
2869 5270 3219 5328 ministravit.

1889 5355 2175 5428 Stupebant
2204 5366 2379 5410 autem
2410 5373 2588 5411 omnes
2615 5360 2708 5428 qui
2740 5374 2861 5415 um
2889 5363 3202 5428 audiebant,
3237 5378 3400 5436 super

1813 5434 2056 5501 dectriua
2082 5456 2131 5500 et
2160 5448 2421 5516 responsis
2451 5447 2592 5517 ejus.
2627 5457 2677 5503 et
2716 5449 2946 5506 videntes
2969 5453 3219 5508 admirati
3247 5434 3388 5508 sunt.

1816 5539 2115 5612 Stupebant
2139 5541 2232 5610 qui
2269 5556 2393 5597 eum
2423 5541 2716 5599 audiebant
2759 5553 2815 5599 et
2848 5544 3097 5599 videntes
3138 5544 3389 5598 admirati

1815 5642 1961 5688 sunt.
2024 5632 2092 5687 Et
2147 5648 2214 5688 eo
2268 5635 2503 5705 amplius
2558 5635 2844 5705 stupebant
2892 5650 3058 5707 super
3103 5637 3388 5705 prudentia

1815 5725 2258 5793 responsionum,
2300 5741 2408 5796 quo
2444 5726 2772 5795 paucitatem
2801 5727 3046 5782 videntes
3072 5734 3381 5783 contemne-
