3946 6410
517 304 604 361 219
1373 300 1378 304 ’
1840 300 2093 357 SMARM

2229 299 2510 360 ᾹΒΒΑΤἸΒ
3722 304 3786 357 80

518 420 662 474 bant
683 432 964 476 annuum.
1001 415 1108 472 Nos
1130 424 1308 471 autem
1331 414 1567 470 scientes
1591 414 1734 469 hunc
1759 427 1879 468 esse
1903 412 1972 466 de
1995 426 2102 481 quo
2130 415 2181 474 Α
2205 413 2349 469 mine
2377 413 2677 469 Salvatorts
2717 414 3036 469 mortalibus
3067 422 3286 484 przcstet
3304 454 3319 480 ,
3361 423 3417 471 et
3446 431 3479 470 x
3509 420 3784 487 quomodo

514 509 660 570 olim
703 508 966 580 propheta
1005 505 1428 576 gratulabundus
1466 503 1788 558 exsultabat.
1839 498 2102 554 Parvulas
2203 504 2500 575 Decalogus
2525 505 2658 576 legis
2684 505 2879 561 debeat
2916 505 3126 576 impleri
3163 520 3274 560 sua:
3303 521 3402 561 nos
3425 511 3786 564 resurrectio-

527 613 686 656 natas
721 610 797 655 est
835 598 1007 662 nobis,
1049 596 1192 666 ﬁlius
1221 596 1380 649 datus
1420 604 1496 649 est
1537 593 1704 659 nobis,
1746 601 1796 646 et
1835 591 2104 645 vocabitur
2201 594 2288 648 nis
2315 595 2575 650 Dominus
2603 596 2788 667 figuris
2815 595 3112 651 instituerit
3135 597 3342 666 pariter
3368 605 3420 652 et
3444 597 3689 667 iuverit,
3729 612 3784 655 ut

525 709 712 748 nomen
737 707 854 764 ejus
865 686 1228 752 Admirabilis,
1243 685 1608 749 Consilia-rius,
1625 683 1770 738 Dens
1789 683 1942 753 {ortis
1961 679 2097 751 (Isa.

525 785 626 857 Ix),
663 797 1006 853 nequaquam
1041 779 1306 835 miremur
1331 791 1480 842 eum,
1507 775 1596 846 qui
1626 775 1706 829 sic
1731 771 1990 844 parvulus
2015 771 2099 824 fa-

516 885 646 932 ctus
684 885 776 931 est
815 875 998 938 homo,
1040 880 1102 928 ut
1137 869 1508 935 nihilominus,
1546 867 1692 938 quod
1717 875 1836 921 erat
1861 878 2097 934 semper,

523 968 668 1024 Deus
695 983 760 1023 ac
785 966 961 1031 fortis,
987 970 1350 1036 permaneret.

593 1063 664 1118 Et
686 1061 823 1117 dixit
849 1067 1019 1114 mater
1045 1057 1160 1128 ejus
1185 1055 1256 1110 ad
1283 1053 1467 1109 illum:
1491 1051 1624 1118 Fili,
1640 1050 1770 1123 quid
1797 1049 1969 1120 fecisti
1999 1064 2097 1102 no-

518 1153 602 1208 bis
624 1151 741 1206 sic!
767 1148 906 1204 Ecce
928 1155 1080 1218 pater
1101 1154 1224 1199 rans
1246 1152 1296 1198 et
1317 1159 1435 1214 ego,
1459 1140 1710 1205 dolentes,
1733 1139 2099 1210 querellam

521 1256 602 1309 te,
644 1253 694 1298 et
729 1241 806 1296 ait
840 1240 911 1295 ad
945 1237 1066 1292 illos
1098 1254 1119 1292 :
1156 1234 1299 1302 Quid
1335 1244 1411 1289 est
1447 1233 1588 1304 quod
1623 1247 1707 1286 me
1738 1230 2050 1302 quwrebatis
2074 1229 2100 1282 1'

522 1334 824 1391 nesciebatis
872 1333 998 1403 quia
1023 1331 1080 1386 in
1103 1329 1187 1384 Itis
1209 1345 1330 1400 quae
1376 1325 1560 1381 Patris
1585 1327 1689 1380 mei
1727 1332 1870 1389 sunt,
1901 1332 2101 1394 oportet

513 1447 603 1484 me
625 1444 757 1484 esse.
801 1425 921 1482 Non
961 1422 1105 1494 quod
1141 1437 1266 1478 eum
1295 1420 1451 1490 quasi
1479 1418 1651 1473 ﬁlium
1679 1423 1928 1488 quaerunt
1953 1414 2098 1470 vitu-

520 1527 706 1590 perat,
753 1517 850 1574 sed
893 1515 1024 1587 quid
1069 1513 1122 1570 ei
1165 1513 1346 1585 potius
1385 1511 1472 1566 cui
1515 1519 1753 1566 aeternus
1793 1515 1879 1563 est
1904 1506 2098 1572 Filius,

520 1613 733 1678 debeat,
757 1609 901 1682 cogit
924 1607 1110 1664 oculos
1133 1605 1330 1661 mentis
1353 1602 1618 1668 attollere,
1642 1600 1768 1672 quia
1789 1599 1934 1658 enim
1957 1600 2100 1655 Deus

498 1711 576 1757 -ct
613 1701 778 1756 homo
804 1706 907 1754 est.
959 1695 1115 1751 Nunc
1154 1693 1370 1750 excelsa
1415 1691 1656 1757 deitatis,
1699 1704 1843 1745 nunc
1887 1689 2098 1746 inﬁnita

518 1755 798 1868 pncsefert
823 1794 1074 1849 humana:
1099 1788 1428 1862 fragilitatis,
1460 1787 1618 1858 quasi
1641 1755 1816 1842 homo
1849 1785 2095 1841 seniores
2121 1767 2171 1827 Β

519 1889 848 1958 interrogat,
891 1883 1048 1954 quasi
1077 1882 1221 1937 Deus
1247 1895 1368 1950 quae
1405 1879 1648 1934 seniores
1685 1887 1739 1931 et
1776 1877 1954 1932 edocti
1991 1877 2096 1932 mi-

517 1988 706 2035 rentur
731 1975 1039 2048 respondet.
1075 1972 1243 2041 Quasi
1267 1971 1364 2028 Dei
1393 1969 1564 2026 Filius
1591 1969 1796 2039 templo
1819 1967 1914 2024 Dei
1944 1982 2100 2023 com-

519 2081 785 2134 moratur,
807 2075 863 2124 et
883 2065 1045 2137 quasi
1070 2064 1213 2120 illius
1235 2061 1476 2118 hominis
1502 2075 1625 2116 cum
1649 2059 1966 2131 parentibus
1987 2073 2097 2130 quo

512 2162 708 2232 iubent
734 2156 1058 2230 regreditur.

588 2252 658 2307 Et
693 2252 792 2324 ipsi
829 2266 932 2306 non
970 2247 1338 2304 intellexerunt
1373 2245 1580 2300 verbum
1616 2244 1758 2316 quod
1786 2243 1992 2297 locutas
2020 2250 2095 2297 est

515 2343 586 2398 ad
613 2342 756 2407 illos,
790 2351 838 2397 et
864 2339 1128 2396 descendit
1153 2353 1272 2393 cum
1302 2335 1432 2402 illis,
1471 2345 1519 2390 et
1553 2335 1688 2390 venit
1719 2331 2011 2399 Nazareth,
2045 2341 2096 2386 et

513 2445 626 2489 erat
655 2433 896 2488 subditus
921 2431 1048 2486 illis.
1088 2429 1228 2498 Quid
1265 2429 1411 2484 enim
1447 2427 1710 2497 magister
1733 2426 1952 2480 virtutis
1989 2424 2094 2480 nisi

514 2524 746 2580 cilicium
767 2523 908 2594 picta
918 2523 988 2578 tis
1006 2519 1289 2590 impleret?
1311 2518 1440 2588 quid
1463 2517 1607 2573 inter
1625 2532 1724 2572 nos
1745 2515 1910 2583 aliud,
1931 2531 2094 2586 quam

515 2614 656 2684 quod
684 2629 717 2668 a
744 2611 901 2668 nobis
925 2611 1008 2683 agi
1039 2611 1200 2666 vellet
1229 2607 1440 2681 ageret?
1451 2606 1732 2662 deferebat
1756 2607 1922 2678 patri,
1951 2605 2096 2663 defe-

513 2708 670 2763 rebat
695 2703 920 2763 ancilla.
955 2705 1074 2775 Ipsa
1101 2703 1248 2760 enim
1275 2701 1442 2757 dicit:
1475 2700 1618 2756 Ecce
1640 2699 1834 2755 ancilla
1858 2700 2092 2755 Domini.

513 2795 801 2852 Deferebat
845 2793 1101 2850 simulato
1145 2792 1328 2864 patri,
1381 2789 1660 2846 deferebat
1699 2790 1928 2846 Domino
1963 2805 2095 2846 vero

513 2886 690 2957 patri,
721 2892 777 2942 et
803 2885 988 2954 utique
1015 2891 1192 2938 matre
1219 2890 1399 2946 natus,
1429 2881 1696 2952 virginem
1725 2888 2092 2949 conservarat,

513 2983 570 3030 et
591 2982 822 3030 castam.
861 2973 1058 3043 Utique
1081 2987 1111 3028 a
1133 2983 1307 3044 patre,
1321 2986 1436 3026 non
1459 2970 1756 3037 voluntate,
1778 2986 1885 3026 non
1907 2986 2090 3042 opere,

513 3078 620 3118 non
655 3069 896 3132 tempore
920 3059 1242 3124 distabat,ut
1269 3059 1388 3130 eius
1415 3059 1668 3116 videlicet
1693 3060 1953 3132 exemplis
1980 3077 2092 3116 am-

513 3155 724 3219 moniti,
752 3154 882 3225 quid
907 3152 1226 3224 parentibus
1247 3150 1562 3217 debeamus,
1587 3151 1681 3221 qui
1705 3159 1855 3207 tanta
1877 3167 1980 3224 pro
2001 3169 2096 3210 no—

513 3247 600 3303 bis
621 3247 1300 3318 patiuntur,agnoscamus.

585 3337 654 3392 Et
671 3346 844 3392 mater
863 3337 978 3406 ejus
997 3334 1336 3389 conservabat
1357 3335 1534 3389 omnia
1557 3335 1712 3389 verba
1733 3335 1844 3389 lucc
1865 3336 1919 3390 in
1940 3335 2098 3390 corde

517 3446 633 3484 suo.
672 3427 799 3482 Sive
825 3441 945 3497 qua:
969 3425 1252 3490 intellexit,
1281 3440 1378 3481 seu
1401 3439 1520 3496 qua:
1543 3427 1770 3482 necdum
1794 3425 2094 3499 intelligere

516 3523 682 3578 verba
706 3519 984 3590 Evangelii
1013 3517 1220 3588 potuit,
1252 3518 1435 3572 omnia
1463 3532 1565 3574 suo
1587 3519 1796 3590 pariter
1815 3519 1876 3575 in
1906 3521 2091 3588 corde,

517 3613 673 3684 quasi
702 3612 1020 3668 ruminanda
1041 3651 1056 3676 ,
1086 3617 1143 3666 et
1169 3609 1484 3682 diligentius
1510 3614 1804 3669 scrutanda
1832 3613 2095 3672 reconde-

499 3693 632 3764 bat.
663 3706 946 3762 Discsmus
958 3718 1098 3776 ergo
1124 3703 1179 3759 in
1205 3702 1458 3760 omnibus
1482 3703 1810 3771 castitatem,
1837 3721 1960 3777 quae
1983 3721 2092 3762 non

521 3800 699 3854 minus
736 3810 834 3853 ore
871 3795 1088 3868 pudico,
1130 3808 1294 3866 quam
1332 3807 1561 3864 corpore
1601 3803 1924 3866 argumenta
1967 3795 2093 3852 tldei

519 3885 878 3942 conservabat
904 3884 959 3940 in
987 3883 1170 3940 corde.
1215 3883 1283 3939 Et
1305 3882 1350 3939 si
1377 3881 1468 3938 illa
1496 3890 1624 3940 ante
1650 3892 1922 3955 praecepta
1963 3900 2095 3958 προς

519 3977 710 4034 stolics
737 3983 906 4041 tacet,
935 3989 1034 4032 cur
1057 3983 1116 4030 tu
1141 3982 1267 4046 post
1305 3973 1600 4045 apostolica
1625 3981 1894 4047 praecepta
1919 3976 2094 4047 magis

519 4066 676 4138 cupis
698 4066 912 4134 docere,
939 4080 1102 4138 quam
1127 4065 1360 4123 discere.

579 4159 657 4214 Et
681 4157 838 4214 Iesus
861 4158 1165 4231 proﬁciebat
1189 4158 1447 4230 sapientia
1470 4170 1520 4214 et
1546 4166 1722 4225 astate,
1752 4167 1861 4216 etc.
1881 4159 1985 4217 llic
2009 4159 2092 4216 lo-

515 4265 614 4305 cus
649 4249 974 4305 Manichreos
1011 4249 1216 4320 pariter
1251 4257 1308 4304 et
1345 4248 1762 4320 Apollinaristas
1797 4259 2088 4323 expugnat.

516 4342 814 4398 Osteadcus
851 4342 1138 4398 Dominum
1174 4355 1362 4396 veram
1400 4348 1622 4396 'earnem
1657 4355 1846 4402 veram
1887 4341 2093 4398 habere

2197 686 2470 754 quomodo
2501 685 2618 757 ipse
2645 687 2944 741 resurrexit
2979 701 3010 740 a
3041 687 3292 753 mortuis,
3341 687 3416 742 ita
3459 697 3514 744 et
3553 705 3660 745 nos
3691 691 3781 744 illo

2199 775 2489 845 adjuvante
2533 791 2816 846 resurgere
2841 775 3146 840 valeamus,
3195 786 3252 832 et
3294 777 3349 832 in
3386 794 3416 833 c
3446 793 3567 848 qua:
3597 796 3701 834 nos
3732 782 3782 835 in

2199 865 2383 922 futuro
2403 875 2661 936 sequatur
2680 868 2851 938 gloria
2875 869 3233 924 demonstrat.
3255 869 3615 926 Centenarius
3639 889 3785 926 nam-

2197 972 2305 1026 que
2331 973 2590 1013 numerus
2617 959 2706 1028 qui
2735 958 2802 1012 de
2831 958 2960 1012 laeva
2992 960 3189 1014 transit
3218 961 3272 1014 in
3299 961 3606 1023 dexteram,
3639 963 3782 1016 illius

2199 1050 2459 1118 temporis
2479 1048 2789 1104 felicitatem
2819 1049 3144 1120 praefigunt,
3163 1052 3228 1106 de
3256 1066 3363 1121 quo
3384 1051 3650 1106 Dominus
3671 1055 3744 1106 ait
3768 1071 3779 1106 :

2197 1138 2402 1193 lterum
2423 1139 2603 1193 ridebo
2627 1155 2715 1192 eos
2733 1148 2783 1192 ct
2805 1141 3047 1210 gaudebit
3074 1158 3166 1195 cor
3189 1151 3415 1196 uestrum
3431 1142 3621 1213 (Jonn.
3650 1147 3777 1201 xm.

2830 1246 3148 1287 CONCOBDIA.

2265 1299 2497 1354 lstarum
2530 1302 2761 1357 duarum
2795 1305 3043 1372 quamvis
3085 1319 3194 1359 non
3237 1305 3294 1359 in
3327 1304 3530 1369 verbis,
3557 1305 3613 1359 in
3657 1316 3777 1359 artu

2200 1401 2378 1448 tamen
2408 1393 2468 1447 fit
2491 1395 2781 1449 concordia
2807 1395 3120 1450 lectionum.
3152 1397 3522 1452 Ascendentes
3552 1399 3702 1453 enim
3729 1401 3778 1451 in

2199 1479 2538 1538 Hierusalem
2579 1500 2702 1540 cum
2743 1485 2918 1540 hostia
2957 1494 3240 1556 parentes,
3290 1487 3500 1574 Domini
3548 1489 3778 1558 ingressi

2199 1581 2326 1628 sunt
2369 1573 2626 1644 templum
2667 1575 2814 1644 quod
2843 1591 2945 1630 nos
2973 1577 3292 1646 spiritaliter
3317 1573 3498 1646 agere,
3530 1579 3782 1633 hortatur

2199 1661 2488 1733 Apostolus
2529 1663 2760 1721 dicens:
2805 1665 3045 1721 Obsecro
3071 1681 3170 1721 vos
3208 1681 3307 1737 per
3343 1669 3776 1724 misericordiam
3875 1684 3881 1690 ·

2243 1755 2293 1810 ei
2321 1762 2382 1809 ut
2408 1756 2713 1811 exbibeatis
2739 1771 2966 1827 corpora
2993 1766 3174 1812 vestra
3203 1759 3438 1813 hostiam
3469 1760 3776 1824 viventem,

2197 1855 2462 1912 sanctam,
2491 1847 2720 1902 Domino
2744 1849 3070 1918 placentem,
3097 1862 3155 1907 et
3176 1852 3404 1923 reliqua.

2422 1935 2748 1994 DOMINICA
2785 1939 2827 1995 l'l
2865 1941 3040 1996 POST
3079 1941 3541 1998 TIIEOPHANIA.

2196 2023 2390 2064 LECTIO
2423 2025 2695 2065 EPISTOI..-E
2733 2027 2888 2066 ΒΕΑἸΊ
2928 2029 3080 2068 PAULI
3115 2030 3367 2070 AI'OS'I'OLI
3407 2031 3472 2069 ΑΙ)
3507 2032 3775 2080 BOSIANOS,

2818 2097 3008 2136 CAPI'I'B
3047 2099 3145 2137 XII.

2271 2167 2290 2199 ι
2323 2150 2594 2206 [labentes
2645 2151 2968 2207 donationes
3020 2153 3317 2208 secundum
3372 2157 3608 2225 gratiam
3662 2173 3777 2227 qum

2200 2261 2220 2294 ι
2249 2243 2375 2298 data
2403 2253 2487 2299 est
2515 2245 2670 2300 nobis
2700 2243 3026 2310 diﬂ‘ercntes,
3063 2246 3177 2301 sive
3211 2248 3552 2317 prophetiam
3583 2266 3776 2304 secun-

2200 2355 2220 2387 ι
2249 2335 2378 2390 dum
2398 2337 2663 2392 rationem
2684 2336 2829 2404 fidei,
2854 2338 2968 2392 sive
2988 2338 3341 2394 ministerium
3372 2339 3426 2395 in
3458 2342 3775 2398 ministran-

2200 2442 2220 2475 σ
2249 2425 2468 2491 do,sive
2488 2427 2578 2496 qui
2602 2428 2757 2482 docet
2780 2429 2832 2483 in
2854 2427 3120 2484 doctrina.
3147 2429 3248 2498 Qui
3272 2433 3594 2488 exhortatur
3618 2435 3671 2489 in
3694 2452 3778 2490 ex-

2203 2531 2222 2567 t
2253 2517 2546 2584 hortando,
2574 2520 2667 2590 qui
2691 2521 2875 2575 tribuit
2903 2522 2954 2576 in
2981 2523 3347 2593 simplicitate.
3371 2525 3472 2593 Qui
3495 2541 3698 2596 praeest
3727 2531 3774 2583 in

2199 2625 2220 2658 ι
2249 2607 2631 2675 sollicitudine,
2664 2611 2756 2682 qui
2793 2611 3084 2667 miseretur
3114 2613 3169 2668 in
3205 2613 3500 2672 hilaritate.
3546 2617 3776 2673 Dilectio

2200 2715 2219 2750 ι
2248 2698 2365 2754 sine
2421 2701 2809 2756 simulatione:
2853 2703 3110 2758 Odientes
3159 2704 3392 2771 malum,
3439 2707 3776 2763 adltzerentes

2200 2805 2220 2840 ι
2247 2789 2408 2844 bono.
2441 2791 2775 2848 Charitatem
2807 2793 3168 2850 fraternitatis
3200 2795 3430 2851 invicem
3462 2798 3775 2870 diligentes,

2201 2899 2221 2934 ι
2249 2883 2457 2943 honore
2509 2886 2738 2942 invicem
2783 2888 3198 2958 pnevenicntes.
3243 2888 3624 2946 Sollicitudine
3673 2909 3775 2947 non

2199 2991 2219 3024 ι
2245 2973 2425 3045 pigri,
2474 2976 2667 3046 spiritu
2698 2975 2990 3042 ferventes,
3037 2976 3268 3035 Domino
3300 2981 3636 3045 servientes,
3688 3000 3776 3054 Spe

2201 3082 2220 3114 ι
2249 3065 2578 3136 gaudentes,
2623 3066 2680 3121 in
2713 3067 3061 3125 tribulatione
3089 3071 3374 3142 patientes.
3423 3072 3670 3128 Orationi
3705 3078 3779 3128 in-

2203 3171 2223 3204 c
2253 3161 2482 3221 stantes,
2511 3158 2922 3213 necessitatibus
2951 3169 3259 3215 sanctorum
3287 3165 3774 3224 communicantes.

2199 3261 2219 3294 Ι
2249 3243 2674 3312 hospitalitatem
2711 3256 3002 3304 sectantes.
3051 3249 3364 3307 Benedicite
3401 3259 3778 3326 persequenti-

2197 3352 2216 3386 ‹
2247 3335 2349 3389 bus
2374 3351 2494 3399 vos,
2525 3335 2830 3393 benedicite
2870 3348 2924 3394 et
2961 3341 3127 3396 holite
3155 3343 3498 3400 maledicere.
3531 3345 3778 3402 Gaudete

2200 3443 2220 3478 ι
2249 3440 2374 3481 cum
2401 3428 2782 3498 gaudentibus,
2817 3428 2940 3486 ﬂete
2967 3447 3087 3487 cum
3120 3432 3392 3491 ﬂentibus.
3429 3437 3670 3508 ldipsnm
3701 3441 3777 3493 in-

2199 3535 2217 3569 σ
2249 3517 2422 3573 vicem
2455 3519 2772 3586 sentientes,
2811 3537 2919 3577 non
2950 3523 3059 3577 alta
3088 3524 3384 3595 sapientes,
3423 3527 3518 3582 sed
3556 3529 3778 3584 humili—

2198 3625 2218 3660 ‹
2247 3609 2349 3662 bus
2373 3609 2800 3666 consentientes.
2835 3632 2852 3666 ι

2264 3699 2527 3756 Habentes
2553 3702 2862 3760 donationes
2901 3706 3187 3760 secundum
3220 3709 3470 3778 gratiam,
3499 3728 3622 3782 qum
3649 3713 3772 3768 dcta

2192 3799 2268 3846 est
2295 3792 2461 3859 nobis,
2490 3793 2806 3864 differentes.
2833 3796 2935 3868 (Ex
2963 3797 3221 3874 Primas.)
3250 3801 3457 3856 Donum
3477 3820 3583 3858 non
3609 3823 3673 3860 ex
3694 3824 3781 3861 nu-

2194 3889 2325 3944 stro,
2356 3883 2450 3938 sed
2475 3897 2540 3938 ex
2563 3884 2816 3939 donantis
2839 3887 3034 3956 pendet
3055 3889 3303 3946 arbitrio.
3351 3891 3622 3950 Omnibus
3667 3899 3780 3967 qui-

2193 3977 2315 4033 dem
2338 3981 2682 4036 credentibus
2702 3981 2871 4052 gloria
2899 3985 3238 4054 promittitur
3258 3989 3312 4044 in
3335 3990 3536 4056 futuro,
3562 3997 3662 4050 sed
3692 3999 3777 4066 qui

2193 4077 2303 4124 tam
2330 4070 2589 4126 mundum
2621 4087 2716 4127 cor
2755 4074 3026 4142 habuerit,
3056 4085 3116 4132 ut
3145 4079 3408 4136 virtutum
3433 4085 3668 4154 gratiam
3695 4103 3778 4142 ac-

2192 4164 2374 4235 cipere
2399 4172 2675 4220 mereatur
2694 4167 2860 4222 etiam
2891 4169 2943 4222 in
2967 4172 3240 4239 praesenti.

2265 4257 2386 4314 Sive
2413 4261 2699 4330 prophetia:
2727 4261 3014 4316 secundum
3042 4265 3301 4320 rationem
3335 4267 3480 4338 ﬁdei.
3513 4269 3670 4328 Fidei
3710 4274 3780 4328 di-

2193 4348 2292 4414 xit,
2320 4363 2429 4403 non
2464 4348 2618 4420 legis,
2645 4349 2760 4405 sive
2791 4351 2915 4420 quia
2965 4351 3100 4408 fides
3128 4353 3216 4410 illa
3243 4359 3462 4426 meruit,
3495 4364 3779 4433 unusquis-

517 4444 574 4489 et
598 4435 852 4489 animam.
881 4431 1018 4488 Nam
1038 4431 1179 4488 sicut
1199 4431 1380 4487 carnis
1398 4438 1484 4488 est
1501 4439 1682 4497 εἰπε,
1701 4431 1780 4488 sic
1797 4439 1882 4488 est
1897 4432 2092 4488 animae
2115 4470 2171 4530 Ι)
2193 4459 2300 4515 que
2322 4444 2466 4500 enim
2487 4451 2696 4499 tantum
2719 4445 2918 4516 accipit
2943 4457 3203 4516 quantum
3228 4451 3419 4506 credit,

517 4525 778 4597 sapientia
803 4523 1092 4596 proiicere,
1122 4530 1178 4577 et
1206 4521 1402 4593 gratia,
1431 4536 1551 4591 quae
1579 4529 1762 4578 tamen
1790 4522 1846 4577 in
1877 4523 2086 4593 sapien-

517 4617 590 4672 tia
615 4615 920 4672 nullatenus
963 4613 1323 4685 proficeret,si
1348 4612 1652 4668 naturalem
1673 4612 2088 4682 intelligentiam

515 4722 636 4777 quae
661 4705 970 4764 hominibus
996 4701 1223 4758 rationis
1247 4715 1416 4758 causa
1441 4715 1698 4758 concessa
1723 4707 1830 4766 est,
1857 4717 1968 4757 non
1997 4703 2087 4758 ha-

515 4799 689 4853 beret.
742 4797 818 4852 De
855 4793 1010 4866 cuius
1047 4791 1268 4848 nomine
1308 4790 1400 4848 hic
1437 4805 1612 4862 pauca
1657 4791 1884 4848 dicenda
1921 4803 2089 4850 sunt:

511 4885 676 4944 Iesus
705 4887 848 4942 enim
879 4883 1117 4940 salvator
1155 4881 1561 4952 interpretatur.
1611 4879 1777 4952 Cu’jus
1811 4883 1953 4939 sacri
1985 4899 2089 4941 no-

517 4977 682 5032 minis
715 4991 824 5032 non
871 4971 1048 5030 solum
1090 4971 1449 5044 etymologia,
1481 4971 1578 5028 sed
1604 4980 1658 5028 et
1684 4975 1801 5044 ipse
1829 4990 2090 5033 numerus

513 5069 819 5125 litterarum
843 5073 1118 5137 perpetu-.e
1140 5071 1342 5121 nostra:
1365 5063 1553 5121 salutis
1575 5067 1834 5138 mysteria
1858 5069 2088 5126 redolet.

517 5157 628 5213 Sex
668 5157 867 5228 quippe
907 5154 1104 5210 litteris
1145 5153 1290 5224 apud
1327 5152 1546 5210 Graecos
1584 5156 1844 5211 scribitur
1873 5156 2089 5225 Ἰησοῦς,

513 5246 769 5303 videlicet
808 5269 828 5302 ι
857 5254 914 5301 et
937 5267 970 5304 η
995 5253 1052 5300 et
1077 5265 1114 5301 σ
1141 5251 1200 5300 et
1223 5265 1250 5300 o
1275 5251 1332 5300 et
1353 5267 1385 5300 υ
1421 5251 1478 5300 et
1502 5268 1558 5312 σ,
1603 5261 1834 5317 quorum
1875 5250 2089 5304 numeri

517 5343 675 5400 sunt,
714 5349 753 5390 ι
791 5341 848 5390 et
868 5349 966 5390 vin
999 5343 1055 5389 et
1078 5350 1142 5390 cc
1173 5342 1229 5390 et
1259 5351 1364 5390 ιιι
1402 5343 1458 5391 et
1494 5351 1621 5392 cccc
1650 5345 1704 5392 et
1732 5353 1794 5393 cc
1831 5339 1924 5408 qui
1955 5339 2092 5396 ﬁunt

517 5425 676 5480 simul
707 5438 1114 5490 umnxxxvm,
1159 5424 1250 5494 qui
1289 5439 1548 5482 numerus
1579 5426 1806 5498 figuram
1839 5446 2090 5488 resurre-

514 5515 712 5572 ctionis
736 5513 984 5584 adauget.
1020 5514 1154 5569 Nam
1180 5515 1324 5585 quod
1347 5531 1446 5570 vnt
1479 5518 1798 5588 simpliciter
1823 5523 1928 5578 hoc
1964 5533 2021 5580 et
2057 5542 2088 5580 κ

517 5615 571 5658 et
596 5620 626 5660 c
653 5603 1004 5674 multiplicata
1028 5604 1358 5676 significant.
1391 5605 1670 5664 Possimus
1697 5618 1753 5665 et
1782 5611 1855 5666 ita
1886 5613 2085 5681 dicere,

518 5696 660 5758 quod
689 5712 780 5751 vm
822 5695 1069 5753 absolute
1096 5698 1511 5754 resurrectionis
1547 5699 1848 5770 exemplum
1896 5703 1948 5757 in
1987 5719 2087 5760 no-

2268 4533 2388 4588 Sive
2421 4533 2764 4589 ministerium
2790 4535 2844 4590 in
2881 4537 3250 4594 ministrando.
3293 4541 3395 4614 (Ex
3416 4542 3591 4618 Orig.)
3655 4547 3774 4604 lima

2197 4624 2378 4680 omnia
2430 4639 2718 4695 possumus
2745 4623 2814 4682 ad
2860 4622 3008 4682 illam
3053 4629 3295 4701 regulam
3343 4649 3628 4705 revocare,
3659 4655 3772 4709 qum

2197 4717 2443 4786 superius
2471 4717 2614 4773 dicta
2639 4727 2744 4785 est,
2771 4719 2874 4774 hoc
2917 4729 3020 4786 est,
3067 4737 3174 4778 non
3215 4723 3338 4794 plus
3393 4741 3588 4799 sapere
3617 4748 3770 4800 quam

2196 4813 2409 4874 oportet
2442 4821 2650 4877 sapere.
2697 4807 2862 4864 Verbi
2901 4825 3085 4878 causa,
3139 4828 3246 4868 non
3295 4814 3495 4873 debere
3529 4833 3655 4876 eum
3685 4823 3771 4890 qui

2197 4894 2486 4961 ministrat,
2524 4896 2576 4950 in
2603 4897 2960 4955 ministrando
2989 4899 3110 4970 plus
3139 4918 3333 4975 sapere
3359 4920 3522 4976 quam
3559 4911 3770 4982 oportet

2145 5038 2154 5046 _
2195 4999 2404 5056 sapere,
2426 4995 2481 5042 et
2509 4987 2601 5057 qui
2629 4989 2785 5046 docet
2833 4991 2887 5046 in
2926 4992 3198 5063 doctrina,
3247 5006 3305 5054 et
3327 5000 3419 5069 qui
3451 5002 3770 5060 exhortatur

2195 5072 2679 5166 ingexhortationc,
2735 5093 2842 5133 non
2896 5081 3020 5150 plus
3073 5097 3282 5156 sapere.
3339 5086 3494 5146 Multi
3551 5106 3770 5166 accepto

2196 5162 2519 5229 ministerio,
2577 5165 2662 5221 vel
2706 5175 2929 5239 accepta
2982 5171 3250 5242 doctrina,
3310 5177 3432 5248 plus
3477 5162 3768 5254 sapuerunt

2195 5267 2359 5342 quam
2380 5257 2617 5324 oportuit
2637 5272 2850 5328 sapere,
2886 5267 2941 5314 et
2974 5261 3102 5317 elati
3149 5264 3205 5319 in
3235 5273 3570 5342 arrogantia,
3602 5276 3685 5331 vel
3718 5278 3766 5330 in

2199 5341 2406 5398 deliciis
2431 5344 2678 5411 resoluti,
2707 5349 3010 5418 praecipites
3037 5365 3376 5411 corruerunt.

2270 5434 2378 5508 (Ea:
2401 5435 2656 5510 Primus.)
2687 5441 2763 5495 De
2791 5441 3094 5500 ministerio
3121 5448 3443 5505 sacerdotali
3472 5453 3552 5507 vel
3584 5454 3765 5509 diaco-

2197 5531 2355 5579 natus
2382 5525 2526 5581 dicit.

2269 5616 2392 5672 Sive
2419 5621 2507 5690 qui
2550 5620 2696 5674 docet
2741 5623 2794 5677 in
2845 5625 3102 5682 doctrina.
3137 5629 3236 5697 Qui
3275 5632 3432 5688 docet
3482 5635 3657 5704 major
3685 5644 3766 5691 est

2197 5724 2261 5763 eo
2285 5709 2376 5778 qui
2406 5711 2740 5767 exhortatur.
