3946 6418
139 399 199 453 81
968 385 1485 443 COLLEC'I‘IONES
1525 382 1588 437 ιχ
1632 381 2012 437 EPISTULAS
2051 379 2137 434 li'l‘
2180 378 2591 434 EVANGELIA.

3335 373 3420 430 8?."

217 509 323 576 Qui
351 508 662 564 exhortatur
709 505 764 558 in
795 501 1144 577 exhortando.
1177 501 1276 570 (Ex
1308 498 1481 568 Orig.)
1511 496 1720 550 Exhor-
1751 503 1800 562 Α
1829 499 1915 545 ret
1941 489 2168 545 D‘omino
2192 505 2332 543 unus
2351 488 2574 558 spiritus
2599 497 2698 550 est,
2729 489 2802 542 ita
2829 494 2886 544 et
2913 485 3002 542 hic
3022 486 3189 542 dicit:
3215 483 3414 541 Adiur-

145 603 282 658 tatio
309 599 520 669 species
549 595 808 652 doctrina)
831 600 1000 660 estet
1023 590 1192 653 verbi,
1229 603 1336 658 quo
1357 586 1572 641 afﬂictae
1603 584 1724 640 ani-

147 710 273 756 mae,
312 689 724 760 Scripturarum
753 685 1058 740 divinarum
1111 681 1406 750 prudenter
1431 679 1631 747 aptatis
1675 684 1731 732 et

147 787 199 838 in
231 797 403 838 unum
456 779 698 836 collectis
753 773 1094 832 sermonibus
1147 771 1474 834 relevantur,
1525 770 1572 823 si
1598 781 1729 823 vero

147 887 330 934 sema
357 871 568 927 habens
592 869 847 924 virtutem
885 864 1074 936 gratiae
1096 862 1219 929 Dei,
1247 860 1412 918 fuerit
1453 860 1730 918 adhibitus

147 962 343 1016 animm
364 959 685 1030 desperatae,
715 965 842 1014 tunc
872 970 966 1011 eor
1013 953 1132 1025 ejus
1154 959 1426 1024 penetrat,
1468 959 1523 1008 et
1543 965 1732 1006 conso-

149 1054 410 1108 lationem
465 1051 687 1123 prazbet,
741 1063 807 1106 ac
863 1061 1014 1120 spem
1051 1051 1290 1112 revocat,
1353 1041 1732 1114 desperatione

145 1149 424 1203 submota.

222 1238 328 1304 Qui
396 1236 579 1292 tribuit
615 1237 669 1292 in
711 1233 1091 1304 simplicitate“
1125 1229 1370 1300 Oportet,
1428 1227 1630 1298 inquit,
1673 1227 1729 1284 in

149 1325 502 1398 simplicitate
523 1326 718 1388 cordis,
743 1325 848 1380 hoc
892 1322 1078 1390 faciat,
1108 1323 1215 1379 hoc
1233 1329 1338 1389 est,
1392 1336 1463 1384 ne
1480 1319 1734 1376 videatur

149 1420 368 1489 quidem
399 1417 541 1474 bene
589 1416 768 1473 facere
814 1414 1201 1486 indigentibus.
1242 1414 1417 1470 Corde
1466 1429 1596 1470 vero
1620 1413 1735 1468 lau-

151 1514 271 1566 dem
321 1517 538 1581 quaerat
569 1509 637 1565 ab
685 1507 1011 1564 hominibus.
1041 1505 1159 1561 Non
1203 1513 1289 1562 est
1313 1503 1656 1575 simplicitas,
1686 1503 1734 1559 si

150 1603 294 1657 aliud
343 1601 434 1673 agi
487 1601 733 1656 videatur
787 1599 844 1655 in
891 1598 1163 1664 manibus,
1217 1604 1276 1653 et
1336 1596 1482 1653 aliud
1527 1603 1736 1667 quaerat

153 1695 208 1747 in
256 1693 446 1748 corde.

222 1785 329 1852 Qui
367 1793 558 1856 prwest
588 1786 644 1838 in
693 1782 1064 1840 sollicitudine.
1104 1780 1205 1850 Qui
1235 1794 1366 1838 vero
1393 1786 1593 1849 prmest
1620 1777 1734 1832 fra-

1826 597 2042 636 reamus
2071 580 2233 644 bono,
2263 580 2379 634 sine
2411 577 2598 645 dubio,
2626 585 2688 632 ut
2731 577 3008 647 contingat
3037 576 3195 632 nobis
3235 592 3400 631 unum

1825 686 1946 730 esse
1971 687 2094 727 cum
2120 672 2282 726 bono.

1897 762 2222 818 Charitatem
2250 762 2597 833 fraternitatis
2640 761 2862 815 invicem
2913 759 3208 831 diligentes.
3254 758 3332 814 Ac
3358 759 3404 814 si

1827 852 1995 921 dicat,
2036 863 2096 909 ut
2132 854 2352 921 fratres,
2398 862 2454 910 et
2477 853 2631 924 quasi
2665 869 2731 909 ex
2779 867 2887 908 una
2911 862 3084 908 matre
3134 852 3404 924 generati,

1829 945 1905 1000 ita
1931 961 2030 1000 vos
2055 943 2280 1017 diligite,
2312 943 2417 1000 hoc
2454 942 2770 999 mandatum
2819 941 3160 1013 accepimus,
3195 947 3256 996 ut
3287 941 3408 998 dill‘:

1829 1052 2018 1109 gamus
2044 1051 2143 1091 nos
2167 1035 2417 1100 invicem,
2443 1035 2584 1090 sicut
2601 1041 2654 1092 et
2673 1034 2818 1089 Deus
2837 1032 3026 1089 dilexit
3051 1048 3175 1088 nos.

1901 1125 2010 1197 (Ea:
2035 1126 2305 1198 Origene.)
2334 1125 2556 1183 Fratres
2583 1142 2712 1198 ergo
2734 1126 2992 1197 iubemur
3013 1127 3259 1198 diligere,
3298 1143 3411 1183 non

1823 1217 2092 1288 judicare,
2121 1218 2169 1272 si
2213 1217 2359 1272 enim
2411 1226 2576 1290 putas
2623 1217 2860 1288 aliquem
2916 1218 3141 1290 impium
3184 1233 3330 1286 esse,
3359 1225 3414 1271 et

1833 1309 1954 1365 ideo
1975 1323 2098 1365 eum
2125 1323 2232 1364 non
2259 1307 2476 1377 iudicas
2501 1307 2874 1380 diligendum?
2906 1306 3072 1374 Audi,
3102 1308 3228 1378 quia
3257 1305 3416 1364 Chri:

1832 1407 1949 1454 stus
1972 1414 2072 1469 pro
2124 1397 2304 1468 impiis
2350 1405 2594 1454 mortuus
2633 1405 2740 1465 est,
2774 1405 2868 1454 aut
2909 1398 2955 1455 si
2985 1398 3111 1470 quia
3159 1407 3426 1470 peccator.

1833 1498 1916 1547 est
1955 1489 2126 1545 frater
2176 1497 2324 1556 tuus,
2381 1490 2502 1548 ideo
2535 1506 2660 1547 eum
2691 1506 2797 1546 non
2834 1499 2991 1562 putes
3039 1489 3365 1564 diligendum
3391 1490 3434 1544 ?'

1832 1583 1994 1664 Audi,
2021 1584 2148 1656 quia
2193 1582 2444 1639 Christus
2492 1581 2652 1639 Jesus
2700 1582 2756 1639 in
2783 1583 2931 1640 hunc
2969 1583 3226 1640 nmndum
3272 1581 3432 1638 venit.

1831 1684 2148 1748 peccatores
2175 1674 2353 1732 salvos
2382 1675 2589 1742 facere,
2613 1675 2660 1732 si
2679 1689 2810 1730 vero
2827 1673 3012 1745 justus
3037 1683 3143 1741 est,
3171 1673 3426 1742 dilectio;

1837 1783 1904 1822 ne
1931 1765 2100 1824 multo
2132 1767 2306 1838 magis
2359 1759 2556 1838 dignus
2608 1775 2712 1823 est.
2753 1766 3013 1824 Dominus
3047 1765 3194 1822 enim
3244 1763 3420 1838 diligit

154 1877 347 1940 tribus,
376 1875 462 1932 vel
489 1875 581 1945 qui
609 1883 804 1944 praeest
824 1873 1100 1936 Ecclesiae,
1130 1873 1186 1928 in
1217 1870 1580 1928 sollicitudine
1612 1883 1734 1924 esse
1761 1859 1808 1918 B
1829 1858 2024 1930 iustos.

152 1968 331 2030 debet,
364 1980 476 2020 non
503 1965 859 2024 humanarum
907 1979 1214 2026 causarum,
1245 1977 1347 2017 nec
1390 1959 1734 2016 smcularium

155 2074 355 2123 rerum,
381 2060 502 2114 bam
521 2057 666 2114 enim
691 2057 993 2114 sollicitudo
1012 2057 1187 2112 aliena
1213 2057 1374 2112 debet
1398 2069 1520 2111 esse
1559 2054 1734 2110 abhis

153 2147 241 2216 qui
285 2147 549 2203 Ecclesia:
573 2153 831 2216 praesunt,
858 2147 954 2202 sed
979 2145 1139 2200 talem
1169 2145 1437 2214 recipiant
1473 2143 1736 2199 sollicitu-

153 2239 354 2302 dinem,
409 2235 628 2306 qualem
673 2235 966 2306 Apostolus
1009 2235 1159 2290 dicit.
1207 2234 1520 2290 Concursus
1568 2235 1624 2290 in
1651 2250 1738 2290 me

97 2330 104 2336 '
154 2329 522 2395 quotidianus,
557 2326 854 2382 sollicitudo
907 2327 1142 2381 omnium
1194 2323 1572 2380 Ecclesiarum.
1605 2323 1736 2390 Quis

155 2418 477 2486 infirmatur,
507 2428 554 2472 et
577 2435 668 2489 ego
696 2435 800 2472 non
825 2418 1066 2482 inﬁrmor
1087 2418 1112 2470 ?
1153 2416 1286 2483 Quis
1312 2415 1734 2483 scandalizatur,

154 2519 198 2560 et
229 2525 320 2576 ego
347 2524 456 2561 non
482 2524 607 2561 uror
627 2506 714 2576 (II
745 2504 1006 2576 Consi)?

225 2596 326 2662 Qui
352 2597 637 2651 miseretur
662 2597 717 2650 in
738 2595 1023 2652 hilaritate.
1063 2596 1166 2668 (Ex
1196 2595 1452 2666 Primas.)
1505 2595 1738 2650 Maxime

157 2688 295 2742 circa
329 2695 572 2759 mgrolos
628 2687 1000 2742 misericordia
1049 2686 1352 2740 exhibenda
1385 2694 1490 2749 est,
1519 2685 1736 2740 miseri-

160 2780 352 2832 cordia:
384 2779 579 2834 titulus
611 2777 874 2848 generalis
899 2785 1006 2842 est,
1036 2777 1127 2846 qui
1149 2777 1295 2832 circa
1319 2793 1508 2832 omnes
1528 2776 1740 2846 placido

159 2869 498 2923 cxbibcndus
523 2877 607 2924 est
632 2869 834 2935 animo,
865 2869 1090 2924 hilarem
1114 2868 1360 2924 datorem
1385 2867 1556 2940 diligit
1575 2866 1736 2932 Deus,

160 2967 211 3014 ct
238 2959 447 3014 tristem
493 2959 610 3013 sine
639 2959 804 3013 dubio
831 2959 946 3013 odit
976 2957 1061 3032 (II
1088 2956 1211 3012 Cor.
1241 2957 1340 3030 Ix).

230 3051 334 3121 (Er
353 3049 536 3122 Orig.)
564 3051 666 3120 Qui
687 3051 832 3106 enim
861 3059 1050 3122 erogat
1075 3050 1359 3122 pecuniam
1381 3064 1558 3115 suam,
1589 3049 1634 3104 si
1664 3048 1740 3103 in-

163 3143 327 3200 fidelis
365 3144 466 3209 sit,
498 3152 554 3199 et
607 3151 947 3214 recepturum
995 3157 1056 3200 se
1105 3143 1384 3214 desperet,
1423 3141 1740 3200 necessario

1914 1949 2131 2004 Honore
2181 1949 2398 2005 invicem
2429 1948 2823 2022 pra'venientes.
2865 1946 2977 2022 (Ex
3007 1943 3266 2020 Primas.)
3306 1941 3419 2002 lluc

1843 2043 1889 2100 si
1925 2059 2140 2113 semper
2167 2057 2534 2108 servaremus,
2563 2049 2620 2096 et
2645 2039 2994 2106 charitatem,
3023 2047 3078 2094 et
3102 2037 3430 2110 patientiam

1843 2144 2172 2202 teneremus,
2217 2135 2264 2190 si
2291 2150 2392 2190 nos
2415 2134 2559 2188 enim
2606 2131 2858 2189 omnibus
2885 2131 3122 2187 minores
3158 2127 3421 2200 judicare-

1845 2245 1988 2295 mus,
2019 2245 2120 2284 nec.
2145 2226 2284 2282 ultro
2306 2225 2465 2282 alicui
2520 2224 2772 2295 injuriam
2817 2223 3141 2289 faceremus,
3187 2237 3287 2278 nec
3315 2220 3424 2275 illa-

1847 2331 1954 2378 tam
1991 2323 2147 2380 nobis
2179 2322 2419 2394 graviter
2445 2320 2769 2378 doleremus.

1917 2414 2027 2485 (Ex
2057 2413 2325 2486 Origene.)
2365 2413 2479 2470 Hoc
2527 2420 2631 2480 est,
2656 2401 2800 2484 quod
2833 2418 2891 2468 et
2943 2409 3206 2468 Dominus
3235 2409 3422 2465 docuit

1845 2521 1968 2560 cum
2013 2512 2228 2560 notaret
2273 2505 2480 2560 scribas
2503 2510 2558 2558 et
2596 2503 2914 2574 phariszeos,
2961 2501 3136 2573 prima
3165 2500 3268 2556 sibi
3300 2498 3420 2556 loca

1847 2597 1900 2652 in
1932 2596 2196 2652 conviviis
2243 2595 2605 2661 vindicantes,
2631 2603 2688 2650 et
2715 2594 2875 2651 docet
2929 2603 2990 2648 ut
3049 2607 3171 2649 cum
3199 2599 3426 2647 vocatus

1846 2689 2014 2745 fueris
2082 2698 2140 2745 tu
2179 2690 2248 2746 ad
2301 2705 2540 2758 caenam,
2584 2689 2639 2746 in
2697 2688 2998 2746 novissimo
3035 2687 3154 2746 loco
3213 2703 3428 2744 recum-

1845 2781 1943 2836 bas
1965 2777 2118 2850 (Luc.
2143 2778 2276 2851 xtv).

1917 2871 2288 2928 Sollicitudine
2312 2889 2416 2926 non
2459 2871 2614 2941 pigri.
2657 2869 2759 2939 (Ex
2800 2867 3058 2942 Primas.)
3095 2868 3175 2924 Ne
3199 2884 3298 2942 per
3324 2867 3426 2924 θυι-

1846 2963 2182 3019 licitudinem
2229 2962 2414 3017 sarculi
2465 2962 2608 3034 pigri
2669 2964 2722 3018 in
2772 2963 2867 3018 Dei
2897 2978 3062 3034 opere
3111 2961 3425 3018 efficiamini

1849 3054 2066 3110 inertes.
2126 3053 2388 3122 Superius
2414 3068 2538 3108 eum
2584 3053 2678 3122 qui
2724 3061 2940 3124 praeest,
2975 3053 3028 3106 in
3065 3051 3428 3107 sollicitudine

1847 3145 2044 3200 debere
2099 3159 2220 3200 esse
2265 3142 2618 3210 commonuit,
2673 3158 2818 3197 nunc
2862 3156 2994 3196 vero
3039 3141 3292 3198 omuilius
3333 3141 3427 3196 dat

163 3245 412 3306 tanquam
457 3237 554 3307 qui
581 3253 700 3293 eam
723 3237 1037 3307 perdiderit,
1063 3237 1438 3301 contristatur,
1493 3235 1583 3306 qui
1610 3250 1740 3290 vero
1768 3217 1812 3278 C
1845 3235 2321 3292 bocincommune
2372 3235 2710 3300 mandatum,
2739 3247 2806 3288 ne
2827 3233 2950 3306 quis
2973 3241 3216 3287 nostrum
3241 3231 3427 3288 audiat

162 3343 278 3382 cum
307 3327 414 3384 fide
432 3335 495 3383 et
537 3343 634 3399 spe
680 3328 784 3384 hoc
827 3328 966 3399 agit,
1019 3327 1074 3382 in
1129 3327 1406 3382 hilaritate
1457 3335 1512 3380 et
1556 3326 1743 3381 lzctitia

163 3419 286 3489 agit,
322 3429 514 3474 certus
540 3419 682 3488 quod
725 3433 891 3490 parva
912 3418 1028 3473 haec
1056 3433 1176 3488 quae
1207 3433 1314 3488 pro
1363 3417 1618 3472 mandato
1648 3415 1741 3470 Dei

163 3510 432 3579 expendit,
472 3509 715 3580 ingentes
761 3509 864 3565 sibi
908 3523 1042 3580 opes
1065 3507 1370 3564 caelestium
1409 3507 1740 3572 divitiarum,

166 3597 382 3668 insuper
404 3607 594 3655 autem
621 3609 677 3654 et
701 3607 962 3656 reternam
987 3597 1282 3656 conferant
1310 3599 1502 3654 vitam.

235 3689 457 3749 Dilectio
485 3691 593 3746 sine
635 3689 992 3746 simulatione.
1027 3691 1162 3746 Tota
1196 3691 1408 3761 puritas
1431 3689 1594 3745 debet
1623 3705 1745 3745 esse

168 3779 224 3835 in
243 3780 576 3848 Christiano,
631 3781 713 3839 sic
741 3782 882 3838 Deus
909 3798 1045 3853 pura
1075 3781 1167 3836 lux
1191 3791 1302 3847 est,
1343 3781 1549 3852 lingere
1598 3781 1746 3837 enim

168 3886 444 3928 servorum
494 3879 598 3928 est.
633 3871 926 3942 Diligamus
977 3889 1084 3928 non
1141 3873 1324 3944 lingua
1381 3880 1614 3936 tantum,
1649 3871 1745 3926 sed

169 3973 326 4028 opere
343 3968 400 4016 ct
421 3961 676 4016 veritate.
716 3960 795 4018 lta
823 3961 991 4018 etiam
1029 3963 1074 4018 si
1103 3977 1325 4018 necesse
1355 3961 1522 4018 fuerit
1542 3979 1642 4034 pro
1671 3963 1749 4017 in-

174 4066 195 4102 \
209 4052 341 4106 icem
364 4053 681 4108 moriamur.

238 4141 345 4211 (Ex
374 4141 552 4214 Orig.)
593 4143 704 4214 Ego
731 4152 862 4214 puto
889 4144 1036 4216 quod
1056 4143 1234 4201 omnis
1258 4143 1477 4200 dilectio
1499 4158 1619 4214 quae
1639 4159 1746 4199 non

170 4243 252 4284 est
296 4233 598 4288 secundum
643 4233 812 4290 Deum
847 4236 1098 4292 simulata
1151 4237 1250 4304 sit,
1275 4244 1332 4292 et
1367 4251 1498 4291 vera
1523 4252 1628 4292 non
1654 4236 1744 4303 sit,

170 4324 368 4378 etenim
399 4333 615 4381 creator
639 4327 834 4384 animle
858 4328 1018 4395 Deus,
1054 4329 1260 4386 idcirco
1281 4329 1359 4396 ei,
1389 4343 1512 4384 cum
1535 4329 1748 4386 caeteris

171 4412 486 4480 virtutibus,
537 4415 702 4472 etiam
752 4415 1005 4474 affectum
1047 4418 1356 4476 dilectionis
1395 4419 1644 4485 inservit,
1689 4427 1748 4475 ut

172 4502 360 4571 diligat
393 4504 563 4559 Deum
618 4514 674 4562 et
712 4522 774 4563 ea
819 4522 940 4579 qua:
985 4507 1100 4564 vult
1149 4509 1312 4566 Deus.
1343 4511 1486 4580 Ergo
1516 4511 1750 4581 quicun-

173 4566 292 4660 que.
304 4592 450 4649 aliud
476 4593 723 4653 dilexerit
742 4566 904 4668 quam
929 4599 1121 4664 Deum,
1146 4607 1204 4656 ct
1225 4617 1345 4671 qua:
1368 4566 1480 4658 Drin
1505 4566 1743 4672 placent,
1773 4566 1828 4628 Β

173 4684 474 4742 dilectio-in
502 4702 570 4743 eo
596 4686 721 4744 fleta
757 4697 813 4745 et
862 4689 1112 4746 simulata
1165 4691 1392 4748 dicenda
1439 4701 1543 4758 est,
1569 4693 1665 4748 sed
1696 4700 1752 4748 et

176 4775 218 4828 si
247 4775 374 4844 quis
423 4778 728 4847 proximum
757 4796 914 4837 suum
963 4792 1240 4838 errantem
1287 4783 1504 4850 viderit,
1560 4793 1749 4840 etnon

174 4869 496 4934 correxerit,
529 4870 776 4926 simulata
795 4873 1011 4928 dilectio
1031 4874 1260 4929 dicenda
1285 4882 1388 4930 est.
1439 4875 1583 4931 Nihil
1604 4877 1750 4932 enim

179 4959 379 5016 habere
400 4963 782 5032 adulatorium,
817 4968 952 5024 nihil
977 4968 1218 5026 fucatum
1245 4972 1465 5028 dilectio
1485 4972 1665 5030 debet.

253 5052 501 5109 0dientes
529 5055 746 5112 malum.
781 5058 972 5115 Mirum
1015 5059 1253 5117 fortasse
1307 5062 1388 5117 sit
1417 5063 1564 5132 quod
1611 5063 1755 5119 inter

179 5150 371 5196 cetera
407 5144 548 5199 bona
593 5146 876 5215 virtutum,
930 5151 1226 5206 assumitur
1275 5151 1440 5206 etiam
1469 5151 1670 5215 odium,
1699 5160 1756 5207 et

181 5242 436 5303 tanquam
491 5239 858 5294 necessarium
901 5240 970 5296 ab
1013 5240 1272 5310 Apostolo
1316 5241 1554 5312 ponitur.
1598 5239 1755 5298 Unde

181 5333 389 5379 certum
439 5339 526 5382 est
557 5327 736 5384 inesse
771 5331 966 5386 animai
999 5331 1163 5386 etiam
1190 5330 1300 5386 odii
1345 5331 1625 5387 affectum.
1656 5331 1755 5386 Est

181 5415 322 5469 enim
385 5415 657 5475 laudabile
720 5420 901 5476 odisse
929 5421 1085 5486 vitia,
1131 5421 1310 5480 odisse
1369 5429 1616 5492 peccata,
1647 5419 1753 5476 nisi

183 5505 326 5560 enim
354 5509 478 5577 quis
507 5510 631 5566 odio
668 5511 864 5568 habeat
884 5512 1036 5578 vitia,
1062 5528 1169 5568 non
1196 5522 1375 5582 potest
1417 5497 1624 5578 amare,
1654 5527 1756 5568 nec

185 5614 505 5657 conservare
535 5603 780 5659 virtutes.

256 5694 591 5753 Adharentes
629 5698 783 5753 bona.
839 5698 1225 5754 Adhzereamus
1273 5699 1436 5764 bono,
1468 5699 1757 5754 observan-

193 5785 316 5840 dum
338 5789 505 5843 etiam
533 5791 653 5856 hoc,
687 5791 828 5861 quod
859 5791 996 5846 sicut
1048 5791 1100 5846 in
1129 5789 1245 5845 aliis
1279 5791 1428 5856 dicit,
1456 5791 1548 5860 qui
1580 5789 1757 5845 adlue-

1846 3343 1876 3381 a
1910 3325 2138 3382 Domino
2163 3341 2319 3382 serve
2353 3323 2492 3380 male
2517 3332 2571 3378 et
2592 3325 2760 3395 piger.

1919 3415 2122 3486 Spiritu
2185 3416 2456 3486 ferventes.
2517 3413 2653 3482 Quia
2715 3411 2939 3484 frigidos
3004 3411 3264 3468 Dominus
3321 3429 3429 3466 non

1847 3516 2014 3574 auml,
2074 3515 2130 3562 et
2171 3507 2224 3564 in
2277 3505 2472 3577 tepidis
2510 3513 2826 3572 nauseatur,
2873 3513 3002 3559 tunc
3049 3503 3210 3575 plane
3234 3505 3428 3576 spiritu

1847 3599 2136 3664 fervcmus,
2174 3598 2220 3653 si
2244 3597 2441 3653 satculo
2468 3597 2646 3674 frigidi
2677 3611 2884 3652 sumus.

1920 3689 2028 3760 (Ea:
2065 3687 2336 3759 Origene.)
2375 3685 2504 3742 Vult
2525 3687 2672 3742 enim
2719 3695 2781 3740 ut
2813 3701 2913 3742 nos
2937 3685 3028 3756 qui
3058 3685 3158 3742 sub
3187 3683 3302 3758 lcgc
3325 3686 3430 3755 spi-

1850 3782 1986 3836 ritus
2012 3780 2262 3846 vivimus,
2293 3778 2428 3834 nihil
2458 3779 2764 3844 remissum,
2798 3777 2933 3833 nihil
2966 3777 3204 3850 tepidum
3231 3779 3428 3834 habea-

1849 3888 1970 3926 mus
2006 3871 2060 3926 in
2083 3869 2258 3936 nobis,
2310 3870 2406 3929 scd
2449 3885 2572 3926 cum
2620 3868 2836 3926 fervore
2879 3865 3124 3942 spiritus,
3166 3877 3222 3927 et
3247 3869 3428 3928 calore

1849 3963 1971 4018 fidei
1999 3971 2192 4018 cuncta
2227 3978 2572 4034 peragamus.

1921 4052 2145 4108 Domino
2172 4053 2472 4108 servientes.
2512 4051 2607 4108 llle
2656 4051 2886 4110 Domino
2921 4051 3093 4109 servit
3131 4053 3435 4125 qui-potest

1849 4143 2032 4200 dicere
2084 4144 2262 4210 nobis,
2317 4160 2457 4199 unus
2507 4143 2770 4201 Dominus
2817 4143 2976 4200 Jesus
3023 4141 3289 4212 Christus,
3334 4163 3455 4217 per,

1848 4251 2008 4306 quem
2057 4235 2258 4300 omnia,
2287 4242 2343 4290 ct
2387 4250 2486 4290 nos
2511 4249 2609 4304 per
2654 4234 2854 4304 ipsum,
2899 4249 3002 4290 nec
3049 4235 3190 4290 ultra
3232 4236 3306 4302 ei,
3337 4249 3431 4292 aut

1849 4327 2036 4395 libido,
2075 4336 2168 4382 aut
2205 4327 2452 4390 avaritia,
2483 4332 2578 4381 aut
2617 4323 2794 4382 inanis
2829 4325 3002 4398 gloria
3039 4326 3425 4384 dominabitur.

1923 4417 2026 4491 Spe
2075 4418 2384 4490 gaudentes.
2426 4416 2536 4490 Spe
2582 4417 2800 4490 gaudet,
2836 4417 2929 4488 qui
2965 4433 3075 4474 non
3115 4418 3338 4490 respicit
3367 4437 3430 4476 ea

1853 4525 1973 4580 quae
2001 4510 2274 4576 videntur,
2325 4507 2418 4564 sed
2448 4523 2514 4564 ea
2540 4523 2662 4580 qua:
2688 4523 2798 4564 non
2851 4507 3104 4564 videntur
3127 4518 3428 4578 exspectat,

1852 4608 1907 4656 et
1929 4599 2019 4670 qui
2050 4599 2172 4664 scit,
2214 4597 2472 4670 quoniam
2520 4613 2626 4652 non
2667 4606 2789 4654 sunt
2834 4595 3108 4669 condigna:
3159 4599 3430 4672 passiones

1852 4690 2014 4761 hujus
2049 4691 2294 4761 temporis
2323 4689 2394 4744 ad
2422 4688 2658 4758 futuram
2686 4687 2934 4762 gloriam,
2971 4706 3088 4762 qua:
3119 4689 3436 4747 revelabitur

1851 4781 1905 4837 in
1935 4781 2080 4836 nobis
2107 4780 2284 4855 (Rom.
2316 4781 2458 4854 vui).

1923 4869 1992 4924 In
2033 4869 2372 4927 tribulatione
2429 4871 2703 4942 patientes.
2746 4869 2848 4944 (Ex
2904 4869 3162 4944 Primas.)
3199 4867 3432 4944 Propter

1855 4961 2110 5034 gaudium
2131 4963 2242 5033 spei
2269 4960 2466 5018 futura:
2491 4962 2673 5018 omnia
2699 4963 2985 5030 sustinete,
3007 4963 3148 5019 sicut
3169 4963 3435 5034 scriptum

1859 5060 1946 5108 est
1974 5070 1987 5106 :
2022 5050 2188 5108 Omne
2211 5053 2464 5124 gaudium
2509 5054 2826 5121 existimate,
2857 5053 3068 5125 fratres,
3100 5071 3221 5109 cum
3263 5055 3318 5110 in
3346 5073 3435 5113 va-

1860 5147 1968 5202 rias
1995 5146 2304 5202 tentationes
2331 5147 2624 5203 incideritis
2661 5145 2873 5220 (Iacob.
2921 5143 2984 5220 ι),
3014 5155 3071 5204 et
3096 5145 3224 5219 quia
3269 5149 3435 5206 tribu-

1859 5235 1988 5292 latio
2008 5238 2317 5308 patientiam
2343 5247 2611 5310 operatur,
2637 5237 2890 5308 patientia
2917 5237 3299 5310 probationem,
3319 5257 3436 5312 pro-

1859 5327 2000 5382 batio
2023 5344 2165 5400 spem
2204 5325 2375 5401 (llam.
2404 5327 2478 5402 ν).
2845 5391 2850 5398 _
3037 5401 3040 5406 _

1931 5417 2175 5474 Orationi
2217 5419 2490 5474 instantes.
2552 5417 2809 5478 Instantis
2851 5417 2999 5478 enim
3042 5415 3302 5477 orationis
3335 5433 3432 5472 no-

1857 5510 1942 5566 bis
1967 5519 2190 5581 praestat
2233 5509 2491 5566 auxilium
2539 5509 2594 5565 in
2621 5509 2882 5574 adversis,
2928 5510 2981 5568 in
3011 5524 3120 5580 quo
3142 5506 3286 5564 enim
3325 5523 3428 5564 mm

1859 5599 2063 5656 sufficit
2091 5600 2326 5655 humana
2355 5599 2636 5672 fragilitas,
2669 5599 2932 5658 auxilium
2975 5599 3070 5653 Dei
3096 5597 3434 5654 orationibus

1859 5691 2250 5762 implorandum
2272 5699 2376 5747 est.

1932 5784 2339 5840 Necessilalibus
2360 5793 2659 5840 sanctorum
2683 5780 3143 5838 conunimicantes.
3173 5777 3254 5836 Ac
3282 5777 3326 5836 si
3359 5777 3435 5834 di-
