  <div class='ocr_page' id='page_1' title='image "/cluster/home/n/w/nwhite01/storage/ocr_20150623/102/umn.31951002477395f/049.png"; bbox 0 0 3946 6462; ppageno 0'>
   <div class='ocr_carea' id='block_1_1' title="bbox 350 5803 404 5824">
    <p class='ocr_par' dir='ltr' id='par_1_1' title="bbox 350 5803 404 5824">
     <span class='ocr_line' id='line_1_1' title="bbox 350 5803 404 5824; baseline 0 0"><span class='ocrx_word' id='word_1_1' title='bbox 350 5803 404 5824; x_wconf 54' lang='grc' dir='ltr'><strong>ο</strong></span> 
     </span>
    </p>
   </div>
   <div class='ocr_carea' id='block_1_2' title="bbox 533 335 3775 396">
    <p class='ocr_par' dir='ltr' id='par_1_2' title="bbox 533 335 3775 396">
     <span class='ocr_line' id='line_1_2' title="bbox 533 335 3775 396; baseline 0.002 -6"><span class='ocrx_word' id='word_1_2' title='bbox 533 335 602 390; x_wconf 69' lang='lat'><strong>83</strong></span> <span class='ocrx_word' id='word_1_3' title='bbox 1804 337 2154 393; x_wconf 69' lang='grc' dir='ltr'><strong>διιΑιιΑϐιιι</strong></span> <span class='ocrx_word' id='word_1_4' title='bbox 2194 338 2231 390; x_wconf 59' lang='grc' dir='ltr'><strong>Α</strong></span> <span class='ocrx_word' id='word_1_5' title='bbox 2243 337 2485 393; x_wconf 73' lang='lat' dir='ltr'><strong>DBATIS</strong></span> <span class='ocrx_word' id='word_1_6' title='bbox 3715 342 3775 396; x_wconf 80' lang='grc' dir='ltr'><strong>ει</strong></span> 
     </span>
    </p>
   </div>
   <div class='ocr_carea' id='block_1_3' title="bbox 535 447 3775 523">
    <p class='ocr_par' dir='ltr' id='par_1_3' title="bbox 535 447 3775 523">
     <span class='ocr_line' id='line_1_3' title="bbox 535 447 3775 523; baseline 0.002 -23"><span class='ocrx_word' id='word_1_7' title='bbox 535 456 622 502; x_wconf 83' lang='lat' dir='ltr'><strong>cat</strong></span> <span class='ocrx_word' id='word_1_8' title='bbox 661 447 958 502; x_wconf 71' lang='lat' dir='ltr'><strong>ministrate</strong></span> <span class='ocrx_word' id='word_1_9' title='bbox 985 447 1087 501; x_wconf 88' lang='lat' dir='ltr'><strong>eis.</strong></span> <span class='ocrx_word' id='word_1_10' title='bbox 1124 447 1212 516; x_wconf 94' lang='lat' dir='ltr'><strong>qui</strong></span> <span class='ocrx_word' id='word_1_11' title='bbox 1244 457 1463 517; x_wconf 86' lang='lat' dir='ltr'><strong>propter</strong></span> <span class='ocrx_word' id='word_1_12' title='bbox 1491 449 1762 503; x_wconf 78' lang='lat' dir='ltr'><strong>Christum</strong></span> <span class='ocrx_word' id='word_1_13' title='bbox 1791 467 1885 503; x_wconf 83' lang='lat' dir='ltr'><strong>sua</strong></span> <span class='ocrx_word' id='word_1_14' title='bbox 1915 451 2096 503; x_wconf 86' lang='lat' dir='ltr'><strong>omnia</strong></span> <span class='ocrx_word' id='word_1_15' title='bbox 2127 453 2174 510; x_wconf 63' lang='grc' dir='ltr'>Α</span> <span class='ocrx_word' id='word_1_16' title='bbox 2201 466 2321 503; x_wconf 89' lang='lat' dir='ltr'><strong>cum</strong></span> <span class='ocrx_word' id='word_1_17' title='bbox 2351 449 2566 503; x_wconf 81' lang='lat' dir='ltr'><strong>talilus.</strong></span> <span class='ocrx_word' id='word_1_18' title='bbox 2603 451 2709 505; x_wconf 85' lang='lat' dir='ltr'><strong>Sed</strong></span> <span class='ocrx_word' id='word_1_19' title='bbox 2752 468 2872 505; x_wconf 87' lang='lat' dir='ltr'><strong>cum</strong></span> <span class='ocrx_word' id='word_1_20' title='bbox 2920 453 3026 506; x_wconf 82' lang='lat' dir='ltr'><strong>illis</strong></span> <span class='ocrx_word' id='word_1_21' title='bbox 3063 452 3297 508; x_wconf 81' lang='lat' dir='ltr'><strong>ﬂendum</strong></span> <span class='ocrx_word' id='word_1_22' title='bbox 3329 463 3434 521; x_wconf 89' lang='lat' dir='ltr'><strong>est,</strong></span> <span class='ocrx_word' id='word_1_23' title='bbox 3502 453 3572 508; x_wconf 87' lang='lat' dir='ltr'><strong>de</strong></span> <span class='ocrx_word' id='word_1_24' title='bbox 3595 456 3775 523; x_wconf 74' lang='lat' dir='ltr'><strong>quit-us</strong></span> 
     </span>
    </p>
   </div>
   <div class='ocr_carea' id='block_1_4' title="bbox 536 537 2118 610">
    <p class='ocr_par' dir='ltr' id='par_1_4' title="bbox 536 537 2118 610">
     <span class='ocr_line' id='line_1_4' title="bbox 536 537 2118 610; baseline 0.003 -20"><span class='ocrx_word' id='word_1_25' title='bbox 536 546 963 604; x_wconf 74' lang='lat' dir='ltr'><strong>contemnentes,</strong></span> <span class='ocrx_word' id='word_1_26' title='bbox 1001 537 1193 592; x_wconf 89' lang='lat' dir='ltr'><strong>alienis</strong></span> <span class='ocrx_word' id='word_1_27' title='bbox 1238 539 1305 592; x_wconf 91' lang='lat' dir='ltr'><strong>ad</strong></span> <span class='ocrx_word' id='word_1_28' title='bbox 1337 548 1548 608; x_wconf 87' lang='lat' dir='ltr'><strong>tempus</strong></span> <span class='ocrx_word' id='word_1_29' title='bbox 1586 541 1823 610; x_wconf 85' lang='lat' dir='ltr'><strong>indigent</strong></span> <span class='ocrx_word' id='word_1_30' title='bbox 1850 540 2118 594; x_wconf 88' lang='lat' dir='ltr'><strong>ministra-</strong></span> 
     </span>
    </p>
   </div>
   <div class='ocr_carea' id='block_1_5' title="bbox 536 627 792 683">
    <p class='ocr_par' dir='ltr' id='par_1_5' title="bbox 536 627 792 683">
     <span class='ocr_line' id='line_1_5' title="bbox 536 627 792 683; baseline 0.008 -4"><span class='ocrx_word' id='word_1_31' title='bbox 536 627 792 683; x_wconf 75' lang='lat' dir='ltr'><strong>tionibus.</strong></span> 
     </span>
    </p>
   </div>
   <div class='ocr_carea' id='block_1_6' title="bbox 606 713 2112 791">
    <p class='ocr_par' dir='ltr' id='par_1_6' title="bbox 606 713 2112 791">
     <span class='ocr_line' id='line_1_6' title="bbox 606 713 2112 791; baseline 0.003 -21"><span class='ocrx_word' id='word_1_32' title='bbox 606 714 715 789; x_wconf 75' lang='lat' dir='ltr'><strong>(Ea:</strong></span> <span class='ocrx_word' id='word_1_33' title='bbox 769 713 1039 789; x_wconf 77' lang='lat' dir='ltr'><strong>Origene.)</strong></span> <span class='ocrx_word' id='word_1_34' title='bbox 1079 716 1317 774; x_wconf 83' lang='lat' dir='ltr'><strong>Honeste</strong></span> <span class='ocrx_word' id='word_1_35' title='bbox 1366 728 1423 775; x_wconf 91' lang='lat' dir='ltr'><strong>et</strong></span> <span class='ocrx_word' id='word_1_36' title='bbox 1465 721 1741 786; x_wconf 89' lang='lat' dir='ltr'><strong>decenter,</strong></span> <span class='ocrx_word' id='word_1_37' title='bbox 1793 737 1898 778; x_wconf 90' lang='lat' dir='ltr'><strong>non</strong></span> <span class='ocrx_word' id='word_1_38' title='bbox 1957 721 2112 791; x_wconf 90' lang='lat' dir='ltr'><strong>quasi</strong></span> 
     </span>
    </p>
   </div>
   <div class='ocr_carea' id='block_1_7' title="bbox 533 807 2112 884">
    <p class='ocr_par' dir='ltr' id='par_1_7' title="bbox 533 807 2112 884">
     <span class='ocr_line' id='line_1_7' title="bbox 533 807 2112 884; baseline 0.004 -20"><span class='ocrx_word' id='word_1_39' title='bbox 533 811 727 881; x_wconf 78' lang='lat' dir='ltr'><strong>stipem</strong></span> <span class='ocrx_word' id='word_1_40' title='bbox 770 807 1137 878; x_wconf 74' lang='lat' dir='ltr'><strong>indigentibus</strong></span> <span class='ocrx_word' id='word_1_41' title='bbox 1185 813 1393 868; x_wconf 79' lang='lat' dir='ltr'><strong>sanctis</strong></span> <span class='ocrx_word' id='word_1_42' title='bbox 1444 816 1711 884; x_wconf 65' lang='lat' dir='ltr'><strong>praebere,</strong></span> <span class='ocrx_word' id='word_1_43' title='bbox 1751 815 1844 868; x_wconf 90' lang='lat' dir='ltr'><strong>sed</strong></span> <span class='ocrx_word' id='word_1_44' title='bbox 1889 829 2112 870; x_wconf 81' lang='lat' dir='ltr'><strong>censum</strong></span> 
     </span>
    </p>
   </div>
   <div class='ocr_carea' id='block_1_8' title="bbox 533 901 2110 975">
    <p class='ocr_par' dir='ltr' id='par_1_8' title="bbox 533 901 2110 975">
     <span class='ocr_line' id='line_1_8' title="bbox 533 901 2110 975; baseline 0.002 -19"><span class='ocrx_word' id='word_1_45' title='bbox 533 909 781 958; x_wconf 89' lang='lat' dir='ltr'><strong>nostrum</strong></span> <span class='ocrx_word' id='word_1_46' title='bbox 808 901 1206 972; x_wconf 87' lang='lat' dir='ltr'><strong>quodammodo</strong></span> <span class='ocrx_word' id='word_1_47' title='bbox 1229 918 1352 960; x_wconf 91' lang='lat' dir='ltr'><strong>eum</strong></span> <span class='ocrx_word' id='word_1_48' title='bbox 1381 903 1514 975; x_wconf 91' lang='lat' dir='ltr'><strong>ipsis</strong></span> <span class='ocrx_word' id='word_1_49' title='bbox 1556 904 1757 959; x_wconf 80' lang='lat' dir='ltr'><strong>habere</strong></span> <span class='ocrx_word' id='word_1_50' title='bbox 1803 919 2110 971; x_wconf 89' lang='lat' dir='ltr'><strong>commune,</strong></span> 
     </span>
    </p>
   </div>
   <div class='ocr_carea' id='block_1_9' title="bbox 535 990 2110 1048">
    <p class='ocr_par' dir='ltr' id='par_1_9' title="bbox 535 990 2110 1048">
     <span class='ocr_line' id='line_1_9' title="bbox 535 990 2110 1048; baseline 0.001 -2"><span class='ocrx_word' id='word_1_51' title='bbox 535 1000 593 1046; x_wconf 86' lang='lat' dir='ltr'><strong>et</strong></span> <span class='ocrx_word' id='word_1_52' title='bbox 634 990 947 1046; x_wconf 83' lang='lat' dir='ltr'><strong>meminisse</strong></span> <span class='ocrx_word' id='word_1_53' title='bbox 987 999 1297 1047; x_wconf 89' lang='lat' dir='ltr'><strong>sanctorum</strong></span> <span class='ocrx_word' id='word_1_54' title='bbox 1337 992 1450 1048; x_wconf 89' lang='lat' dir='ltr'><strong>sive</strong></span> <span class='ocrx_word' id='word_1_55' title='bbox 1485 993 1540 1047; x_wconf 92' lang='lat' dir='ltr'><strong>in</strong></span> <span class='ocrx_word' id='word_1_56' title='bbox 1568 992 1811 1048; x_wconf 83' lang='lat' dir='ltr'><strong>collectis</strong></span> <span class='ocrx_word' id='word_1_57' title='bbox 1853 993 2110 1048; x_wconf 88' lang='lat' dir='ltr'><strong>solemni-</strong></span> 
     </span>
    </p>
   </div>
   <div class='ocr_carea' id='block_1_10' title="bbox 536 1081 2114 1152">
    <p class='ocr_par' dir='ltr' id='par_1_10' title="bbox 536 1081 2114 1152">
     <span class='ocr_line' id='line_1_10' title="bbox 536 1081 2114 1152; baseline 0 -15"><span class='ocrx_word' id='word_1_58' title='bbox 536 1084 660 1147; x_wconf 89' lang='lat' dir='ltr'><strong>bus,</strong></span> <span class='ocrx_word' id='word_1_59' title='bbox 689 1081 804 1136; x_wconf 89' lang='lat' dir='ltr'><strong>sive</strong></span> <span class='ocrx_word' id='word_1_60' title='bbox 840 1095 940 1151; x_wconf 91' lang='lat' dir='ltr'><strong>pro</strong></span> <span class='ocrx_word' id='word_1_61' title='bbox 975 1096 1061 1150; x_wconf 82' lang='lat' dir='ltr'><strong>eo,</strong></span> <span class='ocrx_word' id='word_1_62' title='bbox 1101 1091 1160 1136; x_wconf 90' lang='lat' dir='ltr'><strong>ut</strong></span> <span class='ocrx_word' id='word_1_63' title='bbox 1203 1097 1270 1137; x_wconf 78' lang='lat' dir='ltr'><strong>ex</strong></span> <span class='ocrx_word' id='word_1_64' title='bbox 1311 1083 1685 1142; x_wconf 79' lang='lat' dir='ltr'><strong>recordatione</strong></span> <span class='ocrx_word' id='word_1_65' title='bbox 1723 1099 1910 1140; x_wconf 88' lang='lat' dir='ltr'><strong>eorum</strong></span> <span class='ocrx_word' id='word_1_66' title='bbox 1947 1082 2114 1152; x_wconf 82' lang='lat' dir='ltr'><strong>protl-</strong></span> 
     </span>
    </p>
   </div>
   <div class='ocr_carea' id='block_1_11' title="bbox 535 1175 766 1230">
    <p class='ocr_par' dir='ltr' id='par_1_11' title="bbox 535 1175 766 1230">
     <span class='ocr_line' id='line_1_11' title="bbox 535 1175 766 1230; baseline -0.009 0"><span class='ocrx_word' id='word_1_67' title='bbox 535 1175 766 1230; x_wconf 84' lang='lat' dir='ltr'><strong>ciamus.</strong></span> 
     </span>
    </p>
   </div>
   <div class='ocr_carea' id='block_1_12' title="bbox 604 1263 2113 1336">
    <p class='ocr_par' dir='ltr' id='par_1_12' title="bbox 604 1263 2113 1336">
     <span class='ocr_line' id='line_1_12' title="bbox 604 1263 2113 1336; baseline 0 -18"><span class='ocrx_word' id='word_1_68' title='bbox 604 1263 1031 1336; x_wconf 70' lang='lat' dir='ltr'><strong>Hospitalitatem</strong></span> <span class='ocrx_word' id='word_1_69' title='bbox 1057 1272 1330 1324; x_wconf 73' lang='lat' dir='ltr'><strong>sectantes.</strong></span> <span class='ocrx_word' id='word_1_70' title='bbox 1373 1264 1547 1331; x_wconf 83' lang='lat' dir='ltr'><strong>Quam</strong></span> <span class='ocrx_word' id='word_1_71' title='bbox 1578 1264 1736 1335; x_wconf 86' lang='lat' dir='ltr'><strong>digne</strong></span> <span class='ocrx_word' id='word_1_72' title='bbox 1778 1265 2113 1335; x_wconf 88' lang='lat' dir='ltr'><strong>hospitalita-</strong></span> 
     </span>
    </p>
   </div>
   <div class='ocr_carea' id='block_1_13' title="bbox 533 1351 2112 1425">
    <p class='ocr_par' dir='ltr' id='par_1_13' title="bbox 533 1351 2112 1425">
     <span class='ocr_line' id='line_1_13' title="bbox 533 1351 2112 1425; baseline 0 -16"><span class='ocrx_word' id='word_1_73' title='bbox 533 1355 603 1410; x_wconf 93' lang='lat' dir='ltr'><strong>tis</strong></span> <span class='ocrx_word' id='word_1_74' title='bbox 627 1351 1105 1425; x_wconf 87' lang='lat' dir='ltr'><strong>magniﬁcentiam,</strong></span> <span class='ocrx_word' id='word_1_75' title='bbox 1147 1368 1256 1412; x_wconf 92' lang='lat' dir='ltr'><strong>uno</strong></span> <span class='ocrx_word' id='word_1_76' title='bbox 1283 1367 1534 1409; x_wconf 88' lang='lat' dir='ltr'><strong>sermone</strong></span> <span class='ocrx_word' id='word_1_77' title='bbox 1564 1354 2003 1425; x_wconf 84' lang='lat' dir='ltr'><strong>comprehcndit!</strong></span> <span class='ocrx_word' id='word_1_78' title='bbox 2026 1354 2112 1409; x_wconf 76' lang='lat' dir='ltr'><strong>DE-</strong></span> 
     </span>
    </p>
   </div>
   <div class='ocr_carea' id='block_1_14' title="bbox 530 1444 2114 1515">
    <p class='ocr_par' dir='ltr' id='par_1_14' title="bbox 530 1444 2114 1515">
     <span class='ocr_line' id='line_1_14' title="bbox 530 1444 2114 1515; baseline 0.002 -16"><span class='ocrx_word' id='word_1_79' title='bbox 530 1461 660 1500; x_wconf 79' lang='lat' dir='ltr'><strong>ecns</strong></span> <span class='ocrx_word' id='word_1_80' title='bbox 683 1447 827 1501; x_wconf 89' lang='lat' dir='ltr'><strong>enim</strong></span> <span class='ocrx_word' id='word_1_81' title='bbox 870 1446 1180 1501; x_wconf 85' lang='lat' dir='ltr'><strong>sectandam</strong></span> <span class='ocrx_word' id='word_1_82' title='bbox 1228 1461 1349 1501; x_wconf 89' lang='lat' dir='ltr'><strong>esse</strong></span> <span class='ocrx_word' id='word_1_83' title='bbox 1387 1444 1836 1515; x_wconf 88' lang='lat' dir='ltr'><strong>hospitalitatem.</strong></span> <span class='ocrx_word' id='word_1_84' title='bbox 1879 1463 1986 1502; x_wconf 92' lang='lat' dir='ltr'><strong>non</strong></span> <span class='ocrx_word' id='word_1_85' title='bbox 2025 1463 2114 1502; x_wconf 85' lang='lat' dir='ltr'><strong>so-</strong></span> 
     </span>
    </p>
   </div>
   <div class='ocr_carea' id='block_1_15' title="bbox 530 1535 2113 1606">
    <p class='ocr_par' dir='ltr' id='par_1_15' title="bbox 530 1535 2113 1606">
     <span class='ocr_line' id='line_1_15' title="bbox 530 1535 2113 1606; baseline 0.004 -16"><span class='ocrx_word' id='word_1_86' title='bbox 530 1537 638 1590; x_wconf 91' lang='lat' dir='ltr'><strong>lum</strong></span> <span class='ocrx_word' id='word_1_87' title='bbox 663 1535 926 1600; x_wconf 84' lang='lat' dir='ltr'><strong>ostendit,</strong></span> <span class='ocrx_word' id='word_1_88' title='bbox 951 1545 1011 1589; x_wconf 86' lang='grc' dir='ltr'><strong>ιιι</strong></span> <span class='ocrx_word' id='word_1_89' title='bbox 1058 1535 1360 1592; x_wconf 74' lang='lat' dir='ltr'><strong>venientem</strong></span> <span class='ocrx_word' id='word_1_90' title='bbox 1397 1535 1464 1592; x_wconf 88' lang='lat' dir='ltr'><strong>ad</strong></span> <span class='ocrx_word' id='word_1_91' title='bbox 1508 1551 1605 1591; x_wconf 90' lang='lat' dir='ltr'><strong>nos</strong></span> <span class='ocrx_word' id='word_1_92' title='bbox 1633 1537 1901 1606; x_wconf 90' lang='lat' dir='ltr'><strong>hospitem</strong></span> <span class='ocrx_word' id='word_1_93' title='bbox 1943 1541 2113 1596; x_wconf 85' lang='lat' dir='ltr'><strong>susci-</strong></span> 
     </span>
    </p>
   </div>
   <div class='ocr_carea' id='block_1_16' title="bbox 529 1627 2115 1700">
    <p class='ocr_par' dir='ltr' id='par_1_16' title="bbox 529 1627 2115 1700">
     <span class='ocr_line' id='line_1_16' title="bbox 529 1627 2115 1700; baseline 0.001 -19"><span class='ocrx_word' id='word_1_94' title='bbox 529 1627 764 1698; x_wconf 89' lang='lat' dir='ltr'><strong>piamus,</strong></span> <span class='ocrx_word' id='word_1_95' title='bbox 827 1629 920 1682; x_wconf 89' lang='lat' dir='ltr'><strong>sed</strong></span> <span class='ocrx_word' id='word_1_96' title='bbox 954 1636 1009 1682; x_wconf 92' lang='lat' dir='ltr'><strong>et</strong></span> <span class='ocrx_word' id='word_1_97' title='bbox 1050 1628 1408 1700; x_wconf 85' lang='lat' dir='ltr'><strong>requiramus,</strong></span> <span class='ocrx_word' id='word_1_98' title='bbox 1474 1637 1530 1684; x_wconf 89' lang='lat' dir='ltr'><strong>et</strong></span> <span class='ocrx_word' id='word_1_99' title='bbox 1557 1628 1771 1684; x_wconf 89' lang='lat' dir='ltr'><strong>solliciti</strong></span> <span class='ocrx_word' id='word_1_100' title='bbox 1833 1630 2026 1696; x_wconf 89' lang='lat' dir='ltr'><strong>simus,</strong></span> <span class='ocrx_word' id='word_1_101' title='bbox 2058 1637 2115 1685; x_wconf 90' lang='lat' dir='ltr'><strong>et</strong></span> 
     </span>
    </p>
   </div>
   <div class='ocr_carea' id='block_1_17' title="bbox 529 1718 2109 1790">
    <p class='ocr_par' dir='ltr' id='par_1_17' title="bbox 529 1718 2109 1790">
     <span class='ocr_line' id='line_1_17' title="bbox 529 1718 2109 1790; baseline 0.003 -18"><span class='ocrx_word' id='word_1_102' title='bbox 529 1725 800 1772; x_wconf 77' lang='lat' dir='ltr'><strong>sectemur</strong></span> <span class='ocrx_word' id='word_1_103' title='bbox 853 1731 916 1771; x_wconf 91' lang='lat' dir='ltr'><strong>ac</strong></span> <span class='ocrx_word' id='word_1_104' title='bbox 947 1718 1324 1788; x_wconf 81' lang='lat' dir='ltr'><strong>perquiramus</strong></span> <span class='ocrx_word' id='word_1_105' title='bbox 1358 1719 1558 1789; x_wconf 87' lang='lat' dir='ltr'><strong>ubique</strong></span> <span class='ocrx_word' id='word_1_106' title='bbox 1600 1719 1862 1790; x_wconf 78' lang='lat' dir='ltr'><strong>hospites,</strong></span> <span class='ocrx_word' id='word_1_107' title='bbox 1895 1735 1995 1778; x_wconf 91' lang='lat' dir='ltr'><strong>nec</strong></span> <span class='ocrx_word' id='word_1_108' title='bbox 2018 1721 2109 1777; x_wconf 85' lang='lat' dir='ltr'><strong>ubi</strong></span> 
     </span>
    </p>
   </div>
   <div class='ocr_carea' id='block_1_18' title="bbox 2214 539 3777 616">
    <p class='ocr_par' dir='ltr' id='par_1_18' title="bbox 2214 539 3777 616">
     <span class='ocr_line' id='line_1_18' title="bbox 2214 539 3777 616; baseline 0.006 -24"><span class='ocrx_word' id='word_1_109' title='bbox 2214 540 2346 593; x_wconf 88' lang='lat' dir='ltr'><strong>dicit</strong></span> <span class='ocrx_word' id='word_1_110' title='bbox 2373 539 2634 594; x_wconf 91' lang='lat' dir='ltr'><strong>Dominus</strong></span> <span class='ocrx_word' id='word_1_111' title='bbox 2661 555 2676 594; x_wconf 91' lang='lat'><strong>:</strong></span> <span class='ocrx_word' id='word_1_112' title='bbox 2701 541 2852 596; x_wconf 86' lang='lat' dir='ltr'><strong>Beati</strong></span> <span class='ocrx_word' id='word_1_113' title='bbox 2882 545 2974 612; x_wconf 89' lang='lat' dir='ltr'><strong>qui</strong></span> <span class='ocrx_word' id='word_1_114' title='bbox 3004 543 3151 610; x_wconf 89' lang='lat' dir='ltr'><strong>ﬁent,</strong></span> <span class='ocrx_word' id='word_1_115' title='bbox 3183 546 3436 615; x_wconf 90' lang='lat' dir='ltr'><strong>quoniam</strong></span> <span class='ocrx_word' id='word_1_116' title='bbox 3466 546 3564 616; x_wconf 91' lang='lat' dir='ltr'><strong>ipsi</strong></span> <span class='ocrx_word' id='word_1_117' title='bbox 3597 563 3777 602; x_wconf 88' lang='lat' dir='ltr'><strong>conso-</strong></span> 
     </span>
    </p>
   </div>
   <div class='ocr_carea' id='block_1_19' title="bbox 2215 627 3778 706">
    <p class='ocr_par' dir='ltr' id='par_1_19' title="bbox 2215 627 3778 706">
     <span class='ocr_line' id='line_1_19' title="bbox 2215 627 3778 706; baseline 0.007 -26"><span class='ocrx_word' id='word_1_118' title='bbox 2215 627 2489 682; x_wconf 86' lang='lat' dir='ltr'><strong>labuntur.</strong></span> <span class='ocrx_word' id='word_1_119' title='bbox 2524 628 2580 683; x_wconf 91' lang='lat' dir='ltr'><strong>Si</strong></span> <span class='ocrx_word' id='word_1_120' title='bbox 2613 630 2736 700; x_wconf 92' lang='lat' dir='ltr'><strong>quis</strong></span> <span class='ocrx_word' id='word_1_121' title='bbox 2762 629 2852 686; x_wconf 87' lang='lat' dir='ltr'><strong>ﬁet</strong></span> <span class='ocrx_word' id='word_1_122' title='bbox 2884 647 2982 701; x_wconf 91' lang='lat' dir='ltr'><strong>pro</strong></span> <span class='ocrx_word' id='word_1_123' title='bbox 3013 637 3253 704; x_wconf 87' lang='lat' dir='ltr'><strong>peccatis</strong></span> <span class='ocrx_word' id='word_1_124' title='bbox 3283 635 3417 700; x_wconf 88' lang='lat' dir='ltr'><strong>suis,</strong></span> <span class='ocrx_word' id='word_1_125' title='bbox 3445 635 3492 690; x_wconf 91' lang='lat' dir='ltr'><strong>si</strong></span> <span class='ocrx_word' id='word_1_126' title='bbox 3522 636 3646 705; x_wconf 83' lang='lat' dir='ltr'><strong>quis</strong></span> <span class='ocrx_word' id='word_1_127' title='bbox 3671 650 3778 706; x_wconf 83' lang='lat' dir='ltr'><strong>pust</strong></span> 
     </span>
    </p>
   </div>
   <div class='ocr_carea' id='block_1_20' title="bbox 2213 719 3777 792">
    <p class='ocr_par' dir='ltr' id='par_1_20' title="bbox 2213 719 3777 792">
     <span class='ocr_line' id='line_1_20' title="bbox 2213 719 3777 792; baseline 0.004 -19"><span class='ocrx_word' id='word_1_128' title='bbox 2213 719 2410 774; x_wconf 88' lang='lat' dir='ltr'><strong>delicta</strong></span> <span class='ocrx_word' id='word_1_129' title='bbox 2473 721 2808 775; x_wconf 83' lang='lat' dir='ltr'><strong>convertitur</strong></span> <span class='ocrx_word' id='word_1_130' title='bbox 2865 721 2930 776; x_wconf 92' lang='lat' dir='ltr'><strong>ad</strong></span> <span class='ocrx_word' id='word_1_131' title='bbox 2993 723 3389 792; x_wconf 76' lang='lat' dir='ltr'><strong>pmniteutiam,</strong></span> <span class='ocrx_word' id='word_1_132' title='bbox 3451 733 3506 779; x_wconf 86' lang='lat' dir='ltr'><strong>et</strong></span> <span class='ocrx_word' id='word_1_133' title='bbox 3545 740 3777 780; x_wconf 85' lang='lat' dir='ltr'><strong>errorem</strong></span> 
     </span>
    </p>
   </div>
   <div class='ocr_carea' id='block_1_21' title="bbox 2213 809 3777 883">
    <p class='ocr_par' dir='ltr' id='par_1_21' title="bbox 2213 809 3777 883">
     <span class='ocr_line' id='line_1_21' title="bbox 2213 809 3777 883; baseline 0.004 -19"><span class='ocrx_word' id='word_1_134' title='bbox 2213 824 2372 864; x_wconf 87' lang='lat' dir='ltr'><strong>suum</strong></span> <span class='ocrx_word' id='word_1_135' title='bbox 2429 809 2686 880; x_wconf 80' lang='lat' dir='ltr'><strong>lacrymis</strong></span> <span class='ocrx_word' id='word_1_136' title='bbox 2736 809 2900 865; x_wconf 86' lang='lat' dir='ltr'><strong>lavat.</strong></span> <span class='ocrx_word' id='word_1_137' title='bbox 2935 810 2992 866; x_wconf 90' lang='lat' dir='ltr'><strong>Si</strong></span> <span class='ocrx_word' id='word_1_138' title='bbox 3021 813 3145 882; x_wconf 91' lang='lat' dir='ltr'><strong>quis</strong></span> <span class='ocrx_word' id='word_1_139' title='bbox 3191 815 3356 868; x_wconf 87' lang='lat' dir='ltr'><strong>etiam</strong></span> <span class='ocrx_word' id='word_1_140' title='bbox 3401 814 3703 883; x_wconf 86' lang='lat' dir='ltr'><strong>ingemiscit</strong></span> <span class='ocrx_word' id='word_1_141' title='bbox 3732 817 3777 870; x_wconf 90' lang='lat' dir='ltr'><strong>in</strong></span> 
     </span>
    </p>
   </div>
   <div class='ocr_carea' id='block_1_22' title="bbox 2213 896 3780 969">
    <p class='ocr_par' dir='ltr' id='par_1_22' title="bbox 2213 896 3780 969">
     <span class='ocr_line' id='line_1_22' title="bbox 2213 896 3780 969; baseline 0.006 -19"><span class='ocrx_word' id='word_1_142' title='bbox 2213 896 2527 953; x_wconf 80' lang='lat' dir='ltr'><strong>habitacula</strong></span> <span class='ocrx_word' id='word_1_143' title='bbox 2559 898 2663 954; x_wconf 88' lang='lat' dir='ltr'><strong>isto</strong></span> <span class='ocrx_word' id='word_1_144' title='bbox 2690 900 2917 969; x_wconf 88' lang='lat' dir='ltr'><strong>positus,</strong></span> <span class='ocrx_word' id='word_1_145' title='bbox 2973 910 3030 955; x_wconf 90' lang='lat' dir='ltr'><strong>et</strong></span> <span class='ocrx_word' id='word_1_146' title='bbox 3054 901 3122 955; x_wconf 89' lang='lat' dir='ltr'><strong>ad</strong></span> <span class='ocrx_word' id='word_1_147' title='bbox 3149 901 3423 957; x_wconf 88' lang='lat' dir='ltr'><strong>Christum</strong></span> <span class='ocrx_word' id='word_1_148' title='bbox 3452 904 3631 958; x_wconf 88' lang='lat' dir='ltr'><strong>redire</strong></span> <span class='ocrx_word' id='word_1_149' title='bbox 3651 905 3780 959; x_wconf 62' lang='lat' dir='ltr'><strong>desi~</strong></span> 
     </span>
    </p>
   </div>
   <div class='ocr_carea' id='block_1_23' title="bbox 2212 986 3779 1064">
    <p class='ocr_par' dir='ltr' id='par_1_23' title="bbox 2212 986 3779 1064">
     <span class='ocr_line' id='line_1_23' title="bbox 2212 986 3779 1064; baseline 0.006 -25"><span class='ocrx_word' id='word_1_150' title='bbox 2212 986 2392 1049; x_wconf 89' lang='lat' dir='ltr'><strong>derat,</strong></span> <span class='ocrx_word' id='word_1_151' title='bbox 2425 996 2481 1042; x_wconf 91' lang='lat' dir='ltr'><strong>et</strong></span> <span class='ocrx_word' id='word_1_152' title='bbox 2509 1001 2608 1058; x_wconf 90' lang='lat' dir='ltr'><strong>per</strong></span> <span class='ocrx_word' id='word_1_153' title='bbox 2631 997 2875 1044; x_wconf 89' lang='lat' dir='ltr'><strong>sanctum</strong></span> <span class='ocrx_word' id='word_1_154' title='bbox 2903 990 3232 1046; x_wconf 86' lang='lat' dir='ltr'><strong>desiderium</strong></span> <span class='ocrx_word' id='word_1_155' title='bbox 3275 991 3635 1063; x_wconf 85' lang='lat' dir='ltr'><strong>lacrymarum</strong></span> <span class='ocrx_word' id='word_1_156' title='bbox 3663 1010 3779 1064; x_wconf 90' lang='lat' dir='ltr'><strong>pro-</strong></span> 
     </span>
    </p>
   </div>
   <div class='ocr_carea' id='block_1_24' title="bbox 2214 1074 3782 1155">
    <p class='ocr_par' dir='ltr' id='par_1_24' title="bbox 2214 1074 3782 1155">
     <span class='ocr_line' id='line_1_24' title="bbox 2214 1074 3782 1155; baseline 0.006 -26"><span class='ocrx_word' id='word_1_157' title='bbox 2214 1074 2430 1132; x_wconf 77' lang='lat' dir='ltr'><strong>fusione</strong></span> <span class='ocrx_word' id='word_1_158' title='bbox 2458 1077 2692 1133; x_wconf 88' lang='lat' dir='ltr'><strong>lavatur.</strong></span> <span class='ocrx_word' id='word_1_159' title='bbox 2744 1077 3042 1151; x_wconf 83' lang='lat' dir='ltr'><strong>Jungamus</strong></span> <span class='ocrx_word' id='word_1_160' title='bbox 3097 1097 3220 1136; x_wconf 91' lang='lat' dir='ltr'><strong>cum</strong></span> <span class='ocrx_word' id='word_1_161' title='bbox 3251 1083 3466 1149; x_wconf 86' lang='lat' dir='ltr'><strong>talibus,</strong></span> <span class='ocrx_word' id='word_1_162' title='bbox 3518 1083 3782 1155; x_wconf 86' lang='lat' dir='ltr'><strong>laerymas</strong></span> 
     </span>
    </p>
   </div>
   <div class='ocr_carea' id='block_1_25' title="bbox 2214 1172 3783 1250">
    <p class='ocr_par' dir='ltr' id='par_1_25' title="bbox 2214 1172 3783 1250">
     <span class='ocr_line' id='line_1_25' title="bbox 2214 1172 3783 1250; baseline 0.008 -29"><span class='ocrx_word' id='word_1_163' title='bbox 2214 1179 2432 1226; x_wconf 90' lang='lat' dir='ltr'><strong>nostras</strong></span> <span class='ocrx_word' id='word_1_164' title='bbox 2481 1179 2538 1226; x_wconf 91' lang='lat' dir='ltr'><strong>et</strong></span> <span class='ocrx_word' id='word_1_165' title='bbox 2597 1172 2830 1242; x_wconf 75' lang='lat' dir='ltr'><strong>gemitus</strong></span> <span class='ocrx_word' id='word_1_166' title='bbox 2886 1174 3177 1230; x_wconf 88' lang='lat' dir='ltr'><strong>sociemus.</strong></span> <span class='ocrx_word' id='word_1_167' title='bbox 3212 1174 3453 1232; x_wconf 83' lang='lat' dir='ltr'><strong>Tristitia</strong></span> <span class='ocrx_word' id='word_1_168' title='bbox 3495 1179 3638 1233; x_wconf 94' lang='lat' dir='ltr'><strong>enim</strong></span> <span class='ocrx_word' id='word_1_169' title='bbox 3674 1197 3783 1250; x_wconf 76' lang='lat' dir='ltr'><strong>qua:</strong></span> 
     </span>
    </p>
   </div>
   <div class='ocr_carea' id='block_1_26' title="bbox 2214 1263 3783 1340">
    <p class='ocr_par' dir='ltr' id='par_1_26' title="bbox 2214 1263 3783 1340">
     <span class='ocr_line' id='line_1_26' title="bbox 2214 1263 3783 1340; baseline 0.005 -24"><span class='ocrx_word' id='word_1_170' title='bbox 2214 1264 2512 1317; x_wconf 90' lang='lat' dir='ltr'><strong>secundum</strong></span> <span class='ocrx_word' id='word_1_171' title='bbox 2565 1263 2733 1318; x_wconf 89' lang='lat' dir='ltr'><strong>Deum</strong></span> <span class='ocrx_word' id='word_1_172' title='bbox 2772 1272 2876 1328; x_wconf 89' lang='lat' dir='ltr'><strong>est,</strong></span> <span class='ocrx_word' id='word_1_173' title='bbox 2906 1265 3135 1321; x_wconf 88' lang='lat' dir='ltr'><strong>salutem</strong></span> <span class='ocrx_word' id='word_1_174' title='bbox 3196 1267 3444 1323; x_wconf 87' lang='lat' dir='ltr'><strong>stabilem</strong></span> <span class='ocrx_word' id='word_1_175' title='bbox 3473 1284 3574 1338; x_wconf 91' lang='lat' dir='ltr'><strong>per</strong></span> <span class='ocrx_word' id='word_1_176' title='bbox 3622 1272 3783 1340; x_wconf 63' lang='lat' dir='ltr'><strong>pani-</strong></span> 
     </span>
    </p>
   </div>
   <div class='ocr_carea' id='block_1_27' title="bbox 2216 1351 2744 1422">
    <p class='ocr_par' dir='ltr' id='par_1_27' title="bbox 2216 1351 2744 1422">
     <span class='ocr_line' id='line_1_27' title="bbox 2216 1351 2744 1422; baseline 0.009 -19"><span class='ocrx_word' id='word_1_177' title='bbox 2216 1351 2438 1406; x_wconf 91' lang='lat' dir='ltr'><strong>tentiam</strong></span> <span class='ocrx_word' id='word_1_178' title='bbox 2469 1362 2744 1422; x_wconf 88' lang='lat' dir='ltr'><strong>operatur.</strong></span> 
     </span>
    </p>
   </div>
   <div class='ocr_carea' id='block_1_28' title="bbox 2285 1439 3783 1511">
    <p class='ocr_par' dir='ltr' id='par_1_28' title="bbox 2285 1439 3783 1511">
     <span class='ocr_line' id='line_1_28' title="bbox 2285 1439 3783 1511; baseline 0.007 -19"><span class='ocrx_word' id='word_1_179' title='bbox 2285 1439 2352 1493; x_wconf 83' lang='lat' dir='ltr'><strong>1d</strong></span> <span class='ocrx_word' id='word_1_180' title='bbox 2381 1441 2551 1511; x_wconf 81' lang='lat' dir='ltr'><strong>ipsum</strong></span> <span class='ocrx_word' id='word_1_181' title='bbox 2603 1444 2820 1498; x_wconf 76' lang='lat' dir='ltr'><strong>invicem</strong></span> <span class='ocrx_word' id='word_1_182' title='bbox 2851 1447 3144 1502; x_wconf 77' lang='lat' dir='ltr'><strong>sentientes.</strong></span> <span class='ocrx_word' id='word_1_183' title='bbox 3187 1445 3380 1502; x_wconf 89' lang='lat' dir='ltr'><strong>Sermo</strong></span> <span class='ocrx_word' id='word_1_184' title='bbox 3433 1447 3535 1503; x_wconf 89' lang='lat' dir='ltr'><strong>iste</strong></span> <span class='ocrx_word' id='word_1_185' title='bbox 3562 1463 3669 1502; x_wconf 93' lang='lat' dir='ltr'><strong>non</strong></span> <span class='ocrx_word' id='word_1_186' title='bbox 3698 1465 3783 1502; x_wconf 85' lang='lat' dir='ltr'><strong>na—</strong></span> 
     </span>
    </p>
   </div>
   <div class='ocr_carea' id='block_1_29' title="bbox 2213 1532 3780 1605">
    <p class='ocr_par' dir='ltr' id='par_1_29' title="bbox 2213 1532 3780 1605">
     <span class='ocr_line' id='line_1_29' title="bbox 2213 1532 3780 1605; baseline 0.008 -22"><span class='ocrx_word' id='word_1_187' title='bbox 2213 1539 2333 1585; x_wconf 86' lang='lat' dir='ltr'><strong>tura</strong></span> <span class='ocrx_word' id='word_1_188' title='bbox 2361 1532 2468 1601; x_wconf 87' lang='lat' dir='ltr'><strong>sui,</strong></span> <span class='ocrx_word' id='word_1_189' title='bbox 2521 1533 2615 1588; x_wconf 89' lang='lat' dir='ltr'><strong>sed</strong></span> <span class='ocrx_word' id='word_1_190' title='bbox 2662 1534 3110 1604; x_wconf 88' lang='lat' dir='ltr'><strong>interpretatione</strong></span> <span class='ocrx_word' id='word_1_191' title='bbox 3150 1538 3435 1595; x_wconf 89' lang='lat' dir='ltr'><strong>obscurior</strong></span> <span class='ocrx_word' id='word_1_192' title='bbox 3480 1538 3654 1595; x_wconf 81' lang='lat' dir='ltr'><strong>factus</strong></span> <span class='ocrx_word' id='word_1_193' title='bbox 3682 1551 3780 1605; x_wconf 88' lang='lat' dir='ltr'><strong>est,</strong></span> 
     </span>
    </p>
   </div>
   <div class='ocr_carea' id='block_1_30' title="bbox 2212 1621 3784 1696">
    <p class='ocr_par' dir='ltr' id='par_1_30' title="bbox 2212 1621 3784 1696">
     <span class='ocr_line' id='line_1_30' title="bbox 2212 1621 3784 1696; baseline 0.007 -21"><span class='ocrx_word' id='word_1_194' title='bbox 2212 1621 2314 1676; x_wconf 88' lang='lat' dir='ltr'><strong>hoc</strong></span> <span class='ocrx_word' id='word_1_195' title='bbox 2339 1632 2423 1677; x_wconf 84' lang='lat' dir='ltr'><strong>est</strong></span> <span class='ocrx_word' id='word_1_196' title='bbox 2445 1624 2590 1679; x_wconf 89' lang='lat' dir='ltr'><strong>enim</strong></span> <span class='ocrx_word' id='word_1_197' title='bbox 2615 1627 2757 1696; x_wconf 87' lang='lat' dir='ltr'><strong>quod</strong></span> <span class='ocrx_word' id='word_1_198' title='bbox 2785 1627 2919 1682; x_wconf 91' lang='lat' dir='ltr'><strong>dicit</strong></span> <span class='ocrx_word' id='word_1_199' title='bbox 2947 1645 2962 1685; x_wconf 91' lang='lat'><strong>:</strong></span> <span class='ocrx_word' id='word_1_200' title='bbox 2997 1637 3056 1682; x_wconf 92' lang='lat' dir='ltr'><strong>ut</strong></span> <span class='ocrx_word' id='word_1_201' title='bbox 3085 1630 3159 1684; x_wconf 88' lang='lat' dir='ltr'><strong>ita</strong></span> <span class='ocrx_word' id='word_1_202' title='bbox 3189 1630 3256 1684; x_wconf 91' lang='lat' dir='ltr'><strong>de</strong></span> <span class='ocrx_word' id='word_1_203' title='bbox 3283 1629 3449 1685; x_wconf 82' lang='lat' dir='ltr'><strong>fratre</strong></span> <span class='ocrx_word' id='word_1_204' title='bbox 3495 1632 3784 1687; x_wconf 87' lang='lat' dir='ltr'><strong>sentiamus</strong></span> 
     </span>
    </p>
   </div>
   <div class='ocr_carea' id='block_1_31' title="bbox 2215 1716 3782 1791">
    <p class='ocr_par' dir='ltr' id='par_1_31' title="bbox 2215 1716 3782 1791">
     <span class='ocr_line' id='line_1_31' title="bbox 2215 1716 3782 1791; baseline 0.006 -23"><span class='ocrx_word' id='word_1_205' title='bbox 2215 1724 2352 1769; x_wconf 91' lang='lat' dir='ltr'><strong>utet</strong></span> <span class='ocrx_word' id='word_1_206' title='bbox 2379 1716 2446 1772; x_wconf 87' lang='lat' dir='ltr'><strong>de</strong></span> <span class='ocrx_word' id='word_1_207' title='bbox 2473 1717 2628 1772; x_wconf 90' lang='lat' dir='ltr'><strong>nobis</strong></span> <span class='ocrx_word' id='word_1_208' title='bbox 2681 1719 2831 1789; x_wconf 88' lang='lat' dir='ltr'><strong>ipsis.</strong></span> <span class='ocrx_word' id='word_1_209' title='bbox 2871 1720 2936 1774; x_wconf 85' lang='lat' dir='ltr'><strong>Et</strong></span> <span class='ocrx_word' id='word_1_210' title='bbox 2963 1720 3036 1774; x_wconf 90' lang='lat' dir='ltr'><strong>ita</strong></span> <span class='ocrx_word' id='word_1_211' title='bbox 3074 1721 3302 1776; x_wconf 89' lang='lat' dir='ltr'><strong>velimus</strong></span> <span class='ocrx_word' id='word_1_212' title='bbox 3353 1723 3622 1791; x_wconf 84' lang='lat' dir='ltr'><strong>proximo,</strong></span> <span class='ocrx_word' id='word_1_213' title='bbox 3653 1724 3782 1778; x_wconf 90' lang='lat' dir='ltr'><strong>sicut</strong></span> 
     </span>
    </p>
   </div>
   <div class='ocr_carea' id='block_1_32' title="bbox 528 1793 3779 1884">
    <p class='ocr_par' dir='ltr' id='par_1_32' title="bbox 528 1793 3779 1884">
     <span class='ocr_line' id='line_1_32' title="bbox 528 1793 3779 1884; baseline 0.003 -27"><span class='ocrx_word' id='word_1_214' title='bbox 528 1807 666 1864; x_wconf 76' lang='lat' dir='ltr'><strong>forte</strong></span> <span class='ocrx_word' id='word_1_215' title='bbox 693 1808 748 1863; x_wconf 87' lang='lat' dir='ltr'><strong>in</strong></span> <span class='ocrx_word' id='word_1_216' title='bbox 774 1808 965 1880; x_wconf 83' lang='lat' dir='ltr'><strong>plateis</strong></span> <span class='ocrx_word' id='word_1_217' title='bbox 1001 1808 1250 1875; x_wconf 77' lang='lat' dir='ltr'><strong>sedeant,</strong></span> <span class='ocrx_word' id='word_1_218' title='bbox 1280 1826 1384 1866; x_wconf 78' lang='lat' dir='ltr'><strong>nec</strong></span> <span class='ocrx_word' id='word_1_219' title='bbox 1431 1821 1587 1866; x_wconf 69' lang='lat' dir='ltr'><strong>extra</strong></span> <span class='ocrx_word' id='word_1_220' title='bbox 1619 1821 1819 1868; x_wconf 72' lang='lat' dir='ltr'><strong>tectum</strong></span> <span class='ocrx_word' id='word_1_221' title='bbox 1863 1811 2106 1881; x_wconf 72' lang='lat' dir='ltr'><strong>iaceant,</strong></span> <span class='ocrx_word' id='word_1_222' title='bbox 2138 1793 2185 1853; x_wconf 84' lang='grc' dir='ltr'><strong>Β</strong></span> <span class='ocrx_word' id='word_1_223' title='bbox 2213 1814 2268 1860; x_wconf 92' lang='lat' dir='ltr'><strong>et</strong></span> <span class='ocrx_word' id='word_1_224' title='bbox 2293 1807 2447 1861; x_wconf 91' lang='lat' dir='ltr'><strong>nobis</strong></span> <span class='ocrx_word' id='word_1_225' title='bbox 2474 1808 2739 1874; x_wconf 89' lang='lat' dir='ltr'><strong>volumus,</strong></span> <span class='ocrx_word' id='word_1_226' title='bbox 2772 1818 2833 1866; x_wconf 89' lang='lat' dir='ltr'><strong>ut</strong></span> <span class='ocrx_word' id='word_1_227' title='bbox 2860 1823 2908 1866; x_wconf 88' lang='lat' dir='ltr'><strong>et</strong></span> <span class='ocrx_word' id='word_1_228' title='bbox 2942 1812 3203 1868; x_wconf 91' lang='lat' dir='ltr'><strong>Dominus</strong></span> <span class='ocrx_word' id='word_1_229' title='bbox 3225 1813 3279 1867; x_wconf 93' lang='lat' dir='ltr'><strong>in</strong></span> <span class='ocrx_word' id='word_1_230' title='bbox 3305 1813 3596 1884; x_wconf 85' lang='lat' dir='ltr'><strong>Evangelio</strong></span> <span class='ocrx_word' id='word_1_231' title='bbox 3619 1816 3779 1870; x_wconf 80' lang='lat' dir='ltr'><strong>dixit:</strong></span> 
     </span>
    </p>
   </div>
   <div class='ocr_carea' id='block_1_33' title="bbox 532 1897 2113 1975">
    <p class='ocr_par' dir='ltr' id='par_1_33' title="bbox 532 1897 2113 1975">
     <span class='ocr_line' id='line_1_33' title="bbox 532 1897 2113 1975; baseline 0.007 -25"><span class='ocrx_word' id='word_1_232' title='bbox 532 1897 837 1954; x_wconf 74' lang='lat' dir='ltr'><strong>Recordare</strong></span> <span class='ocrx_word' id='word_1_233' title='bbox 857 1899 1016 1965; x_wconf 85' lang='lat' dir='ltr'><strong>Loth,</strong></span> <span class='ocrx_word' id='word_1_234' title='bbox 1042 1909 1097 1954; x_wconf 91' lang='lat' dir='ltr'><strong>et</strong></span> <span class='ocrx_word' id='word_1_235' title='bbox 1146 1901 1388 1956; x_wconf 89' lang='lat' dir='ltr'><strong>Invenies</strong></span> <span class='ocrx_word' id='word_1_236' title='bbox 1425 1903 1568 1972; x_wconf 85' lang='lat' dir='ltr'><strong>quod</strong></span> <span class='ocrx_word' id='word_1_237' title='bbox 1598 1902 1744 1960; x_wconf 91' lang='lat' dir='ltr'><strong>illum</strong></span> <span class='ocrx_word' id='word_1_238' title='bbox 1794 1919 1900 1959; x_wconf 92' lang='lat' dir='ltr'><strong>non</strong></span> <span class='ocrx_word' id='word_1_239' title='bbox 1924 1904 2113 1975; x_wconf 88' lang='lat' dir='ltr'><strong>hospi-</strong></span> 
     </span>
    </p>
   </div>
   <div class='ocr_carea' id='block_1_34' title="bbox 533 1991 2112 2068">
    <p class='ocr_par' dir='ltr' id='par_1_34' title="bbox 533 1991 2112 2068">
     <span class='ocr_line' id='line_1_34' title="bbox 533 1991 2112 2068; baseline 0.006 -23"><span class='ocrx_word' id='word_1_240' title='bbox 533 2001 632 2055; x_wconf 85' lang='lat' dir='ltr'><strong>tes,</strong></span> <span class='ocrx_word' id='word_1_241' title='bbox 674 1991 769 2047; x_wconf 89' lang='lat' dir='ltr'><strong>sed</strong></span> <span class='ocrx_word' id='word_1_242' title='bbox 797 1993 912 2064; x_wconf 89' lang='lat' dir='ltr'><strong>ipse</strong></span> <span class='ocrx_word' id='word_1_243' title='bbox 965 1993 1241 2064; x_wconf 76' lang='lat' dir='ltr'><strong>quzesierit</strong></span> <span class='ocrx_word' id='word_1_244' title='bbox 1274 1993 1515 2064; x_wconf 86' lang='lat' dir='ltr'><strong>hospites</strong></span> <span class='ocrx_word' id='word_1_245' title='bbox 1553 1991 1706 2066; x_wconf 80' lang='lat' dir='ltr'><strong>(Cen.</strong></span> <span class='ocrx_word' id='word_1_246' title='bbox 1754 1995 1890 2068; x_wconf 76' lang='lat' dir='ltr'><strong>xu),</strong></span> <span class='ocrx_word' id='word_1_247' title='bbox 1926 1997 2112 2054; x_wconf 89' lang='lat' dir='ltr'><strong>ethoc</strong></span> 
     </span>
    </p>
   </div>
   <div class='ocr_carea' id='block_1_35' title="bbox 527 2083 1344 2154">
    <p class='ocr_par' dir='ltr' id='par_1_35' title="bbox 527 2083 1344 2154">
     <span class='ocr_line' id='line_1_35' title="bbox 527 2083 1344 2154; baseline 0.004 -19"><span class='ocrx_word' id='word_1_248' title='bbox 527 2091 647 2136; x_wconf 89' lang='lat' dir='ltr'><strong>erat</strong></span> <span class='ocrx_word' id='word_1_249' title='bbox 680 2083 1099 2154; x_wconf 85' lang='lat' dir='ltr'><strong>hospitalitatem</strong></span> <span class='ocrx_word' id='word_1_250' title='bbox 1125 2085 1344 2139; x_wconf 88' lang='lat' dir='ltr'><strong>sectari.</strong></span> 
     </span>
    </p>
   </div>
   <div class='ocr_carea' id='block_1_36' title="bbox 597 2171 2101 2245">
    <p class='ocr_par' dir='ltr' id='par_1_36' title="bbox 597 2171 2101 2245">
     <span class='ocr_line' id='line_1_36' title="bbox 597 2171 2101 2245; baseline 0.007 -21"><span class='ocrx_word' id='word_1_251' title='bbox 597 2171 896 2227; x_wconf 74' lang='lat' dir='ltr'><strong>Beucrlicite</strong></span> <span class='ocrx_word' id='word_1_252' title='bbox 914 2175 1337 2245; x_wconf 77' lang='lat' dir='ltr'><strong>persequentibus</strong></span> <span class='ocrx_word' id='word_1_253' title='bbox 1375 2193 1480 2232; x_wconf 79' lang='lat' dir='ltr'><strong>ros.</strong></span> <span class='ocrx_word' id='word_1_254' title='bbox 1524 2175 1781 2233; x_wconf 80' lang='lat' dir='ltr'><strong>Moralem</strong></span> <span class='ocrx_word' id='word_1_255' title='bbox 1809 2179 1985 2234; x_wconf 91' lang='lat' dir='ltr'><strong>locum</strong></span> <span class='ocrx_word' id='word_1_256' title='bbox 2017 2179 2101 2234; x_wconf 89' lang='lat' dir='ltr'><strong>ia-</strong></span> 
     </span>
    </p>
   </div>
   <div class='ocr_carea' id='block_1_37' title="bbox 531 2263 2108 2339">
    <p class='ocr_par' dir='ltr' id='par_1_37' title="bbox 531 2263 2108 2339">
     <span class='ocr_line' id='line_1_37' title="bbox 531 2263 2108 2339; baseline 0.002 -20"><span class='ocrx_word' id='word_1_257' title='bbox 531 2264 641 2319; x_wconf 90' lang='lat' dir='ltr'><strong>tius</strong></span> <span class='ocrx_word' id='word_1_258' title='bbox 680 2263 970 2334; x_wconf 79' lang='lat' dir='ltr'><strong>Apostolus</strong></span> <span class='ocrx_word' id='word_1_259' title='bbox 1014 2281 1317 2335; x_wconf 82' lang='lat' dir='ltr'><strong>exsequens</strong></span> <span class='ocrx_word' id='word_1_260' title='bbox 1358 2275 1529 2327; x_wconf 85' lang='lat' dir='ltr'><strong>actus,</strong></span> <span class='ocrx_word' id='word_1_261' title='bbox 1571 2277 1828 2332; x_wconf 88' lang='lat' dir='ltr'><strong>mentem,</strong></span> <span class='ocrx_word' id='word_1_262' title='bbox 1864 2269 2108 2339; x_wconf 84' lang='lat' dir='ltr'><strong>proposi-</strong></span> 
     </span>
    </p>
   </div>
   <div class='ocr_carea' id='block_1_38' title="bbox 528 2357 2110 2431">
    <p class='ocr_par' dir='ltr' id='par_1_38' title="bbox 528 2357 2110 2431">
     <span class='ocr_line' id='line_1_38' title="bbox 528 2357 2110 2431; baseline 0.003 -21"><span class='ocrx_word' id='word_1_263' title='bbox 528 2366 668 2422; x_wconf 86' lang='lat' dir='ltr'><strong>tum,</strong></span> <span class='ocrx_word' id='word_1_264' title='bbox 710 2371 776 2412; x_wconf 89' lang='lat' dir='ltr'><strong>os</strong></span> <span class='ocrx_word' id='word_1_265' title='bbox 821 2372 1036 2430; x_wconf 84' lang='lat' dir='ltr'><strong>quoque</strong></span> <span class='ocrx_word' id='word_1_266' title='bbox 1085 2357 1278 2428; x_wconf 88' lang='lat' dir='ltr'><strong>ipsum,</strong></span> <span class='ocrx_word' id='word_1_267' title='bbox 1323 2358 1710 2429; x_wconf 87' lang='lat' dir='ltr'><strong>discipulorum</strong></span> <span class='ocrx_word' id='word_1_268' title='bbox 1761 2359 2110 2431; x_wconf 75' lang='lat' dir='ltr'><strong>linguamque</strong></span> 
     </span>
    </p>
   </div>
   <div class='ocr_carea' id='block_1_39' title="bbox 528 2447 2110 2517">
    <p class='ocr_par' dir='ltr' id='par_1_39' title="bbox 528 2447 2110 2517">
     <span class='ocr_line' id='line_1_39' title="bbox 528 2447 2110 2517; baseline -0.001 -11"><span class='ocrx_word' id='word_1_269' title='bbox 528 2447 826 2517; x_wconf 75' lang='lat' dir='ltr'><strong>componit.</strong></span> <span class='ocrx_word' id='word_1_270' title='bbox 865 2447 982 2502; x_wconf 77' lang='lat' dir='ltr'><strong>Non</strong></span> <span class='ocrx_word' id='word_1_271' title='bbox 1027 2448 1142 2502; x_wconf 88' lang='lat' dir='ltr'><strong>vult</strong></span> <span class='ocrx_word' id='word_1_272' title='bbox 1198 2449 1484 2503; x_wconf 88' lang='lat' dir='ltr'><strong>credentes</strong></span> <span class='ocrx_word' id='word_1_273' title='bbox 1515 2447 1733 2505; x_wconf 87' lang='lat' dir='ltr'><strong>Christo</strong></span> <span class='ocrx_word' id='word_1_274' title='bbox 1779 2450 1848 2505; x_wconf 90' lang='lat' dir='ltr'><strong>de</strong></span> <span class='ocrx_word' id='word_1_275' title='bbox 1885 2465 1982 2505; x_wconf 90' lang='lat' dir='ltr'><strong>ore</strong></span> <span class='ocrx_word' id='word_1_276' title='bbox 2010 2465 2110 2505; x_wconf 89' lang='lat' dir='ltr'><strong>suo</strong></span> 
     </span>
    </p>
   </div>
   <div class='ocr_carea' id='block_1_40' title="bbox 528 2541 2108 2613">
    <p class='ocr_par' dir='ltr' id='par_1_40' title="bbox 528 2541 2108 2613">
     <span class='ocr_line' id='line_1_40' title="bbox 528 2541 2108 2613; baseline 0.001 -18"><span class='ocrx_word' id='word_1_277' title='bbox 528 2541 775 2613; x_wconf 78' lang='lat' dir='ltr'><strong>proferre</strong></span> <span class='ocrx_word' id='word_1_278' title='bbox 811 2541 1174 2604; x_wconf 88' lang='lat' dir='ltr'><strong>maledictum,</strong></span> <span class='ocrx_word' id='word_1_279' title='bbox 1225 2542 1318 2596; x_wconf 89' lang='lat' dir='ltr'><strong>sed</strong></span> <span class='ocrx_word' id='word_1_280' title='bbox 1366 2541 1504 2597; x_wconf 85' lang='lat' dir='ltr'><strong>bene</strong></span> <span class='ocrx_word' id='word_1_281' title='bbox 1551 2541 1720 2611; x_wconf 88' lang='lat' dir='ltr'><strong>loqui,</strong></span> <span class='ocrx_word' id='word_1_282' title='bbox 1769 2542 2108 2606; x_wconf 87' lang='lat' dir='ltr'><strong>benedicere,</strong></span> 
     </span>
    </p>
   </div>
   <div class='ocr_carea' id='block_1_41' title="bbox 529 2629 2104 2709">
    <p class='ocr_par' dir='ltr' id='par_1_41' title="bbox 529 2629 2104 2709">
     <span class='ocr_line' id='line_1_41' title="bbox 529 2629 2104 2709; baseline -0.003 -21"><span class='ocrx_word' id='word_1_283' title='bbox 529 2633 668 2688; x_wconf 87' lang='lat' dir='ltr'><strong>bene</strong></span> <span class='ocrx_word' id='word_1_284' title='bbox 705 2631 1019 2709; x_wconf 62' lang='lat' dir='ltr'><strong>praedicare,</strong></span> <span class='ocrx_word' id='word_1_285' title='bbox 1065 2639 1124 2686; x_wconf 90' lang='lat' dir='ltr'><strong>ut</strong></span> <span class='ocrx_word' id='word_1_286' title='bbox 1161 2645 1227 2685; x_wconf 74' lang='lat' dir='ltr'><strong>ex</strong></span> <span class='ocrx_word' id='word_1_287' title='bbox 1286 2631 1408 2694; x_wconf 88' lang='lat' dir='ltr'><strong>hoc,</strong></span> <span class='ocrx_word' id='word_1_288' title='bbox 1447 2639 1503 2684; x_wconf 92' lang='lat' dir='ltr'><strong>et</strong></span> <span class='ocrx_word' id='word_1_289' title='bbox 1531 2629 1659 2684; x_wconf 91' lang='lat' dir='ltr'><strong>boni</strong></span> <span class='ocrx_word' id='word_1_290' title='bbox 1688 2629 1899 2685; x_wconf 88' lang='lat' dir='ltr'><strong>Domini</strong></span> <span class='ocrx_word' id='word_1_291' title='bbox 1939 2629 2104 2693; x_wconf 80' lang='lat' dir='ltr'><strong>servi,</strong></span> 
     </span>
    </p>
   </div>
   <div class='ocr_carea' id='block_1_42' title="bbox 529 2720 2106 2791">
    <p class='ocr_par' dir='ltr' id='par_1_42' title="bbox 529 2720 2106 2791">
     <span class='ocr_line' id='line_1_42' title="bbox 529 2720 2106 2791; baseline 0 -15"><span class='ocrx_word' id='word_1_292' title='bbox 529 2729 586 2776; x_wconf 91' lang='lat' dir='ltr'><strong>et</strong></span> <span class='ocrx_word' id='word_1_293' title='bbox 610 2721 734 2776; x_wconf 91' lang='lat' dir='ltr'><strong>boni</strong></span> <span class='ocrx_word' id='word_1_294' title='bbox 770 2721 1010 2791; x_wconf 88' lang='lat' dir='ltr'><strong>magistri</strong></span> <span class='ocrx_word' id='word_1_295' title='bbox 1039 2722 1330 2776; x_wconf 88' lang='lat' dir='ltr'><strong>credantur</strong></span> <span class='ocrx_word' id='word_1_296' title='bbox 1358 2735 1476 2777; x_wconf 84' lang='lat' dir='ltr'><strong>esse</strong></span> <span class='ocrx_word' id='word_1_297' title='bbox 1503 2720 1773 2791; x_wconf 89' lang='lat' dir='ltr'><strong>discipuli.</strong></span> <span class='ocrx_word' id='word_1_298' title='bbox 1815 2720 2106 2776; x_wconf 89' lang='lat' dir='ltr'><strong>Sciendum</strong></span> 
     </span>
    </p>
   </div>
   <div class='ocr_carea' id='block_1_43' title="bbox 533 2811 2108 2884">
    <p class='ocr_par' dir='ltr' id='par_1_43' title="bbox 533 2811 2108 2884">
     <span class='ocr_line' id='line_1_43' title="bbox 533 2811 2108 2884; baseline -0.001 -14"><span class='ocrx_word' id='word_1_299' title='bbox 533 2823 716 2870; x_wconf 88' lang='lat' dir='ltr'><strong>tamen</strong></span> <span class='ocrx_word' id='word_1_300' title='bbox 742 2823 846 2878; x_wconf 93' lang='lat' dir='ltr'><strong>est,</strong></span> <span class='ocrx_word' id='word_1_301' title='bbox 870 2815 1014 2883; x_wconf 89' lang='lat' dir='ltr'><strong>quod</strong></span> <span class='ocrx_word' id='word_1_302' title='bbox 1058 2829 1237 2870; x_wconf 88' lang='lat' dir='ltr'><strong>sermo</strong></span> <span class='ocrx_word' id='word_1_303' title='bbox 1267 2813 1658 2869; x_wconf 76' lang='lat' dir='ltr'><strong>benedictionis</strong></span> <span class='ocrx_word' id='word_1_304' title='bbox 1702 2813 1756 2868; x_wconf 93' lang='lat' dir='ltr'><strong>in</strong></span> <span class='ocrx_word' id='word_1_305' title='bbox 1805 2811 2108 2884; x_wconf 90' lang='lat' dir='ltr'><strong>Scripturis</strong></span> 
     </span>
    </p>
   </div>
   <div class='ocr_carea' id='block_1_44' title="bbox 531 2905 2108 2976">
    <p class='ocr_par' dir='ltr' id='par_1_44' title="bbox 531 2905 2108 2976">
     <span class='ocr_line' id='line_1_44' title="bbox 531 2905 2108 2976; baseline 0.001 -17"><span class='ocrx_word' id='word_1_306' title='bbox 531 2907 742 2962; x_wconf 81' lang='lat' dir='ltr'><strong>diverse</strong></span> <span class='ocrx_word' id='word_1_307' title='bbox 783 2906 992 2976; x_wconf 89' lang='lat' dir='ltr'><strong>positus</strong></span> <span class='ocrx_word' id='word_1_308' title='bbox 1033 2905 1321 2969; x_wconf 88' lang='lat' dir='ltr'><strong>invenitur,</strong></span> <span class='ocrx_word' id='word_1_309' title='bbox 1373 2921 1497 2959; x_wconf 91' lang='lat' dir='ltr'><strong>nam</strong></span> <span class='ocrx_word' id='word_1_310' title='bbox 1538 2913 1594 2960; x_wconf 91' lang='lat' dir='ltr'><strong>et</strong></span> <span class='ocrx_word' id='word_1_311' title='bbox 1619 2905 1760 2960; x_wconf 89' lang='lat' dir='ltr'><strong>Deus</strong></span> <span class='ocrx_word' id='word_1_312' title='bbox 1790 2905 2108 2960; x_wconf 81' lang='lat' dir='ltr'><strong>benedicere</strong></span> 
     </span>
    </p>
   </div>
   <div class='ocr_carea' id='block_1_45' title="bbox 531 2997 2074 3064">
    <p class='ocr_par' dir='ltr' id='par_1_45' title="bbox 531 2997 2074 3064">
     <span class='ocr_line' id='line_1_45' title="bbox 531 2997 2074 3064; baseline -0.001 -11"><span class='ocrx_word' id='word_1_313' title='bbox 531 2999 747 3063; x_wconf 88' lang='lat' dir='ltr'><strong>dicitur,</strong></span> <span class='ocrx_word' id='word_1_314' title='bbox 781 3007 837 3054; x_wconf 90' lang='lat' dir='ltr'><strong>et</strong></span> <span class='ocrx_word' id='word_1_315' title='bbox 863 2998 1129 3064; x_wconf 89' lang='lat' dir='ltr'><strong>homines,</strong></span> <span class='ocrx_word' id='word_1_316' title='bbox 1159 2998 1243 3053; x_wconf 91' lang='lat' dir='ltr'><strong>vel</strong></span> <span class='ocrx_word' id='word_1_317' title='bbox 1270 3007 1482 3054; x_wconf 67' lang='lat' dir='ltr'><strong>eieterze</strong></span> <span class='ocrx_word' id='word_1_318' title='bbox 1510 3005 1776 3052; x_wconf 75' lang='lat' dir='ltr'><strong>creatum</strong></span> <span class='ocrx_word' id='word_1_319' title='bbox 1814 2997 1984 3052; x_wconf 93' lang='lat' dir='ltr'><strong>Deum</strong></span> <span class='ocrx_word' id='word_1_320' title='bbox 2009 2998 2074 3052; x_wconf 91' lang='lat' dir='ltr'><strong>be</strong></span> 
     </span>
    </p>
   </div>
   <div class='ocr_carea' id='block_1_46' title="bbox 531 3085 2104 3160">
    <p class='ocr_par' dir='ltr' id='par_1_46' title="bbox 531 3085 2104 3160">
     <span class='ocr_line' id='line_1_46' title="bbox 531 3085 2104 3160; baseline -0.003 -14"><span class='ocrx_word' id='word_1_321' title='bbox 531 3092 781 3147; x_wconf 82' lang='lat' dir='ltr'><strong>uedicere</strong></span> <span class='ocrx_word' id='word_1_322' title='bbox 816 3089 1096 3160; x_wconf 85' lang='lat' dir='ltr'><strong>iubentur,</strong></span> <span class='ocrx_word' id='word_1_323' title='bbox 1139 3089 1233 3145; x_wconf 90' lang='lat' dir='ltr'><strong>sed</strong></span> <span class='ocrx_word' id='word_1_324' title='bbox 1263 3089 1354 3143; x_wconf 89' lang='lat' dir='ltr'><strong>Dei</strong></span> <span class='ocrx_word' id='word_1_325' title='bbox 1407 3087 1711 3144; x_wconf 88' lang='lat' dir='ltr'><strong>benedictio</strong></span> <span class='ocrx_word' id='word_1_326' title='bbox 1750 3085 1952 3155; x_wconf 88' lang='lat' dir='ltr'><strong>aliqttid</strong></span> <span class='ocrx_word' id='word_1_327' title='bbox 1981 3102 2104 3141; x_wconf 87' lang='lat' dir='ltr'><strong>mu-</strong></span> 
     </span>
    </p>
   </div>
   <div class='ocr_carea' id='block_1_47' title="bbox 2211 1895 3783 1968">
    <p class='ocr_par' dir='ltr' id='par_1_47' title="bbox 2211 1895 3783 1968">
     <span class='ocr_line' id='line_1_47' title="bbox 2211 1895 3783 1968; baseline 0.007 -18"><span class='ocrx_word' id='word_1_328' title='bbox 2211 1895 2342 1963; x_wconf 68' lang='lat' dir='ltr'><strong>Quae</strong></span> <span class='ocrx_word' id='word_1_329' title='bbox 2365 1898 2528 1954; x_wconf 86' lang='lat' dir='ltr'><strong>vultis</strong></span> <span class='ocrx_word' id='word_1_330' title='bbox 2560 1907 2623 1955; x_wconf 89' lang='lat' dir='ltr'><strong>ut</strong></span> <span class='ocrx_word' id='word_1_331' title='bbox 2662 1898 2863 1957; x_wconf 82' lang='lat' dir='ltr'><strong>faciant</strong></span> <span class='ocrx_word' id='word_1_332' title='bbox 2895 1903 3049 1958; x_wconf 86' lang='lat' dir='ltr'><strong>vobis</strong></span> <span class='ocrx_word' id='word_1_333' title='bbox 3089 1903 3358 1968; x_wconf 87' lang='lat' dir='ltr'><strong>homines,</strong></span> <span class='ocrx_word' id='word_1_334' title='bbox 3402 1906 3595 1961; x_wconf 89' lang='lat' dir='ltr'><strong>eadem</strong></span> <span class='ocrx_word' id='word_1_335' title='bbox 3619 1915 3672 1962; x_wconf 91' lang='lat' dir='ltr'><strong>et</strong></span> <span class='ocrx_word' id='word_1_336' title='bbox 3695 1922 3783 1961; x_wconf 90' lang='lat' dir='ltr'><strong>vos</strong></span> 
     </span>
    </p>
   </div>
   <div class='ocr_carea' id='block_1_48' title="bbox 2211 1987 2527 2045">
    <p class='ocr_par' dir='ltr' id='par_1_48' title="bbox 2211 1987 2527 2045">
     <span class='ocr_line' id='line_1_48' title="bbox 2211 1987 2527 2045; baseline 0.009 -3"><span class='ocrx_word' id='word_1_337' title='bbox 2211 1987 2374 2044; x_wconf 74' lang='lat' dir='ltr'><strong>facite</strong></span> <span class='ocrx_word' id='word_1_338' title='bbox 2401 1989 2527 2045; x_wconf 87' lang='lat' dir='ltr'><strong>illis.</strong></span> 
     </span>
    </p>
   </div>
   <div class='ocr_carea' id='block_1_49' title="bbox 2284 2078 3782 2153">
    <p class='ocr_par' dir='ltr' id='par_1_49' title="bbox 2284 2078 3782 2153">
     <span class='ocr_line' id='line_1_49' title="bbox 2284 2078 3782 2153; baseline 0.007 -21"><span class='ocrx_word' id='word_1_339' title='bbox 2284 2078 2407 2134; x_wconf 86' lang='lat' dir='ltr'><strong>Non</strong></span> <span class='ocrx_word' id='word_1_340' title='bbox 2437 2079 2548 2134; x_wconf 86' lang='lat' dir='ltr'><strong>alta</strong></span> <span class='ocrx_word' id='word_1_341' title='bbox 2605 2082 2880 2153; x_wconf 79' lang='lat' dir='ltr'><strong>sapientes,</strong></span> <span class='ocrx_word' id='word_1_342' title='bbox 2916 2084 3007 2138; x_wconf 83' lang='lat' dir='ltr'><strong>sed</strong></span> <span class='ocrx_word' id='word_1_343' title='bbox 3053 2083 3340 2140; x_wconf 72' lang='lat' dir='ltr'><strong>humilibus</strong></span> <span class='ocrx_word' id='word_1_344' title='bbox 3391 2087 3782 2144; x_wconf 82' lang='lat' dir='ltr'><strong>consentientes.</strong></span> 
     </span>
    </p>
   </div>
   <div class='ocr_carea' id='block_1_50' title="bbox 2213 2167 3782 2244">
    <p class='ocr_par' dir='ltr' id='par_1_50' title="bbox 2213 2167 3782 2244">
     <span class='ocr_line' id='line_1_50' title="bbox 2213 2167 3782 2244; baseline 0.006 -21"><span class='ocrx_word' id='word_1_345' title='bbox 2213 2167 2532 2238; x_wconf 88' lang='lat' dir='ltr'><strong>Superbiam</strong></span> <span class='ocrx_word' id='word_1_346' title='bbox 2581 2185 2680 2241; x_wconf 87' lang='lat' dir='ltr'><strong>per</strong></span> <span class='ocrx_word' id='word_1_347' title='bbox 2733 2172 2914 2227; x_wconf 91' lang='lat' dir='ltr'><strong>omnia</strong></span> <span class='ocrx_word' id='word_1_348' title='bbox 2969 2171 3276 2244; x_wconf 78' lang='lat' dir='ltr'><strong>fugiendam</strong></span> <span class='ocrx_word' id='word_1_349' title='bbox 3308 2177 3484 2242; x_wconf 90' lang='lat' dir='ltr'><strong>docet,</strong></span> <span class='ocrx_word' id='word_1_350' title='bbox 3518 2178 3622 2233; x_wconf 89' lang='lat' dir='ltr'><strong>hoc</strong></span> <span class='ocrx_word' id='word_1_351' title='bbox 3648 2180 3782 2234; x_wconf 89' lang='lat' dir='ltr'><strong>enim</strong></span> 
     </span>
    </p>
   </div>
   <div class='ocr_carea' id='block_1_51' title="bbox 2209 2257 3782 2336">
    <p class='ocr_par' dir='ltr' id='par_1_51' title="bbox 2209 2257 3782 2336">
     <span class='ocr_line' id='line_1_51' title="bbox 2209 2257 3782 2336; baseline 0.006 -26"><span class='ocrx_word' id='word_1_352' title='bbox 2209 2257 2341 2312; x_wconf 92' lang='lat' dir='ltr'><strong>dicit</strong></span> <span class='ocrx_word' id='word_1_353' title='bbox 2390 2257 2497 2313; x_wconf 89' lang='lat' dir='ltr'><strong>alta</strong></span> <span class='ocrx_word' id='word_1_354' title='bbox 2556 2259 2801 2315; x_wconf 89' lang='lat' dir='ltr'><strong>sentire:</strong></span> <span class='ocrx_word' id='word_1_355' title='bbox 2845 2268 2902 2315; x_wconf 89' lang='lat' dir='ltr'><strong>et</strong></span> <span class='ocrx_word' id='word_1_356' title='bbox 2951 2262 3147 2317; x_wconf 89' lang='lat' dir='ltr'><strong>merito</strong></span> <span class='ocrx_word' id='word_1_357' title='bbox 3218 2265 3472 2332; x_wconf 85' lang='lat' dir='ltr'><strong>superbia</strong></span> <span class='ocrx_word' id='word_1_358' title='bbox 3537 2266 3782 2336; x_wconf 84' lang='lat' dir='ltr'><strong>fugienda</strong></span> 
     </span>
    </p>
   </div>
   <div class='ocr_carea' id='block_1_52' title="bbox 2209 2348 3785 2420">
    <p class='ocr_par' dir='ltr' id='par_1_52' title="bbox 2209 2348 3785 2420">
     <span class='ocr_line' id='line_1_52' title="bbox 2209 2348 3785 2420; baseline 0.007 -19"><span class='ocrx_word' id='word_1_359' title='bbox 2209 2356 2314 2409; x_wconf 89' lang='lat' dir='ltr'><strong>est,</strong></span> <span class='ocrx_word' id='word_1_360' title='bbox 2351 2363 2474 2407; x_wconf 84' lang='lat' dir='ltr'><strong>eum</strong></span> <span class='ocrx_word' id='word_1_361' title='bbox 2530 2348 2806 2420; x_wconf 88' lang='lat' dir='ltr'><strong>Scriptura</strong></span> <span class='ocrx_word' id='word_1_362' title='bbox 2858 2351 2988 2406; x_wconf 90' lang='lat' dir='ltr'><strong>dicit</strong></span> <span class='ocrx_word' id='word_1_363' title='bbox 3020 2370 3032 2405; x_wconf 89' lang='lat'><strong>:</strong></span> <span class='ocrx_word' id='word_1_364' title='bbox 3075 2353 3211 2420; x_wconf 85' lang='lat' dir='ltr'><strong>Quia</strong></span> <span class='ocrx_word' id='word_1_365' title='bbox 3241 2354 3454 2410; x_wconf 92' lang='lat' dir='ltr'><strong>initium</strong></span> <span class='ocrx_word' id='word_1_366' title='bbox 3482 2357 3785 2413; x_wconf 81' lang='lat' dir='ltr'><strong>discedendi</strong></span> 
     </span>
    </p>
   </div>
   <div class='ocr_carea' id='block_1_53' title="bbox 2212 2440 3762 2510">
    <p class='ocr_par' dir='ltr' id='par_1_53' title="bbox 2212 2440 3762 2510">
     <span class='ocr_line' id='line_1_53' title="bbox 2212 2440 3762 2510; baseline 0.007 -17"><span class='ocrx_word' id='word_1_367' title='bbox 2212 2454 2243 2493; x_wconf 89' lang='lat' dir='ltr'><strong>a</strong></span> <span class='ocrx_word' id='word_1_368' title='bbox 2272 2440 2522 2506; x_wconf 91' lang='lat' dir='ltr'><strong>Domino,</strong></span> <span class='ocrx_word' id='word_1_369' title='bbox 2562 2441 2817 2510; x_wconf 88' lang='lat' dir='ltr'><strong>superbia</strong></span> <span class='ocrx_word' id='word_1_370' title='bbox 2841 2451 2943 2497; x_wconf 90' lang='lat' dir='ltr'><strong>est.</strong></span> <span class='ocrx_word' id='word_1_371' title='bbox 2975 2442 3120 2497; x_wconf 89' lang='lat' dir='ltr'><strong>Bene</strong></span> <span class='ocrx_word' id='word_1_372' title='bbox 3157 2453 3338 2500; x_wconf 87' lang='lat' dir='ltr'><strong>autem</strong></span> <span class='ocrx_word' id='word_1_373' title='bbox 3375 2462 3482 2502; x_wconf 93' lang='lat' dir='ltr'><strong>uno</strong></span> <span class='ocrx_word' id='word_1_374' title='bbox 3511 2463 3762 2504; x_wconf 89' lang='lat' dir='ltr'><strong>sermone</strong></span> 
     </span>
    </p>
   </div>
   <div class='ocr_carea' id='block_1_54' title="bbox 2213 2530 3783 2605">
    <p class='ocr_par' dir='ltr' id='par_1_54' title="bbox 2213 2530 3783 2605">
     <span class='ocr_line' id='line_1_54' title="bbox 2213 2530 3783 2605; baseline 0.006 -21"><span class='ocrx_word' id='word_1_375' title='bbox 2213 2530 2605 2588; x_wconf 91' lang='lat' dir='ltr'><strong>institutionem</strong></span> <span class='ocrx_word' id='word_1_376' title='bbox 2637 2534 2953 2590; x_wconf 88' lang='lat' dir='ltr'><strong>humilitatis</strong></span> <span class='ocrx_word' id='word_1_377' title='bbox 2980 2537 3249 2605; x_wconf 78' lang='lat' dir='ltr'><strong>exposuit,</strong></span> <span class='ocrx_word' id='word_1_378' title='bbox 3303 2541 3616 2596; x_wconf 88' lang='lat' dir='ltr'><strong>consentire</strong></span> <span class='ocrx_word' id='word_1_379' title='bbox 3646 2543 3783 2595; x_wconf 90' lang='lat' dir='ltr'><strong>enim</strong></span> 
     </span>
    </p>
   </div>
   <div class='ocr_carea' id='block_1_55' title="bbox 2211 2621 3783 2697">
    <p class='ocr_par' dir='ltr' id='par_1_55' title="bbox 2211 2621 3783 2697">
     <span class='ocr_line' id='line_1_55' title="bbox 2211 2621 3783 2697; baseline 0.004 -21"><span class='ocrx_word' id='word_1_380' title='bbox 2211 2621 2527 2690; x_wconf 88' lang='lat' dir='ltr'><strong>humilibus,</strong></span> <span class='ocrx_word' id='word_1_381' title='bbox 2556 2632 2612 2678; x_wconf 90' lang='lat' dir='ltr'><strong>et</strong></span> <span class='ocrx_word' id='word_1_382' title='bbox 2630 2639 2812 2679; x_wconf 88' lang='lat' dir='ltr'><strong>amare</strong></span> <span class='ocrx_word' id='word_1_383' title='bbox 2843 2625 3093 2690; x_wconf 90' lang='lat' dir='ltr'><strong>humiles,</strong></span> <span class='ocrx_word' id='word_1_384' title='bbox 3121 2635 3284 2697; x_wconf 88' lang='lat' dir='ltr'><strong>atque</strong></span> <span class='ocrx_word' id='word_1_385' title='bbox 3332 2629 3596 2685; x_wconf 87' lang='lat' dir='ltr'><strong>inclinare</strong></span> <span class='ocrx_word' id='word_1_386' title='bbox 3639 2648 3696 2686; x_wconf 89' lang='lat' dir='ltr'><strong>se</strong></span> <span class='ocrx_word' id='word_1_387' title='bbox 3721 2632 3783 2684; x_wconf 86' lang='lat' dir='ltr'><strong>ad</strong></span> 
     </span>
    </p>
   </div>
   <div class='ocr_carea' id='block_1_56' title="bbox 2209 2713 3780 2789">
    <p class='ocr_par' dir='ltr' id='par_1_56' title="bbox 2209 2713 3780 2789">
     <span class='ocr_line' id='line_1_56' title="bbox 2209 2713 3780 2789; baseline 0.006 -21"><span class='ocrx_word' id='word_1_388' title='bbox 2209 2728 2326 2778; x_wconf 87' lang='lat' dir='ltr'><strong>eos,</strong></span> <span class='ocrx_word' id='word_1_389' title='bbox 2358 2713 2460 2769; x_wconf 87' lang='lat' dir='ltr'><strong>hoc</strong></span> <span class='ocrx_word' id='word_1_390' title='bbox 2484 2723 2589 2781; x_wconf 89' lang='lat' dir='ltr'><strong>est,</strong></span> <span class='ocrx_word' id='word_1_391' title='bbox 2649 2730 3007 2772; x_wconf 87' lang='lat' dir='ltr'><strong>consuescere</strong></span> <span class='ocrx_word' id='word_1_392' title='bbox 3037 2717 3241 2772; x_wconf 89' lang='lat' dir='ltr'><strong>imitari</strong></span> <span class='ocrx_word' id='word_1_393' title='bbox 3270 2735 3391 2773; x_wconf 90' lang='lat' dir='ltr'><strong>eum</strong></span> <span class='ocrx_word' id='word_1_394' title='bbox 3463 2722 3552 2789; x_wconf 85' lang='lat' dir='ltr'><strong>qui</strong></span> <span class='ocrx_word' id='word_1_395' title='bbox 3580 2738 3703 2776; x_wconf 92' lang='lat' dir='ltr'><strong>eum</strong></span> <span class='ocrx_word' id='word_1_396' title='bbox 3730 2725 3780 2777; x_wconf 91' lang='lat' dir='ltr'><strong>in</strong></span> 
     </span>
    </p>
   </div>
   <div class='ocr_carea' id='block_1_57' title="bbox 2211 2804 3786 2881">
    <p class='ocr_par' dir='ltr' id='par_1_57' title="bbox 2211 2804 3786 2881">
     <span class='ocr_line' id='line_1_57' title="bbox 2211 2804 3786 2881; baseline 0.006 -22"><span class='ocrx_word' id='word_1_397' title='bbox 2211 2804 2384 2860; x_wconf 81' lang='lat' dir='ltr'><strong>forma</strong></span> <span class='ocrx_word' id='word_1_398' title='bbox 2421 2806 2514 2861; x_wconf 89' lang='lat' dir='ltr'><strong>Dei</strong></span> <span class='ocrx_word' id='word_1_399' title='bbox 2545 2818 2708 2872; x_wconf 88' lang='lat' dir='ltr'><strong>esset,</strong></span> <span class='ocrx_word' id='word_1_400' title='bbox 2737 2807 2964 2863; x_wconf 83' lang='lat' dir='ltr'><strong>formam</strong></span> <span class='ocrx_word' id='word_1_401' title='bbox 2995 2809 3135 2864; x_wconf 84' lang='lat' dir='ltr'><strong>servi</strong></span> <span class='ocrx_word' id='word_1_402' title='bbox 3181 2811 3436 2881; x_wconf 86' lang='lat' dir='ltr'><strong>suscepit,</strong></span> <span class='ocrx_word' id='word_1_403' title='bbox 3465 2821 3521 2867; x_wconf 92' lang='lat' dir='ltr'><strong>et</strong></span> <span class='ocrx_word' id='word_1_404' title='bbox 3545 2814 3786 2869; x_wconf 80' lang='lat' dir='ltr'><strong>humilia-</strong></span> 
     </span>
    </p>
   </div>
   <div class='ocr_carea' id='block_1_58' title="bbox 2210 2897 3293 2970">
    <p class='ocr_par' dir='ltr' id='par_1_58' title="bbox 2210 2897 3293 2970">
     <span class='ocr_line' id='line_1_58' title="bbox 2210 2897 3293 2970; baseline 0.001 -18"><span class='ocrx_word' id='word_1_405' title='bbox 2210 2898 2288 2954; x_wconf 85' lang='lat' dir='ltr'><strong>vit</strong></span> <span class='ocrx_word' id='word_1_406' title='bbox 2310 2913 2368 2954; x_wconf 88' lang='lat' dir='ltr'><strong>se</strong></span> <span class='ocrx_word' id='word_1_407' title='bbox 2395 2914 2567 2970; x_wconf 90' lang='lat' dir='ltr'><strong>usque</strong></span> <span class='ocrx_word' id='word_1_408' title='bbox 2591 2900 2659 2954; x_wconf 90' lang='lat' dir='ltr'><strong>ad</strong></span> <span class='ocrx_word' id='word_1_409' title='bbox 2688 2909 2917 2954; x_wconf 89' lang='lat' dir='ltr'><strong>mortem</strong></span> <span class='ocrx_word' id='word_1_410' title='bbox 2948 2897 3169 2970; x_wconf 82' lang='lat' dir='ltr'><strong>(Philip.</strong></span> <span class='ocrx_word' id='word_1_411' title='bbox 3208 2899 3293 2960; x_wconf 74' lang='lat' dir='ltr'><strong>tt).</strong></span> 
     </span>
    </p>
   </div>
   <div class='ocr_carea' id='block_1_59' title="bbox 2282 2988 3784 3065">
    <p class='ocr_par' dir='ltr' id='par_1_59' title="bbox 2282 2988 3784 3065">
     <span class='ocr_line' id='line_1_59' title="bbox 2282 2988 3784 3065; baseline 0.004 -22"><span class='ocrx_word' id='word_1_412' title='bbox 2282 2989 2390 3060; x_wconf 72' lang='lat' dir='ltr'><strong>(Ea:</strong></span> <span class='ocrx_word' id='word_1_413' title='bbox 2434 2988 2690 3062; x_wconf 85' lang='lat' dir='ltr'><strong>Primus.)</strong></span> <span class='ocrx_word' id='word_1_414' title='bbox 2731 2989 2992 3060; x_wconf 88' lang='lat' dir='ltr'><strong>Superbia</strong></span> <span class='ocrx_word' id='word_1_415' title='bbox 3040 2991 3178 3060; x_wconf 89' lang='lat' dir='ltr'><strong>sapit</strong></span> <span class='ocrx_word' id='word_1_416' title='bbox 3207 2991 3327 3053; x_wconf 88' lang='lat' dir='ltr'><strong>iste,</strong></span> <span class='ocrx_word' id='word_1_417' title='bbox 3361 2991 3453 3060; x_wconf 90' lang='lat' dir='ltr'><strong>qui</strong></span> <span class='ocrx_word' id='word_1_418' title='bbox 3509 3008 3664 3048; x_wconf 88' lang='lat' dir='ltr'><strong>suam</strong></span> <span class='ocrx_word' id='word_1_419' title='bbox 3696 3011 3784 3065; x_wconf 89' lang='lat' dir='ltr'><strong>per</strong></span> 
     </span>
    </p>
   </div>
   <div class='ocr_carea' id='block_1_60' title="bbox 2211 3081 3782 3153">
    <p class='ocr_par' dir='ltr' id='par_1_60' title="bbox 2211 3081 3782 3153">
     <span class='ocr_line' id='line_1_60' title="bbox 2211 3081 3782 3153; baseline 0.001 -15"><span class='ocrx_word' id='word_1_420' title='bbox 2211 3098 2270 3138; x_wconf 85' lang='lat' dir='ltr'><strong>se</strong></span> <span class='ocrx_word' id='word_1_421' title='bbox 2307 3083 2492 3138; x_wconf 91' lang='lat' dir='ltr'><strong>ulcisci</strong></span> <span class='ocrx_word' id='word_1_422' title='bbox 2517 3083 2663 3152; x_wconf 90' lang='lat' dir='ltr'><strong>cupit</strong></span> <span class='ocrx_word' id='word_1_423' title='bbox 2689 3081 2962 3151; x_wconf 88' lang='lat' dir='ltr'><strong>iniuriam,</strong></span> <span class='ocrx_word' id='word_1_424' title='bbox 2995 3090 3050 3138; x_wconf 92' lang='lat' dir='ltr'><strong>et</strong></span> <span class='ocrx_word' id='word_1_425' title='bbox 3077 3098 3183 3137; x_wconf 88' lang='lat' dir='ltr'><strong>non</strong></span> <span class='ocrx_word' id='word_1_426' title='bbox 3211 3081 3504 3139; x_wconf 89' lang='lat' dir='ltr'><strong>humilibus</strong></span> <span class='ocrx_word' id='word_1_427' title='bbox 3533 3085 3714 3153; x_wconf 89' lang='lat' dir='ltr'><strong>rebus,</strong></span> <span class='ocrx_word' id='word_1_428' title='bbox 3736 3088 3782 3140; x_wconf 90' lang='lat' dir='ltr'><strong>id</strong></span> 
     </span>
    </p>
   </div>
   <div class='ocr_carea' id='block_1_61' title="bbox 532 3147 2948 3256">
    <p class='ocr_par' dir='ltr' id='par_1_61' title="bbox 532 3147 2948 3256">
     <span class='ocr_line' id='line_1_61' title="bbox 532 3147 2948 3256; baseline -0.004 -18"><span class='ocrx_word' id='word_1_429' title='bbox 532 3186 678 3240; x_wconf 88' lang='lat' dir='ltr'><strong>neris</strong></span> <span class='ocrx_word' id='word_1_430' title='bbox 725 3147 940 3256; x_wconf 76' lang='lat' dir='ltr'><strong>semper</strong></span> <span class='ocrx_word' id='word_1_431' title='bbox 978 3182 1065 3238; x_wconf 88' lang='lat' dir='ltr'><strong>his</strong></span> <span class='ocrx_word' id='word_1_432' title='bbox 1102 3183 1195 3254; x_wconf 92' lang='lat' dir='ltr'><strong>qui</strong></span> <span class='ocrx_word' id='word_1_433' title='bbox 1225 3185 1292 3238; x_wconf 91' lang='lat' dir='ltr'><strong>ab</strong></span> <span class='ocrx_word' id='word_1_434' title='bbox 1329 3197 1394 3238; x_wconf 88' lang='lat' dir='ltr'><strong>eo</strong></span> <span class='ocrx_word' id='word_1_435' title='bbox 1423 3180 1816 3237; x_wconf 86' lang='lat' dir='ltr'><strong>benedicuntur</strong></span> <span class='ocrx_word' id='word_1_436' title='bbox 1843 3179 2102 3248; x_wconf 89' lang='lat' dir='ltr'><strong>impertit,</strong></span> <span class='ocrx_word' id='word_1_437' title='bbox 2134 3147 2177 3209; x_wconf 65' lang='grc' dir='ltr'>Ο</span> <span class='ocrx_word' id='word_1_438' title='bbox 2207 3182 2308 3237; x_wconf 89' lang='lat' dir='ltr'><strong>est,</strong></span> <span class='ocrx_word' id='word_1_439' title='bbox 2342 3173 2634 3229; x_wconf 89' lang='lat' dir='ltr'><strong>humilitati</strong></span> <span class='ocrx_word' id='word_1_440' title='bbox 2662 3173 2948 3229; x_wconf 90' lang='lat' dir='ltr'><strong>consentit.</strong></span> 
     </span>
    </p>
   </div>
   <div class='ocr_carea' id='block_1_62' title="bbox 523 3268 2108 3340">
    <p class='ocr_par' dir='ltr' id='par_1_62' title="bbox 523 3268 2108 3340">
     <span class='ocr_line' id='line_1_62' title="bbox 523 3268 2108 3340; baseline -0.004 -10"><span class='ocrx_word' id='word_1_441' title='bbox 523 3275 782 3330; x_wconf 75' lang='lat' dir='ltr'><strong>homines</strong></span> <span class='ocrx_word' id='word_1_442' title='bbox 839 3289 967 3329; x_wconf 91' lang='lat' dir='ltr'><strong>vero</strong></span> <span class='ocrx_word' id='word_1_443' title='bbox 1011 3274 1182 3328; x_wconf 85' lang='lat' dir='ltr'><strong>Deum</strong></span> <span class='ocrx_word' id='word_1_444' title='bbox 1226 3272 1547 3327; x_wconf 82' lang='lat' dir='ltr'><strong>benedicere</strong></span> <span class='ocrx_word' id='word_1_445' title='bbox 1583 3284 1682 3340; x_wconf 91' lang='lat' dir='ltr'><strong>pro</strong></span> <span class='ocrx_word' id='word_1_446' title='bbox 1709 3268 1813 3323; x_wconf 93' lang='lat' dir='ltr'><strong>hoc</strong></span> <span class='ocrx_word' id='word_1_447' title='bbox 1855 3270 2108 3339; x_wconf 89' lang='lat' dir='ltr'><strong>quodest</strong></span> 
     </span>
    </p>
   </div>
   <div class='ocr_carea' id='block_1_63' title="bbox 533 3362 1601 3434">
    <p class='ocr_par' dir='ltr' id='par_1_63' title="bbox 533 3362 1601 3434">
     <span class='ocr_line' id='line_1_63' title="bbox 533 3362 1601 3434; baseline -0.005 -15"><span class='ocrx_word' id='word_1_448' title='bbox 533 3367 755 3420; x_wconf 77' lang='lat' dir='ltr'><strong>laudare</strong></span> <span class='ocrx_word' id='word_1_449' title='bbox 798 3373 853 3419; x_wconf 91' lang='lat' dir='ltr'><strong>et</strong></span> <span class='ocrx_word' id='word_1_450' title='bbox 878 3364 1080 3434; x_wconf 85' lang='lat' dir='ltr'><strong>gratias</strong></span> <span class='ocrx_word' id='word_1_451' title='bbox 1105 3362 1310 3418; x_wconf 79' lang='lat' dir='ltr'><strong>referre</strong></span> <span class='ocrx_word' id='word_1_452' title='bbox 1334 3363 1601 3416; x_wconf 89' lang='lat' dir='ltr'><strong>dicuntur.</strong></span> 
     </span>
    </p>
   </div>
   <div class='ocr_carea' id='block_1_64' title="bbox 607 3451 2109 3521">
    <p class='ocr_par' dir='ltr' id='par_1_64' title="bbox 607 3451 2109 3521">
     <span class='ocr_line' id='line_1_64' title="bbox 607 3451 2109 3521; baseline -0.002 -14"><span class='ocrx_word' id='word_1_453' title='bbox 607 3452 902 3508; x_wconf 85' lang='lat' dir='ltr'><strong>Benedicite</strong></span> <span class='ocrx_word' id='word_1_454' title='bbox 924 3462 970 3507; x_wconf 89' lang='lat' dir='ltr'><strong>et</strong></span> <span class='ocrx_word' id='word_1_455' title='bbox 999 3453 1157 3506; x_wconf 71' lang='lat' dir='ltr'><strong>nolite</strong></span> <span class='ocrx_word' id='word_1_456' title='bbox 1196 3452 1518 3520; x_wconf 73' lang='lat' dir='ltr'><strong>maledicere.</strong></span> <span class='ocrx_word' id='word_1_457' title='bbox 1563 3451 1819 3506; x_wconf 88' lang='lat' dir='ltr'><strong>liortatur</strong></span> <span class='ocrx_word' id='word_1_458' title='bbox 1851 3467 1948 3505; x_wconf 89' lang='lat' dir='ltr'><strong>nos</strong></span> <span class='ocrx_word' id='word_1_459' title='bbox 1968 3451 2109 3521; x_wconf 81' lang='lat' dir='ltr'><strong>Apo-</strong></span> 
     </span>
    </p>
   </div>
   <div class='ocr_carea' id='block_1_65' title="bbox 531 3543 2109 3613">
    <p class='ocr_par' dir='ltr' id='par_1_65' title="bbox 531 3543 2109 3613">
     <span class='ocr_line' id='line_1_65' title="bbox 531 3543 2109 3613; baseline -0.001 -15"><span class='ocrx_word' id='word_1_460' title='bbox 531 3543 700 3599; x_wconf 73' lang='lat' dir='ltr'><strong>stolus</strong></span> <span class='ocrx_word' id='word_1_461' title='bbox 735 3552 795 3598; x_wconf 91' lang='lat' dir='ltr'><strong>ttt</strong></span> <span class='ocrx_word' id='word_1_462' title='bbox 819 3559 943 3600; x_wconf 87' lang='lat' dir='ltr'><strong>eum</strong></span> <span class='ocrx_word' id='word_1_463' title='bbox 974 3558 1327 3613; x_wconf 88' lang='lat' dir='ltr'><strong>provocamur</strong></span> <span class='ocrx_word' id='word_1_464' title='bbox 1351 3543 1420 3598; x_wconf 92' lang='lat' dir='ltr'><strong>ab</strong></span> <span class='ocrx_word' id='word_1_465' title='bbox 1451 3543 1706 3609; x_wconf 85' lang='lat' dir='ltr'><strong>inimicis,</strong></span> <span class='ocrx_word' id='word_1_466' title='bbox 1731 3557 1837 3597; x_wconf 91' lang='lat' dir='ltr'><strong>non</strong></span> <span class='ocrx_word' id='word_1_467' title='bbox 1868 3557 1967 3612; x_wconf 87' lang='lat' dir='ltr'><strong>pro</strong></span> <span class='ocrx_word' id='word_1_468' title='bbox 1994 3557 2109 3596; x_wconf 85' lang='lat' dir='ltr'><strong>ma-</strong></span> 
     </span>
    </p>
   </div>
   <div class='ocr_carea' id='block_1_66' title="bbox 533 3633 2108 3704">
    <p class='ocr_par' dir='ltr' id='par_1_66' title="bbox 533 3633 2108 3704">
     <span class='ocr_line' id='line_1_66' title="bbox 533 3633 2108 3704; baseline -0.003 -12"><span class='ocrx_word' id='word_1_469' title='bbox 533 3636 740 3692; x_wconf 86' lang='lat' dir='ltr'><strong>ledictis</strong></span> <span class='ocrx_word' id='word_1_470' title='bbox 765 3635 1049 3691; x_wconf 89' lang='lat' dir='ltr'><strong>maledicta</strong></span> <span class='ocrx_word' id='word_1_471' title='bbox 1085 3635 1392 3699; x_wconf 86' lang='lat' dir='ltr'><strong>reddamus,</strong></span> <span class='ocrx_word' id='word_1_472' title='bbox 1421 3637 1513 3690; x_wconf 90' lang='lat' dir='ltr'><strong>sed</strong></span> <span class='ocrx_word' id='word_1_473' title='bbox 1540 3633 1805 3690; x_wconf 78' lang='lat' dir='ltr'><strong>faciamus</strong></span> <span class='ocrx_word' id='word_1_474' title='bbox 1825 3634 1967 3704; x_wconf 89' lang='lat' dir='ltr'><strong>quod</strong></span> <span class='ocrx_word' id='word_1_475' title='bbox 1992 3635 2108 3703; x_wconf 89' lang='lat' dir='ltr'><strong>ipse</strong></span> 
     </span>
    </p>
   </div>
   <div class='ocr_carea' id='block_1_67' title="bbox 531 3723 2111 3797">
    <p class='ocr_par' dir='ltr' id='par_1_67' title="bbox 531 3723 2111 3797">
     <span class='ocr_line' id='line_1_67' title="bbox 531 3723 2111 3797; baseline -0.003 -15"><span class='ocrx_word' id='word_1_476' title='bbox 531 3730 598 3782; x_wconf 90' lang='lat' dir='ltr'><strong>de</strong></span> <span class='ocrx_word' id='word_1_477' title='bbox 623 3726 917 3797; x_wconf 87' lang='lat' dir='ltr'><strong>semetipso</strong></span> <span class='ocrx_word' id='word_1_478' title='bbox 944 3725 1149 3787; x_wconf 85' lang='lat' dir='ltr'><strong>scribit,</strong></span> <span class='ocrx_word' id='word_1_479' title='bbox 1179 3725 1266 3780; x_wconf 88' lang='lat' dir='ltr'><strong>ttbi</strong></span> <span class='ocrx_word' id='word_1_480' title='bbox 1298 3725 1448 3792; x_wconf 81' lang='lat' dir='ltr'><strong>dicit,</strong></span> <span class='ocrx_word' id='word_1_481' title='bbox 1478 3725 1843 3780; x_wconf 82' lang='lat' dir='ltr'><strong>maledicitnur</strong></span> <span class='ocrx_word' id='word_1_482' title='bbox 1889 3733 1938 3778; x_wconf 86' lang='lat' dir='ltr'><strong>et</strong></span> <span class='ocrx_word' id='word_1_483' title='bbox 1965 3723 2111 3778; x_wconf 84' lang='lat' dir='ltr'><strong>bene-</strong></span> 
     </span>
    </p>
   </div>
   <div class='ocr_carea' id='block_1_68' title="bbox 531 3814 1133 3888">
    <p class='ocr_par' dir='ltr' id='par_1_68' title="bbox 531 3814 1133 3888">
     <span class='ocr_line' id='line_1_68' title="bbox 531 3814 1133 3888; baseline -0.007 -15"><span class='ocrx_word' id='word_1_484' title='bbox 531 3819 759 3880; x_wconf 72' lang='lat' dir='ltr'><strong>dicimtts</strong></span> <span class='ocrx_word' id='word_1_485' title='bbox 799 3816 851 3888; x_wconf 94' lang='lat' dir='ltr'><strong>(I</strong></span> <span class='ocrx_word' id='word_1_486' title='bbox 880 3814 1004 3872; x_wconf 87' lang='lat' dir='ltr'><strong>Cor.</strong></span> <span class='ocrx_word' id='word_1_487' title='bbox 1037 3815 1133 3888; x_wconf 89' lang='lat' dir='ltr'><strong>tv).</strong></span> 
     </span>
    </p>
   </div>
   <div class='ocr_carea' id='block_1_69' title="bbox 603 3904 2109 3978">
    <p class='ocr_par' dir='ltr' id='par_1_69' title="bbox 603 3904 2109 3978">
     <span class='ocr_line' id='line_1_69' title="bbox 603 3904 2109 3978; baseline -0.001 -16"><span class='ocrx_word' id='word_1_488' title='bbox 603 3905 838 3963; x_wconf 80' lang='lat' dir='ltr'><strong>Gaudete</strong></span> <span class='ocrx_word' id='word_1_489' title='bbox 864 3924 982 3963; x_wconf 79' lang='lat' dir='ltr'><strong>cum</strong></span> <span class='ocrx_word' id='word_1_490' title='bbox 1026 3907 1389 3978; x_wconf 80' lang='lat' dir='ltr'><strong>gaudentibus.</strong></span> <span class='ocrx_word' id='word_1_491' title='bbox 1437 3905 1691 3962; x_wconf 78' lang='lat' dir='ltr'><strong>ilabenzia</strong></span> <span class='ocrx_word' id='word_1_492' title='bbox 1748 3914 1832 3962; x_wconf 89' lang='lat' dir='ltr'><strong>est</strong></span> <span class='ocrx_word' id='word_1_493' title='bbox 1858 3904 2023 3960; x_wconf 91' lang='lat' dir='ltr'><strong>etiam</strong></span> <span class='ocrx_word' id='word_1_494' title='bbox 2054 3905 2109 3960; x_wconf 90' lang='lat' dir='ltr'><strong>in</strong></span> 
     </span>
    </p>
   </div>
   <div class='ocr_carea' id='block_1_70' title="bbox 531 3998 2107 4074">
    <p class='ocr_par' dir='ltr' id='par_1_70' title="bbox 531 3998 2107 4074">
     <span class='ocr_line' id='line_1_70' title="bbox 531 3998 2107 4074; baseline -0.004 -15"><span class='ocrx_word' id='word_1_495' title='bbox 531 4003 636 4059; x_wconf 86' lang='lat' dir='ltr'><strong>hoc</strong></span> <span class='ocrx_word' id='word_1_496' title='bbox 663 4011 976 4074; x_wconf 87' lang='lat' dir='ltr'><strong>competens</strong></span> <span class='ocrx_word' id='word_1_497' title='bbox 1002 4009 1059 4056; x_wconf 85' lang='lat' dir='ltr'><strong>et</strong></span> <span class='ocrx_word' id='word_1_498' title='bbox 1087 4009 1211 4071; x_wconf 88' lang='lat' dir='ltr'><strong>apta</strong></span> <span class='ocrx_word' id='word_1_499' title='bbox 1236 4001 1534 4066; x_wconf 87' lang='lat' dir='ltr'><strong>distinctio,</strong></span> <span class='ocrx_word' id='word_1_500' title='bbox 1566 4015 1672 4054; x_wconf 91' lang='lat' dir='ltr'><strong>non</strong></span> <span class='ocrx_word' id='word_1_501' title='bbox 1705 3998 1849 4052; x_wconf 91' lang='lat' dir='ltr'><strong>enim</strong></span> <span class='ocrx_word' id='word_1_502' title='bbox 1879 3998 2107 4069; x_wconf 88' lang='lat' dir='ltr'><strong>quibus-</strong></span> 
     </span>
    </p>
   </div>
   <div class='ocr_carea' id='block_1_71' title="bbox 527 4088 2107 4166">
    <p class='ocr_par' dir='ltr' id='par_1_71' title="bbox 527 4088 2107 4166">
     <span class='ocr_line' id='line_1_71' title="bbox 527 4088 2107 4166; baseline -0.004 -16"><span class='ocrx_word' id='word_1_503' title='bbox 527 4109 745 4166; x_wconf 85' lang='lat' dir='ltr'><strong>cunque</strong></span> <span class='ocrx_word' id='word_1_504' title='bbox 809 4093 1042 4166; x_wconf 86' lang='lat' dir='ltr'><strong>gaudiis,</strong></span> <span class='ocrx_word' id='word_1_505' title='bbox 1107 4093 1537 4148; x_wconf 89' lang='lat' dir='ltr'><strong>Christianorum</strong></span> <span class='ocrx_word' id='word_1_506' title='bbox 1603 4090 1794 4163; x_wconf 85' lang='lat' dir='ltr'><strong>gaudia</strong></span> <span class='ocrx_word' id='word_1_507' title='bbox 1850 4088 2107 4146; x_wconf 87' lang='lat' dir='ltr'><strong>socianda</strong></span> 
     </span>
    </p>
   </div>
   <div class='ocr_carea' id='block_1_72' title="bbox 475 4180 2108 4256">
    <p class='ocr_par' dir='ltr' id='par_1_72' title="bbox 475 4180 2108 4256">
     <span class='ocr_line' id='line_1_72' title="bbox 475 4180 2108 4256; baseline -0.004 -15"><span class='ocrx_word' id='word_1_508' title='bbox 475 4187 492 4203; x_wconf 86' lang='lat'>&#39;</span> <span class='ocrx_word' id='word_1_509' title='bbox 528 4192 674 4250; x_wconf 85' lang='lat' dir='ltr'><strong>sunt,</strong></span> <span class='ocrx_word' id='word_1_510' title='bbox 705 4199 882 4256; x_wconf 88' lang='lat' dir='ltr'><strong>neque</strong></span> <span class='ocrx_word' id='word_1_511' title='bbox 909 4184 1051 4239; x_wconf 89' lang='lat' dir='ltr'><strong>enim</strong></span> <span class='ocrx_word' id='word_1_512' title='bbox 1083 4184 1128 4238; x_wconf 88' lang='lat' dir='ltr'><strong>si</strong></span> <span class='ocrx_word' id='word_1_513' title='bbox 1157 4183 1366 4239; x_wconf 87' lang='lat' dir='ltr'><strong>videam</strong></span> <span class='ocrx_word' id='word_1_514' title='bbox 1402 4181 1636 4254; x_wconf 84' lang='lat' dir='ltr'><strong>gaudere</strong></span> <span class='ocrx_word' id='word_1_515' title='bbox 1665 4180 1898 4251; x_wconf 86' lang='lat' dir='ltr'><strong>aliquem</strong></span> <span class='ocrx_word' id='word_1_516' title='bbox 1943 4195 2108 4249; x_wconf 88' lang='lat' dir='ltr'><strong>super</strong></span> 
     </span>
    </p>
   </div>
   <div class='ocr_carea' id='block_1_73' title="bbox 527 4268 2106 4348">
    <p class='ocr_par' dir='ltr' id='par_1_73' title="bbox 527 4268 2106 4348">
     <span class='ocr_line' id='line_1_73' title="bbox 527 4268 2106 4348; baseline -0.004 -21"><span class='ocrx_word' id='word_1_517' title='bbox 527 4282 737 4345; x_wconf 70' lang='lat' dir='ltr'><strong>quaistu</strong></span> <span class='ocrx_word' id='word_1_518' title='bbox 788 4273 1056 4348; x_wconf 69' lang='lat' dir='ltr'><strong>pecunim,</strong></span> <span class='ocrx_word' id='word_1_519' title='bbox 1108 4280 1203 4331; x_wconf 91' lang='lat' dir='ltr'><strong>aut</strong></span> <span class='ocrx_word' id='word_1_520' title='bbox 1246 4272 1522 4330; x_wconf 76' lang='lat' dir='ltr'><strong>szecularis</strong></span> <span class='ocrx_word' id='word_1_521' title='bbox 1578 4269 1802 4326; x_wconf 90' lang='lat' dir='ltr'><strong>honoris</strong></span> <span class='ocrx_word' id='word_1_522' title='bbox 1857 4268 2106 4324; x_wconf 88' lang='lat' dir='ltr'><strong>eminen-</strong></span> 
     </span>
    </p>
   </div>
   <div class='ocr_carea' id='block_1_74' title="bbox 533 4358 2107 4440">
    <p class='ocr_par' dir='ltr' id='par_1_74' title="bbox 533 4358 2107 4440">
     <span class='ocr_line' id='line_1_74' title="bbox 533 4358 2107 4440; baseline -0.004 -22"><span class='ocrx_word' id='word_1_523' title='bbox 533 4365 644 4430; x_wconf 64' lang='lat' dir='ltr'><strong>tite,</strong></span> <span class='ocrx_word' id='word_1_524' title='bbox 673 4362 1043 4440; x_wconf 85' lang='lat' dir='ltr'><strong>congratulari</strong></span> <span class='ocrx_word' id='word_1_525' title='bbox 1071 4361 1242 4418; x_wconf 89' lang='lat' dir='ltr'><strong>debeo</strong></span> <span class='ocrx_word' id='word_1_526' title='bbox 1269 4362 1468 4417; x_wconf 90' lang='lat' dir='ltr'><strong>talibus</strong></span> <span class='ocrx_word' id='word_1_527' title='bbox 1493 4361 1585 4431; x_wconf 91' lang='lat' dir='ltr'><strong>qui</strong></span> <span class='ocrx_word' id='word_1_528' title='bbox 1616 4359 1807 4425; x_wconf 84' lang='lat' dir='ltr'><strong>sciam,</strong></span> <span class='ocrx_word' id='word_1_529' title='bbox 1838 4358 1984 4428; x_wconf 87' lang='lat' dir='ltr'><strong>quod</strong></span> <span class='ocrx_word' id='word_1_530' title='bbox 2007 4359 2107 4414; x_wconf 91' lang='lat' dir='ltr'><strong>hu-</strong></span> 
     </span>
    </p>
   </div>
   <div class='ocr_carea' id='block_1_75' title="bbox 521 4448 2104 4533">
    <p class='ocr_par' dir='ltr' id='par_1_75' title="bbox 521 4448 2104 4533">
     <span class='ocr_line' id='line_1_75' title="bbox 521 4448 2104 4533; baseline -0.002 -27"><span class='ocrx_word' id='word_1_531' title='bbox 521 4452 760 4523; x_wconf 90' lang='lat' dir='ltr'><strong>iusmodi</strong></span> <span class='ocrx_word' id='word_1_532' title='bbox 825 4453 1019 4533; x_wconf 85' lang='lat' dir='ltr'><strong>gaudia</strong></span> <span class='ocrx_word' id='word_1_533' title='bbox 1075 4452 1252 4507; x_wconf 88' lang='lat' dir='ltr'><strong>luctus</strong></span> <span class='ocrx_word' id='word_1_534' title='bbox 1305 4459 1567 4522; x_wconf 84' lang='lat' dir='ltr'><strong>sequatur</strong></span> <span class='ocrx_word' id='word_1_535' title='bbox 1624 4450 1976 4521; x_wconf 80' lang='lat' dir='ltr'><strong>etlacrymae,</strong></span> <span class='ocrx_word' id='word_1_536' title='bbox 2009 4448 2104 4503; x_wconf 90' lang='lat' dir='ltr'><strong>sed</strong></span> 
     </span>
    </p>
   </div>
   <div class='ocr_carea' id='block_1_76' title="bbox 527 4538 2102 4613">
    <p class='ocr_par' dir='ltr' id='par_1_76' title="bbox 527 4538 2102 4613">
     <span class='ocr_line' id='line_1_76' title="bbox 527 4538 2102 4613; baseline -0.004 -17"><span class='ocrx_word' id='word_1_537' title='bbox 527 4543 656 4612; x_wconf 86' lang='lat' dir='ltr'><strong>quia</strong></span> <span class='ocrx_word' id='word_1_538' title='bbox 705 4542 965 4600; x_wconf 89' lang='lat' dir='ltr'><strong>Dominus</strong></span> <span class='ocrx_word' id='word_1_539' title='bbox 1012 4541 1268 4613; x_wconf 85' lang='lat' dir='ltr'><strong>apostolis</strong></span> <span class='ocrx_word' id='word_1_540' title='bbox 1290 4539 1366 4594; x_wconf 88' lang='lat' dir='ltr'><strong>ait</strong></span> <span class='ocrx_word' id='word_1_541' title='bbox 1393 4558 1407 4595; x_wconf 89' lang='lat'><strong>:</strong></span> <span class='ocrx_word' id='word_1_542' title='bbox 1438 4539 1680 4594; x_wconf 86' lang='lat' dir='ltr'><strong>Gaudete</strong></span> <span class='ocrx_word' id='word_1_543' title='bbox 1730 4538 1858 4607; x_wconf 88' lang='lat' dir='ltr'><strong>quia</strong></span> <span class='ocrx_word' id='word_1_544' title='bbox 1883 4538 2102 4592; x_wconf 90' lang='lat' dir='ltr'><strong>nomina</strong></span> 
     </span>
    </p>
   </div>
   <div class='ocr_carea' id='block_1_77' title="bbox 524 4627 2104 4705">
    <p class='ocr_par' dir='ltr' id='par_1_77' title="bbox 524 4627 2104 4705">
     <span class='ocr_line' id='line_1_77' title="bbox 524 4627 2104 4705; baseline -0.006 -15"><span class='ocrx_word' id='word_1_545' title='bbox 524 4639 706 4693; x_wconf 80' lang='lat' dir='ltr'><strong>.vcstra</strong></span> <span class='ocrx_word' id='word_1_546' title='bbox 741 4632 945 4705; x_wconf 86' lang='lat' dir='ltr'><strong>scripta</strong></span> <span class='ocrx_word' id='word_1_547' title='bbox 971 4641 1099 4687; x_wconf 89' lang='lat' dir='ltr'><strong>sunt</strong></span> <span class='ocrx_word' id='word_1_548' title='bbox 1146 4630 1200 4685; x_wconf 90' lang='lat' dir='ltr'><strong>in</strong></span> <span class='ocrx_word' id='word_1_549' title='bbox 1227 4629 1383 4685; x_wconf 72' lang='lat' dir='ltr'><strong>cmlo.</strong></span> <span class='ocrx_word' id='word_1_550' title='bbox 1421 4629 1488 4686; x_wconf 82' lang='lat' dir='ltr'><strong>Et</strong></span> <span class='ocrx_word' id='word_1_551' title='bbox 1512 4643 1632 4693; x_wconf 91' lang='lat' dir='ltr'><strong>nos,</strong></span> <span class='ocrx_word' id='word_1_552' title='bbox 1655 4627 1700 4683; x_wconf 93' lang='lat' dir='ltr'><strong>si</strong></span> <span class='ocrx_word' id='word_1_553' title='bbox 1728 4627 2008 4682; x_wconf 90' lang='lat' dir='ltr'><strong>videamus</strong></span> <span class='ocrx_word' id='word_1_554' title='bbox 2036 4627 2104 4681; x_wconf 91' lang='lat' dir='ltr'><strong>ab</strong></span> 
     </span>
    </p>
   </div>
   <div class='ocr_carea' id='block_1_78' title="bbox 528 4715 2103 4794">
    <p class='ocr_par' dir='ltr' id='par_1_78' title="bbox 528 4715 2103 4794">
     <span class='ocr_line' id='line_1_78' title="bbox 528 4715 2103 4794; baseline -0.006 -15"><span class='ocrx_word' id='word_1_555' title='bbox 528 4723 710 4794; x_wconf 84' lang='lat' dir='ltr'><strong>aliquo</strong></span> <span class='ocrx_word' id='word_1_556' title='bbox 746 4721 850 4776; x_wconf 88' lang='lat' dir='ltr'><strong>tale</strong></span> <span class='ocrx_word' id='word_1_557' title='bbox 893 4735 1031 4791; x_wconf 83' lang='lat' dir='ltr'><strong>opus</strong></span> <span class='ocrx_word' id='word_1_558' title='bbox 1068 4719 1181 4790; x_wconf 86' lang='lat' dir='ltr'><strong>geri</strong></span> <span class='ocrx_word' id='word_1_559' title='bbox 1221 4718 1366 4788; x_wconf 89' lang='lat' dir='ltr'><strong>quod</strong></span> <span class='ocrx_word' id='word_1_560' title='bbox 1414 4717 1470 4772; x_wconf 87' lang='lat' dir='ltr'><strong>in</strong></span> <span class='ocrx_word' id='word_1_561' title='bbox 1498 4716 1639 4772; x_wconf 72' lang='lat' dir='ltr'><strong>ecelo</strong></span> <span class='ocrx_word' id='word_1_562' title='bbox 1689 4715 1852 4771; x_wconf 89' lang='lat' dir='ltr'><strong>scribi</strong></span> <span class='ocrx_word' id='word_1_563' title='bbox 1883 4716 2103 4786; x_wconf 88' lang='lat' dir='ltr'><strong>dignum</strong></span> 
     </span>
    </p>
   </div>
   <div class='ocr_carea' id='block_1_79' title="bbox 527 4807 2100 4885">
    <p class='ocr_par' dir='ltr' id='par_1_79' title="bbox 527 4807 2100 4885">
     <span class='ocr_line' id='line_1_79' title="bbox 527 4807 2100 4885; baseline -0.005 -14"><span class='ocrx_word' id='word_1_564' title='bbox 527 4817 622 4880; x_wconf 84' lang='lat' dir='ltr'><strong>sit,</strong></span> <span class='ocrx_word' id='word_1_565' title='bbox 653 4815 770 4873; x_wconf 89' lang='lat' dir='ltr'><strong>sive</strong></span> <span class='ocrx_word' id='word_1_566' title='bbox 789 4813 1018 4885; x_wconf 76' lang='lat' dir='ltr'><strong>iustitia:</strong></span> <span class='ocrx_word' id='word_1_567' title='bbox 1067 4825 1228 4880; x_wconf 90' lang='lat' dir='ltr'><strong>opus,</strong></span> <span class='ocrx_word' id='word_1_568' title='bbox 1257 4809 1374 4864; x_wconf 88' lang='lat' dir='ltr'><strong>sive</strong></span> <span class='ocrx_word' id='word_1_569' title='bbox 1424 4808 1734 4872; x_wconf 88' lang='lat' dir='ltr'><strong>charitatis,</strong></span> <span class='ocrx_word' id='word_1_570' title='bbox 1790 4807 1905 4863; x_wconf 88' lang='lat' dir='ltr'><strong>sive</strong></span> <span class='ocrx_word' id='word_1_571' title='bbox 1930 4807 2100 4877; x_wconf 91' lang='lat' dir='ltr'><strong>pacis,</strong></span> 
     </span>
    </p>
   </div>
   <div class='ocr_carea' id='block_1_80' title="bbox 525 4897 2104 4972">
    <p class='ocr_par' dir='ltr' id='par_1_80' title="bbox 525 4897 2104 4972">
     <span class='ocr_line' id='line_1_80' title="bbox 525 4897 2104 4972; baseline -0.004 -14"><span class='ocrx_word' id='word_1_572' title='bbox 525 4907 610 4962; x_wconf 85' lang='lat' dir='ltr'><strong>vel</strong></span> <span class='ocrx_word' id='word_1_573' title='bbox 641 4903 1044 4966; x_wconf 64' lang='lat' dir='ltr'><strong>misericordiw,</strong></span> <span class='ocrx_word' id='word_1_574' title='bbox 1075 4909 1131 4956; x_wconf 89' lang='lat' dir='ltr'><strong>ct</strong></span> <span class='ocrx_word' id='word_1_575' title='bbox 1157 4901 1231 4960; x_wconf 86' lang='lat' dir='ltr'><strong>lla</strong></span> <span class='ocrx_word' id='word_1_576' title='bbox 1258 4907 1492 4972; x_wconf 86' lang='lat' dir='ltr'><strong>gestum,</strong></span> <span class='ocrx_word' id='word_1_577' title='bbox 1521 4907 1580 4951; x_wconf 88' lang='lat' dir='ltr'><strong>ut</strong></span> <span class='ocrx_word' id='word_1_578' title='bbox 1609 4897 1662 4952; x_wconf 90' lang='lat' dir='ltr'><strong>in</strong></span> <span class='ocrx_word' id='word_1_579' title='bbox 1691 4897 1826 4952; x_wconf 91' lang='lat' dir='ltr'><strong>libro</strong></span> <span class='ocrx_word' id='word_1_580' title='bbox 1851 4897 1973 4952; x_wconf 67' lang='lat' dir='ltr'><strong>vita:</strong></span> <span class='ocrx_word' id='word_1_581' title='bbox 2019 4914 2104 4952; x_wconf 90' lang='lat' dir='ltr'><strong>re-</strong></span> 
     </span>
    </p>
   </div>
   <div class='ocr_carea' id='block_1_81' title="bbox 531 4987 2102 5062">
    <p class='ocr_par' dir='ltr' id='par_1_81' title="bbox 531 4987 2102 5062">
     <span class='ocr_line' id='line_1_81' title="bbox 531 4987 2102 5062; baseline -0.005 -11"><span class='ocrx_word' id='word_1_582' title='bbox 531 4998 664 5054; x_wconf 88' lang='lat' dir='ltr'><strong>l&#39;erri</strong></span> <span class='ocrx_word' id='word_1_583' title='bbox 695 5003 998 5058; x_wconf 88' lang='lat' dir='ltr'><strong>mereatur,</strong></span> <span class='ocrx_word' id='word_1_584' title='bbox 1029 4992 1290 5050; x_wconf 88' lang='lat' dir='ltr'><strong>debemus</strong></span> <span class='ocrx_word' id='word_1_585' title='bbox 1331 4989 1569 5062; x_wconf 83' lang='lat' dir='ltr'><strong>gaudere</strong></span> <span class='ocrx_word' id='word_1_586' title='bbox 1594 5004 1716 5044; x_wconf 91' lang='lat' dir='ltr'><strong>cum</strong></span> <span class='ocrx_word' id='word_1_587' title='bbox 1747 4987 1964 5043; x_wconf 88' lang='lat' dir='ltr'><strong>talibus.</strong></span> <span class='ocrx_word' id='word_1_588' title='bbox 1993 4988 2102 5044; x_wconf 88' lang='lat' dir='ltr'><strong>Sed</strong></span> 
     </span>
    </p>
   </div>
   <div class='ocr_carea' id='block_1_82' title="bbox 524 5082 2100 5164">
    <p class='ocr_par' dir='ltr' id='par_1_82' title="bbox 524 5082 2100 5164">
     <span class='ocr_line' id='line_1_82' title="bbox 524 5082 2100 5164; baseline -0.008 -19"><span class='ocrx_word' id='word_1_589' title='bbox 524 5101 578 5152; x_wconf 85' lang='lat' dir='ltr'><strong>et</strong></span> <span class='ocrx_word' id='word_1_590' title='bbox 611 5089 657 5144; x_wconf 91' lang='lat' dir='ltr'><strong>si</strong></span> <span class='ocrx_word' id='word_1_591' title='bbox 685 5087 907 5164; x_wconf 87' lang='lat' dir='ltr'><strong>quidem</strong></span> <span class='ocrx_word' id='word_1_592' title='bbox 931 5083 1214 5141; x_wconf 85' lang='lat' dir='ltr'><strong>videamus</strong></span> <span class='ocrx_word' id='word_1_593' title='bbox 1245 5082 1314 5138; x_wconf 89' lang='lat' dir='ltr'><strong>ab</strong></span> <span class='ocrx_word' id='word_1_594' title='bbox 1339 5095 1528 5136; x_wconf 89' lang='lat' dir='ltr'><strong>errore</strong></span> <span class='ocrx_word' id='word_1_595' title='bbox 1562 5095 1908 5144; x_wconf 88' lang='lat' dir='ltr'><strong>conversum,</strong></span> <span class='ocrx_word' id='word_1_596' title='bbox 1936 5089 1993 5134; x_wconf 90' lang='lat' dir='ltr'><strong>et</strong></span> <span class='ocrx_word' id='word_1_597' title='bbox 2013 5095 2100 5133; x_wconf 89' lang='lat' dir='ltr'><strong>re-</strong></span> 
     </span>
    </p>
   </div>
   <div class='ocr_carea' id='block_1_83' title="bbox 524 5172 2096 5250">
    <p class='ocr_par' dir='ltr' id='par_1_83' title="bbox 524 5172 2096 5250">
     <span class='ocr_line' id='line_1_83' title="bbox 524 5172 2096 5250; baseline -0.006 -14"><span class='ocrx_word' id='word_1_598' title='bbox 524 5181 667 5236; x_wconf 89' lang='lat' dir='ltr'><strong>lictis</strong></span> <span class='ocrx_word' id='word_1_599' title='bbox 696 5177 1014 5250; x_wconf 70' lang='lat' dir='ltr'><strong>ignorantia:</strong></span> <span class='ocrx_word' id='word_1_600' title='bbox 1031 5175 1282 5234; x_wconf 86' lang='lat' dir='ltr'><strong>tenebris,</strong></span> <span class='ocrx_word' id='word_1_601' title='bbox 1308 5173 1374 5228; x_wconf 89' lang='lat' dir='ltr'><strong>ad</strong></span> <span class='ocrx_word' id='word_1_602' title='bbox 1404 5173 1576 5227; x_wconf 89' lang='lat' dir='ltr'><strong>lucem</strong></span> <span class='ocrx_word' id='word_1_603' title='bbox 1602 5172 1844 5227; x_wconf 81' lang='lat' dir='ltr'><strong>veritatis</strong></span> <span class='ocrx_word' id='word_1_604' title='bbox 1867 5173 2096 5233; x_wconf 83' lang='lat' dir='ltr'><strong>venisse,</strong></span> 
     </span>
    </p>
   </div>
   <div class='ocr_carea' id='block_1_84' title="bbox 526 5260 2102 5337">
    <p class='ocr_par' dir='ltr' id='par_1_84' title="bbox 526 5260 2102 5337">
     <span class='ocr_line' id='line_1_84' title="bbox 526 5260 2102 5337; baseline -0.005 -13"><span class='ocrx_word' id='word_1_605' title='bbox 526 5268 900 5325; x_wconf 85' lang='lat' dir='ltr'><strong>remissionem</strong></span> <span class='ocrx_word' id='word_1_606' title='bbox 925 5274 1274 5337; x_wconf 86' lang='lat' dir='ltr'><strong>peccatorum</strong></span> <span class='ocrx_word' id='word_1_607' title='bbox 1299 5271 1354 5319; x_wconf 92' lang='lat' dir='ltr'><strong>et</strong></span> <span class='ocrx_word' id='word_1_608' title='bbox 1389 5262 1620 5334; x_wconf 86' lang='lat' dir='ltr'><strong>gratiam</strong></span> <span class='ocrx_word' id='word_1_609' title='bbox 1665 5262 1838 5317; x_wconf 90' lang='lat' dir='ltr'><strong>sancti</strong></span> <span class='ocrx_word' id='word_1_610' title='bbox 1869 5260 2102 5330; x_wconf 84' lang='lat' dir='ltr'><strong>Spiritus</strong></span> 
     </span>
    </p>
   </div>
   <div class='ocr_carea' id='block_1_85' title="bbox 528 5351 1758 5424">
    <p class='ocr_par' dir='ltr' id='par_1_85' title="bbox 528 5351 1758 5424">
     <span class='ocr_line' id='line_1_85' title="bbox 528 5351 1758 5424; baseline -0.006 -11"><span class='ocrx_word' id='word_1_611' title='bbox 528 5357 812 5420; x_wconf 86' lang='lat' dir='ltr'><strong>meruisse,</strong></span> <span class='ocrx_word' id='word_1_612' title='bbox 841 5357 1099 5410; x_wconf 90' lang='lat' dir='ltr'><strong>debemus</strong></span> <span class='ocrx_word' id='word_1_613' title='bbox 1131 5353 1365 5424; x_wconf 88' lang='lat' dir='ltr'><strong>gaudere</strong></span> <span class='ocrx_word' id='word_1_614' title='bbox 1392 5367 1514 5408; x_wconf 90' lang='lat' dir='ltr'><strong>cum</strong></span> <span class='ocrx_word' id='word_1_615' title='bbox 1542 5351 1758 5407; x_wconf 88' lang='lat' dir='ltr'><strong>talibus.</strong></span> 
     </span>
    </p>
   </div>
   <div class='ocr_carea' id='block_1_86' title="bbox 603 5441 2104 5513">
    <p class='ocr_par' dir='ltr' id='par_1_86' title="bbox 603 5441 2104 5513">
     <span class='ocr_line' id='line_1_86' title="bbox 603 5441 2104 5513; baseline -0.001 -15"><span class='ocrx_word' id='word_1_616' title='bbox 603 5443 751 5501; x_wconf 84' lang='lat' dir='ltr'><strong>Flete</strong></span> <span class='ocrx_word' id='word_1_617' title='bbox 779 5461 896 5498; x_wconf 85' lang='lat' dir='ltr'><strong>cum</strong></span> <span class='ocrx_word' id='word_1_618' title='bbox 933 5442 1196 5513; x_wconf 82' lang='lat' dir='ltr'><strong>ﬂentibus.</strong></span> <span class='ocrx_word' id='word_1_619' title='bbox 1236 5441 1353 5497; x_wconf 82' lang='lat' dir='ltr'><strong>Non</strong></span> <span class='ocrx_word' id='word_1_620' title='bbox 1377 5458 1498 5498; x_wconf 91' lang='lat' dir='ltr'><strong>cum</strong></span> <span class='ocrx_word' id='word_1_621' title='bbox 1554 5443 1660 5497; x_wconf 91' lang='lat' dir='ltr'><strong>illis</strong></span> <span class='ocrx_word' id='word_1_622' title='bbox 1685 5444 1775 5512; x_wconf 88' lang='lat' dir='ltr'><strong>qui</strong></span> <span class='ocrx_word' id='word_1_623' title='bbox 1809 5441 1936 5497; x_wconf 84' lang='lat' dir='ltr'><strong>ﬁent</strong></span> <span class='ocrx_word' id='word_1_624' title='bbox 1962 5457 2104 5496; x_wconf 85' lang='lat' dir='ltr'><strong>mor-</strong></span> 
     </span>
    </p>
   </div>
   <div class='ocr_carea' id='block_1_87' title="bbox 532 5531 2104 5604">
    <p class='ocr_par' dir='ltr' id='par_1_87' title="bbox 532 5531 2104 5604">
     <span class='ocr_line' id='line_1_87' title="bbox 532 5531 2104 5604; baseline -0.001 -15"><span class='ocrx_word' id='word_1_625' title='bbox 532 5545 652 5592; x_wconf 88' lang='lat' dir='ltr'><strong>tuos</strong></span> <span class='ocrx_word' id='word_1_626' title='bbox 680 5550 830 5600; x_wconf 87' lang='lat' dir='ltr'><strong>suos,</strong></span> <span class='ocrx_word' id='word_1_627' title='bbox 883 5532 1138 5604; x_wconf 89' lang='lat' dir='ltr'><strong>iubemur</strong></span> <span class='ocrx_word' id='word_1_628' title='bbox 1168 5532 1316 5599; x_wconf 85' lang='lat' dir='ltr'><strong>ﬁere,</strong></span> <span class='ocrx_word' id='word_1_629' title='bbox 1355 5541 1449 5588; x_wconf 90' lang='lat' dir='ltr'><strong>aut</strong></span> <span class='ocrx_word' id='word_1_630' title='bbox 1476 5533 1569 5604; x_wconf 89' lang='lat' dir='ltr'><strong>qui</strong></span> <span class='ocrx_word' id='word_1_631' title='bbox 1618 5531 1749 5587; x_wconf 83' lang='lat' dir='ltr'><strong>ﬁent</strong></span> <span class='ocrx_word' id='word_1_632' title='bbox 1773 5533 1971 5586; x_wconf 89' lang='lat' dir='ltr'><strong>damna</strong></span> <span class='ocrx_word' id='word_1_633' title='bbox 2005 5549 2104 5587; x_wconf 78' lang='lat' dir='ltr'><strong>sa:-</strong></span> 
     </span>
    </p>
   </div>
   <div class='ocr_carea' id='block_1_88' title="bbox 533 5622 2105 5693">
    <p class='ocr_par' dir='ltr' id='par_1_88' title="bbox 533 5622 2105 5693">
     <span class='ocr_line' id='line_1_88' title="bbox 533 5622 2105 5693; baseline 0 -15"><span class='ocrx_word' id='word_1_634' title='bbox 533 5625 756 5680; x_wconf 81' lang='lat' dir='ltr'><strong>eularta.</strong></span> <span class='ocrx_word' id='word_1_635' title='bbox 813 5622 1063 5679; x_wconf 89' lang='lat' dir='ltr'><strong>Scientes</strong></span> <span class='ocrx_word' id='word_1_636' title='bbox 1113 5624 1255 5693; x_wconf 90' lang='lat' dir='ltr'><strong>quod</strong></span> <span class='ocrx_word' id='word_1_637' title='bbox 1293 5623 1450 5693; x_wconf 88' lang='lat' dir='ltr'><strong>huius</strong></span> <span class='ocrx_word' id='word_1_638' title='bbox 1495 5622 1674 5678; x_wconf 77' lang='lat' dir='ltr'><strong>saeculi</strong></span> <span class='ocrx_word' id='word_1_639' title='bbox 1711 5623 1934 5677; x_wconf 83' lang='lat' dir='ltr'><strong>tristitia</strong></span> <span class='ocrx_word' id='word_1_640' title='bbox 1964 5639 2105 5678; x_wconf 85' lang='lat' dir='ltr'><strong>mor-</strong></span> 
     </span>
    </p>
   </div>
   <div class='ocr_carea' id='block_1_89' title="bbox 533 5713 2105 5786">
    <p class='ocr_par' dir='ltr' id='par_1_89' title="bbox 533 5713 2105 5786">
     <span class='ocr_line' id='line_1_89' title="bbox 533 5713 2105 5786; baseline -0.001 -17"><span class='ocrx_word' id='word_1_641' title='bbox 533 5724 641 5770; x_wconf 80' lang='lat' dir='ltr'><strong>tem</strong></span> <span class='ocrx_word' id='word_1_642' title='bbox 697 5725 970 5784; x_wconf 84' lang='lat' dir='ltr'><strong>operatur.</strong></span> <span class='ocrx_word' id='word_1_643' title='bbox 1010 5713 1126 5772; x_wconf 79' lang='lat' dir='ltr'><strong>Non</strong></span> <span class='ocrx_word' id='word_1_644' title='bbox 1158 5723 1284 5770; x_wconf 87' lang='lat' dir='ltr'><strong>sunt</strong></span> <span class='ocrx_word' id='word_1_645' title='bbox 1337 5729 1466 5786; x_wconf 84' lang='lat' dir='ltr'><strong>ergo</strong></span> <span class='ocrx_word' id='word_1_646' title='bbox 1518 5713 1766 5785; x_wconf 66' lang='lat' dir='ltr'><strong>lacrymm</strong></span> <span class='ocrx_word' id='word_1_647' title='bbox 1817 5713 2105 5784; x_wconf 51' lang='lat' dir='ltr'><strong>iungendae</strong></span> 
     </span>
    </p>
   </div>
   <div class='ocr_carea' id='block_1_90' title="bbox 2388 3277 3587 3333">
    <p class='ocr_par' dir='ltr' id='par_1_90' title="bbox 2388 3277 3587 3333">
     <span class='ocr_line' id='line_1_90' title="bbox 2388 3277 3587 3333; baseline 0.008 -18"><span class='ocrx_word' id='word_1_648' title='bbox 2388 3277 2723 3316; x_wconf 67' lang='grc' dir='ltr'><strong>ειἈκςι-ῑωωι</strong></span> <span class='ocrx_word' id='word_1_649' title='bbox 2766 3279 3041 3321; x_wconf 68' lang='lat' dir='ltr'><strong>SECUNDUM</strong></span> <span class='ocrx_word' id='word_1_650' title='bbox 3086 3284 3343 3333; x_wconf 65' lang='lat' dir='ltr'><strong>JOANNEI,</strong></span> <span class='ocrx_word' id='word_1_651' title='bbox 3375 3284 3491 3324; x_wconf 71' lang='lat' dir='ltr'><strong>CAP.</strong></span> <span class='ocrx_word' id='word_1_652' title='bbox 3523 3283 3587 3325; x_wconf 74' lang='grc'><strong>11.</strong></span> 
     </span>
    </p>
   </div>
   <div class='ocr_carea' id='block_1_91' title="bbox 2285 3350 3782 3425">
    <p class='ocr_par' dir='ltr' id='par_1_91' title="bbox 2285 3350 3782 3425">
     <span class='ocr_line' id='line_1_91' title="bbox 2285 3350 3782 3425; baseline 0.006 -24"><span class='ocrx_word' id='word_1_653' title='bbox 2285 3369 2302 3401; x_wconf 76' lang='grc' dir='ltr'><strong>ι</strong></span> <span class='ocrx_word' id='word_1_654' title='bbox 2349 3350 2558 3420; x_wconf 67' lang='lat' dir='ltr'><strong>Nuptiae</strong></span> <span class='ocrx_word' id='word_1_655' title='bbox 2590 3351 2744 3406; x_wconf 72' lang='lat' dir='ltr'><strong>lactze</strong></span> <span class='ocrx_word' id='word_1_656' title='bbox 2766 3364 2892 3409; x_wconf 91' lang='lat' dir='ltr'><strong>sunt</strong></span> <span class='ocrx_word' id='word_1_657' title='bbox 2916 3355 2969 3409; x_wconf 92' lang='lat' dir='ltr'><strong>in</strong></span> <span class='ocrx_word' id='word_1_658' title='bbox 2997 3355 3142 3412; x_wconf 88' lang='lat' dir='ltr'><strong>Cana</strong></span> <span class='ocrx_word' id='word_1_659' title='bbox 3173 3358 3426 3425; x_wconf 70' lang='lat' dir='ltr'><strong>Galiiaeze,</strong></span> <span class='ocrx_word' id='word_1_660' title='bbox 3457 3367 3513 3414; x_wconf 92' lang='lat' dir='ltr'><strong>et</strong></span> <span class='ocrx_word' id='word_1_661' title='bbox 3530 3365 3654 3414; x_wconf 87' lang='lat' dir='ltr'><strong>erat</strong></span> <span class='ocrx_word' id='word_1_662' title='bbox 3676 3373 3782 3411; x_wconf 90' lang='lat' dir='ltr'><strong>ma-</strong></span> 
     </span>
    </p>
   </div>
   <div class='ocr_carea' id='block_1_92' title="bbox 2216 3442 3782 3507">
    <p class='ocr_par' dir='ltr' id='par_1_92' title="bbox 2216 3442 3782 3507">
     <span class='ocr_line' id='line_1_92' title="bbox 2216 3442 3782 3507; baseline 0.01 -16"><span class='ocrx_word' id='word_1_663' title='bbox 2216 3462 2232 3491; x_wconf 77' lang='grc' dir='ltr'><strong>ι</strong></span> <span class='ocrx_word' id='word_1_664' title='bbox 2283 3453 2365 3496; x_wconf 92' lang='lat' dir='ltr'><strong>ter</strong></span> <span class='ocrx_word' id='word_1_665' title='bbox 2391 3442 2517 3498; x_wconf 85' lang='lat' dir='ltr'><strong>Jesu</strong></span> <span class='ocrx_word' id='word_1_666' title='bbox 2551 3443 2642 3498; x_wconf 87' lang='lat' dir='ltr'><strong>ibi.</strong></span> <span class='ocrx_word' id='word_1_667' title='bbox 2699 3445 2930 3501; x_wconf 74' lang='lat' dir='ltr'><strong>Vocatus</strong></span> <span class='ocrx_word' id='word_1_668' title='bbox 2980 3457 3064 3503; x_wconf 91' lang='lat' dir='ltr'><strong>est</strong></span> <span class='ocrx_word' id='word_1_669' title='bbox 3114 3460 3293 3506; x_wconf 91' lang='lat' dir='ltr'><strong>autem</strong></span> <span class='ocrx_word' id='word_1_670' title='bbox 3350 3451 3510 3507; x_wconf 82' lang='lat' dir='ltr'><strong>Jesus</strong></span> <span class='ocrx_word' id='word_1_671' title='bbox 3539 3459 3596 3505; x_wconf 90' lang='lat' dir='ltr'><strong>et</strong></span> <span class='ocrx_word' id='word_1_672' title='bbox 3623 3450 3782 3506; x_wconf 89' lang='lat' dir='ltr'><strong>disci-</strong></span> 
     </span>
    </p>
   </div>
   <div class='ocr_carea' id='block_1_93' title="bbox 2216 3532 3780 3608">
    <p class='ocr_par' dir='ltr' id='par_1_93' title="bbox 2216 3532 3780 3608">
     <span class='ocr_line' id='line_1_93' title="bbox 2216 3532 3780 3608; baseline 0.007 -26"><span class='ocrx_word' id='word_1_673' title='bbox 2216 3551 2233 3582; x_wconf 77' lang='grc' dir='ltr'><strong>ι</strong></span> <span class='ocrx_word' id='word_1_674' title='bbox 2281 3532 2388 3602; x_wconf 81' lang='lat' dir='ltr'><strong>puli</strong></span> <span class='ocrx_word' id='word_1_675' title='bbox 2415 3533 2531 3603; x_wconf 92' lang='lat' dir='ltr'><strong>eius</strong></span> <span class='ocrx_word' id='word_1_676' title='bbox 2561 3534 2627 3587; x_wconf 91' lang='lat' dir='ltr'><strong>ad</strong></span> <span class='ocrx_word' id='word_1_677' title='bbox 2651 3535 2885 3605; x_wconf 89' lang='lat' dir='ltr'><strong>nuptias.</strong></span> <span class='ocrx_word' id='word_1_678' title='bbox 2921 3537 2988 3592; x_wconf 82' lang='lat' dir='ltr'><strong>Et</strong></span> <span class='ocrx_word' id='word_1_679' title='bbox 3013 3539 3296 3596; x_wconf 83' lang='lat' dir='ltr'><strong>deﬁciente</strong></span> <span class='ocrx_word' id='word_1_680' title='bbox 3328 3543 3474 3608; x_wconf 90' lang='lat' dir='ltr'><strong>vino,</strong></span> <span class='ocrx_word' id='word_1_681' title='bbox 3511 3541 3654 3595; x_wconf 75' lang='lat' dir='ltr'><strong>dixit</strong></span> <span class='ocrx_word' id='word_1_682' title='bbox 3676 3556 3780 3594; x_wconf 84' lang='lat' dir='ltr'><strong>ma-</strong></span> 
     </span>
    </p>
   </div>
   <div class='ocr_carea' id='block_1_94' title="bbox 2214 3624 3782 3696">
    <p class='ocr_par' dir='ltr' id='par_1_94' title="bbox 2214 3624 3782 3696">
     <span class='ocr_line' id='line_1_94' title="bbox 2214 3624 3782 3696; baseline 0.006 -21"><span class='ocrx_word' id='word_1_683' title='bbox 2214 3645 2232 3675; x_wconf 69' lang='lat' dir='ltr'><strong>t</strong></span> <span class='ocrx_word' id='word_1_684' title='bbox 2281 3636 2361 3696; x_wconf 65' lang='lat' dir='ltr'><strong>ter</strong></span> <span class='ocrx_word' id='word_1_685' title='bbox 2383 3624 2509 3681; x_wconf 80' lang='lat' dir='ltr'><strong>Jesu</strong></span> <span class='ocrx_word' id='word_1_686' title='bbox 2543 3627 2797 3682; x_wconf 89' lang='lat' dir='ltr'><strong>adeum:</strong></span> <span class='ocrx_word' id='word_1_687' title='bbox 2828 3629 3024 3684; x_wconf 77' lang='lat' dir='ltr'><strong>Vinum</strong></span> <span class='ocrx_word' id='word_1_688' title='bbox 3053 3647 3160 3686; x_wconf 91' lang='lat' dir='ltr'><strong>non</strong></span> <span class='ocrx_word' id='word_1_689' title='bbox 3211 3632 3428 3688; x_wconf 88' lang='lat' dir='ltr'><strong>habent.</strong></span> <span class='ocrx_word' id='word_1_690' title='bbox 3465 3633 3531 3688; x_wconf 85' lang='lat' dir='ltr'><strong>Et</strong></span> <span class='ocrx_word' id='word_1_691' title='bbox 3559 3632 3697 3687; x_wconf 85' lang='lat' dir='ltr'><strong>dicit</strong></span> <span class='ocrx_word' id='word_1_692' title='bbox 3737 3631 3782 3685; x_wconf 90' lang='lat' dir='ltr'><strong>ei</strong></span> 
     </span>
    </p>
   </div>
   <div class='ocr_carea' id='block_1_95' title="bbox 2214 3715 3781 3786">
    <p class='ocr_par' dir='ltr' id='par_1_95' title="bbox 2214 3715 3781 3786">
     <span class='ocr_line' id='line_1_95' title="bbox 2214 3715 3781 3786; baseline 0.006 -19"><span class='ocrx_word' id='word_1_693' title='bbox 2214 3735 2231 3767; x_wconf 78' lang='grc' dir='ltr'><strong>ι</strong></span> <span class='ocrx_word' id='word_1_694' title='bbox 2277 3715 2434 3771; x_wconf 75' lang='lat' dir='ltr'><strong>.iesus</strong></span> <span class='ocrx_word' id='word_1_695' title='bbox 2461 3733 2473 3768; x_wconf 92' lang='lat'>:</span> <span class='ocrx_word' id='word_1_696' title='bbox 2506 3717 2642 3784; x_wconf 86' lang='lat' dir='ltr'><strong>Quid</strong></span> <span class='ocrx_word' id='word_1_697' title='bbox 2667 3718 2796 3772; x_wconf 89' lang='lat' dir='ltr'><strong>mihi</strong></span> <span class='ocrx_word' id='word_1_698' title='bbox 2826 3729 2881 3775; x_wconf 92' lang='lat' dir='ltr'><strong>et</strong></span> <span class='ocrx_word' id='word_1_699' title='bbox 2907 3721 3003 3776; x_wconf 91' lang='lat' dir='ltr'><strong>tibi</strong></span> <span class='ocrx_word' id='word_1_700' title='bbox 3025 3731 3127 3786; x_wconf 89' lang='lat' dir='ltr'><strong>est,</strong></span> <span class='ocrx_word' id='word_1_701' title='bbox 3153 3724 3378 3779; x_wconf 86' lang='lat' dir='ltr'><strong>mulier?</strong></span> <span class='ocrx_word' id='word_1_702' title='bbox 3407 3725 3659 3780; x_wconf 83' lang='lat' dir='ltr'><strong>Nondum</strong></span> <span class='ocrx_word' id='word_1_703' title='bbox 3692 3739 3781 3777; x_wconf 85' lang='lat' dir='ltr'><strong>vc-</strong></span> 
     </span>
    </p>
   </div>
   <div class='ocr_carea' id='block_1_96' title="bbox 2217 3808 3783 3885">
    <p class='ocr_par' dir='ltr' id='par_1_96' title="bbox 2217 3808 3783 3885">
     <span class='ocr_line' id='line_1_96' title="bbox 2217 3808 3783 3885; baseline 0.005 -25"><span class='ocrx_word' id='word_1_704' title='bbox 2217 3828 2231 3860; x_wconf 87' lang='grc' dir='ltr'><strong>ι</strong></span> <span class='ocrx_word' id='word_1_705' title='bbox 2281 3808 2357 3862; x_wconf 92' lang='lat' dir='ltr'><strong>nit</strong></span> <span class='ocrx_word' id='word_1_706' title='bbox 2383 3808 2517 3862; x_wconf 89' lang='lat' dir='ltr'><strong>hora</strong></span> <span class='ocrx_word' id='word_1_707' title='bbox 2550 3824 2692 3864; x_wconf 89' lang='lat' dir='ltr'><strong>mea.</strong></span> <span class='ocrx_word' id='word_1_708' title='bbox 2724 3809 2865 3865; x_wconf 91' lang='lat' dir='ltr'><strong>Dicit</strong></span> <span class='ocrx_word' id='word_1_709' title='bbox 2903 3821 3077 3868; x_wconf 90' lang='lat' dir='ltr'><strong>mater</strong></span> <span class='ocrx_word' id='word_1_710' title='bbox 3101 3814 3216 3885; x_wconf 90' lang='lat' dir='ltr'><strong>eius</strong></span> <span class='ocrx_word' id='word_1_711' title='bbox 3258 3816 3560 3872; x_wconf 88' lang='lat' dir='ltr'><strong>ministris:</strong></span> <span class='ocrx_word' id='word_1_712' title='bbox 3603 3815 3783 3882; x_wconf 88' lang='lat' dir='ltr'><strong>Quod-</strong></span> 
     </span>
    </p>
   </div>
   <div class='ocr_carea' id='block_1_97' title="bbox 2213 3899 3785 3970">
    <p class='ocr_par' dir='ltr' id='par_1_97' title="bbox 2213 3899 3785 3970">
     <span class='ocr_line' id='line_1_97' title="bbox 2213 3899 3785 3970; baseline 0.003 -17"><span class='ocrx_word' id='word_1_713' title='bbox 2213 3916 2232 3947; x_wconf 72' lang='grc' dir='ltr'><strong><em>ο</em></strong></span> <span class='ocrx_word' id='word_1_714' title='bbox 2279 3914 2490 3970; x_wconf 84' lang='lat' dir='ltr'><strong>cunque</strong></span> <span class='ocrx_word' id='word_1_715' title='bbox 2539 3899 2740 3954; x_wconf 78' lang='lat' dir='ltr'><strong>dixerit</strong></span> <span class='ocrx_word' id='word_1_716' title='bbox 2765 3901 2917 3956; x_wconf 88' lang='lat' dir='ltr'><strong>vobis</strong></span> <span class='ocrx_word' id='word_1_717' title='bbox 2966 3901 3147 3959; x_wconf 82' lang='lat' dir='ltr'><strong>facite.</strong></span> <span class='ocrx_word' id='word_1_718' title='bbox 3189 3904 3360 3960; x_wconf 86' lang='lat' dir='ltr'><strong>Erant</strong></span> <span class='ocrx_word' id='word_1_719' title='bbox 3401 3913 3583 3961; x_wconf 89' lang='lat' dir='ltr'><strong>autem</strong></span> <span class='ocrx_word' id='word_1_720' title='bbox 3613 3906 3686 3960; x_wconf 91' lang='lat' dir='ltr'><strong>ibi</strong></span> <span class='ocrx_word' id='word_1_721' title='bbox 3710 3905 3785 3958; x_wconf 88' lang='lat' dir='ltr'><strong>la-</strong></span> 
     </span>
    </p>
   </div>
   <div class='ocr_carea' id='block_1_98' title="bbox 2214 3988 3781 4064">
    <p class='ocr_par' dir='ltr' id='par_1_98' title="bbox 2214 3988 3781 4064">
     <span class='ocr_line' id='line_1_98' title="bbox 2214 3988 3781 4064; baseline 0.005 -26"><span class='ocrx_word' id='word_1_722' title='bbox 2214 4007 2231 4038; x_wconf 77' lang='grc' dir='ltr'><strong>ι</strong></span> <span class='ocrx_word' id='word_1_723' title='bbox 2280 3989 2448 4058; x_wconf 70' lang='grc' dir='ltr'><strong>ιιὶίιεω</strong></span> <span class='ocrx_word' id='word_1_724' title='bbox 2470 3988 2676 4059; x_wconf 73' lang='lat' dir='ltr'><strong>hydria:</strong></span> <span class='ocrx_word' id='word_1_725' title='bbox 2694 4004 2787 4044; x_wconf 77' lang='lat' dir='ltr'><strong>sev</strong></span> <span class='ocrx_word' id='word_1_726' title='bbox 2807 3991 3014 4060; x_wconf 72' lang='lat' dir='ltr'><strong>positae,</strong></span> <span class='ocrx_word' id='word_1_727' title='bbox 3035 3995 3330 4049; x_wconf 90' lang='lat' dir='ltr'><strong>secundum</strong></span> <span class='ocrx_word' id='word_1_728' title='bbox 3347 3994 3781 4064; x_wconf 87' lang='lat' dir='ltr'><strong>puriﬁcationem</strong></span> 
     </span>
    </p>
   </div>
   <div class='ocr_carea' id='block_1_99' title="bbox 2215 4079 3784 4154">
    <p class='ocr_par' dir='ltr' id='par_1_99' title="bbox 2215 4079 3784 4154">
     <span class='ocr_line' id='line_1_99' title="bbox 2215 4079 3784 4154; baseline 0.006 -25"><span class='ocrx_word' id='word_1_729' title='bbox 2215 4099 2233 4129; x_wconf 75' lang='grc' dir='ltr'><strong>ι</strong></span> <span class='ocrx_word' id='word_1_730' title='bbox 2279 4079 2605 4144; x_wconf 73' lang='grc' dir='ltr'><strong>Ιιιιίωοι-ιιιιι,</strong></span> <span class='ocrx_word' id='word_1_731' title='bbox 2649 4080 2927 4150; x_wconf 87' lang='lat' dir='ltr'><strong>capientes</strong></span> <span class='ocrx_word' id='word_1_732' title='bbox 2955 4082 3176 4154; x_wconf 75' lang='lat' dir='ltr'><strong>singula:</strong></span> <span class='ocrx_word' id='word_1_733' title='bbox 3206 4094 3464 4141; x_wconf 85' lang='lat' dir='ltr'><strong>metretas</strong></span> <span class='ocrx_word' id='word_1_734' title='bbox 3513 4085 3676 4141; x_wconf 88' lang='lat' dir='ltr'><strong>binas</strong></span> <span class='ocrx_word' id='word_1_735' title='bbox 3705 4085 3784 4139; x_wconf 89' lang='lat' dir='ltr'><strong>vel</strong></span> 
     </span>
    </p>
   </div>
   <div class='ocr_carea' id='block_1_100' title="bbox 2213 4169 3786 4245">
    <p class='ocr_par' dir='ltr' id='par_1_100' title="bbox 2213 4169 3786 4245">
     <span class='ocr_line' id='line_1_100' title="bbox 2213 4169 3786 4245; baseline 0.001 -21"><span class='ocrx_word' id='word_1_736' title='bbox 2213 4193 2231 4224; x_wconf 75' lang='grc' dir='ltr'><strong>ι</strong></span> <span class='ocrx_word' id='word_1_737' title='bbox 2282 4183 2496 4234; x_wconf 85' lang='lat' dir='ltr'><strong>ternas;</strong></span> <span class='ocrx_word' id='word_1_738' title='bbox 2525 4170 2657 4226; x_wconf 90' lang='lat' dir='ltr'><strong>dicit</strong></span> <span class='ocrx_word' id='word_1_739' title='bbox 2685 4171 2767 4226; x_wconf 89' lang='lat' dir='ltr'><strong>eis</strong></span> <span class='ocrx_word' id='word_1_740' title='bbox 2791 4169 2950 4228; x_wconf 84' lang='lat' dir='ltr'><strong>Jesus</strong></span> <span class='ocrx_word' id='word_1_741' title='bbox 2977 4191 2990 4228; x_wconf 90' lang='lat'><strong>:</strong></span> <span class='ocrx_word' id='word_1_742' title='bbox 3019 4172 3242 4244; x_wconf 87' lang='lat' dir='ltr'><strong>lmplete</strong></span> <span class='ocrx_word' id='word_1_743' title='bbox 3266 4176 3486 4245; x_wconf 82' lang='lat' dir='ltr'><strong>hydrias</strong></span> <span class='ocrx_word' id='word_1_744' title='bbox 3517 4190 3682 4244; x_wconf 88' lang='lat' dir='ltr'><strong>aqua.</strong></span> <span class='ocrx_word' id='word_1_745' title='bbox 3722 4174 3786 4228; x_wconf 82' lang='lat' dir='ltr'><strong>Et</strong></span> 
     </span>
    </p>
   </div>
   <div class='ocr_carea' id='block_1_101' title="bbox 2215 4262 3784 4334">
    <p class='ocr_par' dir='ltr' id='par_1_101' title="bbox 2215 4262 3784 4334">
     <span class='ocr_line' id='line_1_101' title="bbox 2215 4262 3784 4334; baseline 0.003 -20"><span class='ocrx_word' id='word_1_746' title='bbox 2215 4283 2230 4314; x_wconf 79' lang='grc' dir='ltr'><strong>ι</strong></span> <span class='ocrx_word' id='word_1_747' title='bbox 2280 4262 2634 4333; x_wconf 84' lang='lat' dir='ltr'><strong>impleverunt</strong></span> <span class='ocrx_word' id='word_1_748' title='bbox 2664 4278 2758 4318; x_wconf 90' lang='lat' dir='ltr'><strong>eas</strong></span> <span class='ocrx_word' id='word_1_749' title='bbox 2807 4279 2978 4334; x_wconf 92' lang='lat' dir='ltr'><strong>usque</strong></span> <span class='ocrx_word' id='word_1_750' title='bbox 3021 4267 3089 4320; x_wconf 91' lang='lat' dir='ltr'><strong>ad</strong></span> <span class='ocrx_word' id='word_1_751' title='bbox 3131 4281 3420 4320; x_wconf 90' lang='lat' dir='ltr'><strong>summum.</strong></span> <span class='ocrx_word' id='word_1_752' title='bbox 3453 4265 3521 4320; x_wconf 86' lang='lat' dir='ltr'><strong>Et</strong></span> <span class='ocrx_word' id='word_1_753' title='bbox 3544 4266 3682 4320; x_wconf 89' lang='lat' dir='ltr'><strong>dicit</strong></span> <span class='ocrx_word' id='word_1_754' title='bbox 3707 4265 3784 4318; x_wconf 89' lang='lat' dir='ltr'><strong>eis</strong></span> 
     </span>
    </p>
   </div>
   <div class='ocr_carea' id='block_1_102' title="bbox 2213 4352 3786 4420">
    <p class='ocr_par' dir='ltr' id='par_1_102' title="bbox 2213 4352 3786 4420">
     <span class='ocr_line' id='line_1_102' title="bbox 2213 4352 3786 4420; baseline 0.003 -16"><span class='ocrx_word' id='word_1_755' title='bbox 2213 4373 2228 4404; x_wconf 78' lang='grc' dir='ltr'><strong>ι</strong></span> <span class='ocrx_word' id='word_1_756' title='bbox 2278 4353 2434 4409; x_wconf 87' lang='lat' dir='ltr'><strong>.lesus</strong></span> <span class='ocrx_word' id='word_1_757' title='bbox 2471 4371 2484 4407; x_wconf 91' lang='lat'>:</span> <span class='ocrx_word' id='word_1_758' title='bbox 2519 4352 2744 4408; x_wconf 86' lang='lat' dir='ltr'><strong>ilaurite</strong></span> <span class='ocrx_word' id='word_1_759' title='bbox 2796 4369 2958 4420; x_wconf 92' lang='lat' dir='ltr'><strong>nunc,</strong></span> <span class='ocrx_word' id='word_1_760' title='bbox 2990 4363 3046 4410; x_wconf 89' lang='lat' dir='ltr'><strong>et</strong></span> <span class='ocrx_word' id='word_1_761' title='bbox 3089 4354 3227 4411; x_wconf 79' lang='lat' dir='ltr'><strong>ferte</strong></span> <span class='ocrx_word' id='word_1_762' title='bbox 3269 4356 3672 4411; x_wconf 90' lang='lat' dir='ltr'><strong>architriclino.</strong></span> <span class='ocrx_word' id='word_1_763' title='bbox 3725 4355 3786 4409; x_wconf 80' lang='lat' dir='ltr'><strong>Et</strong></span> 
     </span>
    </p>
   </div>
   <div class='ocr_carea' id='block_1_103' title="bbox 2215 4443 3785 4516">
    <p class='ocr_par' dir='ltr' id='par_1_103' title="bbox 2215 4443 3785 4516">
     <span class='ocr_line' id='line_1_103' title="bbox 2215 4443 3785 4516; baseline 0.004 -24"><span class='ocrx_word' id='word_1_764' title='bbox 2215 4463 2232 4492; x_wconf 73' lang='grc' dir='ltr'><strong>ι</strong></span> <span class='ocrx_word' id='word_1_765' title='bbox 2283 4443 2540 4498; x_wconf 88' lang='lat' dir='ltr'><strong>tulerunt.</strong></span> <span class='ocrx_word' id='word_1_766' title='bbox 2575 4443 2646 4499; x_wconf 93' lang='lat' dir='ltr'><strong>Ut</strong></span> <span class='ocrx_word' id='word_1_767' title='bbox 2675 4452 2854 4499; x_wconf 87' lang='lat' dir='ltr'><strong>autem</strong></span> <span class='ocrx_word' id='word_1_768' title='bbox 2898 4447 3133 4516; x_wconf 85' lang='lat' dir='ltr'><strong>gustavit</strong></span> <span class='ocrx_word' id='word_1_769' title='bbox 3162 4447 3560 4502; x_wconf 89' lang='lat' dir='ltr'><strong>architriclinus</strong></span> <span class='ocrx_word' id='word_1_770' title='bbox 3593 4462 3785 4516; x_wconf 88' lang='lat' dir='ltr'><strong>aquant</strong></span> 
     </span>
    </p>
   </div>
   <div class='ocr_carea' id='block_1_104' title="bbox 2215 4529 3785 4601">
    <p class='ocr_par' dir='ltr' id='par_1_104' title="bbox 2215 4529 3785 4601">
     <span class='ocr_line' id='line_1_104' title="bbox 2215 4529 3785 4601; baseline 0.004 -19"><span class='ocrx_word' id='word_1_771' title='bbox 2215 4553 2230 4582; x_wconf 75' lang='grc' dir='ltr'><strong>ι</strong></span> <span class='ocrx_word' id='word_1_772' title='bbox 2282 4533 2465 4587; x_wconf 80' lang='lat' dir='ltr'><strong>vinum</strong></span> <span class='ocrx_word' id='word_1_773' title='bbox 2510 4531 2732 4599; x_wconf 83' lang='lat' dir='ltr'><strong>laetam,</strong></span> <span class='ocrx_word' id='word_1_774' title='bbox 2757 4541 2812 4588; x_wconf 90' lang='lat' dir='ltr'><strong>et</strong></span> <span class='ocrx_word' id='word_1_775' title='bbox 2842 4549 2948 4589; x_wconf 90' lang='lat' dir='ltr'><strong>non</strong></span> <span class='ocrx_word' id='word_1_776' title='bbox 2997 4536 3202 4590; x_wconf 85' lang='lat' dir='ltr'><strong>sciebat</strong></span> <span class='ocrx_word' id='word_1_777' title='bbox 3235 4536 3376 4591; x_wconf 90' lang='lat' dir='ltr'><strong>unde</strong></span> <span class='ocrx_word' id='word_1_778' title='bbox 3404 4529 3574 4601; x_wconf 85' lang='lat' dir='ltr'><strong>esset,</strong></span> <span class='ocrx_word' id='word_1_779' title='bbox 3633 4536 3785 4590; x_wconf 90' lang='lat' dir='ltr'><strong>mini-</strong></span> 
     </span>
    </p>
   </div>
   <div class='ocr_carea' id='block_1_105' title="bbox 2215 4623 3786 4696">
    <p class='ocr_par' dir='ltr' id='par_1_105' title="bbox 2215 4623 3786 4696">
     <span class='ocr_line' id='line_1_105' title="bbox 2215 4623 3786 4696; baseline 0.002 -21"><span class='ocrx_word' id='word_1_780' title='bbox 2215 4644 2232 4674; x_wconf 71' lang='lat' dir='ltr'><strong>o</strong></span> <span class='ocrx_word' id='word_1_781' title='bbox 2280 4623 2376 4678; x_wconf 69' lang='grc' dir='ltr'><strong>διιί</strong></span> <span class='ocrx_word' id='word_1_782' title='bbox 2427 4631 2607 4679; x_wconf 89' lang='lat' dir='ltr'><strong>autem</strong></span> <span class='ocrx_word' id='word_1_783' title='bbox 2657 4624 2925 4691; x_wconf 90' lang='lat' dir='ltr'><strong>sciebant,</strong></span> <span class='ocrx_word' id='word_1_784' title='bbox 2973 4625 3065 4694; x_wconf 91' lang='lat' dir='ltr'><strong>qui</strong></span> <span class='ocrx_word' id='word_1_785' title='bbox 3103 4626 3400 4681; x_wconf 87' lang='lat' dir='ltr'><strong>hauserant</strong></span> <span class='ocrx_word' id='word_1_786' title='bbox 3425 4642 3650 4696; x_wconf 88' lang='lat' dir='ltr'><strong>aquam.</strong></span> <span class='ocrx_word' id='word_1_787' title='bbox 3685 4625 3786 4678; x_wconf 79' lang='lat' dir='ltr'><strong>Vo-</strong></span> 
     </span>
    </p>
   </div>
   <div class='ocr_carea' id='block_1_106' title="bbox 2211 4707 3786 4788">
    <p class='ocr_par' dir='ltr' id='par_1_106' title="bbox 2211 4707 3786 4788">
     <span class='ocr_line' id='line_1_106' title="bbox 2211 4707 3786 4788; baseline 0.004 -22"><span class='ocrx_word' id='word_1_788' title='bbox 2211 4735 2228 4766; x_wconf 74' lang='grc' dir='ltr'><strong>ι</strong></span> <span class='ocrx_word' id='word_1_789' title='bbox 2275 4724 2364 4770; x_wconf 85' lang='lat' dir='ltr'><strong>cat</strong></span> <span class='ocrx_word' id='word_1_790' title='bbox 2423 4730 2680 4788; x_wconf 88' lang='lat' dir='ltr'><strong>sponsum</strong></span> <span class='ocrx_word' id='word_1_791' title='bbox 2732 4717 3155 4783; x_wconf 87' lang='lat' dir='ltr'><strong>architriclinus,</strong></span> <span class='ocrx_word' id='word_1_792' title='bbox 3211 4727 3269 4773; x_wconf 89' lang='lat' dir='ltr'><strong>et</strong></span> <span class='ocrx_word' id='word_1_793' title='bbox 3294 4717 3428 4773; x_wconf 83' lang='lat' dir='ltr'><strong>dicit</strong></span> <span class='ocrx_word' id='word_1_794' title='bbox 3463 4707 3556 4773; x_wconf 89' lang='lat' dir='ltr'><strong>ei:</strong></span> <span class='ocrx_word' id='word_1_795' title='bbox 3595 4718 3786 4774; x_wconf 85' lang='lat' dir='ltr'><strong>Omnis</strong></span> 
     </span>
    </p>
   </div>
   <div class='ocr_carea' id='block_1_107' title="bbox 2211 4807 3784 4880">
    <p class='ocr_par' dir='ltr' id='par_1_107' title="bbox 2211 4807 3784 4880">
     <span class='ocr_line' id='line_1_107' title="bbox 2211 4807 3784 4880; baseline 0.004 -24"><span class='ocrx_word' id='word_1_796' title='bbox 2211 4826 2228 4856; x_wconf 77' lang='grc' dir='ltr'><strong>ι</strong></span> <span class='ocrx_word' id='word_1_797' title='bbox 2278 4809 2438 4862; x_wconf 88' lang='lat' dir='ltr'><strong>homo</strong></span> <span class='ocrx_word' id='word_1_798' title='bbox 2488 4807 2722 4878; x_wconf 92' lang='lat' dir='ltr'><strong>primum</strong></span> <span class='ocrx_word' id='word_1_799' title='bbox 2761 4807 2960 4862; x_wconf 88' lang='lat' dir='ltr'><strong>bonum</strong></span> <span class='ocrx_word' id='word_1_800' title='bbox 2997 4809 3180 4862; x_wconf 90' lang='lat' dir='ltr'><strong>vinum</strong></span> <span class='ocrx_word' id='word_1_801' title='bbox 3229 4811 3397 4880; x_wconf 91' lang='lat' dir='ltr'><strong>ponit,</strong></span> <span class='ocrx_word' id='word_1_802' title='bbox 3429 4818 3642 4865; x_wconf 90' lang='lat' dir='ltr'><strong>etcum</strong></span> <span class='ocrx_word' id='word_1_803' title='bbox 3673 4811 3784 4864; x_wconf 88' lang='lat' dir='ltr'><strong>iue—</strong></span> 
     </span>
    </p>
   </div>
   <div class='ocr_carea' id='block_1_108' title="bbox 2212 4895 3777 4968">
    <p class='ocr_par' dir='ltr' id='par_1_108' title="bbox 2212 4895 3777 4968">
     <span class='ocr_line' id='line_1_108' title="bbox 2212 4895 3777 4968; baseline 0.003 -22"><span class='ocrx_word' id='word_1_804' title='bbox 2212 4917 2226 4946; x_wconf 83' lang='grc' dir='ltr'><strong>ι</strong></span> <span class='ocrx_word' id='word_1_805' title='bbox 2277 4895 2678 4958; x_wconf 72' lang='lat' dir='ltr'><strong>briatii‘ueriut.</strong></span> <span class='ocrx_word' id='word_1_806' title='bbox 2731 4904 2860 4952; x_wconf 89' lang='lat' dir='ltr'><strong>tunc</strong></span> <span class='ocrx_word' id='word_1_807' title='bbox 2886 4898 2938 4952; x_wconf 93' lang='lat' dir='ltr'><strong>id</strong></span> <span class='ocrx_word' id='word_1_808' title='bbox 2963 4899 3104 4968; x_wconf 90' lang='lat' dir='ltr'><strong>quod</strong></span> <span class='ocrx_word' id='word_1_809' title='bbox 3141 4899 3383 4955; x_wconf 87' lang='lat' dir='ltr'><strong>deterius</strong></span> <span class='ocrx_word' id='word_1_810' title='bbox 3435 4908 3538 4955; x_wconf 89' lang='lat' dir='ltr'><strong>est.</strong></span> <span class='ocrx_word' id='word_1_811' title='bbox 3568 4900 3777 4954; x_wconf 87' lang='lat' dir='ltr'><strong>Tuan-</strong></span> 
     </span>
    </p>
   </div>
   <div class='ocr_carea' id='block_1_109' title="bbox 2215 4986 3779 5059">
    <p class='ocr_par' dir='ltr' id='par_1_109' title="bbox 2215 4986 3779 5059">
     <span class='ocr_line' id='line_1_109' title="bbox 2215 4986 3779 5059; baseline 0.003 -22"><span class='ocrx_word' id='word_1_812' title='bbox 2215 5007 2231 5037; x_wconf 83' lang='lat' dir='ltr'><strong>I</strong></span> <span class='ocrx_word' id='word_1_813' title='bbox 2282 4998 2387 5040; x_wconf 86' lang='lat' dir='ltr'><strong>tem</strong></span> <span class='ocrx_word' id='word_1_814' title='bbox 2412 4986 2639 5040; x_wconf 90' lang='lat' dir='ltr'><strong>servasti</strong></span> <span class='ocrx_word' id='word_1_815' title='bbox 2669 4987 2870 5040; x_wconf 90' lang='lat' dir='ltr'><strong>bonum</strong></span> <span class='ocrx_word' id='word_1_816' title='bbox 2899 4988 3081 5042; x_wconf 91' lang='lat' dir='ltr'><strong>vinum</strong></span> <span class='ocrx_word' id='word_1_817' title='bbox 3118 5004 3292 5059; x_wconf 88' lang='lat' dir='ltr'><strong>usque</strong></span> <span class='ocrx_word' id='word_1_818' title='bbox 3317 4991 3511 5045; x_wconf 88' lang='lat' dir='ltr'><strong>adhuc.</strong></span> <span class='ocrx_word' id='word_1_819' title='bbox 3568 4989 3686 5044; x_wconf 87' lang='lat' dir='ltr'><strong>Hoc</strong></span> <span class='ocrx_word' id='word_1_820' title='bbox 3717 4990 3779 5042; x_wconf 79' lang='lat' dir='ltr'><strong>fe-</strong></span> 
     </span>
    </p>
   </div>
   <div class='ocr_carea' id='block_1_110' title="bbox 2211 5075 3787 5146">
    <p class='ocr_par' dir='ltr' id='par_1_110' title="bbox 2211 5075 3787 5146">
     <span class='ocr_line' id='line_1_110' title="bbox 2211 5075 3787 5146; baseline 0.002 -18"><span class='ocrx_word' id='word_1_821' title='bbox 2211 5096 2229 5127; x_wconf 71' lang='grc'><strong>(</strong></span> <span class='ocrx_word' id='word_1_822' title='bbox 2277 5077 2350 5129; x_wconf 85' lang='lat' dir='ltr'><strong>cit</strong></span> <span class='ocrx_word' id='word_1_823' title='bbox 2397 5075 2611 5130; x_wconf 88' lang='lat' dir='ltr'><strong>initium</strong></span> <span class='ocrx_word' id='word_1_824' title='bbox 2647 5075 2920 5146; x_wconf 88' lang='lat' dir='ltr'><strong>signorum</strong></span> <span class='ocrx_word' id='word_1_825' title='bbox 2975 5077 3132 5134; x_wconf 82' lang='lat' dir='ltr'><strong>Jesus</strong></span> <span class='ocrx_word' id='word_1_826' title='bbox 3176 5080 3228 5132; x_wconf 91' lang='lat' dir='ltr'><strong>in</strong></span> <span class='ocrx_word' id='word_1_827' title='bbox 3267 5079 3412 5135; x_wconf 88' lang='lat' dir='ltr'><strong>Cana</strong></span> <span class='ocrx_word' id='word_1_828' title='bbox 3439 5080 3702 5141; x_wconf 60' lang='lat' dir='ltr'><strong>Galilaue,</strong></span> <span class='ocrx_word' id='word_1_829' title='bbox 3733 5090 3787 5132; x_wconf 88' lang='lat' dir='ltr'><strong>et</strong></span> 
     </span>
    </p>
   </div>
   <div class='ocr_carea' id='block_1_111' title="bbox 2214 5167 3785 5236">
    <p class='ocr_par' dir='ltr' id='par_1_111' title="bbox 2214 5167 3785 5236">
     <span class='ocr_line' id='line_1_111' title="bbox 2214 5167 3785 5236; baseline 0.006 -21"><span class='ocrx_word' id='word_1_830' title='bbox 2214 5186 2230 5215; x_wconf 83' lang='grc' dir='ltr'><strong>ι</strong></span> <span class='ocrx_word' id='word_1_831' title='bbox 2279 5167 2640 5222; x_wconf 83' lang='lat' dir='ltr'><strong>maniiestavit</strong></span> <span class='ocrx_word' id='word_1_832' title='bbox 2668 5167 2889 5236; x_wconf 78' lang='lat' dir='ltr'><strong>gloriam</strong></span> <span class='ocrx_word' id='word_1_833' title='bbox 2920 5185 3092 5224; x_wconf 89' lang='lat' dir='ltr'><strong>suam.</strong></span> <span class='ocrx_word' id='word_1_834' title='bbox 3125 5170 3192 5227; x_wconf 86' lang='lat' dir='ltr'><strong>Et</strong></span> <span class='ocrx_word' id='word_1_835' title='bbox 3217 5172 3563 5228; x_wconf 86' lang='lat' dir='ltr'><strong>crediderunt</strong></span> <span class='ocrx_word' id='word_1_836' title='bbox 3588 5173 3643 5228; x_wconf 88' lang='lat' dir='ltr'><strong>in</strong></span> <span class='ocrx_word' id='word_1_837' title='bbox 3666 5189 3785 5226; x_wconf 81' lang='lat' dir='ltr'><strong>euut</strong></span> 
     </span>
    </p>
   </div>
   <div class='ocr_carea' id='block_1_112' title="bbox 2211 5257 2738 5328">
    <p class='ocr_par' dir='ltr' id='par_1_112' title="bbox 2211 5257 2738 5328">
     <span class='ocr_line' id='line_1_112' title="bbox 2211 5257 2738 5328; baseline 0.006 -20"><span class='ocrx_word' id='word_1_838' title='bbox 2211 5276 2228 5308; x_wconf 83' lang='grc' dir='ltr'><strong>ι</strong></span> <span class='ocrx_word' id='word_1_839' title='bbox 2275 5257 2520 5327; x_wconf 89' lang='lat' dir='ltr'><strong>discipuli</strong></span> <span class='ocrx_word' id='word_1_840' title='bbox 2554 5258 2687 5328; x_wconf 90' lang='lat' dir='ltr'><strong>eius.</strong></span> <span class='ocrx_word' id='word_1_841' title='bbox 2720 5277 2738 5311; x_wconf 81' lang='grc' dir='ltr'><strong>ι</strong></span> 
     </span>
    </p>
   </div>
   <div class='ocr_carea' id='block_1_113' title="bbox 2279 5349 3789 5420">
    <p class='ocr_par' dir='ltr' id='par_1_113' title="bbox 2279 5349 3789 5420">
     <span class='ocr_line' id='line_1_113' title="bbox 2279 5349 3789 5420; baseline 0.002 -19"><span class='ocrx_word' id='word_1_842' title='bbox 2279 5349 2492 5420; x_wconf 79' lang='lat' dir='ltr'><strong>Nuptia:</strong></span> <span class='ocrx_word' id='word_1_843' title='bbox 2517 5351 2672 5420; x_wconf 73' lang='lat' dir='ltr'><strong>factm</strong></span> <span class='ocrx_word' id='word_1_844' title='bbox 2698 5359 2820 5404; x_wconf 85' lang='lat' dir='ltr'><strong>sunt</strong></span> <span class='ocrx_word' id='word_1_845' title='bbox 2848 5351 2903 5404; x_wconf 89' lang='lat' dir='ltr'><strong>in</strong></span> <span class='ocrx_word' id='word_1_846' title='bbox 2937 5349 3085 5406; x_wconf 85' lang='lat' dir='ltr'><strong>Cana</strong></span> <span class='ocrx_word' id='word_1_847' title='bbox 3109 5351 3367 5420; x_wconf 75' lang='lat' dir='ltr'><strong>Galilme,</strong></span> <span class='ocrx_word' id='word_1_848' title='bbox 3395 5363 3444 5409; x_wconf 86' lang='lat' dir='ltr'><strong>et</strong></span> <span class='ocrx_word' id='word_1_849' title='bbox 3479 5364 3591 5408; x_wconf 87' lang='lat' dir='ltr'><strong>erat</strong></span> <span class='ocrx_word' id='word_1_850' title='bbox 3626 5364 3789 5408; x_wconf 79' lang='lat' dir='ltr'><strong>mater</strong></span> 
     </span>
    </p>
   </div>
   <div class='ocr_carea' id='block_1_114' title="bbox 2202 5441 3786 5516">
    <p class='ocr_par' dir='ltr' id='par_1_114' title="bbox 2202 5441 3786 5516">
     <span class='ocr_line' id='line_1_114' title="bbox 2202 5441 3786 5516; baseline 0 -19"><span class='ocrx_word' id='word_1_851' title='bbox 2202 5443 2330 5498; x_wconf 75' lang='lat' dir='ltr'><strong>Iesu</strong></span> <span class='ocrx_word' id='word_1_852' title='bbox 2356 5442 2448 5496; x_wconf 91' lang='lat' dir='ltr'><strong>ibi.</strong></span> <span class='ocrx_word' id='word_1_853' title='bbox 2496 5441 2596 5512; x_wconf 80' lang='lat' dir='ltr'><strong>(Ex</strong></span> <span class='ocrx_word' id='word_1_854' title='bbox 2644 5441 2836 5514; x_wconf 85' lang='lat' dir='ltr'><strong>Beda.)</strong></span> <span class='ocrx_word' id='word_1_855' title='bbox 2877 5441 2988 5497; x_wconf 84' lang='lat' dir='ltr'><strong>Nec</strong></span> <span class='ocrx_word' id='word_1_856' title='bbox 3025 5453 3182 5500; x_wconf 90' lang='lat' dir='ltr'><strong>vacat</strong></span> <span class='ocrx_word' id='word_1_857' title='bbox 3215 5445 3493 5516; x_wconf 82' lang='lat' dir='ltr'><strong>mysterio,</strong></span> <span class='ocrx_word' id='word_1_858' title='bbox 3526 5447 3675 5515; x_wconf 87' lang='lat' dir='ltr'><strong>quod</strong></span> <span class='ocrx_word' id='word_1_859' title='bbox 3703 5445 3786 5498; x_wconf 90' lang='lat' dir='ltr'><strong>die</strong></span> 
     </span>
    </p>
   </div>
   <div class='ocr_carea' id='block_1_115' title="bbox 2205 5531 3787 5604">
    <p class='ocr_par' dir='ltr' id='par_1_115' title="bbox 2205 5531 3787 5604">
     <span class='ocr_line' id='line_1_115' title="bbox 2205 5531 3787 5604; baseline -0.001 -16"><span class='ocrx_word' id='word_1_860' title='bbox 2205 5534 2365 5589; x_wconf 88' lang='lat' dir='ltr'><strong>tertio</strong></span> <span class='ocrx_word' id='word_1_861' title='bbox 2413 5540 2536 5602; x_wconf 88' lang='lat' dir='ltr'><strong>post</strong></span> <span class='ocrx_word' id='word_1_862' title='bbox 2583 5531 2692 5596; x_wconf 90' lang='lat' dir='ltr'><strong>ilia,</strong></span> <span class='ocrx_word' id='word_1_863' title='bbox 2750 5547 2870 5600; x_wconf 67' lang='lat' dir='ltr'><strong>qua)</strong></span> <span class='ocrx_word' id='word_1_864' title='bbox 2897 5534 3162 5604; x_wconf 88' lang='lat' dir='ltr'><strong>superiori</strong></span> <span class='ocrx_word' id='word_1_865' title='bbox 3217 5535 3493 5604; x_wconf 81' lang='lat' dir='ltr'><strong>Evangelii</strong></span> <span class='ocrx_word' id='word_1_866' title='bbox 3535 5549 3787 5589; x_wconf 85' lang='lat' dir='ltr'><strong>sermone</strong></span> 
     </span>
    </p>
   </div>
   <div class='ocr_carea' id='block_1_116' title="bbox 2205 5622 3787 5693">
    <p class='ocr_par' dir='ltr' id='par_1_116' title="bbox 2205 5622 3787 5693">
     <span class='ocr_line' id='line_1_116' title="bbox 2205 5622 3787 5693; baseline -0.004 -14"><span class='ocrx_word' id='word_1_867' title='bbox 2205 5624 2586 5693; x_wconf 88' lang='lat' dir='ltr'><strong>descripserat.</strong></span> <span class='ocrx_word' id='word_1_868' title='bbox 2629 5622 2835 5692; x_wconf 63' lang='lat' dir='ltr'><strong>Nuptias</strong></span> <span class='ocrx_word' id='word_1_869' title='bbox 2894 5624 3048 5679; x_wconf 72' lang='lat' dir='ltr'><strong>facta:</strong></span> <span class='ocrx_word' id='word_1_870' title='bbox 3103 5624 3558 5688; x_wconf 81' lang='lat' dir='ltr'><strong>reieruutur,sed</strong></span> <span class='ocrx_word' id='word_1_871' title='bbox 3628 5624 3787 5678; x_wconf 83' lang='lat' dir='ltr'><strong>tertio</strong></span> 
     </span>
    </p>
   </div>
   <div class='ocr_carea' id='block_1_117' title="bbox 2210 5713 3787 5786">
    <p class='ocr_par' dir='ltr' id='par_1_117' title="bbox 2210 5713 3787 5786">
     <span class='ocr_line' id='line_1_117' title="bbox 2210 5713 3787 5786; baseline -0.002 -16"><span class='ocrx_word' id='word_1_872' title='bbox 2210 5725 2449 5785; x_wconf 82' lang='lat' dir='ltr'><strong>tempore</strong></span> <span class='ocrx_word' id='word_1_873' title='bbox 2493 5716 2670 5770; x_wconf 69' lang='lat' dir='ltr'><strong>szcculi</strong></span> <span class='ocrx_word' id='word_1_874' title='bbox 2723 5715 3007 5770; x_wconf 71' lang='lat' dir='ltr'><strong>Dominum</strong></span> <span class='ocrx_word' id='word_1_875' title='bbox 3037 5715 3103 5770; x_wconf 90' lang='lat' dir='ltr'><strong>ad</strong></span> <span class='ocrx_word' id='word_1_876' title='bbox 3128 5716 3413 5786; x_wconf 78' lang='lat' dir='ltr'><strong>optandam</strong></span> <span class='ocrx_word' id='word_1_877' title='bbox 3464 5716 3566 5770; x_wconf 85' lang='lat' dir='ltr'><strong>sibi</strong></span> <span class='ocrx_word' id='word_1_878' title='bbox 3599 5713 3787 5770; x_wconf 75' lang='lat' dir='ltr'><strong>Eccle-</strong></span> 
     </span>
    </p>
   </div>
  </div>
