3946 6416
233 341 302 397 83
1075 340 1592 398 COLLECTIONES
1622 340 1691 395 IN
1727 340 2104 399 EPISTOLAS
2140 344 2229 399 ET
2269 342 2679 401 EVANCELIA.
3432 347 3511 403 εδ

235 457 375 510 siam
406 456 639 518 venisse,
665 454 927 524 designat.
960 451 1201 506 Primum
1241 452 1439 523 quippe
1466 453 1649 508 szeculi
1678 460 1812 507 tem—
1840 459 1888 515 Λ
1916 454 2055 520 Quid
2083 455 2214 511 mihi
2239 463 2296 510 et
2325 455 2418 510 tibi
2445 464 2552 521 est,
2580 457 2795 522 mulier,
2822 458 3095 529 signiﬁcat
3119 476 3177 516 se
3197 460 3501 528 divinitate,

238 564 363 618 pus,
408 555 535 601 ante
560 546 756 617 legem,
811 545 1249 615 patriarcharum
1288 543 1568 613 exemplis.
1620 543 1822 598 Secun-

238 639 367 694 dum
400 639 503 693 sub
552 636 689 709 lege,
719 635 1104 707 prophetarum
1158 632 1395 704 scriptis.
1451 633 1692 690 Tertium
1721 635 1822 690 sub

238 729 410 797 gratia
467 724 753 799 praeconiis
827 724 1295 795 Evangelistarum
1322 727 1478 795 quasi
1533 726 1698 779 tertia
1713 724 1821 780 diei

240 826 379 886 luce,
437 821 640 878 mundo
689 817 919 874 refulsit.
969 819 1031 872 In
1064 832 1172 886 quo
1198 816 1459 873 Dominus
1483 824 1538 871 et
1568 816 1823 872 Salvator

243 922 427 969 noster
451 929 552 983 pro
587 911 957 981 redemptione
992 911 1211 982 generis
1240 911 1464 965 humani
1503 910 1821 967 incarnatus

240 1002 507 1074 apparuit,
533 1003 629 1058 sed
657 1009 714 1057 et
740 1001 844 1056 hoc
863 1000 1008 1071 quod
1035 1000 1090 1055 in
1112 998 1260 1055 Cana
1286 998 1544 1066 Galilaeaz,
1578 1000 1630 1056 id
1654 1008 1740 1068 est
1765 1000 1820 1056 in

242 1095 360 1151 zelo
391 1093 884 1165 transmigrationis
925 1100 1251 1163 perpetratae
1274 1094 1464 1148 eadem
1509 1093 1710 1163 nuptiae
1737 1092 1820 1147 fa-

241 1196 344 1242 ctm
365 1185 738 1257 perhibentur,
779 1185 960 1257 typice
1004 1184 1286 1240 denuntiat
1305 1199 1402 1240 eos
1430 1184 1665 1239 maxime
1693 1200 1817 1255 gra-

246 1279 317 1332 tia
341 1276 543 1334 Christi
593 1278 783 1347 dignos
807 1276 1065 1343 existere,
1114 1276 1209 1345 qui
1255 1274 1374 1331 zelo
1394 1291 1458 1333 ac
1486 1274 1697 1331 fervore
1719 1275 1822 1347 pia:

241 1368 562 1434 devotionis,
611 1376 667 1424 et
688 1367 928 1423 aemulari
983 1367 1319 1424 charismata
1379 1366 1628 1432 meliora,
1664 1381 1730 1422 ac
1754 1365 1823 1421 de

241 1460 388 1515 vitiis
415 1459 484 1516 ad
539 1458 767 1513 virtutes
809 1458 949 1514 bona
997 1458 1295 1528 operando,
1347 1457 1415 1513 de
1468 1456 1701 1512 terrenis
1753 1456 1822 1512 ad

240 1561 443 1605 acterna
464 1557 683 1614 norunt,
714 1547 982 1617 sperando
1013 1555 1071 1602 et
1089 1547 1322 1603 amando
1344 1546 1748 1617 transmigrare.

318 1636 533 1707 Nuptia:
567 1635 722 1705 factm
748 1645 868 1690 sunt
893 1636 950 1690 in
975 1633 1124 1690 Cana
1151 1633 1408 1691 Galilazce.
1436 1635 1536 1706 (Ex
1571 1635 1818 1707 Hieron.)

243 1727 503 1783 Dominus
543 1726 614 1782 ad
635 1727 847 1797 nuptias
896 1726 951 1781 in
1003 1728 1148 1782 hunc
1202 1726 1463 1781 mundum
1489 1725 1661 1790 venit,
1692 1725 1819 1796 quia

1920 561 2028 614 qua
2056 546 2377 605 miraculum
2402 554 2521 602 erat
2553 549 2895 618 patrandum,
2950 565 3056 604 non
3092 549 3418 622 principium
3447 565 3520 608 seu

1923 635 2295 706 temporaliter
2343 638 2620 708 accepisse
2647 638 2716 693 de
2762 647 2960 708 matre,
3010 641 3108 695 sed
3143 640 3557 707 teter-nitatem.~

1921 741 2137 798 semper
2161 727 2418 783 habuisse
2445 727 2514 784 de
2539 726 2720 783 Patre.

1993 817 2249 873 Nondum
2281 819 2415 875 venit
2438 819 2571 873 liora
2599 834 2735 873 mea.
2776 817 3025 873 Nondum
3076 820 3226 877 venit
3266 821 3424 885 liora,
3448 832 3525 875 ut:

1923 907 2267 980 fragilitatem
2327 909 2682 967 humanitatis
2739 925 2809 967 ex
2839 917 2894 967 te
2925 919 3175 983 sumptae,
3223 914 3527 969 moriendi»
3588 902 3601 913 ’

1892 1000 2311 1063 ,ἁθηιοηειι-θιη.
2364 1001 2508 1056 Hora
2565 1016 2697 1074 ergo
2750 1001 2990 1058 nondum
3046 1012 3287 1069 venerat,
3345 1004 3517 1061 idest-

1921 1092 2209 1164 passionis,
2253 1093 2378 1164 quia
2420 1094 2680 1152 faciendas
2728 1104 2886 1152 erant
2937 1097 3187 1165 virtutes,
3234 1113 3505 1155 commcn-

1922 1184 2098 1239 danda
2119 1192 2239 1239 erat
2259 1184 2515 1241 divinitas
2537 1185 2772 1253 Domini,
2812 1189 3239 1246 commendanda
3259 1199 3374 1246 erat
3409 1192 3509 1246 ιιιμ

1922 1274 2155 1332 manitas
2203 1274 2437 1341 Domini,
2488 1277 2543 1332 in
2569 1278 2686 1347 ipsa
2723 1280 3098 1351 compassione
3137 1283 3502 1341 mortalitatis.

1924 1367 2085 1422 Venit
2108 1376 2288 1423 autem
2321 1367 2476 1433 hora,
2507 1376 2567 1423 ut
2592 1369 2722 1439 quid
2770 1370 2875 1426 sibi
2900 1379 2959 1426 et
3007 1372 3170 1427 matri
3215 1389 3503 1431 commune

1922 1466 2070 1512 esset
2101 1458 2436 1521 ostenderet,
2474 1473 2598 1512 cum
2634 1473 2757 1514 eam
2798 1459 3105 1515 moriturus
3132 1460 3185 1515 in
3212 1476 3401 1529 cruce,
3425 1464 3506 1518 di-

1923 1547 2131 1618 scipulo
2158 1547 2350 1617 virgini
2398 1547 2663 1617 virginem
2715 1551 3135 1606 commendavit.
3169 1550 3340 1622 Ilujus
3374 1569 3528 1609 vem-

1923 1639 2072 1694 horae
2140 1638 2400 1694 Dominus
2438 1640 2492 1694 in
2542 1655 2709 1697 cruce
2759 1642 3002 1712 pendens
3052 1658 3502 1710 commemorans,

1924 1729 2065 1784 dixit
2088 1730 2247 1784 matri
2277 1746 2291 1783 :
2325 1726 2536 1796 Mulier,
2566 1745 2696 1787 ecce
2719 1731 2863 1788 ﬁlius
2889 1739 3045 1801 tuus;
3073 1735 3229 1804 quasi
3257 1735 3505 1800 dixisset,

243 1826 486 1875 sanctam
530 1818 829 1875 Ecclesiam
877 1818 985 1874 sibi
1016 1818 1306 1888 copulavit.
1348 1817 1426 1873 De
1462 1831 1568 1887 qua
1592 1817 1821 1888 Aposto-
1846 1823 1894 1882 Β
1920 1835 2068 1886 ecce,
2096 1820 2201 1876 hoc
2221 1819 2368 1890 quod
2392 1821 2460 1876 de
2504 1828 2558 1877 te
2580 1822 2787 1893 sumpsi
2814 1824 2974 1881 modo
3022 1826 3329 1881 ostenditur
3386 1843 3505 1882 mo-

243 1914 327 1969 lus
348 1911 466 1968 ait:
495 1911 685 1981 Aptavi
714 1926 812 1967 vos
844 1910 938 1965 uni
964 1911 1082 1966 viro
1124 1909 1392 1980 virginem
1443 1916 1649 1965 castam
1674 1908 1823 1963 exhi—

236 2005 370 2065 bere
393 2002 608 2059 Christo
641 2000 729 2074 (II
760 1998 884 2056 Cor.
914 2000 1015 2071 xi),
1067 1999 1233 2055 habet
1276 2014 1409 2070 ergo
1434 2013 1688 2069 sponsam
1714 1998 1820 2053 Ec-

240 2094 480 2160 elesiam,
506 2107 668 2163 quam
698 2092 927 2148 redemit
949 2091 1210 2163 sanguine
1241 2105 1361 2155 suo,
1406 2096 1464 2145 et
1504 2089 1592 2145 cui
1627 2089 1823 2161 pignus

242 2185 390 2240 dedit
446 2184 710 2255 Spiritum
772 2190 1041 2248 sanctum,
1076 2195 1240 2252 quam
1301 2180 1406 2235 sibi
1456 2177 1738 2248 conjunxit
1766 2178 1821 2234 in

241 2284 399 2330 utero
426 2274 672 2346 virginis.
706 2274 943 2330 Verbum
988 2272 1132 2328 enim
1161 2287 1393 2342 sponsus
1425 2311 1440 2337 ,
1467 2284 1666 2341 sponsa
1690 2285 1823 2325 caro

243 2366 499 2431 humus,
525 2373 581 2419 et
607 2373 897 2434 utrumque
924 2378 1064 2419 unus
1088 2362 1260 2418 Filius
1288 2362 1406 2429 Dei,
1437 2370 1494 2418 et
1514 2363 1657 2418 idem
1682 2361 1824 2418 ﬁlius

241 2457 496 2523 beluinis,
527 2456 704 2513 factus
730 2463 815 2512 est
863 2462 1030 2526 caput
1054 2455 1335 2519 Ecclesiae,
1379 2462 1436 2509 et
1459 2452 1728 2525 processit
1757 2452 1826 2507 de

243 2547 503 2612 thalamo,
530 2546 687 2616 quasi
712 2560 965 2617 sponsus.
993 2544 1288 2600 Thalamus
1325 2542 1471 2598 enim
1497 2542 1616 2613 ejus
1636 2549 1826 2597 uterus

243 2639 465 2709 virginis
485 2638 621 2694 fuit:
644 2637 805 2695 Venit
829 2638 899 2693 ad
925 2637 1142 2709 nuptias
1168 2636 1224 2690 in
1251 2634 1400 2691 Cana
1424 2633 1677 2698 Galilataa,
1705 2647 1827 2688 cer-

244 2730 284 2783 ti
320 2729 677 2796 Sacramenti,
727 2729 876 2786 Cana
932 2742 1167 2800 namque
1216 2726 1365 2783 Zelus
1412 2727 1825 2797 interpretatur,

244 2821 463 2877 Galilara
488 2820 892 2893 transmigratio
916 2819 1079 2876 facta.

318 2934 388 2988 Et
432 2945 544 2990 erat
602 2945 772 2990 mater
804 2933 960 2990 \Jesu
989 2934 1082 2989 ibi.
1124 2934 1296 2990 Mater
1358 2932 1488 2990 Iesu
1526 2933 1583 2989 in
1620 2932 1828 3003 nuptiis

244 3027 543 3082 ostenditur
587 3042 875 3100 synagoga,
907 3043 974 3085 eo
999 3029 1145 3100 quod
1173 3026 1453 3086 Christum
1489 3026 1559 3082 ad
1584 3025 1825 3083 miracu-

246 3117 355 3172 lum
379 3125 657 3188 provocet.

1920 1909 2129 1973 riendo,
2189 1911 2320 1981 quid
2365 1918 2482 1976 est,
2533 1925 2656 1981 quae
2700 1920 2882 1968 tamen
2921 1923 3113 1970 natura
3162 1916 3505 1985 postmodum

1919 1999 2264 2056 clariﬁcanda
2286 2000 2397 2057 erit
2418 2000 2474 2056 in
2500 2001 2917 2059 resurrectionis
2941 2003 3136 2075 gloria.

1990 2088 2136 2145 Dicit
2156 2101 2330 2146 mater
2361 2091 2476 2163 ejus
2504 2092 2778 2158 ministris,
2827 2094 3174 2167 quodcunque
3203 2095 3395 2151 dixerit
3423 2114 3509 2151 υοο

1922 2180 2001 2235 bis
2024 2179 2205 2250 facite.
2245 2179 2474 2237 Sciebat
2487 2189 2667 2239 mater
2688 2182 3086 2239 humanitatem
3114 2183 3212 2240 ﬁlii
3236 2185 3342 2253 sui,
3374 2186 3513 2241 licet

1922 2274 2029 2328 hoc
2051 2273 2214 2330 modo
2241 2273 2521 2329 videretur
2565 2273 2833 2345 negando,
2857 2275 3004 2346 quod
3030 2277 3309 2346 poscebat,
3336 2286 3516 2333 mater

1922 2370 2107 2417 tamen
2134 2360 2341 2417 sciebat
2362 2361 2619 2433 pietatem
2646 2362 2742 2418 ﬁlii
2768 2362 2913 2436 quod
2933 2379 3130 2436 negare
3150 2365 3340 2432 noluit,
3364 2369 3508 2438 quod

1920 2451 2231 2523 petebatur,
2256 2452 2576 2509 ﬁducialiter
2602 2452 2881 2511 mandavit
2926 2454 3217 2523 ministris,
3266 2465 3328 2512 ut
3351 2472 3507 2512 man-

1923 2544 2052 2600 data
2089 2542 2185 2600 ﬁlii
2217 2544 2461 2617 jubentis
2488 2545 2794 2619 implerent.

1994 2634 2175 2690 Erant
2227 2645 2406 2693 autem
2428 2636 2504 2693 ibi
2530 2636 2754 2713 lapidea.-
2779 2638 2985 2711 hydria:
3017 2656 3112 2696 sea:
3153 2642 3362 2713 posiae.
3404 2641 3513 2714 [ly-

1923 2726 2059 2783 dria:
2098 2736 2362 2784 vocantur
2395 2744 2524 2785 vasa
2554 2744 2842 2800 aquarum,
2869 2730 3059 2788 Graece
3083 2731 3223 2809 ὕδωρ
3262 2749 3402 2804 aqua
3428 2733 3509 2788 di-

1924 2819 2088 2875 citur.
2137 2819 2293 2892 Aqua
2322 2835 2457 2876 vero
2499 2820 2796 2892 Scriptum
2830 2837 3001 2878 sacra:
3050 2823 3339 2879 scientiam
3370 2826 3513 2883 desi—
3606 2816 3612 2824 ’

1923 2918 2075 2982 gnat,
2131 2918 2254 2982 qua:
2300 2926 2432 2968 suos
2490 2911 2767 2968 auditores
2796 2920 2852 2968 et
2878 2928 2911 2968 a
2962 2923 3317 2984 peccatorum
3352 2918 3514 2974 sorde

1924 3000 2167 3068 abluere,
2199 3009 2256 3057 et
2281 3002 2477 3058 divinae
2527 3002 2856 3074 cognitionis
2911 3003 3053 3060 solet
3095 3003 3248 3061 fonte
3300 3014 3509 3077 potare.

1928 3091 2069 3148 Vasa
2091 3107 2211 3158 sex,
2244 3091 2441 3162 quibus
2490 3091 2890 3158 continebatur,
2942 3094 3108 3151 corda
3162 3104 3294 3151 sunt
3319 3097 3512 3154 devota

324 3180 549 3268 Vocatus
583 3216 658 3263 est
693 3216 868 3262 autem
902 3207 1082 3276 Iesus,
1122 3217 1173 3264 et
1200 3207 1448 3281 discipuli
1481 3208 1598 3279 ejus
1623 3208 1695 3263 ad
1719 3224 1822 3263 nu-

1934 3190 2262 3246 sanctorum,
2287 3195 2521 3252 quorum
2540 3180 2802 3252 perfectio
2823 3182 2949 3238 vita:
2972 3182 3043 3238 ad
3087 3184 3400 3255 exemplum
3426 3204 3525 3243 τοο-

243 3296 402 3362 ptias.
443 3295 597 3364 Quod
621 3296 881 3353 Dominus
906 3298 1056 3353 venit
1082 3298 1149 3353 ad
1189 3298 1424 3369 nuptias,
1453 3306 1680 3368 excepta
1711 3314 1826 3369 my-

245 3387 381 3443 stica
417 3388 812 3460 signiﬁcatione
836 3388 1160 3445 conﬁrmare
1209 3389 1397 3454 voluit,
1434 3390 1578 3460 quod
1607 3390 1723 3460 ipse
1748 3389 1827 3445 fe-

243 3479 337 3532 cit.
370 3477 462 3534 Sic
485 3479 629 3534 enim
657 3480 773 3549 ipse
800 3479 907 3536 alio
952 3479 1073 3536 loco
1098 3480 1173 3535 ait
1200 3498 1212 3534 :
1249 3480 1390 3552 quod
1422 3480 1677 3536 Dominus
1701 3496 1826 3535 con-

241 3567 440 3637 junxit,
472 3569 627 3624 homo
652 3585 755 3623 non
780 3579 984 3641 s.paret
1019 3568 1239 3641 (Matth.
1272 3569 1409 3642 Xix).

317 3658 425 3729 (Ea:
446 3658 637 3732 Beda.)
674 3660 889 3717 Primus
932 3661 1244 3732 nuptiarum
1269 3663 1419 3719 locus
1444 3662 1630 3720 Judzea
1656 3672 1827 3721 exsti-

248 3752 334 3815 tit,
361 3752 415 3806 in
441 3768 549 3822 qua
601 3752 770 3810 Filius
821 3755 915 3810 Dei
937 3756 1100 3812 homo
1133 3756 1274 3823 ﬁeri,
1302 3765 1359 3813 et
1410 3759 1710 3815 Ecclesium
1737 3760 1823 3816 sui

246 3844 492 3913 corporis
512 3859 578 3899 ac
598 3846 876 3918 sanguinis
912 3848 1325 3918 participatione
1370 3865 1714 3916 consecrare,
1742 3851 1827 3907 sui

248 3936 485 4005 Spiritus
502 3936 726 4008 pignore
751 3938 804 3992 in
835 3937 941 3994 ﬁde
975 3938 1300 3996 conﬁrmare
1327 3940 1578 4011 dignatus
1596 3950 1699 4008 est,
1730 3942 1829 3999 sed

247 4028 451 4083 vocatis
471 4028 540 4084 ad
581 4028 742 4084 ﬁdem
761 4030 1034 4101 gentibus,
1060 4046 1232 4102 usque
1283 4032 1353 4087 ad
1383 4032 1520 4089 ﬁnes
1542 4034 1693 4089 orbis
1720 4042 1831 4089 ter-

1923 3281 2012 3329 cte
2040 3271 2386 3329 credentibus
2432 3272 2607 3344 posita
2661 3278 2767 3339 est,
2815 3286 2913 3344 per
2940 3288 3039 3329 sex
3088 3274 3272 3331 saeculi
3300 3285 3510 3341 aetates,

1924 3379 2100 3435 usque
2126 3362 2196 3419 ad
2251 3363 2542 3437 adventum
2588 3362 2825 3430 Domini,
2857 3370 2915 3419 et
2957 3363 3097 3419 bene
3148 3363 3364 3436 lapidea
3388 3375 3515 3422 sunt

1926 3473 2080 3524 vasa,
2116 3455 2243 3526 quia
2270 3454 2432 3512 fortia
2461 3463 2590 3512 sunt
2625 3457 2788 3513 corda
2809 3453 3106 3527 iustorum,
3131 3466 3192 3513 ut
3211 3467 3341 3531 pote
3369 3460 3515 3517 illius

1925 3548 2123 3620 lapidis
2170 3548 2461 3603 dilectione
2490 3545 2741 3604 solidata.
2771 3548 2849 3604 De
2870 3563 2979 3619 quo
3005 3548 3200 3605 Petrus
3219 3549 3517 3622 Apostolus

1925 3639 2141 3695 dicebat
2170 3655 2183 3693 :
2220 3637 2303 3692 Ad
2332 3654 2485 3710 quem
2523 3638 2829 3694 accedentes
2852 3636 3083 3706 lapidem
3114 3640 3305 3707 rivum,
3335 3651 3384 3696 et
3415 3642 3530 3713 ipsi.

1927 3740 2181 3803 tanquam
2208 3729 2411 3801 lapides
2440 3730 2542 3785 rivi
2564 3729 3063 3801 supertrdi/icamini
3092 3728 3145 3804 (I
3177 3728 3326 3787 Petr.
3354 3735 3456 3804 tt)a

1999 3842 2297 3900 Secundum
2315 3843 2735 3915 puriﬁcationem
2765 3841 3099 3899 Judazorunt.
3139 3844 3297 3901 Bene
3320 3856 3503 3902 autem

1928 3934 2134 4007 hydria:
2190 3934 2486 3990 secundum
2518 3932 2954 4005 puriﬁcationem
2982 3932 3293 3991 Iudaeorum
3322 3938 3513 4008 positae

1927 4032 2110 4091 erant,
2122 4024 2252 4094 quia
2275 4023 2587 4080 Judzeorum
2613 4032 2822 4080 tantum
2847 4024 3517 4099 populo,lex,per|loysen

249 4135 345 4185 ne,
397 4120 709 4175 earumdem
745 4121 1053 4192 nuptiarum
1103 4122 1286 4179 votiva
1338 4123 1531 4194 gaudia
1567 4138 1829 4196 pervene-
1930 4115 2056 4172 data
2083 4123 2189 4182 est,
2216 4116 2393 4186 gratia
2415 4124 2596 4171 autem
2621 4124 2680 4171 et
2701 4116 2902 4172 veritas
2921 4117 3226 4189 Evangelii,
3250 4126 3360 4174 tam
3375 4120 3515 4176 Ceno

249 4219 392 4265 runt.
1930 4206 2100 4272 tibus,
2154 4221 2318 4276 quam
2365 4206 2532 4261 etiam
2557 4203 2759 4261 Iudicis
2796 4205 3147 4263 credentibus
3195 4221 3298 4277 per
3328 4205 3514 4266 Iesum

327 4302 388 4356 Et
425 4302 694 4371 deﬁciente
720 4305 857 4359 vino.
896 4304 1281 4361 Discumbente
1304 4313 1486 4360 autem
1505 4304 1577 4360 ad
1606 4306 1831 4377 nuptias
1929 4295 2210 4356 Christum
2237 4297 2381 4353 facta
2408 4307 2494 4353 est
2515 4296 2698 4369 (locis.
2724 4297 2797 4369 ι).

251 4395 478 4451 Domino
496 4396 679 4451 vinum
709 4396 931 4465 defecit,
985 4408 1047 4453 ut
1072 4398 1200 4455 vino
1257 4400 1483 4455 meliore
1530 4413 1628 4471 per
1654 4399 1822 4471 ipsum

2001 4387 2279 4459 Cupientes
2301 4386 2525 4459 singula:
2568 4396 2816 4444 metretas
2847 4388 2999 4444 binas
3051 4389 3131 4445 vel
3157 4398 3367 4448 ternas.
3412 4392 3513 4464 (Ex

250 4486 484 4541 mirabili
517 4488 704 4544 ordine
744 4487 889 4545 facto
913 4489 1361 4546 manifestaretur
1404 4491 1578 4563 gloria
1604 4490 1826 4547 latentis
1852 4539 1906 4563 ἢ
1931 4486 2185 4561 August.)
2222 4486 2362 4555 Quid
2388 4494 2476 4543 est
2502 4501 2632 4556 ergo
2672 4503 2688 4541 :
2737 4483 3038 4556 Capiebant
3072 4493 3332 4544 metretas
3360 4487 3517 4543 binas

251 4580 306 4633 in
336 4579 550 4636 homine
576 4582 695 4647 Dei,
744 4590 799 4637 et
825 4584 1163 4639 credentium
1212 4584 1268 4639 in
1304 4539 1438 4639 eum;7
1476 4593 1637 4640 aucta
1692 4539 1908 4641 ﬁdesD
1930 4539 2270 4636 veloternlas'i
2325 4539 2641 4651 Mysteriti’m
2691 4539 2852 4634 nobis
2878 4578 3119 4634 maxime
3162 4578 3264 4634 ista
3315 4577 3519 4636 locutio

249 4673 553 4742 proﬁceret.
572 4674 738 4742 Quod
764 4677 809 4732 si
836 4679 1150 4749 mysterium
1180 4679 1495 4750 qumrimus,
1525 4686 1829 4751 apparente
1929 4671 2293 4727 commendato
2309 4669 2534 4726 Μαΐου
2556 4670 2701 4726 ﬁlim
2719 4684 2752 4725 ³
2772 4684 3027 4726 meum"!
3059 4670 3273 4741 30009“
3296 4687 3519 4735 nomen.

253 4764 478 4818 "onmno
506 4765 560 4819 in
584 4781 771 4832 carne,
802 4782 1018 4823 meraca
1073 4769 1163 4824 illa
1191 4769 1381 4841 legalis
1427 4784 1621 4826 sensus
1647 4770 1828 4826 suavi-
1928 4764 2072 4821 sicut
2094 4778 2234 4819 urna
2274 4763 2361 4819 vel
2372 4763 2635 4835 amphora
2691 4777 2789 4819 seu
2805 4770 2861 4819 et
2873 4761 2995 4819 aliae
3014 4776 3300 4818 mensura.
3327 4764 3521 4840 Μᾶτρον

252 4864 357 4919 tas,
382 4857 643 4925 paulatim
688 4869 950 4930 ceperat,
998 4861 1070 4916 ob
1109 4861 1385 4917 carnalem
1429 4861 1828 4917 Phor-imorum
1928 4853 2076 4910 enim
2098 4854 2602 4911 mensuramdicunt
2622 4852 2820 4910 Graeci.
2873 4852 2991 4908 Non
3017 4853 3164 4909 enim
3184 4851 3390 4908 dictum
3412 4865 3515 4916 est.

252 4946 753 5017 interpretationem
801 4964 831 5004 a
855 4950 1037 5020 prisca
1078 4966 1174 5006 sua
1206 4952 1407 5007 virtute
1443 4952 1698 5017 deﬁcere,
1734 4950 1828 5022 qui
1928 4944 2204 5015 capientes
2227 4952 2511 5010 metretas,
2536 4943 2657 4999 alia:
2673 4943 2859 5010 binas,
2880 4942 3001 4999 alia:
3027 4950 3230 5011 ternas,
3261 4942 3360 4998 sed
3388 4944 3519 5013 ipsa:

254 5056 375 5095 mox
401 5055 464 5094 ea
486 5056 609 5112 quae
645 5043 880 5098 carnalia
933 5043 1255 5101 videbantur
1290 5047 1543 5102 mandata
1571 5046 1638 5101 ad
1668 5045 1832 5113 spiri-
1935 5052 2032 5094 sex
2052 5037 2256 5108 hydria:
2274 5037 2558 5106 capiebant
2583 5044 2845 5093 metretas
2884 5036 3043 5093 binas
3069 5035 3154 5092 vel
3192 5044 3397 5093 ternas.
3458 5038 3518 5093 Si

253 5132 450 5187 tualcm
474 5134 744 5189 convertit
773 5134 1096 5192 doctrinam.
1138 5137 1511 5209 Cunctamque
1539 5138 1735 5195 litterae
1763 5138 1837 5196 ie-
1937 5138 2123 5187 lel'ﬂas
2151 5138 2358 5185 ιαηωηὶ
2396 5129 2624 5194 δίωτοι»
2659 5144 2766 5185 non
2805 5136 3052 5185 ωιτθωι
3077 5127 3293 5185 animus
3311 5138 3517 5192 ηοειῡν.

253 5226 388 5294 gulis
437 5225 783 5294 superﬁciem
833 5228 889 5282 in
930 5228 1309 5300 Evangeticam
1357 5232 1595 5287 οωιοεαε
1647 5233 1837 5303 gratia;
1939 5222 2043 5279 nisi
2077 5222 2144 5277 ad
2170 5220 2489 5293 mysterium
2514 5220 2794 5276 trinitatis.
2818 5219 2955 5275 Cum
2984 5229 3175 5276 autem
3206 5219 3518 5275 nominatur
3584 5214 3585 5217 “

252 5315 507 5369 virtutem
545 5317 800 5382 mutavit,
825 5320 969 5388 quod
992 5328 1100 5379 est.
1120 5320 1307 5375 vinum
1354 5320 1550 5377 fecisse
1577 5324 1644 5378 de
1675 5338 1835 5393 aqua.

324 5407 462 5461 Dicit
488 5416 657 5462 mater
678 5406 807 5463 Iesu
828 5408 898 5463 ad
934 5425 1075 5475 eum,
1104 5413 1280 5466 vinum
1300 5429 1400 5466 non
1429 5413 1641 5477 habent,
1668 5425 1716 5469 et
1752 5416 1834 5470 di-

254 5500 324 5553 cit
365 5499 412 5554 ei
436 5499 616 5565 Iesus,
646 5500 775 5571 quid
799 5502 928 5555 mihi
953 5510 1001 5556 et
1042 5502 1138 5557 tibi
1157 5511 1259 5568 est,
1286 5503 1525 5559 mulier?
1541 5504 1642 5576 (Et
1663 5505 1823 5578 Aug.)

256 5591 439 5660 Neque
463 5591 608 5646 enim
635 5599 862 5647 matrem
909 5608 1064 5647 suam
1095 5594 1466 5662 inhonoraret,
1494 5596 1588 5665 qui
1626 5612 1724 5651 nos
1744 5596 1833 5666 ju-

254 5680 347 5737 lrct
373 5682 641 5739 honorare
682 5691 958 5752 parentes,
986 5692 1079 5737 aut
1106 5685 1208 5740 sibi
1249 5699 1369 5741 esse
1410 5696 1638 5740 matrem
1672 5702 1833 5757 nega-

260 5781 360 5839 rel,
389 5774 483 5846 qui
513 5773 579 5829 de
593 5788 656 5829 ea
685 5788 904 5830 carnem
928 5775 1183 5845 suscepit,
1214 5775 1308 5831 sed
1337 5777 1394 5832 in
1416 5791 1481 5832 eo
1502 5777 1644 5846 quod
1667 5778 1826 5833 dicit:

1939 5313 2102 5367 Pater
2128 5320 2184 5366 et
2207 5310 2397 5375 Filius,
2423 5318 2683 5380 tanquam
2713 5310 2832 5366 dure
2858 5320 3124 5367 metretas.
3165 5311 3301 5370 Cum
3327 5322 3512 5368 autem

1941 5404 2014 5460 ibi
2043 5401 2360 5472 intelligitur
2389 5398 2626 5470 Spiritus
2657 5409 2900 5469 sanctus,
2930 5410 3047 5458 tres
3071 5410 3337 5458 metreue.

2008 5497 2199 5557 Aliter.
2237 5502 2386 5557 Bima
2413 5509 2677 5568 metrette,
2701 5503 3046 5560 circumcisio
3093 5513 3149 5557 et
3172 5501 3517 5573 prmputinm,

1939 5594 1996 5649 lu
2021 5595 2229 5649 duobus
2261 5593 2381 5648 istis
2411 5592 2738 5661 nominibus,
2771 5594 2940 5650 habes
2966 5607 3154 5649 omnes
3181 5592 3409 5656 Gentes,
3440 5594 3521 5647 Μ-

1940 5702 2023 5742 mc
2051 5693 2292 5741 metreta-
2320 5693 2468 5741 sunt.
2528 5684 2627 5741 liis
2673 5683 2883 5739 duobus
2909 5682 3231 5754 parietibus,
3261 5682 3399 5751 lapis
3427 5698 3525 5735 an-

1940 5777 2142 5848 gnlaris
2182 5775 2361 5833 factus
2403 5784 2489 5834 est
2523 5776 2794 5846 Christus,
2842 5776 3193 5835 ostendamus
3240 5781 3297 5829 et
3339 5780 3521 5829 temtas
3564 5818 3583 5839 ί
