3946 6428
463 367 533 427 87
1760 368 2106 427 satu-tem
2146 372 2427 445 ABBATIS
3645 368 3718 422 88

462 491 719 537 metretas
757 482 808 536 in
862 482 991 552 ipsis
1034 481 1299 551 gentibus.
1369 483 1504 536 Tres
1557 493 1711 536 erant
1761 484 1853 537 ﬁlii
1892 484 2023 547 Noe,
2056 491 2106 547 Λ
2133 487 2241 540 filio
2281 488 2588 541 immolatur
2619 485 2781 544 aries.
2803 485 2917 553 ipse
2950 492 3125 538 tamen
3153 497 3250 552 pro
3278 483 3588 537 obedientia
3616 485 3714 537 he-

462 588 562 641 pt-r
588 588 724 643 quos
752 579 1054 640 reparatum
1107 580 1190 626 est
1238 587 1407 643 genus
1459 573 1758 627 hominum.
1827 574 2033 641 Quibus

464 661 747 731 Apostolus
772 662 847 715 ait
872 681 884 715 :
915 662 1237 731 Accepimus
1262 677 1573 716 mensuram
1595 663 1928 733 pertingendi
1946 678 2031 717 us-

462 768 564 820 que
589 752 655 807 ad
682 767 795 807 vos.
825 753 964 807 Ecce
987 754 1155 808 habes
1183 762 1238 807 et
1267 761 1376 807 tres
1396 760 1653 807 metretas
1676 753 1726 806 in
1749 751 2028 807 Gentibus.

534 840 635 912 (Ex
664 840 853 911 Beda.)
908 839 1179 912 Cupientes
1208 842 1430 913 singqu
1469 851 1710 896 metretas
1760 842 1907 895 binas
1957 859 2030 895 vet

458 947 656 998 ternas,
682 934 806 1003 quia
829 931 1124 1002 Scripturae
1144 941 1342 987 sancta:
1372 940 1641 996 auctores,
1668 932 1826 985 modo
1847 931 1913 984 de
1934 929 2006 984 Pa

458 1033 544 1078 tre
584 1031 795 1090 tantum
819 1019 1112 1091 loquuntur
1140 1030 1195 1074 et
1223 1019 1383 1085 Filio,
1413 1020 1572 1075 modo
1604 1020 1768 1075 etiam
1797 1019 2033 1087 Spiritus

460 1113 634 1168 sancti
664 1111 868 1167 faciunt
888 1112 1236 1166 mentionem.
1275 1111 1330 1165 ln
1352 1111 1494 1166 binis
1521 1111 1606 1165 vel
1629 1111 1815 1174 ternis,
1836 1119 2026 1179 totam,

459 1220 578 1273 qme
606 1217 746 1258 unus
778 1211 862 1257 est
880 1202 1041 1266 Deus,
1082 1200 1318 1272 intellige
1342 1200 1659 1256 trinitatem.
1728 1199 1834 1255 Sed
1861 1214 2031 1270 quan-

460 1302 574 1346 tum
597 1293 741 1347 inter
757 1306 952 1361 aquam
976 1300 1033 1347 et
1059 1293 1239 1346 vinum
1270 1292 1455 1356 distat,
1512 1300 1718 1346 tantum
1766 1291 1931 1347 distat
1950 1292 2031 1345 in-

459 1392 543 1435 ter
581 1396 799 1437 sensum
854 1381 1027 1446 illum,
1078 1396 1183 1451 quo
1232 1381 1528 1452 Scriptum
1571 1391 1699 1436 ante
1738 1381 2029 1436 adventum

460 1472 758 1529 Salvatoris
779 1473 1236 1544 intelligebantur,
1250 1481 1305 1529 et
1330 1489 1453 1529 eum
1482 1488 1640 1543 quem
1673 1473 1893 1528 veniens
1915 1473 2030 1543 ipse

458 1565 739 1620 revelavit.

527 1655 668 1710 Dicit
693 1656 769 1710 eis
785 1654 983 1710 Iesus:
1029 1655 1246 1726 Implete
1281 1655 1498 1725 hydria:
1534 1670 1691 1725 aqua.
1743 1653 1881 1720 Quid
1931 1667 2029 1722 per

454 1746 736 1803 ministros
777 1747 869 1817 qui
897 1747 1011 1802 haec
1032 1747 1292 1811 fecerunt,
1330 1747 1435 1801 nisi
1469 1745 1671 1801 Christi
1716 1745 2027 1816 signiﬁcan-

2137 580 2420 632 nedicitur.
2477 578 2556 632 Tu
2604 578 2827 631 audiens
2872 576 3008 638 hzec,
3048 582 3103 628 et
3132 575 3247 642 ipse
3278 574 3533 629 obediens
3584 591 3715 629 esse

2134 669 2365 739 satagis,
2430 668 2671 738 hydriam
2722 680 2875 735 aquae
2923 663 3174 718 invenisti
3230 679 3340 734 qua
3401 662 3712 720 munderi’s.

2133 758 2283 824 Quod
2310 759 2354 812 si
2385 757 2748 812 immolatione
2791 754 2886 809 lilii
2905 753 3071 818 unici,
3100 754 3407 823 passionem
3453 753 3719 823 intelligis

2132 845 2353 912 Christi,
2396 848 2487 917 qui
2512 845 2849 901 humanitate
2876 858 3087 915 passus,
3124 842 3177 896 in
3208 842 3489 896 divinitate
3516 845 3718 912 impas-

2131 936 2304 991 sibilis
2326 938 2542 1002 mansit,
2557 937 2683 1007 quia
2722 934 2866 989 ﬁlius
2877 933 3125 997 offertur,
3142 933 3236 987 sed
3258 933 3399 987 aries
3418 942 3714 997 mactatur,

2133 1028 2226 1083 sed
2254 1029 2298 1082 si
2322 1028 2575 1099 intelligis
2592 1026 3024 1083 benedictionem
3046 1023 3279 1078 Abrahae
3319 1023 3371 1078 in
3384 1033 3468 1087 te,
3517 1026 3611 1094 qui
3647 1027 3717 1079 de

2130 1118 2391 1174 Gentibus
2414 1117 2613 1183 credis,
2637 1130 2759 1171 esse
2779 1113 3123 1183 completam,
3160 1112 3418 1167 nimirum
3462 1115 3531 1167 de
3566 1128 3716 1184 aqua

2129 1210 2315 1264 vinum
2338 1208 2434 1263 tibi
2457 1208 2601 1274 fecit,
2632 1208 2723 1277 qui
2746 1205 3044 1276 spiritalem
3074 1219 3290 1260 sensum
3318 1205 3413 1259 tibi
3440 1205 3609 1259 dedit.
3654 1207 3715 1260 In

2129 1307 2322 1371 quarta
2373 1309 2568 1365 aetate,
2621 1296 2788 1353 David
2820 1296 3057 1361 humilis,
3115 1295 3375 1351 innocens
3420 1302 3476 1351 et
3535 1296 3711 1361 mitis,

2130 1391 2292 1448 Saule
2347 1390 2578 1460 superbo
2635 1388 2864 1457 abjecto,
2900 1400 3127 1457 regnum
3156 1386 3402 1441 sortitur.
3478 1389 3537 1445 Si
3591 1388 3715 1441 haec

2130 1484 2372 1547 audiens,
2399 1480 2687 1536 humilitati
2714 1487 2767 1533 et
2791 1477 3111 1533 innocentia:
3146 1477 3380 1537 studere,
3435 1485 3487 1531 et
3520 1492 3715 1547 super-

2130 1573 2273 1627 biam‘
2296 1570 2528 1642 cmperis
2555 1570 2621 1625 de
2647 1578 2738 1623 tuo
2764 1568 2928 1624 corde
2948 1565 3226 1636 repellere,
3261 1560 3511 1621 haustum
3552 1582 3714 1637 aqua:

2128 1663 2518 1733 limpidissima!
2531 1676 2638 1731 quo
2654 1659 2917 1715 reﬁciaris
2931 1657 3202 1721 invenisti,
3221 1656 3273 1710 in
3285 1653 3474 1726 hydria
3487 1669 3712 1726 quarta,

2129 1753 2277 1808 fonte
2304 1751 2527 1807 salutari
2564 1750 2788 1820 repleta.
2860 1747 2996 1803 Nam
3022 1747 3067 1801 si
3100 1746 3153 1799 in
3183 1744 3347 1800 Saule
3381 1744 3615 1811 Judzeos,
3655 1750 3712 1802 in

456 1848 549 1890 tur
581 1836 845 1908 discipuli,
888 1838 979 1907 qui
1031 1838 1383 1907 impleverunt
1432 1836 1650 1907 hydrias
1703 1850 1863 1905 aqua,
1918 1850 2020 1890 non

2128 1846 2296 1902 David
2339 1846 2646 1909 Christum,
2681 1851 2736 1898 et
2774 1841 3078 1898 Judmorum
3135 1852 3361 1907 regnum
3414 1840 3715 1895 carnaliter

453 1926 670 1993 quidem
709 1928 811 1998 ipsi
836 1927 1097 1998 legalibus
1126 1943 1189 1982 ac
1220 1924 1550 1999 propheticis
1575 1926 1881 1995 scripturis,
1924 1924 2028 1979 im-

453 2018 667 2085 plendo,
697 2021 790 2075 scd
811 2018 911 2090 ipsi
942 2017 1285 2090 intelligendo
1306 2018 1616 2088 prudenter,
1649 2026 1703 2073 et
1735 2015 2026 2087 aperiendo

456 2108 705 2164 tidcliter.
830 2106 835 2111 1

526 2200 879 2273 lmplererunt
900 2210 1075 2255 autent
1105 2218 1263 2273 usque
1291 2201 1361 2254 ad
1383 2216 1662 2254 summum.
1711 2199 1846 2267 Quia
1878 2206 2025 2253 recte

456 2291 836 2347 intellexerunt
879 2291 1083 2345 nullum
1110 2292 1272 2346 fuisse
1299 2299 1511 2359 tempus
1530 2289 1709 2344 smculi
1763 2304 1794 2343 a
1824 2290 2026 2343 sanctis

454 2381 685 2437 alienum
712 2382 1044 2447 doctoribus,
1076 2383 1166 2453 qui
1214 2382 1327 2436 sive
1355 2380 1556 2445 verbis,
1585 2380 1697 2433 sive
1742 2377 2020 2448 exemplis,

452 2474 568 2529 sive
596 2474 761 2528 etiam
790 2473 1027 2543 scriptis,
1051 2473 1192 2527 viam
1218 2473 1341 2526 vita:
1379 2469 1699 2525 mortalibus
1725 2474 2021 2540 aperirent.

453 2557 519 2616 Et
539 2564 753 2633 quidem
769 2564 942 2633 potuit
967 2563 1109 2617 Deus
1130 2574 1329 2617 vacuas
1365 2561 1589 2632 implere
1634 2559 1854 2631 hydrias
1876 2559 2019 2621 vino,

451 2654 627 2724 quiin
661 2653 886 2710 exordio
917 2653 1099 2708 mundi
1126 2662 1321 2710 cuncta
1344 2651 1547 2707 creavit
1580 2666 1647 2707 ex
1692 2650 1881 2717 nihilo,
1929 2652 2025 2706 sed

457 2742 645 2801 maluit
685 2746 754 2800 de
782 2760 921 2815 aqua
965 2744 1143 2801 faccre
1174 2745 1375 2809 vinum,
1425 2759 1531 2814 quo
1563 2742 1739 2815 typice
1781 2742 2021 2807 doceret,

452 2849 559 2890 non
589 2849 649 2892 se
677 2834 744 2891 ad
771 2834 1079 2891 solvendam
1102 2835 1637 2905 improbandamque,
1683 2833 1778 2889 sed
1829 2832 1897 2887 ad
1921 2832 2024 2886 im-

451 2927 702 2996 plendam
727 2927 904 2999 potius
929 2926 1100 2999 legem
1130 2925 1535 2997 Prophetasque
1552 2926 1784 2982 venisse.
1832 2925 2026 2979 Videa-

454 3034 572 3076 mus
608 3035 738 3093 ergo
774 3036 867 3077 sex
907 3020 1127 3093 hydrias
1179 3019 1581 3091 Scriptm-arum
1620 3032 1758 3089 aqua
1796 3016 2020 3073 salumri

451 3110 703 3182 repletas.
761 3108 1139 3167 Videamus-et
1167 3111 1410 3167 eamdem
1453 3125 1648 3181 aquam
1676 3109 1730 3165 iu
1760 3109 2022 3165 suavissi-

2127 1940 2480 2003 destructum,
2509 1935 2707 1991 Christi
2738 1941 2917 1987 autem
2954 1944 3178 2003 regnum
3204 1928 3534 1984 intellexeris
3563 1945 3714 1984 sem-

2126 2042 2225 2099 per
2266 2039 2601 2087 mansurum,
2678 2022 2863 2077 vinum
2894 2022 2958 2076 de
2974 2034 3111 2091 aqua
3135 2019 3335 2074 factum
3362 2019 3551 2083 sentis,
3600 2034 3714 2088 quo

2125 2126 2311 2189 potato
2337 2117 2389 2171 in
2422 2124 2682 2170 mternum
2709 2111 2927 2167 laeteris.
2952 2112 3010 2165 ln
3042 2111 3229 2181 quinta
3256 2118 3434 2175 aetate,
3477 2110 3713 2180 populus

2124 2222 2357 2279 peccans
2387 2204 2735 2276 Babyloniam
2760 2202 3200 2273 transmigratur,
3226 2200 3318 2256 sed
3340 2210 3466 2271 post
3487 2210 3712 2271 septua-

2124 2300 2269 2370 ginta
2328 2312 2497 2351 annos
2532 2295 2821 2365 pmnitcns,
2859 2302 2913 2349 et
2965 2300 3273 2362 correptus,
3323 2293 3558 2362 patriam
3606 2306 3713 2361 per

2123 2387 2305 2443 Jesnm
2335 2388 2669 2442 sacerdotem
2721 2398 2971 2453 magnum
3014 2383 3310 2438 reducitur.
3365 2382 3489 2437 llaec
3524 2384 3572 2437 si
3600 2398 3708 2436 an-

2124 2470 2527 2547 diens,'peccati
2566 2484 2709 2530 metu
2742 2476 2808 2530 ad
2845 2475 3174 2545 poenitentiae
3197 2474 3495 2530 remedium
3515 2474 3713 2528 confu-

2124 2570 2290 2642 geris,
2321 2584 2457 2640 aqua
2487 2568 2693 2639 hydria:
2722 2567 2926 2637 quintae
2956 2566 3170 2621 ablutus
3218 2580 3298 2631 es,
3338 2566 3383 2619 si
3412 2574 3591 2619 autem
3621 2566 3709 2619 in-

2125 2661 2398 2717 tellexeris
2416 2658 2741 2730 Babylonem
2764 2672 2883 2712 esse
2911 2655 3281 2712 confusionem
3328 2664 3705 2726 peccatorum,

2125 2749 2623 2806 Nabuchodonosor
2653 2746 2939 2809 diabolum,
2969 2745 3153 2801 Jesum
3178 2747 3517 2801 sacerdotem
3566 2753 3709 2815 pou-

2126 2840 2325 2895 tiﬁcem
2351 2855 2492 2905 esse,
2541 2837 2725 2893 Jesum
2760 2836 3059 2902 Christum,
3108 2836 3445 2906 septuaginta
3498 2852 3697 2901 annos,

2124 2932 2389 2987 bonorum
2422 2928 2808 3001 plenitudinem
2842 2943 3106 2997 operum,
3163 2942 3282 2996 quae
3322 2942 3421 2996 per
3466 2927 3711 2997 Spiritus

2123 3023 2299 3080 sancti
2324 3023 2461 3078 dona
2494 3021 2818 3091 largiuntur,
2886 3020 3073 3075 vinum
3102 3019 3168 3075 de
3202 3034 3342 3089 aqua
3365 3019 3564 3075 factum
3605 3022 3709 3075 ha-

2125 3116 2242 3180 bes,
2271 3114 2398 3185 quia
2427 3114 2493 3167 ad
2521 3122 2571 3167 te
2601 3112 2870 3182 pertinere
2891 3128 3010 3183 quae
3036 3113 3236 3182 scripta
3264 3120 3391 3167 sunt
3418 3113 3705 3184 intelligis.

451 3216 597 3260 mum
623 3203 733 3260 viui
769 3205 987 3261 odorem
1018 3214 1337 3276 gustumque
1358 3220 1696 3259 conversam.
1763 3203 1822 3259 in
1846 3204 2020 3274 prima
2048 3210 2092 3273 C
2124 3207 2181 3262 In
2205 3216 2356 3260 sexta
2379 3212 2539 3260 :etate
2582 3203 2838 3257 Dominus
2867 3218 3132 3273 apparens
3174 3204 3227 3258 in
3265 3219 3449 3269 carne,
3506 3214 3705 3260 octava

446 3305 604 3351 rotate
627 3295 831 3362 sreculi,
870 3296 1000 3351 Abel
1023 3298 1225 3371 justum
1256 3294 1424 3350 frater
1461 3296 1679 3361 occidit,
1714 3303 1769 3351 et
1813 3297 1882 3351 ob
1917 3297 2019 3352 hoc

450 3387 712 3460 martyrio
733 3395 1042 3451 ceronatus,
1075 3386 1126 3441 in
1150 3386 1456 3456 Evangeliis
1484 3395 1537 3442 et
1584 3388 1635 3442 in
1658 3386 1911 3457 Epistolis
1927 3386 2015 3457 ju-

449 3485 566 3530 stus
609 3474 885 3543 scribitur,
918 3474 1191 3533 fratricida
1238 3476 1434 3549 impius
1468 3479 1797 3534 nominatur.
1863 3478 2021 3546 Quis-

449 3571 572 3641 quis
599 3572 684 3631 his
704 3572 921 3638 auditis,
977 3573 1168 3628 metuit
1195 3586 1316 3629 cum
1341 3574 1519 3644 impiis
1565 3572 1833 3640 damnari,
1871 3575 2020 3644 cupit

448 3660 694 3716 leuedici
743 3677 864 3716 cum
888 3661 1013 3733 piis.
1056 3662 1120 3717 Et
1151 3664 1269 3718 ideo
1290 3676 1503 3719 omnem
1530 3665 1775 3719 odiorum
1797 3673 1850 3719 et
1884 3665 2020 3719 invi-

448 3752 551 3806 dia:
575 3751 817 3808 fomitem
847 3753 1051 3823 abjicit,
1085 3763 1141 3810 et
1177 3753 1287 3810 Deo
1328 3755 1541 3826 placere
1564 3772 1663 3826 per
1686 3756 2014 3812 sacrificium

442 3845 666 3916 justitiae
693 3846 992 3913 contendit,
1022 3861 1222 3915 vasque
1243 3846 1294 3900 in
1327 3845 1608 3918 Scriptura
1638 3848 2019 3913 invenit,unde

449 3936 737 3991 salubriter
764 3935 976 3991 ablutus
999 3944 1322 4006 potatusque
1346 3937 1625 4008 gauderet.
1686 3936 1794 3992 Sed
1840 3936 1886 3992 si
1931 3938 2017 3991 in-

448 4026 737 4093 tellexerit,
779 4041 876 4096 per
895 4026 1029 4084 Cain
1064 4027 1415 4092 homicidum,
1458 4026 1772 4082 Iudaeorum
1815 4026 2018 4097 signiﬁ-

445 4117 558 4171 cari
587 4115 888 4186 perﬁdiam,
935 4117 1259 4173 occisionem
1288 4117 1439 4182 Abel,
1480 4116 1788 4187 passionem
1814 4116 2019 4187 signiﬁ-

444 4209 557 4263 cari
589 4206 798 4265 Domini
827 4207 1140 4279 salvatoris,
1225 4215 1433 4265 terram
1481 4221 1601 4276 quae
1628 4207 1868 4278 suscepit
1897 4207 2017 4278 ejus

444 4299 780 4371 sanguinem,
813 4298 1106 4355 Ecclesium
1135 4313 1276 4364 esse,
1305 4314 1426 4367 qua:
1470 4297 1669 4354 Christi
1704 4299 2016 4370 sanguinem

445 4393 499 4446 in
547 4391 861 4463 mysterium
914 4405 1025 4446 sua:
1064 4390 1428 4445 renovationis
1469 4389 1700 4459 accepit,
1760 4390 2015 4444 nimirum

2121 3296 2208 3351 die
2236 3294 2566 3357 Nazivitatis,
2590 3292 2964 3364 circumcisus,
2986 3301 3042 3347 et
3076 3292 3131 3346 in
3154 3293 3427 3349 tricesima
3452 3294 3613 3347 tertia
3636 3294 3706 3348 a.l

2121 3384 2380 3454 templum
2409 3392 2494 3437 est
2518 3382 2744 3448 delatus,
2797 3382 2932 3437 etin
2970 3396 3039 3437 eo
3065 3398 3292 3438 munera
3346 3395 3472 3440 sunt
3517 3385 3706 3439 ollata

2119 3493 2219 3548 pro
2246 3476 2356 3531 illo.
2411 3475 2536 3530 llaec
2560 3476 2828 3531 intuentes
2855 3477 2922 3531 ad
2948 3477 3207 3545 litteram,
3312 3488 3493 3548 aperte
3537 3479 3705 3534 disci-

2119 3583 2240 3623 mus
2275 3576 2478 3636 quanta
2516 3566 2671 3621 nobis
2709 3566 2984 3636 diligentia
3036 3576 3163 3621 sunt
3202 3566 3327 3622 ﬁdei
3356 3568 3703 3638 Evangt-licae

2118 3658 2396 3715 subeunda
2424 3657 2701 3729 mysteria,
2733 3658 2950 3728 quando
2976 3658 3108 3727 ipse,
3137 3658 3229 3727 qui
3257 3658 3700 3715 benedictionem

2118 3754 2370 3810 adferens
2390 3754 2597 3826 grati-.12,
2643 3762 2883 3807 veterum
2910 3752 3085 3822 primo
3105 3752 3459 3807 cteremonias
3500 3752 3700 3822 imple-

2116 3849 2214 3913 vit,
2262 3856 2318 3903 et
2340 3848 2419 3902 sic
2445 3862 2579 3901 nova
2608 3853 2944 3900 sacramenta
2976 3844 3268 3913 suscipere,
3317 3844 3477 3899 simul
3503 3852 3560 3898 et
3584 3853 3699 3899 tra-

2116 3940 2247 3993 dere
2265 3937 2491 3992 euravit.
2526 3935 2664 3991 Ecce
2677 3935 2845 3990 babes
2858 3935 3104 4005 hydriam
3129 3942 3334 3989 sextam
3346 3934 3413 3988 ad
3430 3934 3703 3989 abluenda

2115 4038 2361 4100 peccata,
2393 4029 2460 4083 ad
2480 4028 2713 4099 potanda
2760 4027 2885 4081 vita:
2922 4027 3136 4097 gaudia,
3169 4026 3510 4081 mundiorem
3531 4036 3703 4081 aete-

2118 4124 2251 4178 teris
2268 4121 2584 4178 aﬁ‘erentem
2620 4120 2841 4175 undam.
2904 4119 3104 4174 Verum
3135 4129 3191 4174 et
3219 4119 3263 4173 si
3310 4119 3365 4173 in
3403 4119 3699 4174 circumci-

2116 4215 2267 4269 sione
2287 4212 2461 4270 octavi
2486 4212 2587 4267 dici
2633 4211 2900 4281 baptisma
2923 4210 3199 4281 intelligis,
3233 4211 3354 4265 etin
3384 4210 3703 4267 inductione

2116 4306 2170 4359 in
2201 4303 2482 4373 templum,
2525 4311 2582 4357 et
2605 4303 2661 4355 iu
2680 4301 2950 4357 oblatione
2988 4301 3179 4356 hostiae
3230 4300 3513 4372 cognoscis
3558 4301 3703 4372 ﬁgu—

2114 4395 2224 4448 rari
2249 4393 2450 4457 ﬁdeles,
2468 4392 2534 4446 de
2552 4391 2870 4461 baptisterio
2907 4393 2973 4446 ad
3003 4390 3172 4446 altare
3186 4400 3435 4446 sanctum
3458 4391 3696 4460 ingredi,

445 4499 640 4554 aquam
692 4485 747 4539 in
782 4484 965 4539 viuum
1002 4492 1267 4538 mutatam
1299 4482 1524 4553 reperit,
1557 4483 1685 4552 quia
1710 4483 1854 4537 dicta
1883 4482 2016 4554 legis
2052 4552 2065 4555 Α
2112 4494 2170 4540 et
2198 4485 2462 4540 Dominici
2489 4485 2729 4554 corporis
2756 4493 2811 4540 et
2837 4484 3118 4555 sanguinis
3167 4484 3547 4539 communione
3603 4485 3699 4539 de-

444 4552 708 4631 saicratius
761 4575 1041 4631 intellexit.
1105 4574 1163 4629 In
1213 4552 1449 4629 seettnda
1502 4581 1663 4627 mtatc
1692 4571 1875 4627 saeculi
1915 4552 2013 4641 pro
2044 4552 2091 4613 Ι)
2114 4576 2243 4630 bere
2272 4552 2606 4640 consecrari,
2667 4574 2796 4629 vino
2824 4552 3041 4642 quidem
3063 4574 3129 4628 de
3152 4587 3291 4643 aqua
3343 4573 3489 4628 facto
3515 4588 3697 4628 mera~

432 4667 678 4735 peccatis
703 4667 979 4723 hominum
1006 4666 1236 4721 mundus
1270 4663 1595 4729 deletus-est,
1620 4663 1776 4733 aquis
1804 4663 2010 4729 diluvii,

441 4777 470 4813 ει
502 4773 608 4829 quo
635 4758 782 4814 solus
802 4758 914 4813 Noe
939 4763 1161 4827 prepter
1174 4755 1444 4826 justitiam
1466 4769 1588 4809 cum
1602 4754 1789 4823 paucis
1817 4754 2016 4809 meruit

442 4850 679 4905 liberari.
720 4849 975 4919 Quisquis
1001 4862 1129 4917 ergo
1151 4848 1255 4904 hac
1278 4846 1460 4901 audita
1488 4847 1789 4902 vastatione
1829 4863 2013 4904 emen-

2111 4667 2333 4722 cissimo
2357 4668 2583 4721 donatus
2611 4680 2689 4719 es.
2735 4662 2932 4718 Verum
2956 4664 3003 4718 si
3023 4664 3202 4720 adhuc
3225 4664 3367 4733 quod
3390 4663 3564 4732 majus
3585 4674 3694 4731 est,

2111 4754 2540 4811 circumcisionis
2552 4754 2694 4809 diem
2734 4752 3118 4824 adgeneralem
3143 4754 3594 4810 resurrectionem
3612 4756 3696 4809 in-

2112 4847 2446 4917 terpreteris,
2462 4854 2515 4901 et
2529 4845 2876 4900 circumcisos
2898 4844 3078 4900 induci
3099 4844 3153 4899 in
3175 4844 3432 4914 templum
3454 4860 3575 4900 cum
3594 4845 3693 4900 ho-

438 4944 619 4997 datius
642 4944 823 4996 vivere
847 4939 1095 5009 emperit,
1123 4937 1338 4993 liberari
1382 4936 1697 4992 desiderans
1731 4952 1853 4992 cum
1882 4953 2013 5008 pau-
2106 4927 2254 4992 aliis,
2277 4926 2497 4997 quando
2527 4929 2701 4984 sancti
2722 4928 2836 4999 jam
2871 4929 3319 5000 incorruptibiles
3349 4933 3413 4984 ad
3441 4945 3695 4986 cuuteut-
3757 5008 3766 5016 l

438 5034 540 5098 cis,
558 5031 1109 5088 timensexterminari
1131 5044 1253 5085 cum
1279 5028 1544 5099 plurimis,
1570 5029 1812 5100 hydriam
1835 5045 2008 5100 aqum,
2108 5023 2366 5092 plaudam
2408 5022 2647 5091 speciem
2680 5023 2881 5078 divinat
2920 5023 3238 5093 maiestatis.
3268 5040 3391 5078 cuu.
3423 5026 3695 5079 bonorum

439 5145 548 5199 qua
574 5128 924 5183 mundaretur
944 5124 1179 5191 invenit;
1212 5124 1306 5180 sed
1343 5124 1391 5178 si
1428 5124 1481 5177 in
1513 5139 1640 5179 arca
1689 5123 2008 5189 Ecclesium,

442 5222 496 5274 in
531 5218 644 5273 Noe
687 5218 985 5280 Christum,
1021 5216 1075 5269 in
1102 5230 1242 5285 aqua
1276 5215 1623 5286 baptismum,
1655 5216 1710 5270 in
1763 5215 2012 5271 columba

443 5309 752 5364 unctionem
782 5305 1016 5376 Spiritus
1040 5305 1232 5371 sancti,
1259 5319 1366 5375 quo
1395 5305 1649 5374 baptizati
1676 5304 2008 5370 imbuuntur,

439 5397 789 5461 intellexerit,
811 5396 997 5450 viuum
1021 5394 1261 5466 profecto
1284 5398 1349 5451 de
1375 5410 1511 5465 aqua
1531 5396 1729 5451 lactant
1758 5396 2016 5461 miratur,

454 5490 582 5560 quia
610 5489 666 5544 in
692 5486 863 5543 veteri
891 5486 1115 5541 historia
1151 5501 1300 5541 suam
1347 5485 1671 5541 ablutionem
1700 5483 2009 5555 prophetari

443 5579 738 5647 cognoscit.
792 5576 851 5631 In
873 5576 1029 5631 tertia
1076 5584 1231 5630 atate
1282 5576 1510 5630 tentavit
1547 5577 1687 5630 Deus
1714 5575 2008 5638 Abraham,

443 5684 566 5722 eum
619 5667 786 5723 lilium
821 5665 938 5735 ejus
980 5666 1034 5720 in
1092 5666 1462 5721 holocaustum
1509 5667 1689 5719 offerri
1734 5665 2005 5733 prmcepit.

452 5758 564 5815 Non
606 5758 784 5816 differt
806 5758 1078 5816 Abraham
1104 5760 1278 5815 facere
1308 5758 1446 5828 quod
1472 5758 1713 5828 jubctur,
1769 5755 1859 5810 sed
1912 5770 2007 5824 pro

2113 5127 2344 5180 operum
2376 5113 2718 5176 quneribus,
2739 5112 3048 5177 intrabunt,
3077 5113 3440 5175 intellexeris.
3481 5124 3698 5168 tmtum

2111 5205 2363 5278 profecw
2393 5207 2579 5259 vinum
2612 5206 2680 5261 de
2711 5222 2851 5276 aqua
2886 5206 3001 5261 ﬁeri
3033 5207 3266 5268 v.debis,
3303 5216 3364 5260 ut
3393 5209 3699 5272 adnuimus,

2115 5300 2388 5358 conditori
2417 5299 2572 5353 dicas
2599 5314 2615 5353 ί
2640 5299 2708 5355 Et
2740 5301 2999 5371 poculum
3037 5309 3189 5356 tuum
3218 5299 3503 5358 inebrians
3534 5319 3699 5374 quam

2117 5383 2439 5463 praeclarum
2474 5401 2559 5446 est
2579 5392 2592 5444 l

2187 5479 2256 5533 Et
2282 5479 2408 5533 dicit
2438 5478 2512 5531 eis
2536 5475 2692 5529 Iesus
2715 5492 2733 5529 :
2763 5471 2990 5528 Haurite
3017 5491 3174 5539 nunc,
3195 5483 3244 5528 et
3281 5473 3410 5542 ferte
3436 5475 3687 5528 arcltitri-

2115 5570 2275 5635 cliuo,
2321 5578 2366 5622 et
2397 5566 2668 5630 tulerunt;
2701 5575 2754 5619 ut
2796 5574 2967 5618 autent
3011 5567 3231 5634 gustavit
3268 5564 3682 5626 arcltitriclinus.

2116 5677 2305 5729 aquam
2330 5660 2503 5713 riuum
2534 5656 2749 5723 factum,
2792 5665 2965 5709 etnon
2992 5655 3182 5709 sciebat
3216 5656 3349 5709 unde
3378 5666 3529 5717 esset,
3585 5658 3682 5709 mi-

2116 5753 2458 5833 nists‘iautcm
2483 5748 2744 5811 sciebant,
2792 5749 2879 5815 qui
2923 5746 3203 5821 [musarum
3234 5764 3443 5817 aquam.
3489 5748 3684 5805 Vinum
