3946 6402
199 339 278 397 89
1044 335 1556 395 COLLECTIONES
1598 337 1664 391 IN
1704 334 2083 390 EPISTOLAS
2121 337 2208 391 ET
2250 338 2657 396 EVANGELIA.
3401 340 3470 395 90

201 458 408 527 utique
429 452 805 511 architriclino
850 452 916 508 de
946 466 1083 521 aqua
1101 453 1302 507 factum
1348 454 1687 522 propitiatur,
1740 450 1794 505 in
1822 454 1874 512 Α
1900 452 1952 505 in
1976 453 2227 522 gratiam,
2250 454 2386 509 fudit
2400 455 2676 525 sanguinis
2686 454 2955 524 poculum,
2980 462 3034 511 et
3052 454 3473 512 t’ecitmoriendo

204 545 383 598 dumo
411 541 743 610 nuptiarum,
774 540 916 609 quod
944 547 1030 593 est
1056 538 1299 593 Ecclesia
1326 539 1551 593 Christi.
1608 538 1802 593 Trieli—
1902 543 2225 597 convivium.
2273 543 2379 599 Sex
2406 544 2509 599 illa:
2534 545 2757 615 hydrite,
2780 561 3009 616 quarum
3037 561 3177 616 aqua
3200 547 3255 600 in
3286 548 3469 602 vinum

208 651 352 689 num
378 634 452 687 ibi
476 645 599 688 esse
626 631 970 695 describitur,
1020 631 1147 700 quia
1171 630 1424 684 nimirum
1460 638 1572 684 tres
1591 638 1719 684 sunt
1747 630 1801 684 in
1903 639 2107 686 mutata
2140 643 2242 698 est,
2278 648 2371 689 sex
2394 641 2582 689 aetates
2604 635 2789 688 mundi
2807 634 3130 705 ﬁgurabant.
3160 635 3217 690 ln
3241 637 3359 692 istis
3379 655 3474 693 sex

210 724 467 781 Ecclesia
506 722 725 779 ordines
768 722 1028 788 fidelium,
1057 724 1496 791 coniugatorum,
1527 722 1807 776 continen-
1903 723 2170 787 mtatihus,
2203 724 2357 792 quasi
2404 724 2458 778 in
2490 738 2586 778 sex
2609 723 2816 795 hydriis
2841 724 3125 795 prophetia
3148 741 3254 780 non
3284 727 3473 780 defuit.

216 818 362 872 tium
393 822 451 871 et
469 814 778 870 doctorum.
1630 830 1647 837 ·
1906 816 2014 870 Sed
2040 815 2255 884 quando
2273 814 2521 871 Christus
2564 816 2620 870 in
2656 816 2765 871 illis
2781 831 2890 871 non
2902 816 3320 888 intelligebatur,
3366 833 3475 872 non

305 904 470 959 Vocat
521 919 771 975 sponsum
798 899 1208 965 architriclinus,
1250 908 1298 953 et
1321 898 1450 953 dicit
1484 903 1533 953 ei
1557 912 1576 951 :
1622 899 1806 953 Omnis

1918 922 1973 961 ex
1994 906 2098 961 illis
2119 907 2327 971 vinum,
2361 907 2455 962 sed
2483 922 2622 976 aqua
2648 907 2953 963 bibebatur.
2994 906 3175 962 Prima
3219 923 3347 980 ergo
3383 909 3476 979 hy-

216 998 384 1051 homo
409 995 635 1067 primum
664 993 855 1048 bonum
898 991 1076 1046 vinum
1121 989 1289 1061 ponit.
1336 995 1386 1043 et
1419 1003 1537 1043 cum
1563 988 1807 1042 inebriati
1907 996 2023 1051 dria
2062 996 2282 1065 impleta
2328 1006 2414 1053 est
2456 997 2511 1051 in
2528 996 2720 1064 Adam,
2770 1000 2988 1068 quando
3031 999 3097 1054 de
3138 999 3307 1055 latere
3339 999 3477 1070 ejus,

221 1088 447 1158 fuerint,
473 1094 595 1141 tunc
640 1084 699 1139 id
721 1083 858 1156 quod
891 1082 1121 1136 deterius
1160 1089 1261 1147 est,
1291 1089 1351 1134 tu
1389 1089 1564 1134 autem
1592 1089 1779 1134 servast

1930 1088 2001 1142 llo
2021 1087 2344 1154 dormiente,
2375 1088 2642 1144 fabricata
2668 1097 2754 1145 est
2776 1090 2909 1145 Eva.
2957 1091 3223 1147 Dormivit
3245 1091 3300 1146 in
3321 1106 3481 1147 cruce

221 1178 423 1231 bonum
448 1176 625 1230 sinum
656 1189 820 1245 usque
856 1172 1049 1226 adhuc.
1080 1170 1373 1226 Doctorum
1419 1177 1507 1225 est
1530 1169 1677 1224 enim
1709 1183 1825 1223 co-t
1909 1176 2177 1243 Christus,
2227 1186 2278 1233 et
2301 1179 2369 1233 de
2399 1178 2570 1235 latere
2605 1178 2721 1248 ejus
2767 1179 3035 1236 formatur
3065 1181 3328 1238 Ecclesia.
3376 1182 3485 1238 Sed

223 1279 494 1338 gnoseere
527 1264 843 1320 distantiam
886 1263 1021 1334 legis
1071 1270 1128 1317 et
1158 1260 1460 1332 Evangelii,
1480 1260 1726 1315 veritatis
1754 1267 1810 1314 et
1908 1271 2037 1340 quia
2070 1270 2187 1326 haec
2221 1271 2274 1324 in
2305 1269 2524 1327 Chi-isto
2546 1269 2854 1335 Judaeon
2873 1272 3104 1343 populus
3123 1272 3348 1342 implere
3375 1287 3485 1327 ιιοιι

224 1364 459 1429 umbrae,
493 1370 550 1419 et
586 1377 781 1417 novam
808 1359 1133 1430 evangelicae
1172 1357 1297 1413 ﬁdei
1327 1356 1579 1428 gratiam,
1608 1364 1662 1412 et
1683 1371 1811 1426 per-
1908 1358 2259 1430 intelligebat,
2294 1373 2404 1414 non
2417 1356 2601 1414 vinum
2615 1357 2917 1430 sedaquam
2934 1360 3198 1431 sapiebat.
3226 1358 3474 1414 Secunda

225 1462 405 1525 poture
433 1452 670 1507 caelestis
696 1450 884 1522 patriae
910 1449 1053 1505 dona
1077 1447 1344 1519 proferre.
1912 1447 2100 1518 hydria
2130 1447 2349 1517 impleta
2369 1456 2453 1503 est
2474 1448 2528 1503 in
2548 1447 2680 1513 Noe,
2717 1449 2797 1505 sic
2839 1464 2938 1518 per
2964 1449 3283 1520 mysterium
3321 1464 3484 1510 arcte.

307 1542 424 1597 Hoc
464 1541 586 1612 fecit
631 1541 840 1595 initium
878 1539 1146 1609 signorum
1187 1536 1347 1592 Iesus
1381 1538 1439 1591 in
1481 1535 1630 1591 Cana
1668 1532 1814 1588 Gali-
1913 1546 2004 1592 aut
2029 1538 2233 1604 diluvii,
2262 1553 2434 1609 genus
2477 1540 2775 1594 humanum
2807 1539 3065 1605 salvatur,
3093 1539 3364 1613 quomodo
3391 1556 3488 1609 per

228 1635 370 1697 la-cr,
400 1641 446 1687 et
478 1630 834 1701 manifestavit
856 1628 1079 1700 gloriam
1104 1642 1276 1693 suam,
1318 1635 1365 1681 et
1389 1625 1719 1680 crediderunt
1756 1625 1811 1678 in
1914 1630 2094 1685 crucis
2142 1630 2226 1684 vel
2270 1628 2529 1698 Baptismi
2584 1637 2986 1684 sacramentum
3033 1644 3064 1682 a
3119 1637 3293 1685 morte
3342 1637 3487 1682 totus

228 1742 354 1779 cum
379 1721 622 1792 discipuli
645 1721 780 1791 ejus.
821 1718 1183 1774 Manifestavit
1202 1719 1305 1774 hoc
1328 1717 1501 1788 signo,
1528 1715 1671 1785 quod
1696 1715 1811 1785 ipse
1914 1722 2146 1776 mundus
2177 1722 2422 1791 eripitur.
2450 1722 2630 1776 Tertia
2653 1722 2843 1793 hydria
2868 1722 3085 1793 impleta
3120 1731 3205 1778 est
3229 1723 3284 1777 in
3314 1723 3483 1778 Abra-

230 1824 382 1871 esset
405 1829 499 1869 rex
534 1812 741 1884 gloriae,
787 1818 842 1866 et
879 1811 1002 1866 ideo
1023 1825 1254 1881 sponsus
1294 1808 1569 1871 Ecclesia},
1612 1808 1703 1877 qui
1753 1822 1785 1860 u

1930 1828 2060 1869 iam.
2088 1814 2236 1869 Nam
2273 1814 2543 1882 quomodo
2580 1814 2731 1869 Isaac
2758 1814 2826 1869 ad
2851 1813 3029 1869 locum
3056 1813 3352 1869 holocausti
3424 1813 3488 1867 li-

231 1908 402 1961 homo
427 1902 729 1961 communis
752 1901 963 1956 veniret
982 1901 1049 1955 ad
1069 1900 1309 1971 nuptias,
1344 1898 1440 1954 sed
1476 1896 1629 1967 quasi
1669 1896 1789 1950 Deu:

1931 1922 2079 1978 gnum
2110 1906 2224 1974 ipse
2253 1906 2511 1974 portavit,
2538 1907 2613 1960 ita
2629 1912 2685 1960 et
2708 1904 2955 1961 Christus
2979 1905 3047 1960 ad
3071 1905 3246 1961 locum
3284 1905 3489 1974 passio-

232 1993 360 2049 θίγειί
392 2001 446 2047 ει
474 2001 632 2047 terrae
659 1991 922 2047 elementa
950 1997 1114 2060 prout
1146 1988 1407 2044 voluisset
1450 1991 1788 2041 converteret

1930 1996 2001 2052 iis
2071 1998 2185 2066 ipse
2214 1997 2317 2052 sibi
2345 1998 2527 2052 crucis
2541 1995 2837 2064 patibulum
2861 1994 3137 2065 hajulavit.
3166 1996 3369 2063 Quarta
3391 1996 3488 2067 hy-

234 2084 380 2153 Ergo
397 2082 843 2137 Dominusvinum
864 2081 922 2136 in
950 2080 1145 2151 gaudia
1174 2079 1485 2148 nuptiarum
1504 2092 1611 2131 non
1638 2077 1704 2131 de
1731 2075 1815 2129 ni-
1913 2086 2030 2142 dria
2051 2086 2275 2154 impleta
2300 2094 2384 2141 est
2410 2085 2467 2140 in
2494 2085 2684 2150 David,
2713 2085 2801 2154 qui
2830 2092 2885 2138 et
2928 2084 2981 2138 in
3012 2083 3316 2139 humilitate
3352 2092 3407 2138 et
3435 2083 3489 2138 in

236 2173 350 2227 hilo
375 2171 553 2227 facere
564 2171 758 2237 νοιιιίι,
784 2168 879 2225 sed
897 2169 1123 2240 hydrias
1141 2183 1232 2223 εει
1258 2166 1471 2237 impleri
1490 2181 1628 2234 ειίιιιο
1679 2180 1817 2234 βηθ-
1913 2176 2094 2231 mnltis
2139 2175 2575 2231 tribulationibus
2601 2173 2881 2230 Christum
2910 2174 3198 2229 Dominum
3221 2167 3491 2244 ﬁguravit.

233 2264 462 2333 cipiBDS,
514 2262 656 2317 hanc
689 2260 1011 2316 mirabiliter
1050 2259 1317 2314 θσηνθηίι
1350 2258 1405 2311 in
1430 2257 1638 2311 Vinum-
1675 2256 1812 2323 Quia
1912 2266 2108 2332 Quinta
2143 2265 2333 2336 hydria
2368 2264 2586 2335 impleta
2645 2271 2730 2320 est
2768 2272 3009 2333 tempore
3058 2263 3313 2327 Danielis,
3360 2263 3493 2318 vidit

236 2369 335 2409 sex
363 2353 548 2408 mundi
573 2359 763 2408 aetates
801 2350 1083 2421 sapientia:
1122 2348 1382 2404 salutaris
1433 2347 1683 2417 largitate
1718 2347 1794 2401 do

1935 2359 2056 2412 :nim
2098 2358 2383 2428 praecisum
2434 2356 2685 2425 lapidem,
2716 2356 2769 2411 id
2795 2364 2881 2411 est
2900 2363 3085 2410 natum
3106 2354 3383 2411 Christum
3428 2355 3493 2409 de

236 2445 411 2509 ηανίῑ,
455 2458 616 2514 quam
640 2448 821 2498 tamen
844 2441 961 2510 ἰρεθ
979 2440 1204 2495 veniens
1244 2438 1575 2494 sublimioris
1620 2450 1815 2493 Sensus
1913 2458 2111 2514 monte,
2141 2450 2195 2503 id
2214 2458 2319 2513 est,
2337 2450 2403 2504 de
2428 2464 2594 2520 regno
2611 2448 2941 2512 Judaeorum,
2965 2446 3488 2514 sinemanibuspme-

237 2537 437 2590 virtute
464 2533 786 2590 fecundavit.
833 2531 1072 2602 Namque
1100 2530 1350 2586 carnales
1378 2528 1672 2585 carnaliter
1696 2536 1795 2582 tan-

1948 2543 2105 2605 isum,
2125 2541 2250 2610 quia
2276 2542 2393 2596 sine
2416 2556 2579 2609 opera
2596 2538 2844 2609 nuptiali,
2869 2537 2962 2608 qui
2986 2536 3159 2607 gratia
3176 2552 3270 2589 sua
3285 2536 3502 2589 univer-

239 2634 356 2681 tum
380 2626 682 2696 sepiebant,
699 2624 814 2695 ipse
835 2621 1169 2692 spiritalibus
1190 2620 1505 2691 spiritaliter
1531 2620 1797 2675 sentiendi

1935 2648 2030 2687 tum
2052 2633 2309 2686 mundum
2337 2632 2598 2701 implevit.
2652 2630 2819 2685 Sexta
2860 2630 3053 2702 hydria
3080 2629 3297 2699 impleta
3335 2637 3419 2682 est
3443 2629 3493 2682 in

242 2718 561 2776 reservavit.
1068 2800 1074 2805 ἡ
1436 2804 1439 2805 ν
1529 2803 1539 2805 ξ
1910 2723 2116 2779 Joanne
2143 2724 2409 2793 Baptista,
2462 2724 2555 2792 qui
2577 2721 2778 2777 Judaeis
2805 2721 3107 2792 praedicans
3146 2721 3260 2774 ait:
3312 2718 3497 2773 Facite

311 2812 515 2868 Dehinc
533 2809 883 2881 Augustinus.
922 2806 995 2862 Et
1011 2803 1098 2862 die
1125 2806 1282 2861 tertia
1296 2804 1491 2875 nuptiae
1513 2803 1670 2873 facta
1689 2808 1810 2856 sunt

1938 2820 2119 2868 ructus
2165 2812 2355 2883 dignos
2374 2812 2730 2882 potnitentim,
2761 2820 2953 2881 potens
2973 2819 3056 2866 est
3089 2811 3232 2865 enim
3261 2809 3402 2865 Deus
3434 2810 3496 2863 de

239 2904 295 2959 in
320 2900 467 2958 Cana
491 2899 744 2956 Galilaaw.
797 2899 1220 2969 Splendeseente
1250 2895 1416 2967 igitur
1441 2907 1602 2964 super
1625 2890 1797 2947 obscu'

1934 2904 2175 2974 apidibus
2197 2905 2314 2958 istis
2344 2904 2608 2958 suscitare
2632 2903 2771 2957 ﬁlios
2792 2901 3042 2957 Ahrahm.
3098 2902 3217 2955 Ista:
3251 2915 3380 2969 ergo
3403 2914 3492 2952 se:

243 3008 363 3047 rum
391 2990 600 3047 delictis
651 2987 1061 3045 obfuscautibus
1103 2985 1360 3041 mundum
1427 2981 1687 3037 trinitatis
1723 2980 1801 3035 die

1939 3004 2098 3051 ttates
2122 2995 2324 3058 mundi,
2362 2995 2511 3049 velut
2539 3008 2633 3049 sex
2655 2994 2860 3065 hydria:
2887 2993 3119 3063 impleta:
3138 3001 3264 3047 sunt
3290 3008 3319 3046 a
3343 2991 3497 3046 mini--

240 3083 487 3139 Christus
519 3081 670 3138 venit
700 3080 769 3135 ad
793 3080 1032 3151 nuptias.
1105 3077 1210 3146 Qui
1251 3090 1413 3132 verus
1456 3075 1647 3130 botrus
1682 3088 1813 3128 con-
1844 3144 1879 3155 Α
1913 3088 2062 3151 suis,
2094 3086 2149 3141 id
2174 3093 2300 3140 esia
2324 3085 2649 3155 patriai-cius
2669 3092 2723 3137 ει
2751 3084 3048 3153 prophetis,

242 3176 446 3230 tinehat
471 3174 615 3228 intra
643 3187 702 3228 se
728 3172 851 3228 vitae
876 3172 1085 3235 vinum,
1120 3168 1218 3224 sed
1237 3166 1470 3223 necdum
1490 3164 1673 3221 crucis
1717 3177 1800 3219 ac-

1946 3236 1949 3245 .
1982 3175 2255 3247 Cupientes
2276 3182 2518 3229 metretas
2552 3174 2699 3227 binas
2719 3172 2799 3226 vel
2828 3182 3024 3227 ternas.
3079 3172 3259 3239 Quare
3288 3171 3504 3226 ternas?

241 3272 476 3322 cesserat
494 3264 758 3335 praelium.
1911 3276 2132 3340 propter
2164 3266 2480 3336 mysterium
2509 3266 2789 3321 trinitatis.
2855 3265 3037 3332 Quare
3067 3265 3247 3322 binas?
3277 3273 3498 3333 propter

314 3358 449 3413 Dicit
475 3358 524 3412 ei
546 3366 716 3412 mater
737 3356 851 3427 ejus
869 3370 889 3411 :
933 3352 1119 3409 Vinum
1142 3369 1247 3408 non
1268 3351 1480 3407 Ιιαὺεηιο
1526 3348 1834 3419 Paulisper,
1912 3359 2020 3414 duo
2043 3364 2329 3427 praecepta,
2361 3356 2667 3412 dilectionis
2690 3356 2786 3411 Dei
2813 3355 3132 3426 etproximi.
3165 3354 3231 3408 Et
3250 3355 3302 3408 in
3326 3353 3499 3407 Evan-

244 3449 405 3522 Virgo
443 3447 844 3514 ﬂorentissima,
894 3445 1165 3517 paulisper
1206 3448 1476 3514 pratparet
1497 3439 1714 3495 Iudaeus
1746 3438 1813 3493 li-
1912 3448 2093 3520 gelio:
2139 3448 2251 3518 Ego
2271 3456 2327 3501 et
2346 3447 2508 3501 Pater
2541 3463 2709 3501 unum
2759 3462 2964 3501 sumus.
3015 3444 3155 3499 Ecce
3178 3444 3353 3499 binas.
3395 3443 3494 3507 lte,

243 3558 423 3614 gnum,
444 3549 499 3596 et
527 3548 654 3595 tunc
689 3538 838 3594 exire
858 3536 1058 3608 poterit
1081 3535 1287 3590 vinum.
1352 3531 1492 3600 Quid
1521 3538 1647 3585 ante
1668 3538 1801 3584 tem-

1938 3539 2186 3607 iaptizatc
2207 3551 2397 3592 omnes
2433 3547 2641 3607 gentes,
2681 3536 2732 3591 in
2762 3536 2982 3591 nomine
3013 3534 3215 3599 Patris,
3264 3542 3319 3587 et
3352 3532 3496 3599 Filii,

242 3649 341 3704 pus
361 3631 536 3688 curris
565 3630 633 3686 ad
657 3629 853 3695 lacum,
881 3642 1006 3684 cum
1047 3626 1276 3682 necdum
1299 3620 1800 3693 impresseritJudas

1938 3637 1970 3682 τι
1990 3626 2227 3697 Spiritus
2247 3626 2440 3681 sancti.
2493 3626 2638 3680 Ecce
2682 3625 2849 3681 babes
2885 3632 3084 3681 ternas.
3138 3622 3496 3679 Gustavitar-

243 3737 403 3795 super
425 3737 585 3781 uvam
608 3719 957 3777 calcanenm!
1015 3716 1172 3771 Modo
1204 3715 1450 3771 meruisti
1483 3722 1811 3784 gemmataln
1913 3719 2276 3785 chitriclinus,
2324 3717 2379 3773 id
2414 3726 2520 3784 est,
2564 3718 2748 3773 mundi
2773 3718 3051 3783 Dominus,
3086 3733 3282 3787 aquam
3309 3716 3494 3769 vinum

244 3815 478 3871 sobolem
524 3825 835 3884 procreare,
862 3810 977 3881 jam
1018 3810 1236 3865 botrum
1269 3817 1421 3863 tuum
1465 3806 1682 3862 conaris
1716 3822 1802 3861 ex-

1933 3814 2131 3878 actam,
2155 3821 2215 3868 et
2230 3813 2362 3868 dicit
2385 3830 2398 3865 :
2435 3810 2625 3867 Omnis
2648 3812 2808 3865 homo
2829 3812 3062 3881 primum
3084 3811 3282 3864 bonum
3308 3808 3491 3861 vinum

244 3906 510 3977 primore?
557 3906 653 3960 sed
701 3903 792 3974 qui
826 3904 894 3959 de
946 3902 1089 3974 ligno
1115 3901 1320 3971 carpsit
1343 3899 1696 3971 supplicium,
1755 3898 1812 3952 in
1912 3905 2087 3976 ponit,
2116 3912 2316 3958 etcum
2337 3901 2587 3957 inebriati
2616 3901 3097 3963 fuerinthomines,
3125 3907 3255 3953 tunc
3277 3897 3330 3952 id
3356 3896 3500 3966 quod

245 3995 385 4067 ligno
439 3995 599 4051 debet
650 4002 969 4063 exspectare
1004 3991 1324 4046 remedium.
1406 3988 1473 4043 Et
1513 3988 1604 4058 qui
1632 4003 1696 4044 ex
1727 4002 1803 4041 ar-

1941 3998 2153 4054 Ieterius
2166 4006 2268 4052 est.
2327 3996 2407 4050 Tu
2433 4002 2614 4051 autem
2645 3995 2875 4051 servasti
2898 3995 3101 4051 bonum
3120 3991 3308 4046 vinum
3331 4004 3499 4058 usque

246 4090 377 4143 bore
416 4086 615 4158 “id?”
642 4085 954 4152 ἀθωθεθυίιν
983 4083 1191 4154 ίτυεθηι
1214 4089 1532 4152 θῑδρθθιεπθ
1545 4080 1705 4136 delia
1746 4081 1813 4136 ad
1839 4152 1843 4156 ,
1915 4088 2112 4152 adhuc,
2137 4095 2191 4142 et
2211 4087 2297 4141 lex
2331 4086 2474 4140 enim
2501 4094 2706 4150 sancta,
2757 4095 2813 4141 et
2832 4084 3143 4139 mandatum
3175 4087 3420 4135 sanctqu
3448 4088 3502 4133 et

246 4192 479 4233 erucem.
1437 4207 1445 4213 -
1916 4174 2116 4247 iustum
2134 4186 2188 4231 et
2210 4178 2430 4231 bonum.
2462 4174 2571 4230 Sed
2590 4175 2675 4230 lex
2697 4183 2750 4230 et
2764 4173 3046 4244 Propheta:
3068 4185 3237 4241 usque
3257 4170 3323 4223 ad
3337 4167 3502 4224 Joan-

316 4268 515 4322 θίοίεεί
538 4266 733 4323 vim“:
751 4267 889 4334 Quid
912 4267 1039 4320 παίΙά
1063 4275 1111 4320 ει
1133 4265 1225 4339 tibi
1246 4273 1345 4329 εει,
1377 4262 1604 4317 "Mlier?
1639 4262 1813 4315 EXW-
1914 4285 2039 4324 nem
2074 4269 2553 4338 prophelaverunt,
2608 4274 2664 4321 et
2698 4264 2819 4321 ideo
2868 4263 3191 4318 adveniente
3245 4260 3493 4326 Domino,

245 4356 307 4412 lit
322 4358 418 4432 hic
440 4357 685 4413 Christus
705 4372 865 4428 super
894 4356 1119 4410 Matrem
1149 4353 1489 4409 divinitatem
1506 4366 1680 4417 suam,
1708 4365 1803 4405 non

1940 4364 2038 4418 'ina
2072 4362 2301 4416 Mosaiea
2328 4359 2662 4425 defecerunt,
2692 4365 2747 4413 et
2766 4357 2889 4412 vina
2912 4355 3192 4426 sanguinis
3221 4353 3498 4425 proﬂuxe-

245 4449 461 4519 negavit
494 4457 721 4504 matrem
764 4464 940 4504 suam.
994 4448 1174 4517 Neque
1202 4462 1264 4502 se
1288 4454 1474 4500 natum
1506 4445 1721 4517 negavit
1743 4460 1803 4499 ex

1944 4464 2061 4510 unt.
2098 4454 2192 4518 Illa
2218 4458 2543 4522 acceperunt
2566 4450 2876 4515 terminum,
2894 4448 2999 4503 ista
3025 4450 3372 4516 sumpserunt
3393 4443 3501 4499 ini-

246 4557 427 4608 carne,
467 4541 561 4597 sed
608 4540 874 4610 maiestati
914 4555 1027 4596 sum
1086 4554 1241 4595 suam
1296 4536 1537 4592 subdidit
1592 4536 1804 4605 genitri-

1945 4547 2076 4602 ium.
2108 4544 2352 4613 Denique
2381 4545 2486 4599 hoc
2522 4549 2606 4597 est
2642 4539 2852 4595 initium
2882 4539 3183 4612 signorum,
3205 4538 3348 4608 quod
3374 4535 3499 4590 fecit

245 4649 378 4689 θείη·
1917 4641 2095 4705 Iesus,
2147 4641 2364 4712 quando
2386 4638 2535 4709 pavit
2587 4645 2774 4709 gentes
2803 4636 3032 4699 occisus,
3094 4640 3147 4688 et
3176 4632 3243 4689 de
3263 4631 3388 4686 vino
3414 4630 3500 4685 sui

314 4721 565 4777 Nondum
604 4722 735 4777 venit
769 4723 900 4776 hora
921 4737 1058 4774 mea.
1096 4719 1239 4774 liora
1268 4717 1458 4788 utique
1502 4732 1610 4772 non
1658 4715 1812 4782 facti,

1514 4732 1610 4772 non
1658 4715 1812 4782 Γίλειί,
1919 4733 2197 4803 sanguinis
2226 4731 2352 4787 fecit
2380 4729 2709 4795 convivium,
2737 4726 3072 4783 vulneratus.

248 4815 336 4869 sed
361 4814 497 4879 voti,
516 4828 625 4869 non
638 4812 997 4878 necessitatis,
1013 4810 1108 4867 sed
1131 4810 1442 4875 voluntatis,
1459 4824 1566 4863 non
1586 4824 1692 4878 qua
1717 4822 1812 4862 co-

251 4913 461 4974 geretur
486 4906 646 4970 mori,
689 4904 783 4960 sed
801 4918 907 4973 qua
937 4919 1036 4973 pro
1059 4902 1258 4957 mundo
1283 4901 1598 4972 dignaretur
1616 4896 1808 4954 occidi.
1861 4951 1880 4977 θ

251 4994 459 5050 Latet-im
482 4994 733 5050 Christus
766 4990 1025 5064 iusipidos
1058 4994 1287 5048 haustus
1311 4990 1582 5050 mirificat,
1638 4982 1816 5042 fatuus
1988 4997 2045 5052 ιη
2079 4996 2402 5062 differentia,
2438 4993 2735 5050 secundum
2759 4991 3098 5063 Apustolum,
3148 4987 3497 5046 dunationum

2563 4876 2880 4919 CONCORDIA.

248 5087 387 5140 latex
406 5085 731 5141 fundebatur
760 5085 814 5139 in
841 5085 1089 5156 hydriam
1104 5080 1841 5139 ethauriebanturinebrian-
1916 5098 1971 5145 et
1986 5087 2287 5145 differentia
2311 5086 2624 5158 hydriarum
2656 5085 2883 5139 istarum
2910 5071 2971 5137 fit
2999 5082 3283 5138 concordia
3316 5081 3501 5136 lectio.

243 5179 314 5233 lia
327 5177 565 5243 ﬂumina.
595 5177 741 5232 milia
770 5177 1173 5247 exprimeballﬂ'
1198 5190 1323 5240 uva.
1354 5183 1409 5229 ει
1443 5173 1817 5230 ΐθΐνθεεοὺίὶυι
1914 5197 2065 5247 num,
2101 5180 2266 5236 corda
2294 5179 2437 5232 cnim
2466 5186 2777 5233 sanctorum
2805 5175 3009 5247 hydria:
3037 5182 3181 5241 sunt,
3215 5174 3364 5229 fonte
3412 5190 3495 5228 re~

249 5272 358 5326 sine
383 5270 604 5341 palmite
630 5271 774 5324 vina.
815 5270 928 5326 Hoc
955 5271 1084 5325 fecit
1103 5269 1353 5333 Christus
1379 5268 1431 5323 in
1458 5266 1636 5331 latice,
1670 5266 1813 5335 quod
1915 5270 2071 5339 plene
2095 5270 2377 5323 donorum.
2432 5266 2666 5321 Ministri
2715 5266 2807 5335 qui
2860 5266 3160 5321 hauserunt
3189 5278 3403 5334 aquam,
3443 5271 3498 5317 ct

249 5369 390 5416 certo
408 5370 649 5429 tempore
693 5359 820 5415 facit
855 5359 1057 5415 invite.
1108 5359 1413 5414 Transeunt
1443 5357 1509 5412 ad
1537 5357 1811 5412 Christum
1914 5359 2111 5431 quibus
2159 5367 2331 5413 mater
2361 5356 2498 5412 dixit
2526 5375 2538 5412 :
2594 5355 2960 5425 Quodcunque
2989 5355 3186 5411 dixerit
3232 5353 3386 5409 vobis
3413 5350 3493 5404 fa-

250 5454 461 5523 nnptize,
489 5452 810 5508 etEeclesia
841 5453 1070 5507 mutavit
1096 5468 1374 5521 sponsum.
1419 5449 1719 5519 Aliquando
1761 5456 1817 5503 et
1915 5452 2044 5515 cite,
2087 5449 2321 5505 ministri
2371 5454 2498 5504 sunt
2528 5446 2750 5512 Christi,
2800 5446 2996 5515 quibus
3043 5443 3333 5499 secundum
3352 5439 3494 5510 Apu-

249 5543 421 5599 ludaea
470 5544 656 5598 vinum
685 5558 789 5597 non
832 5544 1039 5609 habuit,
1082 5543 1208 5613 quia
1240 5557 1434 5596 munus
1462 5540 1659 5595 sacrati
1693 5555 1816 5592 san-
1915 5543 2111 5598 stutum
2172 5541 2191 5613 (
2244 5540 2396 5599 ηοηι,
2447 5538 2547 5611 χιι)
2607 5539 2764 5595 datur
2812 5538 3170 5594 ministerium
3219 5533 3276 5590 in
3331 5529 3493 5588 mini-

250 5636 416 5705 guinis
446 5628 555 5688 non
576 5634 801 5702 accepit,
829 5642 886 5687 et
927 5634 1052 5687 dum
1084 5632 1213 5702 Legi
1254 5633 1500 5693 nuberet,
1540 5647 1642 5684 non
1674 5630 1818 5682 invc-
1919 5638 2159 5692 simudu,

251 5727 492 5796 nitqnoJ
546 5725 773 5801 biberet.
856 5724 1303 5784 VenitChristns.
1337 5722 1557 5777 mutavit
1621 5722 1813 5792 ivgum
