3946 6434
476 368 539 423 9|
1756 347 1889 402 SMA
1899 345 2107 401 RAGDI
2146 344 2453 399 ABBA’I‘IS'

698 470 1021 532 DOMINICA
1058 469 1122 524 Ill
1151 464 1325 524 POST
1363 460 1822 519 THEOPHANIA.

510 586 683 626 EPIST.
713 582 867 623 BEATI
910 578 1063 618 PAULI
1094 574 1276 615 APOST.
1308 572 1375 611 AD
1414 569 1677 616 BOIANOS,
1751 568 1868 607 CAP.
1910 564 2005 603 λιι.

551 682 570 713 s
615 659 790 715 Nolite
818 671 938 713 esse
972 654 1267 724 prudentes
1305 647 1445 718 apud
1466 646 1824 715 vosmetipsos
1848 684 1863 708 ,
1914 643 2046 698 nulli

478 772 500 806 s
545 752 745 807 malum
766 762 866 820 pro
880 745 1025 802 malo
1050 743 1355 799 reddenles.
1391 740 1739 794 Providentes
1759 738 1920 800 bona,
1938 750 2046 789 non

480 862 498 893 ι
543 852 752 897 tantum
781 853 965 893 coram
993 834 1127 899 Deo,
1155 832 1251 886 sed
1274 830 1438 886 etiam
1466 842 1651 885 coram
1669 827 1922 882 omnibus
1951 826 2048 879 ho-

479 951 498 983 ι
542 930 796 985 minibus.
867 925 926 981 Si
953 923 1072 979 ﬁeri
1109 928 1308 994 potest,
1343 919 1486 988 quod
1513 933 1581 973 ex
1613 916 1768 973 vobis
1790 924 1895 980 est,
1920 930 2044 970 cum

479 1043 498 1073 s
542 1021 793 1078 omnibus
814 1018 1121 1075 hominibus
1142 1028 1328 1085 pacem
1354 1012 1632 1069 habentes.
1678 1010 1796 1066 Non
1815 1015 2048 1065 vosmet-

477 1134 499 1168 ι
546 1116 691 1184 ipsos
718 1111 1085 1174 defendentes,
1109 1104 1435 1168 charissimi,
1465 1103 1559 1158 sed
1588 1102 1713 1158 date
1733 1101 1910 1156 locum
1928 1099 2042 1155 irae.

478 1227 496 1257 ι
547 1204 819 1273 Scriptum
843 1211 927 1257 est
952 1199 1096 1256 enim
1126 1215 1140 1252 :
1180 1196 1310 1253 Mihi
1352 1194 1643 1250 vindictam
1668 1201 1725 1248 et
1755 1208 1859 1264 ego
1888 1192 2049 1248 retri-

481 1313 499 1344 ι
548 1293 731 1358 buam,
780 1291 912 1346 dicit
939 1288 1220 1345 Dominus.
1262 1284 1373 1342 Sed
1403 1286 1449 1340 si
1496 1284 1751 1339 esurierit
1792 1284 2047 1339 inimicus

479 1402 498 1434 ι
548 1392 690 1448 tuus,
738 1382 858 1436 ciba
914 1379 1081 1435 illum.
1137 1376 1197 1432 Si
1247 1376 1383 1442 sitit,
1429 1384 1616 1447 potum
1668 1376 1737 1431 da
1787 1375 1884 1429 illi.
1932 1373 2046 1431 Hoc

476 1494 494 1524 ι
541 1473 686 1528 enim
741 1472 944 1528 faciens
970 1511 987 1536 ,
1053 1470 1319 1525 carbones
1373 1468 1514 1539 ignis
1568 1482 1834 1537 congeras
1883 1477 2047 1536 Super

476 1583 494 1613 ι
542 1571 701 1634 caput
724 1562 862 1633 ejus.
918 1560 1037 1617 Noli
1059 1560 1201 1615 vinci
1227 1576 1259 1615 a
1285 1559 1447 1624 malo,
1486 1558 1581 1614 sed
1630 1558 1787 1613 vince
1826 1558 1880 1612 in
1903 1557 2045 1612 bono

478 1674 496 1705 ι
543 1654 763 1709 malum.
803 1674 823 1707 ι

541 1744 720 1800 Nolite
766 1762 874 1800 esse
912 1744 1192 1816 prudentes
1217 1742 1361 1813 apud
1384 1740 1738 1811 vosmetipsos.
1792 1740 1894 1807 Qui
1941 1739 2043 1794 sibi

3657 337 3742 396 92

2078 457 2126 517 A
2153 456 2412 526 impedire
2435 456 2730 522 videretur,
2779 454 3309 511 moderantissimum
3336 453 3488 534 dedit
3520 468 3738 523 pmice-

2151 554 2325 616 ptum,
2351 545 2664 600 ut~interim
2703 554 2889 601 noster
2916 545 3147 607 animus,
3199 560 3416 614 semper
3441 544 3516 601 sit
3561 560 3733 639 para-

2151 645 2239 691 tus
2261 637 2327 690 ad
2352 651 2561 706 pacem,
2592 643 2649 691 et
2678 636 2963 692 discordia:
2986 635 3140 705 culpa
3163 651 3267 691 non
3293 650 3459 705 penes
3488 635 3610 701 nos,
3632 635 3735 691 sed

2148 740 2316 796 penes
2334 725 2563 779 alterum
2599 732 2831 780 constet.
2884 725 3014 779 ldco
3037 739 3167 795 ergo
3192 726 3330 780 bene
3353 725 3537 781 addit:
3571 725 3737 792 Quod

2149 829 2217 869 ex
2246 814 2398 869 vobis
2418 824 2520 880 est,
2548 816 2651 870 hoc
2671 824 2775 881 est,
2805 815 2947 884 quod
2965 814 3240 884 proposito
3268 825 3472 882 vestro,
3520 826 3573 871 et
3600 815 3735 871 lidei

2148 911 2347 957 vestrae
2366 904 2634 958 convenit.

2219 991 2329 1064 (Ex
2348 991 2607 1063 Primus.)
2644 992 2799 1060 Quod
2812 1000 3052 1048 vestrum
3073 1002 3181 1057 est,
3205 1006 3305 1049 vos
3322 1008 3446 1048 cum
3470 993 3739 1049 omnibus

2146 1098 2335 1154 pacem
2362 1082 2635 1148 habetote,
2662 1092 2719 1138 et
2744 1082 2946 1140 dicite:
2976 1081 3111 1140 Cum
3144 1082 3233 1140 his
3254 1082 3348 1153 qui
3375 1083 3610 1139 oderunt
3630 1100 3737 1154 pa-

2148 1187 2266 1228 cem
2292 1186 2443 1228 eram
2464 1172 2742 1242 pacificus.
3638 1214 3643 1219 .

2224 1263 2344 1319 Non
2368 1265 2699 1335 vosmetipsos
2731 1264 3086 1335 defendentes,
3122 1265 3440 1333 charissimi,
3486 1266 3581 1322 sed
3603 1268 3700 1322 dat

2147 1352 2320 1407 locum
2348 1354 2463 1408 ira.
2507 1354 2607 1425 (Ex
2629 1354 2806 1427 Orig.)
2843 1354 2911 1411 lli
2929 1356 3021 1426 qui
3051 1356 3258 1426 seipsos
3287 1372 3394 1412 non
3422 1350 3733 1425 vindicant,

2145 1444 2414 1512 quomodo
2450 1444 2544 1498 ira:
2567 1445 2745 1500 locum
2763 1446 2913 1513 deut,
2938 1444 3227 1518 dupliciter
3248 1448 3380 1504 mihi
3400 1450 3616 1506 videtur
3644 1452 3733 1506 in-

2147 1534 2332 1605 telligi.
2389 1535 2524 1589 Nam
2552 1544 2606 1589 et
2629 1537 2732 1592 hoc
2761 1536 2900 1606 ipso,
2921 1537 3066 1606 quod
3089 1538 3261 1609 (verbi
3282 1545 3470 1611 causa)
3498 1555 3731 1595 manum

2146 1639 2307 1687 manu
2332 1640 2437 1679 non
2461 1624 2723 1687 referunt,
2750 1635 2845 1682 aut
2869 1627 3117 1683 convicio
3140 1628 3445 1685 convicium
3472 1645 3579 1684 non
3605 1630 3733 1685 red-

2146 1712 2303 1779 dunt,
2348 1714 2442 1769 ira:
2472 1715 2613 1771 illius
2643 1716 2738 1785 qui
2763 1716 2891 1773 fecit
2931 1715 3204 1787 injuriam,
3231 1721 3651 1790 pertranseundi
3673 1732 3733 1775 et

468 1837 570 1907 ipsi
593 1834 829 1906 prudens
855 1805 977 1889 esse
1000 1833 1235 1897 videtur,
1252 1805 1349 1886 hic
1375 1846 1497 1885 cum
1517 1805 1832 1899 arrogantia
1849 1830 2046 1884 stultus
2073 1806 2120 1865 Β
2146 1805 2505 1907 εἶνθηθδεθιξάί
2556 1805 2737 1907 locum.
2770 1807 3055 1907 (Ιξδάθτιωιο
3103 1807 3441 1907 Νθιῐξθῇαιὶιιι
3474 1811 3549 1866 ita
3572 1813 3730 1867 rabi-

463 1934 569 1981 est.
628 1923 737 1979 Nec
786 1928 965 1994 potest
1016 1935 1203 1975 veram
1240 1917 1558 1988 sapientiam
1604 1917 1696 1971 Dei
1733 1917 1893 1981 scire,
1954 1916 2048 1985 qui

464 2030 621 2069 suam
651 2014 961 2077 stultitiam,
1010 2010 1166 2081 quasi
1219 2009 1565 2079 sapientiam,
1590 2006 1741 2062 colit.
1808 2006 2049 2076 Denique

465 2105 522 2160 in
562 2104 930 2173 superioribus
974 2083 1113 2157 hanc
1160 2100 1328 2155 fuisse
1377 2098 1773 2154 incredulitatis
1825 2112 2046 2153 causam

466 2194 691 2259 Judzeis,
737 2196 851 2264 ipse
875 2193 1075 2248 Paulus
1113 2192 1348 2257 edocuit,
1402 2191 1588 2247 dicens
1638 2191 1704 2244 de
1736 2189 1853 2244 eis:
1908 2188 2046 2255 Quia

466 2286 777 2355 ignorantes
799 2285 890 2339 Dei
916 2283 1183 2352 justitiam
1210 2291 1267 2337 et
1290 2296 1442 2337 suam
1463 2288 1768 2350 quarrentes
1782 2288 2046 2347 statuere,

457 2372 684 2443 justitia:
719 2374 811 2429 Dei
840 2389 947 2429 non
978 2382 1104 2429 sunt
1145 2372 1395 2442 subjecti.
1450 2370 1543 2426 Sic
1578 2385 1731 2441 ergo,
1778 2371 1871 2439 qui
1905 2371 2045 2440 apud

461 2466 810 2535 semetipsum
822 2464 1038 2535 sapiens
1053 2471 1157 2530 est,
1185 2478 1291 2518 non
1313 2471 1491 2532 potest
1516 2475 1639 2518 esse
1660 2462 1880 2533 sapiens
1901 2463 2046 2532 apud

463 2555 658 2609 Deum.

535 2642 644 2716 (Ex
673 2644 931 2717 Primas.)
969 2643 1141 2700 Nolite
1162 2644 1216 2699 in
1238 2644 1766 2715 humana'sapientia
1793 2644 2040 2717 gloriari,

459 2737 561 2790 sed
585 2734 734 2789 stulti
769 2742 943 2789 estote
983 2734 1200 2800 saeculo,
1252 2741 1311 2788 ut
1344 2734 1464 2789 sitis
1490 2734 1717 2790 Domino
1754 2735 2042 2805 sapientes,

459 2827 608 2880 sicut
630 2826 889 2894 scriptum
911 2834 995 2881 est
1019 2840 1035 2880 :
1091 2826 1284 2881 Beatus
1312 2827 1466 2881 homo
1486 2844 1639 2898 quem
1670 2837 1726 2881 tu
1764 2827 2041 2893 erudieris,

465 2917 711 2983 Domine,
740 2926 789 2971 et
817 2918 880 2971 de
912 2916 1021 2988 lege
1043 2927 1135 2971 tua
1162 2917 1401 2972 docueris
1429 2934 1547 2972 eum
1575 2916 1746 2990 (Psal.
1782 2919 1955 2991 xcm).

541 3006 695 3061 Nulli
721 3007 919 3062 malum
951 3025 1045 3080 pro
1083 3008 1221 3063 malo
1270 3008 1559 3064 reddentes.
1608 3009 1666 3064 Si
1718 3010 1918 3064 malum
1963 3009 2046 3065 in-

460 3098 606 3153 ferre
657 3114 883 3169 peccare
911 3110 1011 3162 est,
1068 3101 1290 3155 reddere
1315 3101 1515 3154 malum
1556 3099 1759 3169 justum
1800 3117 1905 3157 non
1933 3109 2039 3167 est,

2146 1896 2247 1953 dus
2272 1898 2565 1964 invenitur,
2605 1907 2666 1955 ut
2693 1900 2740 1956 si
2765 1900 2938 1956 vicem
2983 1915 3092 1957 non
3121 1902 3349 1972 recipiat
3394 1901 3594 1959 iterum
3624 1920 3731 1960 sae-

2145 1992 2277 2057 viat,
2302 1992 2399 2047 sed
2421 1992 2575 2063 quasi
2595 1992 2766 2049 eﬂ'uso
2789 2008 2856 2049 ac
2879 1993 3091 2064 digesto
3110 1992 3293 2051 furore
3318 1995 3574 2052 mitescit.
3628 1997 3734 2053 Est

2145 2090 2324 2135 autem
2353 2090 2411 2136 et
2459 2082 2562 2138 hoc
2592 2083 2755 2139 modo
2773 2083 2869 2139 ira:
2891 2082 3070 2140 locum
3096 2082 3250 2140 dare.
3303 2083 3405 2152 Qui
3428 2084 3575 2141 enim
3599 2102 3732 2157 pcc-
3776 2147 3786 2156 ,

2146 2180 2290 2235 cant,
2313 2172 2683 2229 thesaurizant
2709 2174 2811 2229 sibi
2834 2174 2970 2230 iram
3000 2174 3056 2230 in
3077 2174 3166 2232 die
3200 2175 3314 2238 iraa,
3355 2176 3575 2246 quando
3602 2177 3733 2231 red-

2144 2260 2237 2316 det
2265 2261 2406 2317 Deus
2424 2262 2715 2332 unicuique
2735 2264 3032 2319 secundum
3052 2278 3217 2334 opera
3236 2279 3362 2332 sua;
3387 2265 3434 2320 si
3460 2280 3591 2336 ergo
3603 2281 3733 2320 nos-

2145 2353 2401 2423 metipsos
2425 2354 2782 2421 vindicamus,
2818 2370 2926 2411 non
2945 2362 3032 2412 est
3062 2357 3499 2428 magnum,verhi
3530 2374 3725 2422 causa,

2144 2445 2191 2499 si
2216 2453 2306 2499 aut
2351 2445 2586 2515 palmam
2625 2462 2724 2517 pro
2746 2446 2948 2517 palma,
2978 2454 3074 2503 aut
3091 2462 3282 2503 saxum
3314 2463 3415 2519 pro
3438 2464 3572 2504 saxo
3594 2449 3727 2504 red-

2145 2535 2357 2591 damus.
2411 2536 2471 2592 Si
2495 2553 2628 2593 vero
2655 2553 2992 2594 reservemus
3019 2552 3085 2594 ea
3105 2538 3355 2595 vindictae
3389 2538 3507 2605 Dci,
3534 2539 3725 2595 locum

2145 2624 2337 2680 damus
2370 2626 2486 2692 irae,
2537 2629 2667 2697 quia
2693 2627 2838 2685 Deus
2886 2630 2944 2685 in
2973 2626 3181 2696 judicio
3225 2629 3398 2686 multo
3441 2630 3732 2701 graviores

2144 2730 2307 2785 quam
2337 2732 2436 2772 nos
2455 2715 2656 2773 inferre
2679 2733 2965 2787 possumus
2987 2720 3171 2791 exiget
3194 2733 3404 2790 ptenas.

2216 2807 2326 2879 (Ea:
2351 2806 2614 2881 Primas.)
2649 2809 2758 2866 Aut
2777 2808 3030 2882 fugieudo
3054 2810 3247 2868 damus
3269 2809 3448 2868 locum
3483 2811 3603 2878 ira,
3627 2821 3732 2867 aut

2145 2899 2508 2967 permittendo
2534 2914 2752 2957 nocere.

2217 2990 2486 3063 Scriptum
2526 3003 2602 3047 est
2636 2993 2775 3048 enim
2800 3008 2821 3049 :
2878 2992 3015 3049 libi
3039 2992 3347 3049 vindictam.
3411 2991 3526 3065 Ego
3563 2993 3728 3063 quasi

2147 3096 2347 3147 meam,
2374 3082 2507 3137 dicit
2526 3083 2809 3149 Dominus,
2838 3097 2946 3139 non
2978 3083 3138 3154 quasi
3180 3090 3424 3139 vestram
3466 3082 3730 3154 iniuriam

462 3187 556 3241 sed
587 3187 763 3242 simile
785 3196 1064 3258 peccatum
1093 3197 1197 3254 est,
1221 3198 1336 3252 aut,
1375 3198 1437 3243 ut
1456 3204 1557 3260 ego
1589 3190 1844 3256 arbitror,
1875 3191 2038 3245 etiam

2151 3171 2446 3238 vindicabo,
2470 3172 2602 3229 dicit
2623 3173 2766 3229 enim
2788 3174 3087 3243 propheta:
3125 3173 3230 3242 Qui
3264 3188 3362 3230 vos
3386 3173 3583 3245 tangit.
3605 3181 3731 3228 tan-

463 3279 704 3347 gravius.
777 3278 910 3333 Nam
934 3279 1021 3333 ille
1048 3281 1141 3349 qui
1188 3280 1388 3334 malum
1411 3280 1557 3350 prior
1583 3281 1784 3346 intulit,
1815 3281 2042 3338 forsitan

463 3382 573 3420 non
601 3369 771 3421 sensit
796 3368 997 3421 malum
1025 3384 1146 3422 esse
1163 3369 1308 3437 quod
1334 3368 1552 3423 faceret.
1596 3370 1698 3437 Qui
1721 3380 1899 3426 autem
1916 3373 2040 3426 red-

463 3457 543 3512 dit
569 3457 795 3523 malum,
842 3472 908 3513 eo
932 3458 1048 3528 ipso
1068 3499 1081 3523 ,
1107 3474 1214 3528 quo
1238 3460 1305 3514 ad
1333 3460 1695 3515 ulciscendum
1730 3471 1908 3517 motus
1935 3471 2042 3528 est,

463 3546 746 3602 confessus
782 3556 868 3603 est
916 3550 1152 3604 sensisse
1192 3550 1388 3604 malum
1411 3565 1531 3606 esse
1566 3552 1711 3621 quod
1740 3553 1937 3618 reddit,
1986 3562 2044 3609 et

466 3640 589 3694 ideo
634 3640 1029 3708 respiciendum
1081 3656 1292 3712 semper
1318 3651 1404 3697 εει
1450 3643 1518 3697 ad
1557 3657 1680 3698 eum
1710 3644 1803 3713 qui
1853 3643 2039 3699 dixit:

472 3716 605 3784 Mihi
633 3730 858 3784 vindicta
893 3742 938 3784 et
969 3748 1061 3801 ego
1098 3732 1379 3785 retribuam
1410 3732 1590 3803 (Deut.
1628 3732 1825 3801 xxxn).

538 3820 648 3892 (Ex
672 3819 924 3892 Primos.)
962 3821 1204 3876 llumana
1227 3822 1491 3893 sapientia
1519 3831 1624 3888 est,
1649 3823 1694 3878 si
1732 3838 2044 3893 quaeramus

462 3912 638 3965 vicem
667 3912 893 3967 reddere
928 3912 1186 3981 inimicis,
1216 3915 1443 3970 stultitia
1481 3924 1566 3970 est
1608 3916 1661 3969 in
1691 3916 1795 3970 hoc
1823 3917 2040 3981 sarculo,

463 4003 509 4057 si
543 4004 862 4074 percutienti
891 4013 945 4060 et
973 4004 1130 4060 aliam
1158 4008 1433 4063 maxillam
1468 4009 1827 4078 praebeamus.
1890 4008 2043 4077 Quod

464 4093 508 4148 si
537 4100 698 4147 tanta:
721 4094 992 4163 patientiae
1016 4103 1070 4150 et
1091 4096 1411 4152 humilitatis
1443 4096 1724 4160 fuerimus,
1738 4111 1846 4151 non
1868 4097 2040 4153 solum

463 4186 602 4255 apud
631 4185 817 4251 Deum,
840 4185 932 4241 sed
953 4186 1118 4242 etiam
1141 4188 1283 4259 apud
1307 4187 1572 4252 homines,
1601 4186 1898 4257 poterimus
1917 4203 2042 4258 pro-

461 4277 667 4333 babiles
691 4294 973 4349 apparere.

534 4367 869 4424 Providentes
898 4370 1054 4436 bona,
1078 4389 1182 4427 non
1200 4381 1406 4426 tantum
1421 4389 1598 4426 coram
1626 4372 1752 4438 Deo,
1773 4373 1864 4428 sed
1880 4373 2038 4428 etiam

460 4474 638 4514 comm
666 4462 978 4519 hominibus.
1018 4463 1121 4537 (Ex
1142 4462 1320 4536 Orig.)
1346 4463 1542 4519 Coram
1584 4466 1834 4521 omnibus
1859 4466 2037 4521 homi—

2141 3277 2303 3332 quam
2327 3262 2419 3331 qui
2443 3262 2613 3333 tangit
2631 3262 2889 3333 pupillam
2914 3263 3056 3318 oeuli
3078 3263 3183 3319 mei
3202 3261 3388 3333 (Zaeh.
3413 3261 3498 3335 ιι).

2218 3352 2330 3424 Ego
2367 3352 2672 3419 retribuam,
2709 3354 2837 3409 dicit
2863 3354 3144 3411 Dominus.
3191 3353 3541 3410 Facientibus
3579 3354 3727 3411 bona

2142 3458 2202 3499 se
2232 3440 2531 3500 retribuere
2554 3444 2842 3514 promittit.

2214 3533 2320 3589 Sed
2354 3534 2401 3589 si
2446 3536 2688 3590 esurierit
2729 3535 2974 3590 inimicus
2994 3543 3143 3600 tuus,
3170 3534 3285 3588 ciba
3310 3533 3482 3598 illum,
3514 3535 3561 3588 si
3585 3534 3727 3598 sitit,

2140 3636 2320 3697 potum
2338 3627 2409 3681 da
2431 3626 2535 3693 illi,
2548 3628 2646 3682 hoc
2665 3628 2805 3683 enim
2827 3627 3047 3697 faciens,
3062 3626 3311 3681 carbones
3330 3624 3466 3697 ignis
3475 3642 3729 3696 congeres

2140 3733 2297 3787 super
2314 3727 2469 3788 caput
2482 3718 2620 3788 ejus.
2642 3717 2847 3774 Uteum
2865 3717 2967 3773 sibi
2990 3714 3319 3772 intellexerit
3336 3715 3604 3771 carbones
3622 3730 3728 3785 per

2143 3815 2289 3862 tuam
2316 3808 2609 3863 indebitam
2646 3808 3075 3865 misericordiam
3093 3807 3435 3878 congregari,
3479 3807 3728 3862 excutiat

2141 3916 2261 3965 eos,
2289 3901 2341 3955 id
2371 3909 2479 3966 est,
2504 3908 2849 3957 convertatur
2873 3908 2930 3954 et
2953 3899 3139 3971 diligat
3154 3908 3229 3966 te,
3252 3914 3414 3969 quem
3454 3898 3729 3953 habuerat

2142 3994 2431 4063 aliquando
2454 4009 2729 4063 perosum.
2779 3992 3047 4049 Caeterum
3089 4008 3199 4048 non
3242 4000 3326 4047 est
3345 3982 3725 4046 misericordia

2140 4085 2237 4140 sed
2264 4085 2587 4157 crudelitas,
2646 4085 2693 4139 si
2722 4084 2846 4139 ideo
2872 4084 2974 4140 hoc
2996 4082 3134 4140 facis
3154 4090 3215 4137 ut
3230 4081 3307 4137 illi
3339 4081 3544 4151 aliquid
3562 4080 3727 4152 pejus

2138 4175 2389 4241 eveniat,
2443 4191 2545 4246 pro
2585 4190 2695 4245 quo
2735 4183 2788 4230 te
2832 4175 3091 4231 Dominus
3136 4189 3296 4230 orare
3337 4173 3595 4244 praecepit
3637 4174 3723 4231 di-

2138 4281 2299 4323 cens:
2338 4266 2504 4322 Orate
2551 4281 2650 4336 pro
2692 4266 3137 4343 persequentibus
3162 4274 3219 4320 et
3260 4264 3724 4321 calumniantibus

2137 4373 2255 4413 vos.
2294 4357 2538 4413 Cibando
2586 4356 2734 4412 enim
2769 4356 3048 4412 inimicum
3094 4363 3151 4411 et
3190 4354 3428 4425 potando
3455 4369 3604 4419 eum,
3648 4356 3722 4410 ad

2136 4462 2326 4517 pacem
2348 4446 2757 4501 reconciliamus
2775 4446 3078 4502 nobiscum.
3128 4445 3283 4513 Quod
3307 4444 3355 4500 si
3407 4444 3494 4499 ille
3521 4443 3578 4499 in
3604 4460 3723 4498 ma-

461 4551 620 4606 nibus
642 4552 887 4623 providet
912 4527 1038 4623 quis
1054 4555 1215 4618 bona,
1238 4527 1347 4609 don
1377 4564 1436 4609 ut
1462 4554 1674 4623 placeat
1701 4555 2035 4625 singulorum

2151 4538 2254 4593 litia
2292 4538 2609 4607 perstiterit,
2630 4538 2745 4607 ipse
2770 4538 2950 4608 ignem
2970 4536 3216 4608 congerit
3232 4536 3397 4607 capiti
3418 4550 3518 4591 suo

460 4644 545 4698 vel
573 4645 738 4710 vitiis,
752 4646 837 4701 vel
863 4647 1124 4709 moribus,
1149 4646 1385 4714 alioquin
1412 4646 1741 4701 contrarium
1765 4647 1871 4701 erit
1894 4647 2037 4716 quod

459 4736 603 4790 idem
631 4737 764 4791 dixit
785 4736 1073 4807 Apostolus
1096 4754 1108 4789 :
1161 4736 1274 4806 Ego
1300 4737 1344 4791 si
1373 4737 1669 4791 hominibus
1703 4737 1907 4807 placere
1932 4737 2037 4791 vel-

458 4828 578 4893 lem,
628 4828 821 4884 Christi
842 4846 1018 4884 servus
1052 4846 1158 4883 non
1185 4845 1349 4883 essent
1379 4826 1521 4899 (Gal.
1548 4828 1613 4899 ι),
1652 4830 1747 4884 sed
1792 4829 1882 4898 qui
1912 4829 2035 4882 vita:

460 4934 571 4973 sua:
604 4935 811 4973 morum
841 4927 897 4973 et
924 4926 1143 4973 actuum
1172 4918 1246 4971 ita
1274 4927 1422 4973 tenet
1446 4918 1656 4979 libram,
1683 4929 1743 4973 ut
1768 4935 1872 4973 non
1907 4936 2032 4988 pos-
2064 4950 2077 4969 ς

460 5009 532 5064 sit
553 5009 620 5063 ab
654 5009 763 5063 ullo
788 5010 1010 5064 homine
1042 5009 1383 5077 reprehendi,
1417 5010 1517 5064 iste
1540 5010 1679 5064 bona
1707 5025 1888 5064 coram
1917 5026 2037 5064 om-

461 5103 619 5157 nibus
647 5102 953 5157 hominibus
977 5101 1235 5171 providet.
1280 5101 1462 5170 Neque
1484 5102 1627 5155 enim
1650 5101 1788 5155 dixit
1810 5100 2038 5171 Aposto-

461 5191 565 5256 lus,
600 5203 658 5244 ut
683 5191 1387 5260 omnibusplaceamus,sed
1418 5201 1474 5245 ut
1502 5192 1879 5262 provideamus
1895 5193 2035 5245 bona

461 5298 645 5338 coram
676 5281 946 5346 omnibus,
1001 5281 1106 5335 hoc
1137 5292 1240 5346 est,
1280 5297 1500 5353 agamus
1528 5277 1627 5337 nos
1678 5281 1816 5335 bona
1854 5295 2035 5335 comm

461 5372 734 5435 omnibus,
775 5371 889 5426 sive
915 5372 1020 5427 illis
1042 5371 1289 5443 placeant
1315 5387 1433 5441 quae
1454 5372 1594 5428 bona
1624 5380 1771 5438 sunt,
1794 5372 1906 5425 sive
1931 5384 2036 5424 non

463 5464 730 5537 placeant.

538 5554 599 5608 Si
622 5552 741 5623 ﬁeri
757 5564 947 5624 potest,
971 5556 1110 5626 quod
1135 5573 1199 5609 ex
1226 5556 1365 5610 vobis
1402 5565 1500 5621 est,
1533 5571 1653 5609 cum
1675 5554 1915 5607 omnibus
1938 5552 2037 5605 ho-

467 5645 689 5699 minibus
706 5664 885 5716 pacem
911 5648 1173 5702 habentes.
1226 5647 1533 5717 Apostolus,
1582 5662 1651 5701 ne
1677 5661 1775 5700 nos
1816 5644 2039 5699 alterius

468 5739 700 5804 aniznus,
758 5739 799 5794 si
828 5739 960 5794 forte
1004 5741 1304 5811 impacatus
1347 5738 1610 5802 evenerit,
1667 5753 1696 5791 a
1722 5735 1863 5790 bono
1890 5734 2038 5803 pacis

2214 4650 2321 4723 (Ex
2345 4650 2612 4723 Origene.)
2650 4651 2939 4707 Videamus
2978 4666 3048 4706 ne
3086 4649 3225 4705 forte
3252 4649 3465 4721 dignius
3502 4648 3717 4717 aliquid

2142 4740 2379 4794 mandati
2402 4739 2558 4808 hujus
2581 4740 2860 4795 contineat
2885 4740 3210 4796 intellectus.
3249 4739 3393 4794 Dicit
3418 4739 3564 4793 enim
3593 4739 3722 4793 [lie-

2143 4831 2343 4885 remias
2370 4830 2438 4884 ad
2464 4831 2818 4900 peccatricem
2850 4830 3014 4885 tiliam
3037 4829 3361 4902 Babylonis:
3392 4828 3574 4884 Habes
3595 4844 3716 4884 car-

2140 4924 2311 4979 bones
2336 4924 2498 4994 ignis,
2524 4924 2650 4979 sedc
2675 4938 2838 4994 super
2863 4938 2976 4990 eos,
3015 4924 3071 4997 hi
3091 4932 3265 4979 erunt
3287 4923 3385 4979 tibi
3423 4924 3478 4979 in
3503 4922 3719 4991 adjuto-

2136 5015 2295 5068 rium.
2330 5013 2603 5069 Fortassis
2623 5030 2775 5085 ergo,
2806 5022 2863 5069 et
2892 5014 2982 5069 isti
3009 4998 3278 5069 carbones
3306 5013 3448 5086 ignis
3464 5012 3557 5084 qui
3581 5029 3717 5069 con-

2134 5112 2429 5176 gregantur
2454 5110 2620 5175 super
2639 5114 2805 5177 caput
2830 5107 3058 5171 inimici,
3090 5107 3156 5161 ad
3185 5105 3513 5175 adjutorium
3544 5106 3720 5177 ipsius

2133 5204 2549 5265 congregantur.
2577 5195 2763 5251 Potest
2785 5197 2931 5251 enim
2973 5195 3114 5262 fieri,
3140 5203 3202 5251 ut
3229 5210 3439 5263 amens,
3464 5194 3635 5261 ferus,
3661 5209 3719 5253 et

2132 5283 2399 5338 barbarus
2449 5284 2717 5347 inimicus,
2768 5285 2814 5341 si
2861 5286 3059 5341 sentiat
3090 5285 3412 5341 beneﬁcium
3442 5296 3714 5352 nostrum,

2137 5373 2184 5427 si
2241 5372 2650 5437 humanitatem,
2702 5373 2749 5428 si
2802 5373 3077 5438 allectum,
3126 5374 3173 5428 si
3222 5374 3479 5444 pietatem
3511 5374 3716 5437 videat,

2118 5464 2589 5532 compunctionem
2604 5465 2785 5520 cordis
2802 5465 3001 5534 capiat,
3026 5466 3300 5521 commissi
3321 5466 3718 5535 paenitudinem

2138 5560 2310 5620 gerat.
2346 5553 2414 5606 Et
2454 5569 2521 5608 ex
2549 5554 2671 5620 hoc,
2718 5554 2857 5624 ignis
2893 5556 2950 5610 in
2988 5570 3055 5611 eo
3083 5557 3302 5624 quidam
3332 5557 3719 5622 succcndat-ir,

2141 5643 2232 5710 qui
2266 5659 2504 5716 eumpro
2518 5646 2792 5700 commissi
2839 5646 3173 5701 conscientia
3202 5655 3452 5716 torqueat
3486 5656 3542 5701 et
3585 5650 3710 5702 adu-

2144 5742 2249 5787 rat.
2284 5733 2350 5787 Et
2378 5733 2466 5787 isti
2496 5744 2655 5789 erunt
2696 5736 2959 5790 carbones
3001 5736 3163 5805 ignis,
3206 5736 3295 5805 qui
3349 5752 3511 5804 super
3555 5748 3723 5807 caput
