3946 6404
320 312 392 371 ss
446 386 451 387 ν
1168 318 1689 379 COLLECTIONES
1730 322 1795 377 IN
1835 322 2215 382 EPlSTOLAS
2254 300 2341 382 ΕΤ
2381 326 2791 382 EVANGELIA.
3514 336 3583 387 ω

418 386 459 411 ﬁ

325 432 447 502 ejus
476 444 544 486 ex
585 438 774 488 nostro
796 431 1185 491 misericordiae
1227 445 1284 492 et
1324 437 1542 508 pietatis
1582 453 1748 509 opere
1774 453 1907 495 con-
1936 440 1989 500 Α
2084 440 2153 494 Et
2196 442 2468 511 confestim
2509 443 2763 497 mundata
2787 452 2862 497 est
2903 442 3048 513 lepra
3089 445 3223 513 ejus.
3262 444 3361 517 (Ex
3392 445 3583 514 Beda.)

326 529 643 593 gregantur.
668 521 844 590 Caput
869 538 1024 590 vero,
1052 526 1350 598 principale
1371 530 1554 584 cordis
1577 529 1901 599 appellatur,

327 627 385 674 et
405 617 600 673 merito
642 625 807 688 caput
846 618 1066 675 dicitur.
1099 618 1266 691 Cujus
1289 621 1571 677 intellectu
1590 630 1647 677 et
1668 621 1905 692 pruden-
1946 606 1953 614 ’

328 710 401 764 tia
431 710 674 765 membra
704 717 966 780 reguntur
990 711 1267 769 universa.

2003 527 2149 584 Nihil
2176 531 2412 586 medium
2447 540 2553 598 est,
2582 532 2725 587 inter
2750 548 2886 602 opus
2912 534 3006 590 Dei
3047 543 3209 604 atque
3232 547 3582 607 prmceptmn.

2002 621 2130 690 quia
2160 622 2214 677 in
2254 632 2526 693 praecepto
2572 632 2659 679 est
2700 640 2855 694 opus.
2888 624 3129 695 Denique
3158 626 3318 691 dixit,
3361 637 3415 682 ct
3444 627 3580 681 facta

1999 718 2148 776 sunt,
2172 710 2301 781 quia
2325 711 2573 769 voluntas
2619 712 2712 767 Dei
2732 721 2974 783 potestas
3006 724 3109 781 est,
3135 724 3189 770 et
3219 716 3330 771 Lex
3361 718 3578 786 quidem

398 799 527 857 Noli
558 802 693 857 vinci
719 818 755 855 ιι
779 801 941 867 malo,
966 801 1059 859 sed
1097 803 1243 860 vince
1268 803 1327 859 in
1353 803 1486 860 bono
1525 804 1746 859 malum.
1773 804 1904 860 Vin—
2002 800 2149 870 tangi
2177 801 2420 871 leprosos
2458 802 2729 872 prohibet,
2774 803 2867 858 sed
2895 804 2987 875 qui
3016 804 3274 861 Dominus
3305 806 3438 877 legis
3477 816 3576 864 est.

328 893 470 947 citur
507 908 538 947 a
563 892 729 958 malo,
765 893 858 961 qui
902 892 1061 950 malis
1097 901 1425 963 provocatus
1464 892 1643 949 reddit
1676 892 1897 948 malum.

324 981 384 1035 In
410 980 554 1037 bono
573 987 756 1038 autem
772 981 945 1053 vincit
966 980 1191 1048 malum,
1217 981 1311 1052 qui
1337 981 1578 1052 acceptis
1604 981 1786 1047 malis,
1814 996 1902 1038 re-

326 1071 503 1127 stituit
527 1071 691 1128 bona.
730 1071 827 1131 ille
876 1072 1077 1129 dicitur
1101 1073 1301 1130 vicisse
1348 1073 1604 1140 alterum,
1636 1073 1733 1143 qui
1774 1087 1898 1129 eum

326 1162 394 1215 a~.l
420 1176 575 1217 suam
599 1163 883 1219 adduxerit
907 1171 1140 1234 partem,
1169 1164 1314 1221 sicut
1346 1165 1664 1221 luereticum
1695 1164 1782 1220 vel
1804 1179 1899 1234 pa-

325 1267 543 1322 ganum.
574 1252 633 1309 Si
661 1268 792 1325 ergo
830 1261 884 1310 te
932 1253 1122 1311 fecerit
1165 1255 1267 1313 sibi
1306 1256 1481 1312 vicem
1513 1255 1762 1322 reddere,
1807 1255 1898 1312 ille

327 1350 379 1399 te
405 1344 537 1402 vicit
570 1346 675 1401 sibi
698 1346 928 1403 similem
967 1345 1236 1404 faciendo.
1265 1347 1325 1404 Si
1348 1356 1530 1404 autem
1549 1363 1650 1418 per
1681 1349 1895 1418 patien-

324 1437 457 1490 tiam
495 1444 641 1492 tuam
674 1434 867 1494 feceris
909 1452 1034 1494 eum
1060 1453 1279 1496 cessare
1306 1438 1376 1494 ab
1402 1437 1621 1508 injuria,
1660 1446 1721 1494 tu
1761 1439 1896 1495 vici-

324 1524 395 1579 sti
436 1538 582 1581 eum.

602 1630 938 1672 BVANGILIOI
973 1632 1265 1685 ιΑττιιιι,
1319 1633 1442 1674 αλιι.
1478 1631 1601 1673 νιιι.

398 1723 418 1756 ι
443 1704 579 1761 Cum
602 1706 971 1763 descendisset
987 1705 1149 1764 Iesus
1169 1708 1239 1764 de
1280 1715 1485 1773 monte,
1527 1714 1726 1763 secutte
1766 1715 1895 1764 sunt

1998 905 2109 944 non
2134 891 2450 960 obsequitur
2473 891 2595 963 legi,
2627 892 2721 947 sed
2760 892 2933 965 legem
2956 893 3105 950 facit.
3147 894 3264 951 Non
3299 912 3429 965 ergo
3460 895 3581 949 ideo

2000 982 2194 1053 tetigit,
2221 983 2347 1053 quia
2375 983 2494 1039 sine
2523 992 2670 1039 tactu
2696 985 2961 1041 mundare
3004 1003 3110 1042 non
3143 995 3374 1057 poterat,
3405 988 3495 1041 scd
3523 995 3581 1040 nt

1996 1073 2267 1142 probaret,
2302 1073 2429 1142 quia
2454 1072 2561 1145 legi
2604 1071 2882 1142 subjectus
2924 1090 3032 1130 non
3076 1084 3216 1140 erat,
3262 1092 3360 1130 nec
3393 1086 3580 1131 conta-

1995 1163 2142 1235 gium
2163 1164 2409 1231 timebat,
2438 1174 2500 1220 ut
2519 1166 2788 1232 homines,
2810 1168 2907 1224 sed
2934 1168 3061 1238 quia
3084 1168 3447 1225 contaminari
3470 1183 3577 1223 non

1994 1262 2208 1323 poterat
2233 1254 2325 1324 qui
2354 1254 2491 1312 alios
2516 1254 2802 1311 liberabat.

2064 1365 2135 1420 Et
2156 1366 2231 1420 ait
2257 1366 2337 1421 illi
2361 1366 2540 1433 Iesus,
2580 1365 2734 1434 Vide,
2764 1369 2959 1423 nemini
2979 1369 3196 1424 dixeris.
3239 1342 3419 1437 Quare
3441 1385 3577 1439 pne-

1993 1457 2191 1527 cipitur
2212 1457 2414 1513 nemini
2451 1458 2672 1523 dixeris,
2702 1459 2809 1515 nisi
2841 1468 2901 1513 ut
2929 1459 3150 1515 doceret
3175 1475 3281 1514 non
3304 1459 3570 1528 vulganda

1994 1556 2179 1605 nostra
2190 1549 2475 1617 beneﬁcia,
2498 1551 2595 1605 sed
2614 1552 2929 1621 premenda,
2956 1559 3144 1606 utnon
3174 1550 3348 1605 solum
3375 1566 3407 1605 a
3434 1566 3577 1606 mer-

1994 1641 2123 1696 cede
2140 1642 2506 1697 abstineamus
2531 1642 2798 1713 pecunim,
2825 1644 2921 1698 sed
2939 1645 3106 1698 etiam
3130 1645 3341 1716 gratiae.

2064 1729 2171 1786 Sed
2194 1730 2347 1796 vade,
2370 1730 2583 1786 ostende
2603 1740 2652 1784 te
2676 1731 2958 1786 sacerdoti.
2988 1731 3286 1788 Ostendere
3315 1748 3374 1788 se
3399 1748 3578 1788 sacer-

325 1815 343 1846 ι
376 1810 501 1850 cum
547 1797 719 1852 turba
764 1795 966 1853 mulus.
1029 1797 1100 1854 Et
1141 1813 1273 1856 ecce
1344 1798 1591 1868 leprosos
1640 1797 1884 1864 veniens,

1997 1820 2104 1877 doti
2120 1820 2363 1892 jubetur,
2387 1828 2448 1877 ut
2485 1821 2812 1893 intelligeret
2846 1837 2971 1878 eum
2995 1823 3272 1889 sacerdos,
3312 1839 3418 1879 non
3440 1824 3575 1895 legis

326 1908 346 1940 ι
372 1886 633 1944 adorabat
663 1903 789 1945 eum
832 1889 1020 1945 dicens
1049 1907 1065 1944 :
1110 1888 1360 1959 Domine,
1399 1890 1446 1946 si
1487 1889 1573 1945 vis
1621 1897 1778 1960 potes
1804 1904 1892 1945 me

324 1997 343 2028 ι
372 1978 656 2035 mundare.
696 1978 767 2034 Et
787 1979 1086 2035 extendens
1107 1977 1269 2036 Iesus
1293 1995 1537 2045 manum,
1567 1981 1746 2051 tetigit
1768 1974 1891 2037 eum

324 2088 345 2120 ι
372 2069 558 2126 «licens
584 2087 599 2124 :
633 2068 791 2136 Volo,
819 2069 1101 2127 mundare.
1132 2071 1202 2127 Et
1226 2072 1513 2129 confestim
1532 2074 1789 2130 mundata
1807 2081 1894 2130 est

321 2180 340 2211 ι
370 2161 521 2231 lepra
546 2159 683 2231 ejus.
712 2161 782 2217 Et
804 2162 885 2218 ait
905 2161 984 2217 illi
1007 2161 1203 2220 Iesus:
1233 2164 1390 2229 Vide,
1432 2162 1635 2220 nemini
1666 2164 1890 2230 dixeris,

320 2274 340 2306 ι
371 2254 465 2309 sed
482 2252 641 2320 vade,
668 2254 894 2310 ostende
919 2263 975 2310 te
995 2255 1339 2313 sacerdotiet
1363 2255 1499 2311 oll'er
1530 2271 1725 2311 nnmus
1748 2256 1892 2326 quod

319 2366 337 2396 ι
367 2344 623 2415 pnecepit
647 2343 858 2415 Moyses
883 2344 940 2400 in
965 2344 1337 2402 testimonium
1375 2344 1507 2401 illis.
1550 2343 1684 2400 Cum
1711 2353 1893 2400 autem

319 2455 337 2485 ι
366 2435 642 2491 introisset
668 2433 1069 2505 Capharnaum,
1111 2435 1347 2491 accessit
1390 2436 1459 2491 ad
1487 2449 1613 2489 eum
1646 2434 1893 2490 centurio

318 2544 337 2575 ι
372 2540 565 2596 rogans
582 2540 709 2581 eum
729 2534 787 2581 et
804 2525 994 2582 dicens
1018 2544 1032 2581 :
1056 2525 1302 2591 Domine,
1327 2540 1464 2596 puer
1493 2540 1647 2580 meus
1667 2525 1815 2595 jacet
1839 2525 1892 2579 in

320 2633 338 2665 ι
368 2616 527 2670 domo
547 2614 876 2687 paralyticos
901 2624 958 2672 et
983 2616 1126 2672 male
1155 2625 1452 2686 torquetur.
1494 2616 1562 2671 Et
1587 2616 1667 2670 ait
1701 2616 1775 2671 illi
1803 2614 1893 2672 Ie—

319 2722 337 2753 I
368 2720 461 2759 sus
494 2721 507 2757 :
553 2704 665 2774 Ego
693 2704 921 2770 veniam,
953 2712 1010 2761 et
1035 2708 1242 2763 curabo
1270 2721 1415 2762 eum.
1454 2706 1524 2761 Et
1564 2706 1894 2775 respondens

318 2812 336 2845 ι
368 2794 612 2850 centurio
655 2793 774 2850 ait:
812 2794 1063 2864 Domine,
1090 2811 1199 2852 non
1247 2812 1368 2852 sum
1399 2795 1594 2867 dignus
1617 2803 1678 2850 ut
1721 2795 1894 2852 intres

317 2904 336 2936 ι
373 2887 472 2941 sub
498 2894 700 2945 tectum
721 2902 926 2953 meum,
963 2888 1057 2944 sed
1084 2895 1292 2944 tantum
1333 2887 1421 2943 dic
1448 2888 1613 2942 verbo
1647 2894 1706 2942 et
1730 2901 1893 2942 sana-

316 2996 335 3025 ι
370 2978 514 3030 hitur
536 2990 671 3047 puer
697 2992 871 3034 meus.
907 2975 1044 3033 Nam
1068 2985 1124 3034 et
1149 2993 1252 3050 ego
1274 2978 1437 3033 homo
1462 2991 1583 3031 sum
1607 2976 1709 3032 sub
1740 2984 1893 3047 pote.

314 3088 335 3116 α
364 3077 502 3124 state
547 3071 891 3137 constitutus,
926 3071 1132 3127 habens
1161 3072 1262 3127 sub
1303 3086 1392 3127 me
1430 3069 1649 3136 milites,
1688 3078 1747 3126 et
1769 3070 1890 3127 dico

316 3181 335 3213 ι
368 3162 492 3218 huic
513 3164 651 3220 vade
685 3170 742 3220 et
772 3164 940 3231 vadit,
965 3171 1022 3220 et
1050 3164 1140 3220 alii
1167 3165 1290 3221 veni
1330 3172 1386 3220 et
1410 3165 1585 3230 venit,
1630 3173 1685 3221 et
1730 3179 1891 3221 servo

315 3274 333 3305 ι
364 3269 483 3310 meo
510 3252 596 3311 fac
623 3256 745 3320 hoc,
777 3264 836 3313 et
878 3257 1030 3313 facit.
1071 3257 1311 3314 Audiens
1339 3265 1517 3312 autem
1544 3255 1701 3314 Iesus
1726 3258 1891 3314 mira-

315 3363 333 3395 ι
367 3354 455 3400 tus
474 3353 579 3411 est,
606 3354 664 3401 et
685 3348 1040 3416 sequentibus
1061 3362 1120 3405 se
1144 3348 1315 3403 dixit:
1348 3347 1521 3403 Amen
1551 3347 1676 3403 dico
1710 3349 1887 3417 vobis,

313 3455 332 3485 ι
365 3452 469 3491 ιιοιι
496 3437 674 3493 inveni
701 3445 907 3493 tantam
932 3436 1096 3495 ﬁdem
1130 3439 1184 3494 in
1206 3420 1394 3504 Israel,
1420 3439 1544 3495 dico
1572 3447 1753 3495 autem
1784 3455 1884 3494 vo-

311 3547 331 3578 ι
364 3528 467 3593 bis,
494 3529 637 3597 quod
664 3528 817 3584 multi
863 3530 933 3587 ab
973 3530 1183 3586 oriente
1222 3539 1279 3585 et
1321 3530 1602 3586 occidente
1648 3532 1884 3595 venient,

310 3639 331 3672 ι
359 3628 417 3675 et
440 3621 756 3676 recnmbent
792 3635 914 3677 cum
961 3621 1236 3679 Abraham
1277 3629 1336 3677 et
1373 3608 1537 3678 Isaac'
1551 3631 1607 3678 et
1631 3620 1800 3679 Iacob
1831 3622 1884 3679 in

311 3728 330 3759 ι
362 3725 528 3779 regno
558 3710 837 3766 calorum.
871 3710 994 3766 Filii
1019 3720 1202 3769 autem
1232 3714 1381 3784 regni
1410 3713 1698 3784 ejicientur
1723 3714 1776 3769 in
1808 3721 1886 3769 te-

311 3818 330 3850 i
359 3802 551 3855 nebras
569 3800 887 3865 exteriores,
914 3800 987 3855 ibi
1015 3802 1122 3858 erit
1140 3802 1299 3859 ﬂetus
1320 3810 1379 3859 et
1401 3801 1603 3859 stridor
1621 3803 1882 3859 dentium.

311 3914 329 3944 ι
362 3896 428 3950 Et
452 3896 588 3950 dixit
613 3894 773 3951 Iesus
800 3896 1134 3951 centurioni:
1164 3897 1330 3962 Vade,
1366 3904 1424 3951 et
1441 3896 1584 3952 sicut
1605 3896 1884 3952 credidisti

310 4004 330 4039 ι
364 3986 455 4040 tiat
482 3984 605 4052 tibi,
645 3994 702 4042 et
726 3994 949 4042 sanatus
978 3994 1064 4042 est
1089 4002 1227 4056 puer
1254 3986 1311 4042 in
1340 3986 1432 4043 illa
1455 3987 1609 4041 hora.
1640 4006 1661 4039 ο

376 4079 507 4135 Cum
541 4080 886 4135 descendisset
913 4079 1070 4135 Iesus
1097 4079 1162 4134 de
1184 4088 1575 4148 monte,seeuta:
1617 4088 1883 4135 suntcum

303 4170 472 4224 turba:
492 4175 693 4225 multis.
721 4169 798 4224 De
827 4177 1009 4225 monte
1031 4168 1259 4225 Domino
1282 4168 1662 4232 descendente,
1701 4167 1756 4222 id
1778 4175 1882 4233 est,

303 4263 369 4317 de
389 4260 546 4316 cmlis
572 4261 626 4315 in
666 4261 946 4326 mundum,
975 4269 1174 4317 secuta:
1196 4267 1322 4315 sunt
1345 4274 1467 4314 eum
1506 4259 1677 4314 turba:
1703 4258 1884 4315 multm

303 4351 521 4421 generis
548 4349 767 4405 humani
782 4364 889 4419 per
918 4349 1099 4413 iidem,
1148 4349 1250 4405 nisi
1279 4349 1424 4403 enim
1454 4347 1543 4403 ille
1568 4347 1883 4403 descendis-

303 4451 405 4506 set,
435 4456 593 4498 ncmo
621 4441 897 4499 hominum
935 4442 1006 4497 ad
1034 4441 1201 4498 caelos
1237 4441 1589 4497 ascendisset.

372 4533 444 4589 Et
491 4549 607 4588 ecce
650 4531 883 4603 leprosus
925 4533 1131 4588 veniens
1176 4531 1434 4587 adorabat
1480 4548 1601 4586 eum
1647 4530 1870 4605 dicens:

301 4624 544 4690 Domine,
565 4624 612 4679 si
636 4626 709 4679 vis
742 4634 884 4696 potes
910 4641 990 4678 me
1011 4623 1289 4679 mundare.
1320 4623 1377 4677 lu
1400 4622 1737 4681 voluntatem
1770 4622 1879 4677 Do-

302 4718 434 4773 mini
458 4717 647 4772 tribuit
667 4724 1005 4787 potestatem,
1032 4715 1100 4771 de
1135 4715 1410 4770 voluntate
1446 4722 1629 4769 autem
1661 4712 1872 4767 Domini

300 4824 407 4863 non
436 4807 715 4873 dubitavit,
757 4806 853 4863 sed
878 4806 1034 4876 quasi
1070 4805 1175 4861 sibi
1196 4804 1447 4861 conscius
1476 4818 1584 4857 non
1606 4817 1869 4874 praesum-

299 4897 698 4969 psit.chrosus
727 4896 827 4953 iste
845 4896 1102 4967 populum
1130 4894 1369 4966 gentium
1398 4891 1741 4964 signiﬁcavit,
1780 4891 1875 4963 qui

258 5002 263 5011 ‘
299 4995 654 5056 compunctus
686 4986 754 5042 ad
782 4984 1211 5041 misericordiam
1239 4983 1452 5040 Domini
1476 4980 1740 5053 pervenit.

366 5078 434 5133 Et
460 5077 693 5134 extendit
720 5075 876 5133 Iesus
919 5092 1136 5131 manum
1172 5092 1347 5142 suam,
1392 5073 1557 5145 tetigit
1598 5089 1738 5137 eum,
1792 5071 1876 5125 di-

294 5186 414 5225 cens
437 5183 457 5222 :
495 5167 646 5235 Volo,
672 5167 947 5223 mundare.
985 5167 1088 5239 (Ex
1118 5163 1361 5237 Hieron.)
1389 5165 1682 5221 Considera
1711 5178 1874 5234 quam

297 5259 516 5315 humilis
554 5257 852 5331 responsio.
890 5256 984 5313 Ille
1009 5256 1222 5312 dixerat
1251 5255 1298 5310 si
1336 5254 1438 5309 vis.
1484 5252 1742 5308 Dominus
1781 5267 1871 5307 re-

296 5351 547 5421 spondit:
578 5350 731 5406 Volo.
754 5349 867 5415 llle,
890 5356 1046 5419 potes
1073 5361 1163 5405 me
1184 5346 1465 5402 mundare.
1494 5343 1754 5400 Dominus
1787 5342 1871 5398 di-

296 5440 392 5505 cit,
418 5442 767 5516 καθαρίσθητι,
797 5438 1077 5493 mundare.
1124 5436 1242 5491 Non
1281 5449 1414 5506 ergo
1451 5433 1591 5490 sicut
1630 5433 1873 5506 plerique

298 5529 613 5586 Latinorum
639 5536 833 5601 putant
862 5527 1194 5597 jungendum
1226 5532 1327 5592 est,
1351 5524 1706 5597 ctlcgcndum
1730 5522 1850 5577 volo

299 5623 582 5687 mundare,
627 5622 721 5677 sed
769 5618 1081 5691 separatim,
1126 5627 1187 5674 ut
1230 5618 1466 5691 primum
1519 5617 1679 5681 dicat,
1728 5614 1869 5682 volo,

298 5714 490 5768 deinde
514 5714 762 5777 imperet.
793 5709 1069 5766 mundare.

1987 1912 2197 1977 ordine,
2226 1912 2323 1968 sed
2349 1911 2524 1983 gratia
2557 1912 2654 1967 Dei
2682 1926 2848 1983 supra
2874 1912 3046 1984 legem
3073 1929 3194 1971 esse
3221 1923 3492 1971 curatum.

2054 2026 2171 2098 ‘(Ex
2198 2025 2444 2099 Hieron.)
2482 2026 2676 2083 Varias
2714 2026 2785 2081 ob
2821 2040 3014 2082 causas
3041 2025 3208 2081 mittit
3234 2040 3358 2081 eum
3385 2026 3453 2080 ad
3481 2036 3571 2082 Ba-

1990 2120 2259 2181 cerdotes,
2288 2118 2525 2188 primum
2547 2125 2771 2187 propter
2809 2116 3191 2181 humilitatem,
3235 2123 3297 2171 ut
3323 2118 3576 2173 sacerdo-

1991 2210 2135 2264 tibus
2156 2209 2363 2265 del‘erre
2385 2209 2651 2263 videatur.
2673 2209 2804 2264 Erat
2823 2209 2970 2264 enim
2990 2209 3046 2262 in
3072 2207 3190 2279 lege
3210 2216 3566 2278 praeceptum,

1991 2308 2052 2354 ut
2086 2300 2178 2369 qui
2219 2298 2458 2354 mandati
2493 2297 2722 2355 fuissent
2752 2314 2785 2354 a
2832 2299 3005 2369 lepra,
3047 2298 3308 2357 oﬂ'errent
3348 2316 3572 2355 munera

1990 2378 2380 2447 sacerdotibus.
2425 2390 2631 2446 Deinde
2660 2399 2720 2445 ut
2763 2391 3081 2446 mandatum
3111 2390 3358 2448 videntes
3393 2391 3573 2463 lepro-

1991 2496 2111 2536 sum
2135 2521 2151 2548 ,
2199 2488 2295 2536 aut
2346 2480 2668 2547 crederent,
2717 2488 2773 2538 et
2822 2481 3183 2547 salvarentur,
3229 2490 3324 2536 aut
3373 2482 3420 2537 si
3466 2497 3575 2537 non

1991 2571 2294 2636 crederent,
2322 2570 2714 2626 inexcusabiles
2763 2569 2979 2637 ﬁerent,
3022 2578 3079 2626 et
3122 2570 3285 2626 simul
3328 2585 3398 2626 ne
3424 2571 3583 2641 quod,

1991 2661 2045 2715 in
2083 2660 2465 2732 eosmpissime
2500 2660 2948 2728 criminabantur,
2978 2660 3155 2733 legem
3182 2660 3455 2718 videretur
3491 2660 3574 2716 in-

1989 2748 2245 2821 fringere.

2064 2860 2166 2934 (Ex
2189 2860 2384 2934 Beda.)
2416 2861 2486 2917 Et
2521 2863 2658 2933 offer
2695 2879 2888 2921 munus
2932 2863 3074 2935 quod
3098 2864 3341 2934 pracepit
3370 2863 3574 2934 Moyses

1989 2953 2047 3008 in
2067 2953 2419 3009 testiinonium
2441 2953 2570 3009 illis.
2601 2953 2808 3011 Oll'erre
2831 2962 3011 3010 autem
3037 2954 3366 3011 sacriﬁcium
3386 2952 3566 3022 jubet,

1989 3050 2052 3099 ut
2077 3044 2386 3099 ostenderet
2409 3044 2491 3100 eis
2535 3044 2663 3113 quia
2703 3059 2811 3100 non
2848 3044 3083 3100 solveret
3115 3043 3308 3114 legem,
3347 3043 3442 3098 sed
3472 3043 3573 3096 im-

1916 3137 1962 3200 C
1991 3133 2188 3204 pleret,
2220 3133 2312 3203 qui
2343 3134 2641 3189 secundum
2682 3132 2854 3204 legem
2895 3132 3148 3203 gradiens
3184 3146 3347 3201 supra
3374 3130 3571 3200 legem,

1990 3233 2207 3280 sanaret
2231 3238 2347 3283 eos,
2386 3239 2524 3292 quos
2565 3224 2804 3279 remedia
2834 3222 2969 3292 legis
3007 3238 3113 3279 non
3144 3229 3488 3284 sanaverant,
3517 3231 3572 3276 et

1990 3304 2130 3359 bene
2145 3302 2368 3360 additur
2387 3303 2473 3360 :ln
2491 3304 2864 3361 testimonium
2880 3308 3007 3368 illis.
3030 3307 3137 3374 hoc
3151 3319 3256 3374 est,
3276 3312 3321 3363 si
3349 3312 3578 3365 nomino

1988 3396 2239 3463 credant,
2269 3400 2315 3454 si
2337 3397 2724 3469 abimpietatis
2756 3400 2911 3471 lepra
2942 3401 3251 3459 discedant.
3275 3404 3414 3472 Quia
3449 3421 3578 3460 vero

1990 3490 2172 3560 typice
2202 3491 2284 3545 vir
2324 3491 2447 3560 iste,
2483 3494 2726 3562 peccatis
2753 3495 3072 3567 languidum
3096 3511 3272 3567 genus
3329 3498 3580 3569 designat

1990 3580 2318 3648 humanum,
2352 3598 2498 3641 recte
2521 3602 2628 3643 non
2657 3588 2832 3642 solum
2869 3589 3141 3659 leprosus,
3165 3590 3263 3647 sed
3298 3600 3356 3645 et
3383 3592 3577 3661 plenus

1987 3670 2141 3743 lepra
2207 3676 2566 3733 describitur.
2621 3677 2826 3734 Omnes
2886 3680 3033 3735 enim
3093 3693 3483 3750 peccaverunt.
3521 3694 3577 3737 et

1987 3777 2152 3839 egent
2180 3769 2348 3840 gloria
2382 3770 2499 3825 Dei.
2527 3771 2621 3827 Illa
2648 3771 2882 3837 scilicet,
2926 3785 2987 3831 ut
3011 3757 3232 3830 extenta
3264 3791 3427 3830 manu
3459 3774 3581 3830 Sal-

1987 3859 2221 3923 vaturis,
2260 3860 2363 3915 hoc
2398 3871 2508 3923 est,
2554 3862 2842 3917 incarnato
2879 3862 2973 3918 Ι)αοὶ
3020 3862 3199 3919 Verbo
3255 3863 3579 3918 humanam-

1988 3968 2099 4022 que
2121 3953 2476 4024 contingente
2500 3965 2776 4017 naturam,
2803 3955 2872 4009 ab
2888 3956 3100 4011 erroris
3126 3955 3290 4025 prisci
3317 3956 3579 4012 varietate

1998 4045 2359 4111 inundantur,
2394 4046 2722 4117 possintque
2750 4061 2875 4102 cum
2895 4047 3160 4116 apostolis
3189 4045 3386 4101 audire
3412 4062 3427 4098 :
3457 4045 3576 4101 Iam

1991 4152 2090 4191 vos
2121 4136 2309 4190 mundi
2373 4138 2510 4191 estis
2539 4148 2764 4207 propter
2791 4153 3103 4193 sermonem
3154 4153 3319 4207 quem
3362 4138 3581 4193 locutus

1991 4245 2110 4286 sum
2145 4230 2299 4283 vobis
2328 4227 2511 4299 (loan.
2533 4230 2643 4297 xv),
2672 4239 2727 4284 et
2752 4229 2845 4298 qui
2872 4229 3083 4284 diutius
3106 4231 3513 4285 abominabiles
3543 4250 3573 4284 a

1990 4322 2194 4395 populo
2221 4322 2313 4376 Dei
2342 4320 2721 4377 erantcastris
2749 4322 2974 4380 secreti.
2996 4320 3412 4391 iamaliquando
3440 4332 3580 4376 tem-

1995 4415 2087 4485 plu
2129 4412 2309 4477 reddi,
2372 4421 2427 4465 et
2460 4411 2737 4467 sacerdoti
2769 4420 2977 4483 queant
3034 4411 3247 4477 ollerri,
3278 4413 3356 4467 illi
3390 4414 3581 4483 utique

1902 4478 1945 4538 Π
1991 4478 2078 4560 cui
2095 4504 2316 4559 dicitur:
2340 4502 2418 4558 Tu
2437 4521 2491 4559 es
2506 4505 2751 4559 sacerdos
2770 4478 2825 4559 in
2840 4515 3099 4560 teternum
3121 4502 3296 4574 (Psal.
3316 4504 3450 4575 cu).
3470 4478 3585 4559 Ᾰιι-

1990 4597 2209 4655 dientes
2227 4597 2296 4653 ab
2312 4597 2575 4669 Apostolo
2596 4597 2900 4668 :‘l‘emplum
2917 4599 3064 4654 enim
3081 4597 3174 4653 Dei
3194 4609 3446 4652 sanctum
3473 4612 3580 4661 est,

1983 4686 2125 4753 quod
2158 4685 2292 4737 estis
2332 4697 2448 4747 vos,
2485 4679 2819 4750 oﬂ'erantque
2866 4695 2965 4750 pro
3017 4680 3398 4735 emundatione
3443 4696 3568 4744 sua,

1982 4776 2121 4830 sicut
2146 4774 2402 4844 praecepit
2424 4772 2654 4844 Moyses.
2681 4773 2737 4827 ld
2761 4781 2865 4839 est,
2899 4773 3194 4829 exhibeant
3216 4787 3443 4842 corpora
3467 4788 3563 4827 sua

1981 4867 2210 4922 hostium
2228 4867 2499 4932 viventem,
2524 4874 2783 4933 sanctam,
2806 4864 2923 4921 Dea
2941 4864 3232 4937 placentem
3259 4865 3431 4938 (Rom.
3449 4871 3571 4937 ιιι).

2057 4976 2192 5033 Cum
2214 4977 2516 5033 introissent
2540 4977 2939 5049 Capharnaum,
2965 4979 3183 5033 accessit
3210 4977 3279 5032 ad
3306 4996 3426 5033 eum
3455 4997 3573 5034 cen-

1985 5074 2150 5140 turio,
2174 5090 2366 5145 rogans
2385 5089 2506 5128 eum
2530 5083 2580 5128 et
2622 5073 2822 5129 dicens.
2850 5071 3123 5140 Quaeritur
3145 5075 3417 5145 quomodo
3444 5080 3573 5130 eon-

1984 5163 2187 5229 veniat,
2230 5164 2374 5234 quod
2424 5162 2600 5219 Lucas
2649 5163 3021 5220 centurionem
3069 5164 3287 5220 nuntios
3337 5165 3580 5234 misisse,

1986 5253 2272 5309 Matthaeus
2298 5262 2481 5309 autem
2520 5254 2699 5324 ipsum
2727 5254 3023 5310 accessisse
3050 5262 3239 5309 narrat
3280 5254 3348 5308 ad
3392 5253 3573 5331 Domi-

1985 5361 2136 5401 num.
2164 5344 2345 5400 Facile
2381 5353 2545 5417 patet,
2586 5346 2732 5417 quod
2771 5345 3055 5401 Mattbaaus
3090 5346 3371 5402 brevitatis
3408 5359 3571 5401 causa

1984 5437 2183 5493 dixerit
2212 5437 2385 5508 ipsum
2414 5438 2728 5503 accessisse,
2760 5438 2917 5508 cujus
2948 5437 3272 5494 desiderium
3304 5444 3360 5490 et
3384 5436 3572 5493 volun-

1985 5534 2068 5582 tas
2117 5527 2184 5582 ad
2238 5527 2521 5582 Dominum
2577 5528 2848 5585 veraciter
2911 5535 2995 5582 est
3048 5526 3288 5598 pra-lata.
3343 5525 3569 5597 Mystico

1983 5622 2147 5677 etiam
2179 5621 2333 5675 nobis
2358 5620 2763 5685 commendans,
2806 5621 2911 5674 hoc
2955 5618 3099 5689 quod
3140 5618 3399 5685 scriptum
3440 5629 3563 5672 est:

1983 5712 2222 5767 Accedite
2271 5711 2341 5763 ad
2383 5728 2521 5775 eum,
2573 5721 2620 5765 et
2680 5709 3071 5765 illuminamini.
3125 5707 3295 5776 (Psul.
3352 5710 3567 5779 χχχιιι.)
