3946 6438
435 337 504 394 95
1718 347 2063 405 SMARACDI
2101 351 2388 408 ABBATIS
3618 358 3690 416 9G

438 457 605 510 Porro
633 455 807 510 Lucas
846 465 1013 512 totum
1042 459 1492 526 quemadmodum
1522 471 1728 532 gestum
1772 462 1844 516 sit
1881 478 2007 533 ape-
2034 468 2086 528 Α
2109 477 2194 514 mo
2219 478 2334 524 sua,
2359 461 2554 530 faciens
2583 461 2932 532 eleemosynas
2959 461 3150 517 multa:
3169 461 3307 531 piebi
3327 470 3376 519 et
3400 463 3694 535 deprecans

438 548 563 602 r'tit.

507 633 749 699 Domine,
789 652 920 705 puer
945 653 1090 691 meus
1125 639 1270 708 jacet
1295 640 1350 694 in
1391 641 1546 696 domo
1569 643 1914 714 paralyticus,
1959 651 2008 699 et

435 723 574 776 inale
599 735 892 795 torquetur,
922 736 970 780 et
997 728 1070 781 ait
1112 728 1385 793 illi,Jesus
1410 743 1430 782 :
1473 731 1586 802 Ego
1627 735 1827 787 veniam
1849 744 1897 788 et
1919 750 2010 788 cu-

436 813 564 865 rabo
607 830 746 868 eum.
772 815 975 871 Videns
997 819 1332 876 centurionis
1369 819 1552 886 ﬁdem,
1578 823 1932 878 humilitatem
1957 833 2012 878 et

439 905 802 972 prudentiam,
826 909 1008 964 statim
1036 925 1093 966 se
1115 910 1316 967 iturum
1343 921 1398 968 et
1425 921 1738 968 sanaturum
1760 929 1878 970 esse
1893 931 2012 986 pro-

439 994 624 1048 mittit.
649 996 836 1052 Fidem
862 998 916 1053 in
938 1014 1024 1064 eo,
1043 1000 1184 1070 quod
1198 1017 1263 1057 ex
1279 1004 1527 1072 gentibus
1541 1005 1769 1059 credidit
1783 1021 2010 1076 puerum

443 1099 474 1136 a
502 1083 786 1142 Salvatore
803 1104 962 1157 posse
992 1091 1208 1145 salvari.
1234 1091 1620 1157 Humilitatem,
1649 1094 1791 1164 quod
1808 1094 2012 1162 sejudi-

441 1175 583 1228 cavit
608 1175 904 1248 indignum,
932 1179 1084 1247 cujus
1109 1188 1307 1236 tectum
1331 1182 1560 1238 intraret
1579 1183 1857 1238 Dominus.
1875 1185 2013 1239 Pru-

443 1265 702 1330 dentium,
733 1269 877 1335 quod
903 1269 1042 1322 ultra
1081 1271 1326 1340 corporis
1362 1280 1633 1340 tegumen,
1665 1275 2004 1329 divinitatem

441 1353 698 1409 latentem
719 1356 932 1421 viderit,
950 1359 1124 1413 sciens
1141 1376 1243 1414 non
1273 1361 1327 1414 id
1347 1363 1450 1415 sibi
1479 1363 1842 1431 profuturum,
1869 1365 2012 1432 quod

438 1451 602 1504 etiam
632 1451 701 1504 ab
744 1452 1034 1508 incredulis
1063 1455 1366 1521 videbatur,
1397 1459 1490 1512 sed
1538 1458 1589 1511 id
1629 1459 1774 1527 quod
1814 1459 2016 1512 latebat

439 1541 780 1596 intrinsecus.
809 1542 1112 1615 Allegorice
1139 1554 1318 1601 autem
1352 1547 1750 1616 Capharnaum,
1782 1560 1902 1616 quae
1929 1549 2014 1602 in-

440 1641 768 1700 terpretatur
813 1649 942 1705 ager
991 1638 1394 1703 consolationis,
1425 1639 1510 1692 vel
1545 1639 1668 1692 villa
1713 1640 2014 1708 pulcherri-

438 1740 546 1787 ma,
579 1725 870 1780 Ecclesium
895 1727 1181 1797 signiﬁcat.
1204 1728 1463 1783 Centurio
1486 1741 1704 1798 propter
1727 1731 2015 1800 perfectio-

2108 551 2276 604 Deum
2302 566 2502 620 semper
2521 550 2660 620 (Act.
2702 551 2780 623 ι).

2180 639 2409 692 Audiens
2465 648 2638 692 autem
2677 640 2831 694 Iesus
2883 642 3108 696 miratus
3150 653 3246 697 est.
3304 643 3530 700 Miratus
3581 655 3692 705 est.

2108 727 2250 796 quod
2271 727 2404 780 vidit
2423 730 2794 784 centurionem
2817 746 2970 785 suam
3000 732 3303 805 intelligere
3321 736 3691 805 maiestatem.

2110 816 2217 870 Sed
2249 817 2372 886 quis
2413 816 2468 870 in
2495 818 2587 872 illo
2617 817 2824 874 fecerat
2861 820 3032 890 ipsam
3061 820 3222 876 ﬁdem
3272 823 3356 877 vel
3387 824 3695 895 intelligen—

2109 905 2264 971 tiam,
2291 907 2396 962 nisi
2421 909 2534 976 ipse
2561 909 2652 977 qui
2691 924 2812 964 eam
2839 911 3178 966 mirabatur?
3197 912 3351 979 Quod
3387 915 3434 969 si
3461 924 3518 970 et
3546 916 3692 970 aiius

2108 1009 2228 1050 eam
2252 997 2490 1064 fecisset,
2512 1001 2640 1068 quid
2665 1001 2976 1066 miraretur,
3013 1002 3105 1072 qui
3129 1005 3392 1072 prteseius
3409 1015 3550 1060 erat.
3587 1006 3690 1060 No-

2083 1099 2087 1104 ‘
2112 1091 2330 1143 tandum
2369 1105 2498 1159 ergo
2525 1090 2651 1160 quia
2671 1092 2818 1160 quod
2847 1093 3080 1146 miratur
3104 1093 3365 1150 Dominus
3407 1097 3564 1151 nobis
3592 1099 3698 1152 ini-

2112 1181 2338 1234 randum
2364 1196 2485 1236 esse
2524 1183 2810 1254 signiﬁcat,
2853 1185 3051 1254 quibus
3079 1186 3256 1240 adhuc
3293 1201 3430 1257 opus
3474 1198 3561 1242 est
3611 1189 3697 1243 sic

2113 1270 2546 1333 moneri,omnes
2579 1272 2723 1326 enim
2753 1273 2888 1326 tales
2915 1281 3094 1328 motus
3119 1290 3241 1328 cum
3271 1275 3338 1330 de
3368 1277 3476 1331 Deo
3500 1278 3695 1332 dicun-

2115 1367 2203 1411 tur
2231 1375 2336 1411 non
2368 1361 2667 1429 perturbati
2703 1362 2866 1416 animi
2916 1363 3069 1432 signa
3115 1371 3262 1422 sunt.
3310 1366 3405 1420 sed
3445 1368 3696 1422 docentis

2115 1449 2376 1515 magistri.

2186 1537 2251 1589 Et
2297 1555 2574 1593 conversus
2613 1541 2942 1610 sequentibus
2987 1560 3042 1597 se
3087 1544 3254 1598 turbis
3298 1545 3432 1599 dixit
3457 1560 3476 1597 :
3525 1545 3696 1600 Amen

2114 1629 2231 1682 dico
2257 1630 2416 1693 vobis,
2447 1645 2550 1684 non
2576 1633 2745 1685 inueni
2787 1643 2988 1686 tantam
3023 1635 3180 1703 ﬁdem
3225 1637 3280 1690 iu
3328 1636 3518 1691 Israel.
3574 1637 3694 1690 Non

2115 1720 2183 1774 de
2211 1721 2462 1774 onmibus
2509 1729 2656 1776 retro
2691 1723 3017 1790 patriarchis
3060 1735 3114 1779 et
3154 1727 3449 1794 prophetis,
3499 1727 3594 1780 sed
3624 1729 3696 1780 tie

437 1829 559 1867 nem
615 1817 824 1870 numeri
855 1819 1107 1884 nominis,
1153 1816 1422 1890 primitias
1451 1823 1720 1893 signiﬁcat
1748 1824 2006 1892 gentium,

2118 1813 2393 1881 pnnsentis
2425 1813 2524 1867 aevi
2563 1812 2799 1882 loquitur
2825 1815 3148 1880 hominibus,
3179 1818 3377 1886 quibus
3415 1819 3538 1872 ideo
3559 1834 3698 1873 ren-

451 1913 512 1957 ut
566 1904 849 1962 Cornelius
877 1909 962 1963 vel
997 1912 1277 1966 eunuchus
1325 1927 1356 1965 a
1417 1913 1656 1982 Philippo
1710 1914 2016 1984 baptizatus

435 1995 574 2064 (Act.
603 2013 723 2063 vm,
746 1999 1068 2069 x).Puerqui
1087 2000 1145 2056 in
1190 2003 1349 2056 domo
1393 2001 1540 2071 jacet
1584 2005 1911 2076 paralyticos
1960 2013 2015 2060 et

436 2089 577 2143 male
623 2098 906 2160 torquetur
954 2109 986 2146 a
1032 2095 1318 2159 dtemonio,
1369 2097 1624 2164 populum
1676 2097 2015 2166 signiﬁcabat

433 2179 693 2247 gentium,
735 2180 827 2249 qui
857 2181 912 2234 in
957 2182 1136 2248 domo,
1180 2184 1363 2249 idest,
1410 2186 1462 2239 in
1497 2187 1602 2240 hoc
1645 2185 1842 2239 mundo
1873 2186 2014 2240 idola

432 2269 616 2324 colens
645 2273 1085 2342 dmmonibusque
1119 2277 1362 2330 serviens
1391 2276 1619 2332 inﬁdelis
1645 2275 1879 2344 iacebat.

505 2383 604 2453 (Ex
639 2383 827 2454 Beda.)
869 2383 936 2438 Et
981 2388 1296 2458 respondens
1323 2389 1438 2443 ait:
1481 2389 1723 2455 Domine,
1770 2407 1872 2444 non
1897 2407 2013 2444 sum

435 2474 624 2543 mgnus
653 2484 709 2527 ut
749 2477 912 2530 intres
939 2477 1032 2531 sub
1056 2487 1245 2532 tectum
1271 2495 1462 2534 meum.
1493 2481 1720 2550 Propter
1739 2482 1860 2536 vita:
1885 2497 2016 2552 gen-

434 2563 546 2618 tilis
569 2559 995 2629 conscientiam,
1038 2571 1251 2639 gravari
1287 2585 1344 2625 se
1372 2573 1543 2643 magis
1577 2573 1883 2644 dignatione
1909 2589 2013 2644 pu-

435 2655 571 2708 tavit
645 2672 808 2726 quam
859 2657 1058 2729 juvari.
1127 2661 1236 2717 Nec
1283 2679 1442 2732 posse
1494 2665 2012 2741 habere-hospitem

430 2745 726 2811 Christum,
755 2746 910 2815 cujus
937 2759 992 2803 et
1031 2750 1078 2804 si
1118 2750 1223 2806 ﬁde
1247 2753 1522 2822 praeditus,
1567 2755 1803 2810 nondum
1832 2761 2010 2811 tamen

431 2844 548 2888 erat
571 2839 926 2894 sacramentis
962 2841 1218 2897 imbutus.
1253 2843 1359 2898 Sed
1387 2845 1514 2914 quia
1549 2861 1669 2915 qua:
1705 2855 1890 2901 nostra
1923 2849 2009 2902 in-

433 2925 662 2978 ﬁrmitas
691 2943 796 2981 non
821 2933 1120 2998 praesumit,
1151 2935 1327 2988 divina
1368 2938 1541 3006 gratia
1583 2939 1714 2993 dare
1740 2939 1924 3005 novit,
1955 2947 2014 2994 et

437 3015 576 3069 alius
609 3019 875 3085 centurio,
903 3023 994 3090 qui
1024 3023 1164 3078 sicut
1190 3034 1244 3079 et
1270 3025 1391 3090 iste,
1430 3027 1738 3082 credentem
1776 3044 1846 3083 ex
1881 3045 2013 3100 gen-

431 3109 571 3210 tibus
609 3113 862 3224 pgpulum
905 3116 1234 3224 pueligqrat,
1282 3136 1488 3222 magum
1526 3122 1654 3224 ﬁdei
1693 3133 1747 3178 et
1773 3125 2008 3224 iustitia:
2034 3161 2080 3224 ρ
2110 3169 2159 3223 ib

435 3199 627 3254 merito
640 3199 876 3271 Spiritus
895 3207 1070 3260 sancti
1093 3207 1292 3262 donum
1313 3211 1626 3281 priusquam
1641 3216 2010 3284 baptizaretur

428 3292 656 3360 accepit,
689 3302 744 3346 et
772 3294 872 3348 iste
884 3297 1132 3351 necdum
1163 3301 1548 3369 catechizatus,
1577 3314 1632 3360 et
1661 3307 1818 3363 ﬁdem
1852 3325 2007 3366 suam

429 3382 634 3436 laudari
664 3399 696 3438 a
724 3386 951 3441 Domino
983 3397 1038 3443 et
1071 3391 1329 3448 fainnlum
1363 3395 1554 3450 salvari
1580 3403 1897 3468 promeruit.

503 3494 610 3549 Sed
651 3505 854 3552 tantum
906 3500 991 3554 die
1028 3503 1194 3568 verba,
1251 3515 1302 3560 et
1347 3508 1620 3563 sanabitur
1661 3529 1793 3582 puer
1839 3530 2004 3567 meus.

430 3584 616 3654 Magna
661 3586 791 3642 ﬁdes
821 3592 1168 3659 centurionis,
1201 3596 1327 3665 quia
1361 3599 1506 3653 verbi
1541 3616 1677 3670 opus
1709 3602 1762 3657 in
1791 3602 2008 3658 Christo

427 3675 734 3739 conﬁtetur,
767 3688 821 3733 et
842 3690 1040 3737 nostra:
1069 3686 1387 3752 sanationis,
1411 3704 1474 3744 ac
1495 3693 1775 3747 eonnnoda
1810 3703 2008 3764 myste-

428 3768 542 3830 riis,
577 3769 754 3837 quiet
800 3771 845 3825 si
889 3788 1212 3832 noveramus
1259 3781 1553 3836 secundum
1585 3797 1803 3838 carnem
1852 3783 2008 3839 Chri-

427 3864 590 3918 stum,
629 3858 722 3910 sed
742 3856 855 3926 jam
887 3875 992 3914 non
1025 3863 1270 3918 novimus
1303 3865 1390 3936 (II
1422 3867 1544 3923 Cor.
1574 3869 1650 3941 v).

503 3964 644 4020 Nam
679 3978 726 4021 et
749 3987 840 4039 ego
871 3971 1026 4026 homo
1048 3992 1164 4029 sum
1193 3977 1288 4031 sub
1309 3990 1562 4048 potestate
1582 3984 1892 4037 constitutus
1912 3984 2004 4040 Im-

429 4057 550 4109 beus
572 4058 670 4110 sub
691 4077 769 4112 me
799 4062 1006 4117 milites.
1037 4065 1316 4123 Hominem
1345 4086 1403 4125 se
1429 4081 1476 4126 cl
1507 4075 1883 4142 potestati,vel
1915 4077 2008 4131 tri-

429 4147 558 4200 lmni
606 4149 688 4202 vel
731 4153 978 4218 phasidis
1018 4158 1291 4214 subditum
1322 4162 1474 4228 dicit,
1508 4163 1772 4232 imperare
1827 4175 2004 4224 tamen

428 4251 585 4305 posse
613 4239 929 4309 mium-ibus,
957 4253 1016 4300 ut
1057 4250 1408 4306 subaudiatur
1453 4269 1575 4308 eum
1629 4256 1796 4311 multo
1837 4262 2008 4331 magis

392 4361 401 4366 -
429 4329 519 4397 qui
554 4331 691 4386 Deus
713 4333 800 4398 sit,
825 4345 879 4390 et
904 4353 1065 4408 super
1088 4344 1268 4397 omnia
1293 4353 1486 4413 potens
1533 4345 1867 4403 innmneram
1899 4353 2010 4406 vir-

428 4419 554 4473 tutis
581 4423 856 4492 angelicae,
887 4443 1005 4498 qua:
1033 4431 1099 4484 ad
1123 4431 1388 4502 imperata
1417 4434 1770 4506 obtemperet,
1804 4443 2006 4500 habere

427 4507 693 4564 militiam.

497 4616 562 4670 Et
583 4619 700 4674 dico
723 4621 1013 4692 huic’vade,
1051 4639 1100 4682 et
1123 4629 1290 4696 vadit,
1315 4642 1363 4684 et
1405 4631 1510 4687 alio
1537 4637 1667 4698 veni,
1703 4641 1928 4703 etvenit,
1953 4651 2000 4696 et

421 4723 566 4762 servo
592 4727 704 4766 meo
727 4715 815 4784 [ac
839 4717 936 4771 hoc
971 4729 1020 4772 et
1057 4720 1205 4788 facit.
1239 4722 1364 4777 Vult
1391 4727 1677 4783 ostendere
1711 4730 1999 4788 Dominum

421 4811 634 4866 quoque
661 4818 765 4858 non
789 4819 904 4874 per.
924 4809 1212 4864 adventum
1241 4819 1449 4866 tantum
1475 4819 1740 4886 corporis,
1784 4823 1876 4876 sed
1907 4839 2002 4893 per

420 4889 730 4958 angelorum
755 4895 1056 4950 ministeria
1087 4913 1243 4967 posse
1287 4901 1508 4971 implere
1548 4909 1688 4974 quod
1716 4911 1897 4976 vellet,
1922 4930 2002 4969 re-

421 4981 680 5048 pellendae
705 4987 848 5040 enim
878 4997 1056 5054 erant,
1091 4991 1173 5044 vel
1218 4992 1560 5052 inﬁrmitates
1598 5015 1884 5070 corporum
1913 5007 1996 5061 vel

418 5068 764 5130 fortitudines
793 5079 1096 5140 contrariae,
1145 5082 1339 5150 quibus
1375 5085 1534 5142 homo
1558 5089 1626 5144 ad
1667 5068 1994 5152 debilitatem

418 5173 558 5228 su-pe
585 5165 915 5230 conceditur,
940 5175 995 5220 et
1024 5169 1188 5224 verbo
1213 5171 1444 5242 Domini,
1481 5186 1536 5233 et
1555 5180 1868 5241 ministeriis
1897 5203 1995 5243 an-

417 5249 676 5318 gelorum.

484 5341 676 5398 Aliter.
718 5343 914 5400 Milites
951 5355 1007 5402 et
1036 5351 1199 5419 servi,
1231 5354 1322 5423 qui
1367 5361 1667 5417 centurioni
1712 5365 1987 5434 obediunt,

416 5430 642 5486 virtutes
683 5442 809 5488 sunt
854 5438 1147 5505 naturales,
1181 5457 1405 5512 quarum
1445 5465 1550 5504 non
1585 5453 1863 5510 minimam
1899 5473 1991 5512 co-

413 5524 556 5591 piam
588 5525 738 5579 multi
778 5528 844 5581 ad
871 5528 1154 5588 Dominum
1182 5538 1454 5594 venientes
1499 5559 1682 5598 secum
1717 5545 1984 5603 delerunt.

415 5610 491 5663 De.
519 5613 716 5680 quibus
763 5615 815 5671 in
854 5617 1088 5676 Cornelii
1130 5635 1182 5679 et
1209 5631 1542 5686 centurionis
1588 5633 1744 5690 laude
1767 5637 1982 5703 dicitur,

415 5705 539 5774 quia
569 5717 683 5762 erat
715 5711 797 5766 vir
817 5710 1019 5783 justus,
1043 5729 1088 5771 et
1120 5719 1302 5775 timens
1335 5722 1521 5790 Deum,
1567 5743 1682 5781 eum
1721 5731 1860 5782 omni
1885 5731 1981 5784 (Io-

2119 1901 2345 1956 turionis
2385 1902 2519 1956 ﬁdes
2561 1902 2877 1956 antefertur.
2915 1904 3049 1971 Quia
3094 1905 3170 1958 illi
3212 1905 3356 1975 leges
3395 1905 3702 1976 Propheta-

2115 2003 2340 2058 rumque
2367 1991 2586 2044 monitis
2628 1991 2824 2056 edocti,
2855 1991 2944 2047 hic
2965 2001 3168 2060 autem,
3190 1995 3407 2050 nemine
3437 1997 3691 2063 docente,

2116 2092 2305 2152 sponte
2343 2085 2590 2139 credidit.

2183 2177 2315 2230 Dico
2337 2189 2513 2232 autem
2545 2180 2706 2246 vobis,
2751 2182 2890 2251 quod
2933 2183 3087 2237 multi
3131 2183 3196 2238 ab
3238 2185 3435 2240 oriente
3460 2197 3512 2241 ct
3551 2190 3702 2240 oeci-

2111 2265 2266 2320 dente
2309 2268 2533 2332 venient,
2561 2279 2610 2323 et
2661 2272 2958 2326 recumbent
3002 2290 3122 2328 cum
3163 2274 3427 2329 Abraham
3453 2287 3501 2330 et
3533 2277 3700 2331 [sane

2112 2365 2161 2408 et
2189 2356 2354 2410 Iacob
2387 2359 2444 2411 in
2487 2375 2644 2430 regno
2696 2361 2962 2416 caelorum.
3016 2363 3152 2430 Quia
3201 2363 3344 2420 Deus
3391 2365 3698 2432 Abraham,

2112 2446 2234 2500 εει)ιὶ
2279 2448 2526 2504 conditor
2571 2459 2728 2520 pater
2754 2451 2962 2507 Christi
3009 2462 3114 2508 est.
3165 2455 3372 2511 Idcirco
3421 2457 3475 2510 in
3521 2472 3702 2527 regno

2113 2535 2370 2592 caelorum
2425 2547 2531 2604 est,
2577 2547 2633 2594 et
2675 2539 2970 2608 Abraham,
3021 2560 3144 2599 cum
3196 2561 3305 2614 quo
3358 2547 3702 2604 accubitum:

2112 2635 2238 2680 sunt
2284 2629 2550 2694 nationes,
2582 2647 2702 2700 quae
2736 2632 3068 2688 crediderint
3107 2635 3164 2689 in
3205 2635 3478 2693 Christum
3517 2639 3698 2696 ﬁlium

2109 2718 2395 2785 creatoris,
2433 2729 2488 2774 et
2537 2721 2626 2776 ille
2669 2723 2875 2790 pariter
2917 2738 3108 2780 sensus
3163 2726 3434 2797 impletur,
3485 2729 3552 2783 de
3580 2745 3705 2798 quo

2111 2822 2273 2879 supra
2320 2811 2556 2868 diximus
2607 2814 2663 2868 in
2718 2817 3050 2872 centurionis
3105 2819 3228 2885 (ide,
3282 2821 3520 2891 gentium
3569 2825 3698 2880 ﬁeri

2109 2901 2539 2971 praerogativam,
2571 2904 2698 2958 dum
2725 2906 2792 2959 ad
2815 2905 2957 2960 illius
2975 2908 3368 2975 credulitatem,
3395 2910 3464 2966 de
3477 2912 3700 2968 oriente

2108 2995 2164 3042 et
2190 2990 2470 3046 occidente
2505 2994 2762 3048 credituri
2787 2996 2970 3065 populi
2991 3009 3505 3056 connnemorantur.

2179 3076 2312 3134 Filii
2335 3091 2510 3136 autent
2545 3085 2688 3154 regni
2722 3084 3000 3154 ejicientur
3021 3089 3077 3142 in
3117 3091 3354 3146 tenebras
3378 3097 3692 3161 exteriores,

2163 3171 2182 3222 i
2208 3171 2306 3224 erit
2331 3172 2484 3242 ﬂetus
2505 3183 2556 3227 et
2577 3175 2775 3230 stridor
2793 3177 3046 3232 dentium.
3090 3180 3255 3237 Filios
3293 3185 3442 3254 regni
3471 3186 3696 3244 Iudaeos

2109 3259 2398 3327 signiﬁcat,
2430 3261 2484 3314 in
2509 3277 2645 3330 quos
2678 3273 2804 3320 ante
2841 3270 3088 3337 regnavit
3113 3269 3277 3336 Deus,
3315 3271 3606 3340 ejicienntr
3639 3278 3700 3331 in

2110 3351 2364 3406 tenebras
2426 3355 2745 3410 exteriores.
2801 3357 3059 3412 Tenebrte
3119 3374 3334 3430 semper
3403 3363 3699 3422 interiores

2108 3449 2253 3506 sunt,
2281 3457 2388 3496 non
2417 3444 2739 3508 exteriores,
2771 3446 2863 3502 sed
2893 3450 3147 3517 quoniam
3170 3451 3260 3520 qui
3292 3451 3578 3508 Dominum
3605 3457 3694 3510 fo-

2109 3543 2200 3584 ras
2223 3545 2254 3583 a
2292 3546 2350 3584 se
2375 3532 2596 3602 expellit
2622 3534 2803 3589 lumen
2848 3537 3130 3608 relinquit,
3155 3540 3358 3596 idcirco
3387 3545 3696 3602 exteriores

2109 3620 2345 3676 tenebra:
2387 3625 2677 3680 nominatae
2705 3635 2831 3682 sunt
2859 3641 2881 3684 ε
2911 3630 2986 3684 ibi
3032 3632 3137 3684 erit
3183 3631 3340 3689 ﬂetus
3379 3643 3436 3690 et
3485 3640 3697 3695 stridor

2107 3709 2370 3778 dentium,
2393 3713 2440 3768 si
2485 3713 2642 3771 ﬂetus
2679 3718 2960 3774 oculorum
2991 3730 3094 3786 est,
3125 3733 3180 3777 et
3213 3725 3414 3780 stridor
3441 3728 3694 3786 dentium

2107 3813 2229 3852 ossa
2257 3801 2612 3859 demonstrat.
2639 3807 2775 3862 Vera
2799 3817 2884 3862 est
2906 3825 3038 3882 ergo
3073 3827 3362 3882 corporum
3383 3827 3438 3871 et
3459 3834 3692 3875 eorum-

2107 3889 2228 3944 dem
2251 3891 2616 3950 membrorum
2661 3913 2780 3966 qua:
2802 3899 3111 3955 ceciderant
3141 3908 3490 3962 resurrectio.

2178 3983 2482 4040 Coucordat
2504 3989 2652 4042 enim
2690 3990 2966 4048 humilitas
2989 3997 3342 4063 centurionis,
3365 4001 3490 4070 quia
3513 4003 3690 4059 dixit:

2108 4071 2348 4140 Domine,
2375 4093 2476 4130 non
2497 4094 2614 4131 sum
2650 4079 2840 4150 dignus
2864 4093 2914 4136 ut
2951 4084 3110 4140 intres
3144 4088 3240 4142 sub
3279 4097 3469 4144 tectum
3489 4108 3691 4160 meum,

2106 4179 2230 4218 cum
2265 4167 2431 4222 verbo
2455 4167 2699 4239 Apostoli
2735 4173 2828 4226 ubi
2872 4174 2988 4228 ait:
3031 4176 3211 4232 Nolite
3249 4181 3530 4250 prudentes
3575 4201 3692 4238 esse

2107 4258 2246 4326 apud
2271 4263 2626 4331 vosmetipsos.
2653 4251 2951 4335 Sed'opera
2973 4268 3380 4338 misericordim,
3404 4288 3526 4341 qua:
3555 4292 3711 4346 erga‘

2108 4349 2376 4421 leprosum
2412 4364 2467 4409 et
2497 4372 2725 4425 puerum
2756 4363 3092 4420 centurionis
3131 4367 3378 4422 exhibuit
3407 4369 3688 4439 Salvator,

2108 4460 2230 4499 eum
2297 4446 2538 4516 Apostoli
2605 4453 2982 4511 exhortatione
3023 4459 3114 4527 qui
3178 4461 3302 4515 ait:
3349 4457 3691 4522 Providentes

2030 4530 2083 4590 D
2110 4534 2244 4588 bona
2294 4554 2398 4591 non
2447 4549 2651 4596 tantum
2703 4561 2881 4600 coram
2923 4547 3054 4615 Deo,
3098 4551 3188 4605 sed
3230 4553 3470 4609 omnibus
3510 4555 3690 4613 homi-

2104 4622 2275 4678 nibus.

2209 4776 2534 4837 DOMINICA
2571 4783 2856 4852 QUARTA
2895 4788 3069 4846 POST
3111 4793 3570 4854 ΤιιΕοΡιιΑΝιΑ.

2097 4909 2289 4949 ιεοτιο
2325 4910 2597 4950 Εικιετοως
2659 4915 2818 4955 ΒΕΑΤΙ
2860 4916 3014 4958 PAULI
3065 4918 3323 4963 APOS'I'OLI
3383 4924 3454 4964 ΔΙ)
3505 4925 3687 4968 ΒΟΠᾹ⁶

2619 4985 2714 5026 nos
2731 5011 2746 5037 ,
2797 4987 2992 5028 cum
3031 4991 3152 5029 xm.

2171 5115 2190 5148 ε
2219 5098 2428 5154 Nemini
2467 5102 2761 5172 quidquam
2807 5105 3071 5172 debeatis,
3111 5107 3214 5163 nisi
3259 5115 3318 5163 ut
3343 5109 3578 5166 invicem
3604 5113 3686 5168 (Ιίν-

2097 5187 2342 5258 «ligatis.
2372 5190 2472 5258 Qui
2510 5194 2654 5248 enim
2697 5195 2870 5267 diligit
2913 5198 3239 5268 proximum,
3271 5199 3444 5272 legem
3484 5203 3682 5273 imple-

2097 5293 2115 5325 ε
2140 5276 2237 5330 vit.
2279 5277 2411 5333 Nam
2439 5297 2544 5336 non
2575 5283 2924 5352 adulterabis,
2966 5303 3074 5341 non
3102 5289 3332 5355 occides,
3374 5306 3483 5346 non
3528 5293 3678 5349 fura-

2097 5382 2116 5415 ‹
2141 5365 2308 5434 beris,
2335 5384 2439 5424 non
2469 5371 2664 5428 falsum
2691 5377 3057 5432 testimonium
3099 5380 3268 5446 dices,
3297 5397 3402 5436 non
3417 5386 3678 5457 concupi-

2098 5473 2116 5506 ι
2141 5472 2257 5512 sees
2281 5476 2394 5515 rem
2418 5464 2646 5532 proximi
2674 5465 2769 5520 tui.
2795 5467 2862 5522 Et
2897 5469 2940 5523 si
2971 5471 3112 5538 quod
3143 5479 3226 5525 est
3263 5472 3407 5528 aliud
3449 5479 3673 5532 manda-

2099 5567 2117 5598 ι
2148 5559 2280 5615 tmn,
2309 5553 2362 5606 in
2409 5556 2510 5610 hoc
2540 5559 2703 5613 verbo
2741 5559 3110 5619 instauratur:
3132 5564 3330 5636 Diliges
3361 5569 3672 5635 proximum

2097 5658 2114 5690 ι
2149 5648 2295 5695 tuum
2342 5644 2482 5698 sicut
2522 5647 2772 5716 teipsmn.
2804 5651 3026 5706 Dilectio
3061 5655 3290 5724 proximi
3325 5658 3526 5714 malum
3563 5677 3670 5716 non

2096 5750 2113 5782 ε
2144 5744 2417 5803 operatur.
2450 5736 2729 5794 Plenitudo
2759 5757 2886 5812 ergo
2925 5744 3056 5814 legis
3085 5757 3166 5802 cst
3196 5749 3428 5805 dilectio.
