3946 6424
281 252 350 308 97
1127 255 1644 315 COLLECTIONES
1681 257 1748 314 ΙΝ
1789 257 2170 314 EPISTOLAS
2207 261 2294 316 ΕΤ
2334 261 2747 320 EVANGELIA.
3466 269 3536 322 98

351 369 462 435 (Ea:
485 367 726 440 Origeu.)
762 369 916 436 Quod
950 368 1080 425 dicit
1118 373 1320 426 nemini
1343 374 1633 443 quidquam
1659 374 1855 428 dcbea-
1881 377 1930 434 Λ
1957 389 2076 426 sum
2101 375 2463 430 testimonium
2487 377 2652 431 dicit?
2678 395 2801 433 cum
2829 378 2966 433 sciat
2993 379 3186 448 ipsum,
3211 395 3370 449 quem
3411 383 3536 437 dili-

285 461 375 525 tis,
405 468 616 515 certum
643 468 730 515 est
763 460 831 514 ad
869 471 1150 520 peccatum
1179 461 1404 517 referre.
1436 464 1686 519 Dehitum
1712 464 1858 518 enim

283 559 566 621 peccatum
593 565 736 614 esse,
769 551 826 605 in
853 550 1057 615 multis,
1083 560 1140 606 et
1165 551 1476 621 frequenter
1501 553 1856 609 ostendimus.

286 643 411 699 Vult
435 657 570 712 ergo
591 641 790 698 Paulus
813 643 1017 714 peccati
1047 644 1262 713 quidem
1289 660 1450 700 omne
1479 646 1718 700 debitum
1752 645 1862 701 sol-

283 737 336 791 vi
364 750 464 792 nec
502 750 792 791 remanere
815 735 1036 791 omnino
1063 736 1208 805 apud
1239 750 1339 790 nos
1367 737 1607 790 debitum
1630 737 1858 806 peccati.

282 829 612 883 Permanere
637 835 818 881 tamen
845 835 900 881 et
927 840 1201 895 nunquam
1225 841 1439 880 cessare
1473 841 1505 880 a
1529 827 1684 881 nobis
1706 826 1859 880 debi-

284 928 399 976 tum
425 918 728 982 charitatis,
747 918 851 973 hoc
867 918 1037 983 enim,
1053 925 1110 973 et
1125 918 1366 988 quotidie
1387 919 1619 984 solvere,
1641 930 1698 974 et
1719 933 1862 973 sem-

283 1025 382 1080 per
409 1009 608 1066 debere
643 1009 860 1079 expedit
887 1010 1062 1064 nobis.
1106 1010 1346 1078 Denique
1387 1018 1604 1078 quantae
1643 1009 1860 1064 virtutis

283 1104 355 1159 sit
379 1103 642 1168 charitas,
668 1101 724 1156 in
744 1100 1200 1170 consequentibus
1223 1101 1463 1170 exponit.

355 1191 459 1258 Qui
477 1193 638 1257 enim,
664 1191 857 1261 inquit,
891 1190 1064 1261 diligit
1093 1191 1388 1262 proximum
1421 1190 1584 1260 legem
1607 1191 1855 1260 implevit.

287 1281 432 1338 Nam
455 1299 561 1338 non
575 1281 916 1340 adulterabis.
935 1281 1059 1335 Non
1081 1281 1305 1336 occides.
1325 1281 1446 1336 Non
1463 1281 1660 1350 furtum
1674 1281 1855 1352 facies.

287 1373 410 1429 Non
435 1373 631 1442 falsum
654 1373 1006 1428 testimonium
1025 1373 1187 1426 dices.
1215 1372 1338 1427 Non
1359 1374 1709 1443 concupisces,
1741 1383 1788 1427 et
1812 1374 1858 1427 si

282 1465 423 1534 quod
441 1474 516 1519 est
539 1463 690 1519 aliud
710 1463 1016 1518 mandatum
1036 1464 1092 1517 in
1114 1464 1211 1518 hoc
1233 1464 1383 1518 verba
1397 1473 1752 1518 restaurator:
1765 1463 1860 1516 Di-

284 1561 414 1631 liges
431 1561 728 1631 proximum
746 1567 894 1612 tuum
909 1567 1158 1628 tanquam
1179 1557 1420 1626 teipsum.
1438 1556 1505 1610 Et
1525 1555 1594 1610 ad
1614 1555 1857 1611 ultimam

283 1651 545 1706 rationem
573 1649 713 1704 tanti
733 1647 892 1718 hujus
916 1648 1064 1714 boni,
1090 1647 1330 1702 breviter
1353 1645 1614 1716 colligens
1634 1645 1746 1699 ait:

1963 467 2057 535 git,
2098 465 2236 520 falso
2283 469 2593 522 testimonio
2629 472 2919 538 proditum.
2968 471 3289 527 Necessario
3331 481 3536 537 autem,

1961 557 2052 626 qui
2078 557 2566 627 diligitCln-istum,
2599 561 2769 631 diligit
2789 570 2845 614 et
2873 563 3180 631 proximum
3218 578 3394 616 suum.
3427 561 3538 617 Hoc

1961 648 2106 702 enim
2135 650 2252 703 solo
2301 650 2499 704 indicio
2556 649 2758 705 Christi
2797 666 2920 706 esse
2959 651 3255 721 discipulus
3293 653 3542 720 designa-

1962 746 2072 802 tur,
2102 739 2148 794 si
2174 740 2495 794 charitatem
2539 755 2662 794 cum
2688 741 2951 810 proximis
2976 741 3192 806 habeat,
3222 751 3432 796 certum
3456 755 3541 794 est

1961 831 2105 884 enim
2142 831 2286 900 quod
2325 832 2416 900 qui
2446 848 2551 886 non
2579 832 2754 903 diligit
2776 832 3104 901 proximum,
3139 835 3346 889 nesciat
3374 833 3532 888 Chri-

1961 928 2122 974 stum.

2241 1069 2573 1108 EVANCELICM
2609 1069 2906 1122 IA'I'THEI,
2958 1071 3077 1111 CAP.
3130 1070 3249 1112 VIII.

2034 1229 2051 1260 ι
2085 1209 2421 1263 Ascendeute
2453 1209 2578 1264 Jesu
2606 1211 2660 1265 in
2689 1211 3012 1278 naviculam,
3052 1213 3221 1268 secuti
3253 1221 3381 1268 sunt
3403 1229 3528 1268 eum

1965 1317 1983 1350 ι
2013 1300 2257 1370 discipuli
2286 1300 2420 1370 ejus.
2454 1300 2522 1354 Et
2548 1315 2677 1355 ecce
2703 1310 2882 1357 motus
2911 1318 3138 1374 magnus
3176 1303 3350 1359 factus
3377 1316 3458 1358 εει
3483 1305 3538 1357 in

1963 1407 1984 1440 ε
2016 1390 2171 1452 mari,
2219 1389 2290 1443 ita
2332 1401 2393 1444 ut
2453 1390 2722 1444 navicula.
2750 1393 3058 1460 operiretur
3097 1391 3370 1447 ﬂuctibus.
3420 1393 3537 1462 Ipse.

1964 1500 1982 1532 ι
2011 1496 2142 1535 vero
2184 1480 2508 1545 dormiebat,
2549 1489 2604 1535 et.
2642 1490 2990 1536 accesserunt
3025 1489 3082 1536 et
3135 1485 3538 1537 suscitaverunt

1964 1591 1980 1622 ι
2008 1573 2156 1627 illum
2189 1573 2429 1626 dicentes
2453 1587 2468 1625 :
2495 1572 2739 1638 Domine,
2768 1573 2913 1628 salva
2935 1587 3056 1638 nos,
3077 1574 3338 1643 perimus.
3365 1574 3426 1627 Et
3455 1575 3538 1628 di-

1924 1667 1933 1675 '
1963 1683 1982 1715 (
2009 1665 2082 1720 cit
2104 1665 2220 1718 cis:
2248 1663 2383 1730 Quid
2409 1664 2579 1718 timidi
2609 1665 2759 1730 estis,
2789 1665 3013 1720 modica:
3045 1663 3211 1719 ﬁdei?
3238 1665 3390 1719 Tunc
3420 1681 3538 1718 sur-

352 1741 574 1797 Dilectio
618 1741 846 1812 proximi
883 1739 1078 1795 malum
1117 1755 1221 1825 non
1249 1750 1518 1810 operatur.
1565 1736 1850 1792 Plenitudo

1961 1773 1979 1806 ι
2010 1770 2142 1825 gens
2187 1755 2468 1824 imperavit
2501 1755 2680 1810 ventis
2720 1763 2774 1809 et
2803 1755 2965 1819 mari,
3001 1763 3055 1809 et
3090 1755 3230 1810 facta
3275 1765 3358 1809 est
3384 1764 3535 1809 tran-

281 1849 405 1904 ergo
433 1833 559 1904 legis
595 1841 674 1887 est
716 1831 942 1886 dilectio.
985 1822 1162 1901 Supra
1187 1831 1398 1887 dixerat
1417 1872 1431 1897 ,
1459 1831 1584 1901 quia
1613 1831 1705 1900 qui
1727 1831 1853 1884 dili-

282 1927 361 1996 git
387 1926 690 1997 proximum
726 1925 899 1997 legem
936 1925 1196 1996 implevit,
1231 1933 1285 1980 et
1313 1926 1438 1996 quia
1471 1924 1685 1980 dillicilc
1707 1925 1854 1979 vide-

283 2017 460 2082 batur,
489 2015 759 2086 quomodo
801 2015 974 2086 possit
1002 2016 1124 2086 quis
1159 2030 1376 2070 omnem
1425 2015 1598 2084 legem
1645 2016 1698 2070 in
1746 2029 1854 2070 uno

279 2107 552 2178 complere
599 2121 849 2163 somnone
875 2147 892 2172 ,
939 2107 1308 2178 plenissimam
1364 2107 1538 2163 reddit
1589 2107 1854 2161 rationem

280 2202 504 2256 dicens:
551 2199 778 2256 Dilectio
819 2199 1054 2270 proximi
1105 2198 1304 2253 malum
1340 2214 1447 2253 non
1481 2206 1757 2268 operatur,
1799 2205 1855 2252 et

283 2291 404 2348 ideo
442 2291 719 2362 plenitudo
767 2289 903 2361 legis
941 2299 1027 2345 est
1073 2289 1308 2345 dilectio.
1361 2289 1508 2345 Pone
1555 2289 1700 2344 enim
1757 2302 1856 2359 per

278 2385 488 2456 singula
515 2382 766 2439 mandata
793 2382 928 2455 legis
951 2382 1316 2447 dilectionem,
1343 2391 1398 2436 et
1420 2381 1542 2437 vide
1568 2397 1733 2452 quam
1771 2381 1853 2436 fa-

277 2479 380 2535 cile
413 2485 607 2534 cuncta
635 2475 988 2547 complentur.
1018 2473 1270 2544 Nunquid
1309 2474 1402 2543 qui
1449 2473 1625 2542 diligit
1667 2472 1854 2542 proxi-

281 2585 427 2624 mum
453 2567 699 2624 occidere
726 2581 848 2623 eum
893 2565 1106 2637 potest?
1147 2563 1368 2620 Certum
1399 2573 1484 2620 est
1524 2564 1666 2634 quod
1697 2578 1854 2618 nemo

279 2674 438 2728 quem
465 2657 643 2729 diligit
667 2655 976 2712 interﬁciat.
1010 2655 1107 2711 Est
1131 2669 1264 2724 ergo
1289 2654 1526 2719 dilectio,
1555 2669 1654 2724 per
1690 2669 1854 2724 quam

276 2751 560 2822 impleatur
583 2749 896 2804 mandatum
925 2748 1070 2819 quod
1099 2747 1413 2818 praecipitur
1500 2812 1513 2821 .
1549 2747 1554 2750 ’

353 2843 476 2900 Non
521 2841 742 2899 occides.
781 2841 850 2898 Et
876 2841 1092 2898 iterum.
1133 2840 1388 2912 Nunquid
1429 2840 1522 2910 qui
1549 2839 1854 2910 proximum

277 2955 435 2995 suum
462 2939 635 3011 diligit
667 2939 722 2993 in
749 2952 976 2994 uxorem
1022 2936 1139 3008 ejus
1163 2937 1487 2992 adulterium
1517 2935 1854 2991 committit?

280 3029 853 3102 Nunquam'prol‘ecto.
899 3028 960 3086 Si
984 3044 1118 3101 ergo
1144 3028 1325 3100 diligis
1367 3027 1698 3098 proximum,
1749 3039 1853 3080 nec

1960 1865 1978 1897 ι
2008 1845 2246 1914 quillitas
2274 1860 2484 1915 magna.
2520 1843 2690 1898 Porro
2716 1845 2961 1898 homines
2985 1845 3164 1898 mirati
3193 1853 3318 1899 sunt
3347 1845 3532 1900 dicen-

1959 1955 1979 1988 ‹
2011 1946 2092 1992 tes
2122 1953 2135 1990 :
2175 1935 2359 2002 Qualis
2403 1943 2486 1990 cst
2521 1935 2632 2000 hic,
2673 1936 2798 2004 quia
2824 1936 2970 1990 venti
2999 1945 3055 1990 et
3097 1951 3248 1990 mare
3276 1936 3538 1992 obediunt

1961 2030 2083 2084 «ei.
2136 2049 2154 2082 ο

2022 2119 2340 2174 Ascendeute
2382 2119 2510 2174 Iesu
2534 2123 2588 2174 in
2612 2119 2927 2186 naviculam,
2956 2121 3119 2174 secuti
3161 2130 3282 2174 sunt
3309 2135 3426 2175 eum
3455 2120 3532 2174 di-

1953 2214 2139 2284 scipuli
2167 2215 2301 2284 ejus.
2334 2213 2433 2283 (Ex
2462 2212 2649 2282 Beda.)
2679 2213 2738 2267 In
2767 2214 2870 2267 hac
2896 2214 3243 2283 navigatione
3273 2214 3530 2267 Dominus

1954 2315 2240 2374 utramque
2284 2305 2446 2359 unius
2472 2303 2824 2373 ejusdemque
2864 2320 2976 2358 suae
3019 2319 3264 2374 personte
3291 2314 3540 2358 naturam

1953 2397 2208 2468 dignatur
2245 2396 2564 2463 ostendere,
2587 2397 2713 2450 dum
2743 2395 2788 2450 is
2812 2396 2904 2464 qui
2950 2405 3009 2450 ut
3055 2397 3218 2450 homo
3250 2397 3449 2449 dormit
3482 2397 3533 2450 in

1953 2489 2101 2551 navi,
2132 2487 2368 2541 furorem
2408 2489 2592 2548 maris,
2621 2496 2678 2540 ut
2706 2487 2868 2551 Deus,
2900 2487 3066 2541 verbo
3094 2497 3326 2541 coercet.
3362 2487 3534 2541 Porro

1943 2575 2103 2650 juxta
2128 2578 2463 2648 allegoriam,
2490 2592 2638 2630 mare
2659 2577 2774 2631 sive
2798 2586 3068 2647 stagnum,
3096 2578 3237 2648 quod
3263 2593 3385 2631 cum
3419 2579 3534 2631 suis

1953 2669 2189 2723 transire
2247 2669 2553 2729 desiderat,
2603 2666 2924 2722 tenebrosus
2988 2682 3312 2736 amarusque
3355 2668 3538 2722 saeculi

1952 2765 2238 2836 prmsentis
2284 2763 2550 2834 accipitur
2603 2771 2788 2818 :estus.
2852 2761 3108 2817 Navicula
3156 2769 3334 2816 autem
3379 2778 3540 2830 quam

1955 2857 2276 2921 ascendunt,
2331 2855 2478 2910 nulla
2520 2853 2712 2910 melius
2740 2869 2901 2924 quam
2950 2853 3244 2908 Dominica:
3277 2853 3542 2922 passionis

1953 2944 2272 3016 intelligitur
2302 2946 2484 3008 arbor,
2515 2944 2670 3013 cujus
2700 2942 2964 2997 beneficio
2989 2943 3190 3012 quique
3231 2942 3414 2997 fideles
3438 2943 3536 2994 ad-

1947 3033 2073 3104 juti,
2116 3033 2352 3088 emensis
2380 3032 2567 3087 mundi
2598 3032 2868 3096 ﬂuetibus,
2913 3032 3304 3086 habitationem
3347 3031 3537 3100 patrie.

275 3099 932 3190 adulterium—committis.
965 3099 1319 3188 simillimust
1341 3122 1435 3192 qui
1462 3121 1637 3192 diligit
1661 3119 1850 3191 proxi-
1879 3099 1924 3161 (ἶ
1948 3099 2212 3191 cmlestis,
2243 3125 2397 3195 quasi
2441 3123 2793 3178 stabilitatem
2835 3123 3009 3177 securi
3039 3123 3238 3178 littoris
3269 3099 3535 3178 obtinent.

274 3219 444 3281 mu’m,
475 3229 596 3287 quae
615 3211 736 3286 ejus
759 3222 890 3271 sunt
913 3229 1023 3270 non
1051 3213 1283 3268 furatur.
1313 3213 1381 3268 Et
1399 3213 1493 3284 qui
1527 3212 1702 3284 diligit
1721 3226 1853 3284 pro-

276 3309 498 3372 ximum,
533 3305 730 3364 falsum
775 3307 1036 3363 adversus
1063 3320 1187 3362 eum
1231 3306 1603 3361 testimonium
1631 3321 1743 3360 non
1771 3305 1854 3360 di-

274 3397 370 3463 cit,
405 3397 656 3453 similiter
690 3406 746 3453 et
793 3404 991 3453 cetera
1034 3397 1285 3450 mandata
1317 3395 1480 3466 legis,
1529 3395 1574 3450 si
1605 3395 1676 3450 sit
1721 3409 1851 3465 erga

273 3487 574 3557 proximum
604 3487 838 3552 dilectio,
887 3486 1090 3556 absque
1117 3485 1299 3556 aliquo
1324 3484 1510 3539 labore
1539 3491 1846 3540 servantur.

277 3579 411 3633 Puto
451 3588 649 3642 tamen,
680 3577 824 3647 quod
860 3577 918 3632 in
959 3577 1064 3632 hoc
1096 3575 1268 3630 voluit
1309 3574 1599 3646 Apostolus
1649 3573 1853 3644 aliquid

272 3670 708 3742 compendiosius
737 3669 936 3724 dicere.
973 3667 1110 3723 Nam
1149 3668 1196 3722 si
1239 3667 1551 3738 diligentius
1581 3666 1848 3735 requiras,

273 3762 366 3832 qui
401 3762 474 3816 sit
499 3761 778 3832 proximus
819 3768 1027 3825 noster,
1057 3759 1235 3814 disces
1277 3758 1331 3812 in
1365 3757 1655 3829 Evangelia
1698 3755 1851 3811 illum

273 3866 394 3908 esse
424 3852 732 3924 proximum
771 3858 1038 3915 nostrum,
1087 3850 1182 3921 qui
1215 3849 1366 3904 venit
1395 3857 1451 3904 et
1467 3847 1712 3917 jacentes
1753 3863 1852 3902 nos

275 3943 580 3999 vulneratos
605 3956 638 3997 a
676 3941 1001 4007 latronibus,
1041 3948 1099 3996 et
1141 3939 1372 3995 nudatos
1417 3955 1448 3993 a
1495 3937 1850 4003 daemonibus,

269 4035 515 4101 iumento
564 4032 809 4104 corporis
849 4031 933 4086 sui
980 4031 1344 4102 superposuit,
1378 4038 1436 4086 et
1468 4030 1536 4085 ad
1581 4030 1849 4085 stabulum

273 4127 526 4183 Ecclesiae
553 4126 764 4193 detulit,
794 4125 1187 4182 etstabulario
1229 4141 1330 4196 pro
1373 4139 1504 4179 cura
1542 4132 1748 4188 nostra,
1795 4133 1852 4178 et

271 4219 570 4290 diligentia,
617 4218 702 4273 vel
749 4217 852 4288 ipsi
910 4216 1100 4281 Paulo,
1130 4215 1215 4270 vel
1259 4216 1404 4270 omni
1455 4215 1546 4284 qui
1599 4213 1852 4268 Ecclesia:

269 4317 489 4380 praeest,
531 4309 670 4363 duos
710 4305 1144 4376 denarios,-Novi
1167 4319 1234 4360 ac
1253 4304 1468 4359 Veteris
1495 4303 1847 4367 Testamenti,

272 4402 343 4455 ad
366 4409 560 4456 nostris
580 4415 723 4456 cura:
743 4399 1011 4456 concessit
1031 4413 1315 4468 expensas.
1337 4396 1492 4451 llunc
1512 4411 1640 4467 ergo
1661 4396 1846 4466 proxi-

274 4506 422 4545 mum
450 4491 496 4545 si
522 4490 824 4562 diligamus,
855 4505 1070 4548 omnem
1116 4490 1288 4560 legem
1322 4497 1377 4542 et
1417 4489 1668 4543 universa
1696 4503 1851 4542 man-

271 4583 398 4638 data
430 4583 481 4638 in
508 4583 675 4654 ipsius
703 4597 890 4638 amore
931 4583 1283 4653 complemus.
1329 4581 1480 4636 Finis
1525 4581 1670 4636 enim
1716 4579 1849 4650 legis

271 4674 542 4740 Christus,
569 4675 635 4730 ad
667 4673 933 4744 justitiam
965 4675 1111 4730 omni
1151 4674 1415 4739 credenti,
1447 4691 1544 4728 nec
1577 4673 1693 4727 ﬁeri
1737 4672 1848 4728 ullo

269 4773 430 4837 pacto
451 4773 650 4836 potest,
674 4773 736 4820 ut
761 4765 853 4836 qui
877 4779 941 4820 ex
972 4773 1085 4821 toto
1111 4765 1274 4821 corde
1317 4774 1370 4822 et
1394 4756 1618 4821 ex‘totis
1639 4764 1848 4820 viribus

271 4856 387 4914 suis
427 4855 601 4928 diligit
632 4856 928 4919 Christum,
967 4855 1132 4912 faciat
1187 4856 1392 4926 aliquid
1425 4857 1567 4926 quod
1597 4871 1704 4910 non
1731 4856 1848 4926 pla-

272 4956 389 5002 ceat
419 4946 654 5002 Christo.
684 4947 836 5001 lllum
861 4947 1005 5001 enim
1034 4947 1128 5018 qui
1166 4947 1360 5018 diligit,
1390 4962 1495 5002 non
1534 4946 1707 5001 solum
1741 4961 1847 5000 non

272 5038 488 5101 Ot'Cilil,
520 5037 662 5105 quod
687 5036 936 5106 prohibet
977 5036 1084 5103 lex,
1128 5037 1224 5092 sed
1264 5053 1364 5092 nec
1413 5037 1666 5092 irascitur
1695 5036 1850 5091 fratri

273 5145 395 5193 suo,
439 5129 568 5197 quia
611 5127 688 5182 ita
715 5127 1018 5184 delectatur
1045 5130 1101 5184 in
1129 5129 1222 5184 illo
1250 5144 1411 5200 quem
1442 5129 1630 5200 diligit,
1663 5138 1719 5184 et
1745 5143 1850 5183 non

271 5218 445 5272 Solum
474 5233 580 5272 non
605 5215 734 5272 facit
758 5218 1102 5282 adulterium,
1131 5221 1224 5274 sed
1243 5235 1342 5274 nec
1370 5219 1652 5274 mulierem
1683 5219 1854 5289 respi-

272 5307 349 5360 cit
390 5305 460 5360 ad
487 5306 999 5376 concupiscentiam,
1044 5309 1139 5362 sed
1180 5308 1310 5362 dicit
1343 5309 1410 5362 ad
1456 5309 1628 5378 ipsum
1661 5309 1850 5377 magis,

270 5395 620 5464 Concupiscit
640 5397 820 5450 anima
849 5413 966 5452 mea
999 5398 1053 5451 in
1083 5397 1252 5452 Deum
1279 5398 1460 5451 vivum
1502 5397 1674 5466 (Psal.
1698 5413 1782 5451 xu
1811 5398 1851 5471 ).

273 5488 376 5554 Qui
412 5487 590 5558 diligit
631 5488 928 5555 Ch'ristum,
958 5490 1174 5558 quando
1219 5490 1285 5545 de
1328 5488 1470 5544 furto
1501 5491 1734 5558 cogitet?
1761 5492 1854 5560 qui

273 5581 438 5634 etiam
469 5596 567 5635 sua
609 5581 789 5634 omnia
815 5596 1146 5651 qurecunquc
1202 5584 1362 5637 habet
1411 5584 1645 5652 reliquit,
1678 5593 1736 5637 ut
1770 5601 1855 5637 se.-

275 5683 476 5742 quatur
495 5671 791 5728 Christum.
828 5673 927 5740 Qui
967 5673 1237 5728 Christum
1279 5676 1469 5745 diligit,
1511 5692 1649 5744 quan
1676 5679 1721 5729 lo
1755 5678 1850 5730 lal-

1951 3219 2106 3287 Quod
2137 3226 2317 3273 autem
2348 3218 2462 3287 ipse
2488 3216 2541 3270 in
2577 3231 2739 3270 unam
2771 3215 3075 3269 naviculam
3103 3231 3225 3270 cum
3253 3214 3534 3284 discipulis

1939 3309 2192 3367 Salvator
2219 3309 2483 3370 ascendit,
2523 3307 2649 3361 alibi
2699 3307 2827 3377 quid
2860 3306 3127 3376 significet
3173 3307 3367 3376 aperit,
3415 3322 3537 3360 cum

1950 3401 2322 3473 pnenunciato
2347 3415 2457 3454 suae
2480 3399 2750 3468 passionis
2781 3399 3304 3468 resurrectionisque
3328 3408 3528 3468 myste-

1952 3493 2054 3556 rio,
2083 3506 2208 3547 mox
2256 3491 2470 3545 diccbat
2507 3489 2572 3543 ad
2607 3503 2837 3544 omnes:
2879 3487 2937 3541 Si
2983 3487 3106 3556 quis
3128 3487 3245 3541 vult
3283 3497 3403 3556 post
3448 3502 3532 3540 me

1951 3583 2159 3647 venire,
2189 3583 2418 3652 abneget
2445 3580 2791 3649 semetipsum
2842 3587 2898 3635 et
2944 3578 3098 3633 tollat
3135 3593 3354 3634 crucem
3383 3595 3532 3633 suam

1951 3682 2008 3728 et
2029 3681 2287 3743 sequatur
2321 3687 2425 3726 me.

2021 3763 2091 3817 Et
2131 3779 2246 3817 ecce
2272 3772 2441 3814 motus
2467 3775 2688 3829 magnus
2738 3759 2912 3828 factus
2957 3767 3030 3812 est
3062 3759 3117 3810 in
3143 3756 3300 3818 mari,
3344 3756 3419 3809 ita
3469 3767 3526 3808 ut

1953 3855 2191 3912 uaricula
2222 3855 2512 3926 operiretur
2539 3852 2807 3923 ﬂuctibus.
2867 3848 3050 3920 Neque
3075 3849 3218 3904 enim
3247 3847 3532 3917 quisquam

1951 3957 2166 4020 poterat
2191 3949 2336 4002 hunc
2356 3946 2612 4000 mundum
2633 3943 2920 4016 enavigare
2942 3941 3310 4006 sinerristo,
3327 3943 3542 4012 quando

1950 4056 2047 4096 eos
2073 4054 2304 4110 quoque,
2335 4037 2532 4108 quibus
2560 4035 2820 4090 Dominus
2842 4035 3014 4099 adest,
3049 4033 3407 4088 teutationqu
3440 4024 3538 4084 δάι-

1953 4132 2215 4187 cularium
2238 4145 2377 4199 scepe
2396 4127 2630 4198 procella
2665 4126 2968 4196 perturbat,
3026 4132 3082 4178 et
3129 4125 3386 4194 οἰκονομία
3427 4137 3541 4176 scr—

1953 4231 2110 4274 vatur
2132 4219 2185 4273 in
2210 4217 2484 4287 apostolis,
2533 4223 2592 4268 ut
2613 4215 2864 4268 advertas
2888 4212 3007 4266 sine
3030 4211 3326 4266 tentatione
3351 4211 3541 4263 'ncmi-

1953 4328 2076 4368 nem
2124 4325 2282 4381 posse
2317 4324 2383 4362 ex
2424 4309 2526 4362 hoc
2544 4307 2669 4360 vita:
2707 4303 2979 4360 curriculo
3021 4301 3350 4372 demigrare,
3405 4303 3532 4372 quia

1955 4401 2277 4456 exercitium
2325 4399 2450 4454 ﬁdei
2522 4396 2750 4452 teulatio
2789 4404 2904 4460 est,
2935 4394 3029 4449 sed
3071 4393 3227 4463 quasi
3253 4393 3540 4462 pervigiles

1957 4502 2117 4548 nocte
2140 4491 2554 4562 gubernatorem
2577 4486 2875 4542 excitemus
2897 4498 3084 4539 verum
3111 4485 3299 4539 Deum.

2029 4581 2160 4636 Erat
2187 4591 2362 4635 autem
2386 4579 2492 4634 illis
2536 4589 2716 4633 ventus
2757 4575 3074 4630 contrarius.
3152 4574 3358 4629 Ventus
3407 4589 3538 4628 con-

1957 4677 2156 4731 trarius
2203 4673 2471 4729 diabolum
2492 4669 2778 4742 signiﬁcat,
2803 4675 2982 4723 motus
3003 4674 3058 4721 et
3079 4664 3274 4722 ﬂuctus
3294 4666 3540 4736 blasphe-

1955 4768 2078 4821 miae
2129 4764 2587 4837 persequentium,
2620 4761 2967 4817 dmmoniacis
2997 4759 3216 4815 excitati
3263 4757 3538 4828 procellis,

1953 4861 2150 4928 quibus
2176 4875 2278 4912 non
2306 4859 2420 4926 ipse
2456 4857 2722 4920 turbatur,
2755 4855 2849 4910 sed
2875 4851 3264 4923 discipulorum
3296 4851 3541 4907 imbecil—

1955 4951 2079 5006 litas
2107 4951 2429 5004 concutitur.

2028 5041 2056 5095 l
2060 5058 2148 5112 pse
2171 5056 2288 5094 vero
2308 5037 2617 5092 dormiebat.
2649 5036 2936 5106 Discipulis
2964 5035 3363 5108 navigantibus,
3387 5033 3542 5089 Chri-

1957 5141 2073 5186 stus
2095 5130 2442 5194 obdormivit,
2487 5129 2612 5198 quia
2640 5127 2974 5182 caleantibus
2990 5127 3241 5182 saeculum
3269 5125 3532 5182 fidelibus.

1959 5222 2234 5289 futurique
2268 5219 2416 5287 regni
2456 5219 2693 5288 quietem
2734 5217 2915 5270 animo
2943 5215 3348 5277 meditantibus,
3371 5223 3426 5267 ct
3453 5218 3535 5265 vel

1959 5313 2195 5366 secundo
2237 5312 2468 5380 Spiritus
2509 5309 2679 5363 sancti
2717 5308 2865 5374 ﬂatu,
2914 5308 3001 5362 vel
3051 5308 3256 5379 proprii
3313 5307 3536 5370 remigii

1958 5413 2199 5467 conatus,
2229 5403 2421 5456 iutidos
2446 5400 2626 5454 mundi
2657 5398 2827 5453 fastus
2854 5400 3102 5452 certatim
3134 5407 3257 5468 post
3285 5407 3431 5464 terga
3454 5395 3536 5464 ja-

1957 5492 2250 5556 ctautilius,
2297 5505 2506 5562 tempus
2537 5492 2713 5544 subito
2744 5490 3036 5544 Dominica?
3080 5490 3345 5559 passionis
3376 5489 3537 5540 adxe-

1957 5585 2054 5637 nit.
2108 5585 2413 5638 lTulclreue
2448 5581 2655 5633 Marcus
2698 5581 2797 5632 hoc
2854 5581 3169 5632 imminente
3196 5579 3370 5632 noctis
3403 5588 3536 5630 tem-

1955 5693 2084 5747 pore
2135 5687 2345 5748 gestum
2381 5676 2542 5728 fuisse
2570 5674 2832 5742 perliil-et,
2871 5681 2926 5724 ut
2951 5674 3059 5726 veri
3083 5673 3210 5725 solis
3231 5673 3541 5725 occuliitutu
