3946 6422
420 267 489 322 99
1719 256 2066 316 SMARAGDI
2106 255 2387 314 ABBATIS

3595 249 3703 303 100

425 401 531 438 nou
555 383 667 438 sola
688 382 901 437 Domini
922 380 1373 445 dormitio,sedet
1394 379 1509 449 ipsa
1536 377 1850 433 decedentis
1870 375 2007 429 lucis
2036 378 2081 436 Α
2110 375 2329 436 trarius,
2362 372 2413 425 id
2435 380 2537 433 est,
2572 368 2835 423 diaLolus.
2900 368 3050 421 Tunc
3081 366 3345 420 Dominus
3365 365 3699 430 oormiehal,

428 480 561 531 intra
605 473 896 545 signiticet.

497 566 560 617 Et
588 572 918 617 accesserunt
959 570 1009 616 et
1036 561 1418 615 suscitaverunt
1444 574 1585 623 eum,
1602 557 1831 611 dicentes
1854 568 1875 606 :
1900 553 2010 607 Do-

426 657 586 719 mine,
614 654 760 708 salva
790 669 905 715 nos,
929 652 1180 722 perimus.
1231 649 1513 704 Suscitant
1538 648 1825 702 Dominum
1844 644 2011 698 disci-

426 746 558 811 puli,
595 760 663 798 ne
701 758 767 797 eo
795 742 1099 797 dormiente
1123 739 1386 794 fluctuum
1422 739 1638 793 leritate
1679 736 2010 805 dispereunt,

426 840 551 907 quia
579 837 734 907 cujus
757 844 986 890 mortem
1009 834 1279 898 viderant,
1314 829 1567 886 maximis
1601 827 1745 881 votis
1770 836 2015 880 resurre-

427 928 661 981 ctionem
689 925 1026 994 qumrebant.
1086 922 1165 978 Ne
1190 923 1235 976 si
1269 921 1475 976 diutius
1522 918 1638 987 ipse
1687 923 1863 970 morte
1894 928 2016 968 car—

427 1019 513 1072 nis
547 1016 850 1085 sopiretur,
910 1029 1101 1070 eorum
1142 1028 1297 1068 mens
1329 1008 1562 1081 spiritali
1593 1008 1648 1062 in
1693 1014 2014 1077 perpetuum

430 1118 608 1163 morte
629 1107 851 1177 periret.

500 1197 569 1252 Et
586 1196 710 1250 dicit
723 1197 797 1249 eis
811 1211 830 1249 :
847 1194 987 1260 Quid
998 1193 1168 1248 timidi
1178 1193 1322 1256 estis,
1337 1189 1557 1244 modice:
1567 1188 1713 1257 fidei.
1729 1186 1830 1257 (Ex
1839 1183 2015 1256 Hier.)

428 1289 573 1342 Bene
594 1295 895 1357 arguuntur
920 1286 1011 1355 qui
1035 1291 1300 1353 praesente
1323 1281 1540 1336 Christo
1570 1280 1854 1343 timebant,
1893 1293 2017 1333 cum

429 1379 615 1447 utique
644 1378 736 1448 qui
763 1377 813 1431 ei
840 1378 1115 1432 adbtereat
1134 1376 1317 1445 perire
1344 1389 1451 1428 non
1472 1380 1675 1442 posset.
1713 1372 1856 1443 Ergo
1891 1387 2021 1426 con-

432 1469 665 1524 firmavit
697 1466 881 1529 ﬁdem,
913 1465 1114 1521 refudit
1144 1464 1610 1534 tranquillitatem,
1654 1470 1874 1515 ventum
1903 1477 2021 1516 ces-

432 1575 555 1614 sare
607 1558 882 1629 praecepit,
928 1571 1035 1612 non
1084 1554 1428 1625 Aquilonem,
1471 1567 1577 1607 non
1614 1550 1891 1615 Africum,
1927 1550 2021 1605 sed

433 1650 584 1703 illum
654 1648 839 1716 utique
881 1652 1144 1711 ventum,
1202 1643 1289 1698 cui
1339 1642 1543 1697 dictum
1594 1648 1682 1696 est
1716 1640 1786 1694 ab
1830 1638 2023 1709 angelo

2112 462 2330 531 quando
2374 459 2775 530 persecutiones
2825 457 2943 510 fieri
2997 456 3225 519 sinebat,
3280 456 3705 525 quisuscitatnr

2114 552 2204 605 illo
2228 550 2464 603 clamore
2496 548 2771 611 Ecclesiae,
2801 548 2870 601 de
2901 561 3012 615 quo
3055 544 3343 600 Psalmista
3367 547 3477 600 ait:
3505 546 3548 599 Α
3579 546 3703 601 lini-

2114 643 2213 695 bus
2243 650 2400 694 teme
2427 642 2493 693 ad
2519 648 2570 693 te
2606 638 2857 702 clamavi,
2880 639 3008 692 dum
3031 636 3349 690 anxiaretur
3367 651 3467 692 cor
3489 652 3699 692 meum.

2113 729 2400 800 Imperavit
2425 731 2601 785 ventis
2619 738 2672 783 et
2701 729 2856 791 mari,
2901 728 3117 798 quando
3136 729 3543 795 persecutiones
3592 730 3699 784 ho—

2116 821 2320 874 minum
2348 835 2378 873 a
2402 820 2615 873 diabolo
2638 820 2938 873 concitatas
2959 817 3385 871 misericorditer
3407 818 3573 889 jus-it
3613 833 3706 873 se—

2114 908 2253 962 dari.
2324 909 2383 962 Et
2410 908 2548 963 facta
2578 918 2662 962 est
2686 905 3052 976 tranquillitas
3077 919 3294 977 magna,
3322 907 3543 977 quando
3592 922 3705 977 pax

2114 1009 2201 1054 est
2219 1000 2505 1055 universali
2542 1000 2799 1061 Ecclesia:
2826 998 3058 1053 reddita.

2750 1104 3047 1144 CONCORDIA
3059 1128 3068 1141 .

2187 1181 2352 1236 llorta
2360 1190 2446 1236 tur
2456 1197 2555 1236 nos
2569 1181 2877 1251 Apostolus,
2894 1189 2954 1235 ut
2974 1181 3179 1236 nemint
3191 1195 3486 1253 quidquam
3502 1184 3707 1239 debea-

2117 1287 2261 1337 mus,
2289 1274 2383 1327 sed
2405 1281 2466 1326 ut
2486 1271 2718 1326 invicem
2737 1271 3042 1341 diligamus,
3067 1279 3123 1325 et
3147 1272 3274 1341 quia
3299 1273 3463 1327 timor
3490 1290 3596 1328 non
3618 1283 3709 1329 est

2118 1361 2173 1415 in
2203 1361 2490 1425 charitate,
2518 1370 2602 1415 est
2631 1369 2812 1414 tamen
2842 1360 2896 1414 in
2918 1360 3123 1434 debito,
3165 1363 3411 1431 increpat
3438 1363 3707 1419 Dominus

2122 1452 2372 1506 timentes
2395 1449 2683 1520 Apostolos
2702 1450 2890 1505 dicens
2916 1466 2930 1504 :
2989 1451 3130 1517 Quid
3161 1450 3333 1507 timidi
3368 1454 3501 1508 estis
3528 1455 3708 1509 modi-

2119 1557 2197 1598 ca:
2218 1542 2367 1607 ﬁdei,
2398 1557 2462 1596 ac
2489 1542 2535 1596 si
2565 1542 2712 1596 dicat
2737 1556 2751 1595 :
2795 1540 2875 1595 llli
2904 1542 3147 1606 timeant,
3177 1544 3270 1612 qui
3309 1544 3557 1599 debitore
3587 1546 3709 1600 dia-

2122 1634 2246 1689 bolo
2272 1642 2524 1689 tenentur
2543 1635 2785 1699 obnoxii,
2840 1650 2939 1690 vos
2958 1637 3049 1706 qui
3072 1651 3198 1692 cum
3234 1636 3524 1693 liberatore
3543 1640 3708 1704 estis,

434 1737 664 1793 Michael
713 1738 766 1792 in
818 1736 1048 1807 epistola
1114 1733 1305 1790 Iudae:
1369 1731 1611 1803 Increpet
1666 1741 1719 1786 te
1761 1731 2021 1786 Dominus
2049 1724 2097 1784 B
2123 1740 2231 1780 non
2257 1732 2341 1780 est
2363 1725 2505 1781 ultra
2540 1726 2684 1796 quod
2711 1727 2965 1781 timeatis.

436 1828 617 1899 (ιυιίςε
646 1828 708 1899 ι).

503 1918 646 1972 Tunc
667 1933 909 1988 surgens,
932 1916 1204 1986 imperavit
1219 1916 1384 1969 ventis
1399 1925 1446 1968 et
1468 1914 1626 1968 mari.
1655 1912 1736 1968 Ex
1766 1913 1870 1967 hoc
1899 1912 2019 1966 loco

431 2012 801 2082 intelligimus,
844 2012 986 2080 quod
1013 2026 1204 2065 omnes
1232 2018 1498 2065 creaturae
1540 2009 1779 2064 sentiant
1802 2017 2016 2063 creato-

430 2118 570 2168 rem,
618 2103 815 2172 quibus
858 2102 1004 2156 enim
1056 2100 1369 2168 increpatur
1412 2109 1469 2154 et
1520 2099 1856 2167 imperatur,
1901 2112 2018 2151 scn-

437 2196 580 2250 tiunt
608 2195 963 2264 imperantem
1011 2207 1118 2247 non
1144 2207 1332 2247 errore
1360 2190 1758 2252 haereticorum,
1791 2188 1884 2259 qui
1905 2203 2021 2242 oin-

435 2287 525 2341 nia
551 2292 744 2355 putant
771 2282 1069 2337 animantia
1088 2281 1423 2337 insensibilia
1446 2295 1587 2342 esse,
1613 2279 1708 2333 sed
1739 2276 2020 2345 majestate

434 2376 758 2440 conditoris,
792 2389 913 2445 qua:
939 2374 1082 2444 apud
1112 2387 1211 2428 nos
1252 2371 1607 2434 insensibdia,
1637 2370 1709 2425 illi
1745 2369 2020 2423 scasibilia

436 2477 583 2523 sunt.

507 2559 652 2613 Tunc
679 2574 918 2628 surgens,
942 2556 1215 2627 imperarit
1238 2555 1401 2609 ventis
1425 2564 1471 2607 et
1496 2553 1653 2617 mari,
1676 2562 1723 2605 et
1764 2551 1905 2620 facta
1944 2562 2016 2604 est

433 2648 790 2721 tranquillitas
813 2664 1004 2718 magna
1028 2648 1083 2700 in
1105 2646 1261 2700 mari.
1304 2647 1536 2701 Ventum
1549 2645 1747 2714 quippe
1770 2659 2015 2712 surgens,

435 2739 756 2808 increpavit,
795 2739 920 2808 quia
948 2737 1347 2792 resurrectione
1373 2736 1668 2799 celebrata,
1703 2734 1898 2789 diaboli
1929 2751 2018 2789 su-

433 2830 678 2900 perbiam
702 2829 915 2893 stravit,
946 2827 1073 2882 dum
1117 2842 1215 2898 per
1235 2837 1463 2881 mortem
1486 2826 1754 2881 destruxit
1776 2840 1898 2879 eum
1926 2826 2019 2895 qui

435 2921 670 2975 hauebat
686 2918 879 2973 mortis
907 2917 1217 2986 imperium.
1279 2916 1683 2986 Tempestatem
1703 2931 1879 2985 aquas,
1898 2930 2021 2969 sur-

437 3026 571 3083 gens
588 3025 815 3066 cessare
828 3009 980 3075 fecit,
1021 3009 1148 3078 quia
1175 3023 1430 3064 vesanam
1464 3008 1767 3064 Jumeorum
1790 3009 2014 3070 rabiem,

2404 1834 2725 1916 DQMINICA
2766 1835 2833 1891 IN
2873 1834 3416 1892 SEPTUAGESIMA.

2187 1936 2381 1983 LECTIO
2428 1943 2695 1983 εριετοωε
2736 1942 2893 1982 ΒΕΑΤΙ
2933 1944 3089 1983 PAULI
3128 1945 3383 1985 APOSTOIJ
3410 1970 3426 1994 ,
3476 1946 3493 1985 Ι
3538 1945 3635 1986 (ΞΟ⁹

2749 2014 2937 2053 ΙΙΝτΙΙ.
2980 2014 3057 2053 IX.

2193 2109 2213 2141 ι
2258 2089 2488 2144 Nescitis
2513 2088 2658 2159 quod
2734 2089 2769 2143 ii
2810 2090 2903 2159 qui
2931 2089 2985 2143 in
3031 2090 3210 2146 stadio
3237 2101 3486 2156 currunt,
3511 2108 3712 2147 omnes

2125 2200 2143 2233 ι
2188 2181 2405 2251 quidem
2439 2189 2691 2245 currunt,
2745 2179 2840 2235 sed
2868 2197 3009 2236 unus
3033 2183 3233 2252 accipit
3264 2184 3535 2238 bravium.
3611 2185 3711 2239 Sic

2126 2294 2141 2324 ι
2187 2273 2391 2328 currite
2443 2282 2504 2328 ut
2551 2274 3047 2342 eompreheudatis.
3117 2274 3306 2329 Omnis
3344 2276 3489 2330 enim
3526 2278 3709 2346 quiin
3780 2276 3791 2291 ⁵

2124 2384 2141 2415 ι
2186 2380 2357 2434 agone
2377 2365 2675 2428 contendit,
2690 2365 2759 2419 ab
2781 2365 3032 2420 omnibus
3053 2379 3112 2419 se
3137 2365 3468 2429 abstinet,et
3483 2367 3556 2421 illi
3585 2370 3712 2436 qui—

2123 2476 2141 2507 ι
2187 2458 2329 2520 dem,
2358 2467 2418 2512 ut
2445 2456 2850 2526 corruptibilem
2877 2470 3134 2510 coronam
3161 2458 3453 2527 accipiant,
3482 2474 3583 2511 nos
3608 2470 3712 2511 an:

2127 2569 2142 2601 ι
2189 2560 2293 2605 tem
2312 2550 2697 2620 incorruptam.
2717 2550 2828 2619 Ego
2851 2549 3014 2619 igitur
3033 2550 3114 2605 sic
3133 2565 3316 2615 curro,
3341 2566 3447 2605 non
3468 2552 3623 2620 quasi
3653 2553 3711 2606 in

2124 2660 2143 2692 ι
2190 2642 2470 2695 incertum.
2514 2640 2604 2696 Sic
2625 2656 2823 2711 pugno,
2856 2655 2962 2697 non
2987 2640 3143 2710 quasi
3170 2655 3352 2695 acrem
3382 2643 3711 2705 verberans.

2125 2751 2143 2783 ι
2189 2734 2280 2787 sed
2310 2734 2514 2805 castigo
2539 2748 2736 2802 corpus
2764 2748 2963 2795 meum,
2995 2742 3051 2788 et
3077 2733 3130 2787 in
3156 2734 3474 2787 servitutem
3494 2735 3708 2803 redigo,

2125 2841 2143 2873 ι
2188 2839 2256 2878 ne
2278 2823 2549 2879 fortecnm
2574 2824 2696 2879 aliis
2715 2824 3138 2895 praedicaverim,
3158 2824 3274 2894 ipse
3302 2826 3563 2895 reprobus
3585 2828 3712 2881 et‘ti-

2126 2936 2144 2968 i
2189 2917 2325 2972 ciar.
2374 2916 2507 2972 Nolo
2539 2916 2684 2971 enim
2732 2931 2828 2971 vos
2866 2918 3142 2987 ignorare,
3196 2916 3417 2981 fratres,
3445 2919 3712 2988 quoniam

2128 3026 2148 3059 ι
2193 3016 2379 3077 patres
2411 3008 2586 3063 nostri
2640 3021 2833 3062 omlnes
2874 3008 2975 3063 sub
3004 3007 3145 3062 nube
3170 3004 3407 3068 fuerunt.
3432 3018 3487 3063 et
3512 3024 3712 3064 omnes

434 3078 555 3170 quae
584 3099 1011 3169 caputquatiens
1036 3098 1397 3153 clamaverat:
1425 3097 1481 3152 Si
1504 3096 1673 3153 Filius
1693 3098 1787 3153 Dei
1807 3106 1909 3162 est,
1933 3098 2020 3151 de-
2047 3078 2090 3137 C
2129 3119 2148 3153 σ
2194 3116 2344 3156 mare
2368 3101 2726 3165 transierunt,
2749 3109 2804 3155 et
2820 3114 3010 3156 omnes
3031 3101 3245 3156 inllose
3268 3101 3527 3171 baptizati
3554 3112 3711 3166 sunt,

433 3192 660 3248 scendat
687 3208 828 3247 nunc
847 3192 916 3246 de
939 3206 1124 3256 cruce,
1156 3198 1211 3246 et
1234 3190 1522 3246 credemus
1562 3190 1630 3252 ei,
1679 3188 1745 3243 de
1773 3188 2020 3259 sepulcro

434 3282 764 3349 resurgendo
793 3280 1066 3336 labefecit.

505 3366 676 3422 Porro
723 3368 957 3423 homines
984 3369 1161 3424 mirati
1195 3378 1342 3436 sunt,
1384 3369 1651 3424 dicentes:
1712 3370 1901 3437 Qualis
1943 3380 2019 3425 est

434 3460 542 3523 hic,
567 3459 689 3530 quia
712 3460 846 3513 venti
874 3469 921 3513 et
944 3476 1088 3513 mare
1117 3460 1360 3514 obediunt
1382 3460 1449 3513 ei.
1484 3458 1597 3514 Non
1624 3461 1897 3530 discipuli,
1925 3462 2019 3515 sed

437 3559 638 3616 nautae,
673 3558 730 3605 ct
749 3551 930 3605 caeteri
968 3551 1060 3622 qui
1086 3552 1140 3605 in
1174 3551 1419 3606 navicula
1452 3562 1630 3618 erant,
1662 3554 2016 3615 mirabantur,

438 3642 727 3695 sinautem
790 3642 914 3711 quis
964 3643 1294 3697 contentiose
1319 3642 1547 3698 voluerit
1574 3659 1670 3699 cos
1715 3645 1808 3714 qui
1857 3645 2021 3698 mira-

437 3733 635 3785 bantur
653 3730 819 3787 fuisse
852 3731 1162 3801 discipulos,
1193 3733 1639 3803 respondebimus
1678 3743 1825 3789 recte
1845 3733 2021 3788 homi-

437 3838 534 3876 nes
562 3822 877 3892 appellatos,
915 3824 1005 3893 qui
1036 3823 1264 3879 necdum
1293 3824 1588 3894 potentiam
1609 3833 1873 3881 noverant
1899 3822 2021 3882 Sal-

437 3917 663 3970 vatoris.

510 4008 803 4062 Moraliter.
848 4008 970 4081 {Ex
990 4008 1179 4074 Beda.)
1224 4010 1291 4065 Et
1312 4025 1411 4066 nos
1433 4025 1649 4080 quoque
1679 4008 2021 4079 singulicum

438 4102 593 4171 signo
618 4100 910 4157 Dominica:
942 4102 1121 4157 crucis
1168 4103 1360 4158 imbuti
1407 4101 1661 4157 sseculum
1710 4102 2021 4171 relinquere

437 4192 788 4261 disponimus,
816 4208 1004 4248 navem
1027 4193 1269 4264 profecto
1290 4210 1412 4249 cum
1438 4192 1563 4249 Jesu
1586 4194 2018 4259 conscendimus,

439 4293 688 4355 stagnum
712 4283 1066 4341 transfretare
1090 4301 1371 4351 conamur,
1403 4284 1497 4341 sed
1519 4284 1610 4354 qui
1636 4299 1742 4338 non
1765 4284 2023 4339 dormitac

437 4377 518 4430 vit
551 4392 725 4446 neque
772 4378 1005 4433 dormiet
1048 4379 1361 4434 custodiens
1390 4391 1606 4445 semper
1635 4376 1819 4440 Israel,
1865 4377 2020 4430 nobis

2129 3213 2149 3245 ι
2193 3194 2246 3248 in
2282 3193 2426 3248 nube
2454 3201 2509 3246 et
2533 3192 2588 3246 in
2613 3192 2770 3246 mari.
2811 3191 2878 3246 Et
2896 3207 3087 3247 omnes
3112 3193 3361 3248 canitiem
3393 3209 3579 3249 eseam
3602 3197 3716 3265 spi-

2128 3302 2145 3334 I
2195 3282 2404 3337 ritaletn
2431 3284 2910 3347 manlncaverunt,
2951 3293 3007 3338 et
3034 3297 3223 3338 omnes
3248 3284 3499 3338 eumdem
3519 3294 3717 3354 potum

2126 3395 2146 3427 ι
2193 3375 2495 3445 spiritalem
2525 3375 2797 3430 biberunt.
2852 3374 3119 3430 Dibebant
3143 3386 3324 3430 autem
3354 3376 3421 3429 de
3450 3377 3710 3446 Spit-itali,

2126 3484 2146 3518 ι
2191 3475 2552 3534 consequente
2575 3482 2668 3519 eos
2688 3474 2860 3535 petra.
2882 3465 3039 3520 Petra
3064 3475 3247 3521 autem
3264 3467 3667 3522 eratChristns.
3685 3490 3704 3518 ι

2195 3554 2423 3608 Nescitis
2447 3554 2586 3626 quod
2647 3555 2682 3608 ii
2720 3554 2809 3625 qui
2844 3556 2898 3607 iu
2927 3556 3099 3609 stadio
3121 3566 3363 3619 currunt,
3392 3572 3570 3609 omnes
3588 3574 3719 3626 qm-

2120 3647 2238 3701 dent
2264 3656 2505 3710 currunt,
2563 3646 2654 3699 sed
2683 3663 2819 3700 unus
2846 3647 3033 3716 accipit
3074 3647 3329 3701 brarium.
3391 3647 3490 3701 Hic
3536 3649 3708 3704 stadii

2119 3737 2574 3807 cnrsumjustitia:
2597 3738 2679 3790 vel
2711 3737 2831 3791 lirlei
2862 3738 3222 3806 comparavit,
3273 3739 3398 3807 quia
3432 3741 3712 3809 quomodo

2120 3828 2230 3883 illic
2252 3844 2373 3883 cum
2398 3844 2587 3883 omnes
2615 3829 2756 3883 intra
2792 3827 3027 3883 stadium
3058 3840 3305 3892 currant,
3342 3848 3449 3885 non
3480 3832 3582 3886 nisi
3610 3834 3715 3902 qui

2104 3916 2770 3987 benecucurrerimignus
2808 3920 3032 3987 prmmio
3067 3917 3361 3987 judicatur,
3407 3921 3481 3974 ita
3508 3931 3564 3975 et
3593 3923 3709 3989 hie,

2119 4011 2369 4078 quamvis
2397 4007 2539 4062 intra
2563 4006 2688 4061 fidei
2706 4017 2879 4062 metas
2890 4010 3070 4063 cuncti
3086 4010 3369 4065 credentes
3389 4011 3711 4066 continean-

2122 4107 2231 4163 tur,
2258 4098 2356 4153 soh
2384 4107 2564 4153 tamen
2591 4097 2683 4167 qui
2701 4097 2846 4167 juste
2866 4100 3107 4157 vixerint
3147 4101 3428 4169 praemium
3455 4100 3708 4167 «adeste,

2121 4191 2262 4258 quod
2289 4189 2475 4244 Graece
2509 4189 2708 4243 dicitur
2747 4189 3005 4263 apustio»,
3037 4191 3359 4260 percipiunt,
3391 4199 3446 4245 et
3469 4191 3594 4260 quia
3625 4193 3711 4245 in-

2122 4292 2208 4335 ter
2255 4297 2366 4343 eos,
2414 4281 2586 4349 quiin
2623 4281 2801 4335 stadio
2836 4291 3083 4346 currunt,
3133 4297 3299 4336 unum
3347 4283 3707 4351 accipientem

2124 4370 2352 4440 palmam
2375 4371 2664 4439 signiﬁcat,
2713 4370 2766 4424 id
2796 4378 2901 4435 est,
2950 4370 3040 4425 ille
3082 4372 3173 4442 qui
3195 4371 3355 4427 ﬁdem
3384 4381 3590 4427 rectam
3618 4382 3707 4428 te-

439 4476 617 4520 tznncn
641 4443 783 4537 saepe
813 4468 1210 4538 navigantibus,
1248 4467 1404 4536 quasi
1442 4443 1584 4519 inter
1626 4466 1861 4535 :equoris
1911 4464 2019 4520 fre-
2044 4443 2097 4502 ἶ)
2122 4464 2321 4526 nuerit,
2367 4473 2421 4516 et
2463 4469 2729 4531 praecepta
2777 4464 3101 4535 servaverit,
3164 4465 3425 4521 hortatur
3461 4480 3562 4521 nos
3602 4467 3711 4522 hoc

444 4557 607 4612 initus
631 4557 985 4624 obdormivit,
1008 4558 1226 4628 quando
1250 4556 1632 4612 crebrescente
1654 4556 1795 4610 inter
1814 4557 2021 4611 medios

440 4650 698 4703 virtutum
731 4650 904 4713 nisus,
960 4650 1045 4705 vel
1072 4648 1475 4704 immundorum
1510 4647 1797 4716 spirituum
1821 4646 1902 4700 vel
1926 4647 2023 4700 ho-

441 4740 645 4795 minum
674 4756 987 4811 pravorum,
1018 4739 1104 4794 vel
1130 4740 1245 4808 ipse
1273 4746 1584 4792 nostrarum
1630 4752 1661 4791 c
1682 4737 2017 4808 Igitationum

441 4831 670 4901 impetu,
736 4830 861 4887 fidei
883 4830 1142 4902 splendor
1165 4828 1587 4891 obtenebrescit,
1615 4828 1729 4897 spei
1760 4828 2020 4883 celsitudo

440 4920 792 4987 contabescit,
828 4921 1031 4976 amoris
1053 4919 1269 4974 ﬂamma
1298 4917 1623 4987 refrigescit,
1653 4934 1839 4972 verum
1880 4918 2020 4995 inter

441 5010 743 5078 huiusmodi
787 5010 1053 5081 procellas
1081 5008 1149 5063 ad
1198 5008 1347 5063 illum
1377 5023 1600 5062 necesse
1649 5017 1734 5062 est
1759 5009 2021 5077 guberna-

444 5109 612 5155 torem
633 5115 937 5165 curramus,
959 5099 1109 5154 illum
1136 5097 1307 5152 seduli
1335 5098 1649 5159 excitemus,
1671 5099 1761 5168 qui
1780 5114 1885 5153 non
1907 5114 2020 5153 ser-

441 5190 572 5254 viat,
625 5190 719 5246 sed
748 5191 977 5259 imperet
1006 5188 1201 5250 ventis,
1250 5202 1375 5240 mox
1420 5194 1767 5256 tempestates
1798 5202 2018 5255 compe-

442 5290 576 5346 scet,
610 5289 667 5336 et
689 5280 937 5336 refundet
968 5278 1435 5348 tranquillitatem,
1478 5289 1693 5348 portum
1731 5280 1921 5332 salutis
1941 5280 2018 5333 in-

443 5368 699 5441 dulgebit.

514 5461 841 5532 Allegorice.
878 5458 987 5531 (Eat
1017 5459 1263 5533 Hieron.)
1295 5460 1547 5515 Navicula
1575 5461 1817 5515 Ecclesia
1838 5460 2023 5513 catho-

446 5554 551 5609 lica
580 5562 684 5617 est,
718 5560 897 5607 motus
938 5552 992 5606 in
1036 5552 1172 5606 mari
1224 5553 1527 5622 persecutio
1565 5550 2020 5613 Christianorum,

448 5661 568 5715 qua:
591 5645 824 5715 primum
845 5644 987 5701 facta
1014 5653 1098 5702 est
1118 5644 1173 5701 in
1189 5647 1410 5712 mundo,
1433 5646 1519 5701 cui
1542 5652 1732 5698 ventus
1757 5650 1874 5697 erat
1898 5657 2026 5696 con—

2123 4553 2282 4605 modo
2312 4565 2553 4615 currere,
2589 4560 2648 4605 ut
2674 4550 2916 4606 caelestia
2943 4553 3161 4622 prannia
3214 4568 3521 4608 mereamur
3555 4569 3711 4610 com-

2122 4643 2475 4714 prehendere.

2196 4733 2378 4789 Omnis
2413 4745 2586 4789 autem
2626 4737 2714 4806 qui
2746 4738 2799 4790 in
2845 4753 3010 4808 agone
3045 4736 3333 4800 contendit,
3378 4735 3442 4789 ab
3466 4737 3709 4793 omnibus

2121 4845 2175 4882 se
2206 4827 2444 4882 abstinet.
2483 4832 2636 4899 Ἀγών
2669 4827 2878 4893 Gnece,
2921 4828 3113 4883 Latine
3158 4837 3436 4882 certamen
3482 4827 3706 4884 dicitur.

2122 4918 2262 4988 Ergo
2289 4919 2466 4973 omnis
2507 4921 2812 4990 ἀγωνιστής,
2843 4918 2896 4972 id
2930 4926 3035 4983 est,
3068 4925 3325 4981 certator,
3375 4916 3468 4985 qui
3512 4918 3581 4970 ad
3621 4933 3709 4972 ca-

2118 5011 2371 5079 piendum
2398 5010 2955 5073 contenditbravium,
2986 5011 3056 5064 ab
3081 5010 3332 5063 omnibus
3354 5024 3412 5062 se
3441 5008 3707 5072 abstinet,

2119 5099 2172 5156 in
2201 5111 2303 5164 est,
2343 5104 2409 5155 ab
2435 5102 2684 5156 omnibus
2707 5103 2867 5168 escis,
2902 5118 3024 5172 qua:
3059 5116 3276 5157 cursum
3297 5100 3416 5169 ejus
3442 5101 3709 5169 impedire

2119 5201 2535 5246 consueverunt.
3246 5198 3253 5207 ’

2195 5282 2260 5335 Et
2284 5282 2361 5335 illi
2381 5284 2590 5352 quidem
2620 5293 2673 5336 ut
2697 5283 3082 5353 corruptibilem
3127 5299 3374 5336 coronam
3415 5283 3703 5350 accipiant,

2124 5391 2216 5426 nos
2241 5382 2413 5425 autent
2436 5374 2813 5441 incorruptam.
2866 5373 3013 5426 lllam
3041 5373 3105 5427 de
3133 5388 3239 5441 qua
3262 5372 3544 5426 Psalmista
3581 5373 3663 5426 ait
3690 5390 3703 5425 :

2126 5462 2289 5517 Scuto
2328 5461 2473 5514 bona'
2502 5460 2783 5514 voluntatis
2810 5471 2914 5514 tua:
2943 5464 3205 5516 coronusti
3245 5479 3339 5515 nos
3385 5460 3559 5532 (Psal.
3629 5462 3703 5533 ν),

2126 5567 2322 5606 corona
2372 5552 2514 5604 enim
2565 5551 2786 5604 victoria
2838 5551 3241 5619 interpretmur.
3319 5552 3535 5606 Gratias
3580 5568 3707 5621 aga-

2128 5658 2246 5697 mus
2272 5642 2399 5699 Deo,
2426 5651 2473 5693 et
2506 5641 2856 5705 deprecentur
2887 5641 3058 5703 illum,
3091 5651 3146 5695 ut
3175 5639 3237 5695 in
3258 5643 3395 5698 bona
3428 5643 3708 5697 v;:l:;ntate
