3946 6430
177 223 266 287 illi
1004 223 1517 283 COLLECTIONES
1553 227 1618 282 IN
1658 228 2037 287 EPISTULAS
2078 231 2165 285 ΕΤ
2209 231 2626 288 EVANGELIA.

3326 239 3432 296 10?.

172 359 283 409 sua,
327 341 438 413 ipse
460 338 535 394 sit
562 347 794 402 scutum,
824 344 879 391 et
901 352 1119 406 corona,
1149 347 1204 393 et
1231 338 1476 394 bravium
1501 341 1740 395 victoria:
1769 350 1815 406 Α
1844 341 2092 408 praesenti
2137 340 2430 398 afﬂictione
2478 344 2719 413 perpessi
2773 356 2919 411 sunt,
2969 347 3059 404 ille
3103 352 3323 420 gravius
3373 352 3429 408 in

177 445 386 487 trusum.

243 523 350 594 Ego
365 521 529 592 igitur
542 521 617 575 sic
636 537 789 574 curro
803 537 905 574 non
925 520 1077 590 quasi
1096 520 1150 573 in
1165 520 1529 586 incertum,sic
1550 538 1745 592 pugno,

174 634 272 673 non
301 616 447 687 quasi
470 632 644 669 aerem
670 613 962 673 verberam.
990 614 1080 668 sed
1105 615 1302 684 castigo
1342 630 1531 684 corpus
1576 632 1747 669 meum

175 722 222 765 et
244 714 294 765 in
317 709 615 763 servitutem
633 707 831 778 redigo,
848 722 910 760 ne
933 706 1067 776 forte
1091 723 1208 760 eum
1222 704 1342 760 aliis
1356 706 1746 776 pra'dicaverim

176 820 277 871 ipse
306 801 550 871 reprobus
574 799 784 871 eﬁiciar,
816 810 922 853 etc.
951 796 1065 852 Non
1107 798 1160 852 in
1188 814 1415 854 vacuum
1445 815 1620 863 curro,
1654 807 1749 854 aut

179 896 229 948 in
250 895 508 951 incertum
538 906 720 946 aerem
750 893 999 954 verbero,
1036 890 1121 944 vel
1161 889 1305 961 fingo
1334 899 1626 954 certamen,
1652 891 1749 945 sed

177 984 373 1053 castigo
415 996 613 1052 corpus
654 995 853 1044 meum,
906 981 1039 1035 etin
1076 981 1391 1036 servitutem
1440 982 1625 1053 redigo
1653 996 1750 1051 per

177 1070 550 1127 abstinentiam
603 1078 659 1125 et
707 1068 1052 1124 afﬂictionem
1099 1079 1261 1139 atque
1315 1070 1565 1135 labores,
1609 1070 1750 1126 sicut

179 1164 297 1217 alibi
325 1162 400 1215 ait
431 1179 445 1215 :
484 1158 780 1229 lnjejuniis
808 1160 1013 1226 multis,
1064 1160 1117 1214 in
1150 1160 1371 1232 vigiliis,
1419 1160 1473 1215 iu
1528 1159 1670 1215 fame
1694 1169 1749 1216 et

175 1257 281 1319 siti,
332 1256 384 1310 in
414 1255 616 1325 frigore
644 1262 698 1308 et
724 1254 987 1316 nuditate,
1030 1253 1087 1307 in
1136 1252 1428 1320 laboribus,
1465 1254 1517 1307 in
1564 1267 1750 1309 carce-

174 1349 339 1411 nbus,
363 1353 472 1400 etc.
498 1345 578 1418 (11
604 1346 817 1415 Cor.vt,
841 1346 941 1417 xl).
962 1344 1038 1402 Ne
1056 1345 1196 1401 forte
1213 1357 1336 1399 cum
1350 1342 1472 1397 aliis
1488 1339 1750 1412 praedica-

170 1439 332 1492 verim
355 1440 473 1507 ipse
491 1442 758 1511 reprobus
780 1440 1005 1505 elﬁciar,
1034 1454 1144 1495 non
1180 1437 1430 1493 faciendo
1455 1437 1600 1508 quod
1622 1436 1764 1496 dico.

238 1523 426 1579 Aliter.
471 1523 581 1594 Ego
618 1523 697 1579 sic
720 1538 899 1588 curro,
926 1538 1032 1577 non
1060 1523 1218 1593 quasi
1265 1523 1318 1577 in
1356 1523 1643 1579 incertum.
1690 1523 1747 1577 In

173 1612 424 1669 mundiali
448 1627 612 1668 cursu
636 1614 684 1669 si
713 1628 853 1669 unus
881 1612 1031 1683 prior
1081 1604 1374 1668 accesserit
1396 1654 1411 1679 ,
1476 1614 1748 1670 incassum

1851 429 2054 492 futuro,
2103 432 2195 501 qui
2226 432 2427 503 majora
2456 434 2717 490 beneﬁcia
2739 437 3056 507 neglexerit,
3113 440 3425 497 sustinebit.

1848 516 2025 583 Quare
2049 519 2206 585 dixit,
2235 521 2301 575 de
2329 526 2679 593 consequenti
2701 541 2794 580 eos
2814 536 2970 596 petra
2998 527 3185 583 bibere
3206 544 3429 599 aquam,

1848 611 1974 678 quia
2004 609 2254 668 Christus
2292 627 2454 684 quem
2482 615 2597 673 haec
2644 616 2967 689 ﬁgurabant,
3013 628 3203 690 postea
3242 631 3432 677 ventu-

1850 715 1943 755 l'llS
1971 712 2109 755 erat.

1976 807 2311 849 EVANGELIL'II
2350 811 2621 852 SECUNDUM
2659 812 2995 867 HATTHEUII,
3061 815 3180 856 CAP.
3209 818 3302 855 XX.

1925 899 1942 931 ι
1991 880 2180 938 Simile
2215 894 2298 939 est
2352 902 2578 955 regnum
2604 888 2865 943 coriorum
2898 889 3102 945 homini
3132 892 3431 961 patrifami-

1854 987 1871 1018 ι
1916 968 2037 1036 lias,
2071 972 2160 1041 qui
2183 974 2315 1027 exiit
2340 975 2515 1045 primo
2536 992 2695 1033 mane
2724 979 3030 1036 conducere
3070 983 3350 1051 operarios
3372 983 3427 1037 in

1853 1080 1872 1111 ι
1916 1060 2130 1116 vineam
2152 1078 2329 1118 suam.
2344 1065 2713 1123 Conventione
2735 1078 2915 1125 autem
2938 1070 3078 1125 facta
3098 1087 3221 1126 cum
3236 1088 3429 1142 opera-

1857 1166 1873 1198 ι
1922 1150 2019 1206 riis
2043 1167 2109 1206 ex
2138 1153 2360 1210 denario
2378 1154 2598 1223 diurno,
2642 1159 2789 1214 misit
2818 1175 2912 1216 eos
2940 1161 2994 1215 in
3017 1162 3229 1216 vineam
3249 1178 3424 1218 suam.

1853 1262 1871 1295 ι
1918 1243 1988 1298 Ει
2014 1259 2264 1317 egressus
2301 1247 2442 1302 circa
2480 1248 2671 1303 horam
2703 1251 2919 1305 tertiam
2958 1252 3095 1307 vidit
3133 1252 3267 1308 alios
3282 1262 3432 1309 stan-

1851 1355 1870 1389 c
1920 1345 2002 1392 tes
2025 1337 2079 1391 iu
2110 1336 2228 1392 foro
2248 1338 2475 1404 otiosos,
2502 1348 2557 1393 et
2591 1340 2728 1395 dixit
2762 1340 2868 1397 illis
2898 1357 2914 1396 :
2959 1342 3036 1396 lte
3063 1351 3119 1398 et
3144 1359 3241 1398 vos
3270 1344 3322 1398 iu
3353 1344 3433 1399 vi-

1852 1446 1870 1478 ι
1917 1442 2078 1483 neam
2102 1444 2297 1496 meam,
2322 1438 2377 1483 et
2401 1430 2544 1500 quod
2558 1429 2764 1499 justum
2788 1431 2953 1488 fuerit
2977 1432 3118 1488 dabo
3144 1434 3315 1489 vobis.
3343 1434 3423 1489 Illi

1854 1538 1870 1567 ι
1917 1526 2100 1573 autem
2129 1519 2399 1576 abierunt.
2453 1522 2652 1577 lterum
2676 1534 2856 1578 autem
2888 1525 3021 1580 exiit
3046 1525 3191 1580 circa
3220 1536 3430 1580 sextam

1855 1627 1873 1658 ι
1920 1617 1977 1665 et
1991 1625 2187 1665 nonam
2203 1612 2413 1677 horam,
2432 1621 2485 1667 et
2498 1611 2623 1668 fecit
2635 1614 2901 1671 similiter.
2920 1614 3076 1671 Circa
3092 1616 3433 1672 undecimam

173 1706 386 1761 veniunt
416 1705 511 1775 qui
537 1714 852 1776 sequuntur.
905 1703 1173 1760 Caeterum
1220 1704 1272 1758 in
1303 1704 1530 1774 spiritali
1558 1720 1741 1771 cursu,
1773 1702 1818 1761 Β
1853 1721 1871 1754 ‹
1917 1719 2049 1779 vero
2070 1704 2220 1769 exiit,
2239 1705 2661 1762 etinvenitalios
2675 1709 3433 1779 statites,etdixitillis:Quid

172 1793 300 1848 certi
360 1808 588 1860 sumus,
631 1792 772 1862 quod
807 1807 994 1848 omnes
1041 1794 1309 1863 accipiunt
1350 1794 1440 1864 qui
1476 1810 1647 1865 usque
1690 1796 1745 1850 in

175 1886 349 1952 linem,
398 1885 592 1941 collata
639 1901 670 1940 a
698 1885 807 1940 Deo
822 1886 960 1940 dona
982 1886 1313 1950 custodiunt,
1340 1896 1393 1940 et
1411 1887 1501 1956 qui
1526 1896 1745 1958 propter

174 1978 459 2031 humanum
486 1975 722 2031 favorem
744 1977 1023 2047 praedicat,
1051 1987 1235 2033 certus
1250 1990 1382 2032 esse
1404 1978 1470 2032 de
1497 1978 1746 2033 mercede

173 2080 274 2121 non
299 2075 499 2138 potest.

240 2154 359 2210 Non
386 2156 543 2226 quasi
563 2172 734 2211 aerem
755 2156 1051 2221 verberans,
1079 2165 1185 2210 etc.
1236 2156 1294 2212 ld
1310 2164 1412 2221 est,
1437 2173 1541 2212 non
1568 2157 1745 2212 studio

171 2247 420 2303 vanitatis
452 2247 650 2317 aliquid
678 2263 800 2318 ago,
840 2247 934 2302 sed
962 2247 1200 2312 Christo,
1238 2247 1420 2303 cordis
1445 2248 1745 2304 intentione

169 2347 220 2392 ct
232 2339 478 2409 corporis
498 2338 760 2396 mortiﬁca
769 2339 911 2395 tione
936 2339 1206 2397 deservio.

241 2430 319 2486 Ne
336 2432 450 2502 ipse
473 2431 716 2503 reprobus
744 2432 955 2503 efficiar.
1019 2432 1304 2502 Reprobus
1350 2431 1597 2497 edicitur,
1648 2436 1742 2506 qui

170 2531 364 2577 tantum
392 2522 564 2579 verbo
590 2521 766 2587 docet,
810 2534 915 2577 non
958 2522 1227 2593 exemplo,
1252 2523 1345 2594 qui
1376 2538 1532 2579 suam
1556 2540 1745 2596 repro-

174 2622 288 2675 bam
313 2618 446 2675 facit
472 2634 591 2674 esse
610 2617 933 2673 doctrinam.

237 2710 369 2766 Nolo
390 2710 535 2764 enim
563 2726 647 2765 ros
672 2710 937 2781 ignorare,
969 2709 1184 2779 fratres,
1205 2711 1344 2781 quod
1369 2722 1542 2781 patres
1578 2713 1743 2766 nostri

168 2819 334 2856 omnes
354 2801 454 2855 sub
479 2800 611 2854 nube
629 2800 861 2870 fuerunt.
904 2799 1016 2855 Sub
1030 2801 1170 2855 nube
1190 2800 1342 2867 dicit,
1379 2802 1466 2856 illa
1500 2818 1621 2873 quae
1648 2817 1742 2858 eos

168 2894 500 2965 pratcedebat
520 2892 790 2959 columna,
806 2909 926 2963 quae
950 2891 1247 2965 figuraliter
1272 2894 1548 2952 Christum
1572 2896 1741 2966 signi-

169 2985 369 3041 ﬁcabat.
422 2983 597 3041 Nobis
629 2987 773 3040 enim
802 2986 1051 3042 Christus
1081 2987 1330 3042 columna
1358 2997 1461 3053 est,
1503 2990 1630 3060 quia
1656 3005 1739 3045 re—

1856 1815 1872 1846 ι
1920 1795 2008 1851 hic
2026 1796 2182 1851 statis
2204 1804 2314 1851 tota
2345 1798 2432 1852 die
2463 1798 2665 1854 otiosi?
2713 1801 2910 1855 Dicunt
2953 1803 3037 1857 ei:
3088 1802 3224 1869 Quia
3265 1818 3428 1859 nemo

1853 1903 1871 1935 ι
1917 1900 2018 1940 nos
2056 1886 2331 1941 conduxit.
2393 1887 2534 1944 Dicit
2566 1890 2673 1945 illis
2694 1909 2718 1944 .:
2767 1891 2847 1947 lte
2882 1900 2938 1947 et
2980 1906 3075 1948 vos
3122 1894 3175 1948 in
3216 1894 3432 1949 vineam

1854 1992 1872 2024 α
1916 1990 2114 2030 meam.
2130 1975 2264 2031 Cum
2279 1991 2403 2032 sero
2421 1987 2602 2033 autem
2626 1977 2828 2034 factum
2845 1988 3010 2046 esset,
3025 1982 3155 2036 dicit
3168 1982 3431 2038 Dominus

1852 2081 1870 2114 ι
1920 2064 2087 2119 vineae
2101 2067 2438 2135 procuratori
2464 2083 2592 2123 suo:
2626 2070 2769 2125 Voca
2791 2071 3159 2140 operarios,et
3184 2074 3345 2128 redde
3369 2072 3431 2126 il-

1852 2174 1869 2207 ι
1916 2155 1983 2211 lis
2033 2158 2373 2225 mercedem,
2417 2159 2680 2231 incipiens
2710 2176 2742 2216 a
2790 2162 3103 2217 novissimis
3149 2179 3320 2234 usque
3361 2164 3431 2219 ad

1850 2266 1868 2297 ι
1913 2247 2137 2317 primos.
2169 2248 2303 2305 Cum
2327 2250 2601 2307 venissent
2630 2267 2759 2324 ergo
2787 2254 2878 2323 qui
2914 2254 3057 2310 circa
3085 2255 3427 2311 undecimam

1850 2359 1867 2390 ι
1916 2339 2106 2395 horam
2151 2351 2435 2409 venerant,
2484 2353 2810 2413 acceperunt
2857 2347 3099 2418 singulos
3151 2347 3426 2404 denarios.

1850 2455 1868 2486 ι
1917 2436 2403 2492 Venientesautem
2427 2446 2483 2493 et
2501 2439 2685 2509 primi,
2720 2440 2969 2495 arbitrati
2993 2451 3118 2496 sunt
3138 2444 3281 2513 quod
3306 2443 3431 2514 plus

1851 2545 1867 2577 ι
1914 2536 2099 2583 essent
2125 2528 2420 2598 accepturi.
2471 2529 2809 2599 Acceperunt
2836 2539 3082 2586 autemet
3116 2532 3214 2603 ipsi
3245 2533 3426 2604 singu-

1850 2638 1867 2669 ι
1909 2618 1990 2675 los
2032 2619 2306 2675 denarios.
2356 2619 2424 2674 Et
2445 2621 2774 2691 accipientes
2808 2624 3430 2679 murmurahantadver—

1850 2726 1867 2758 ι
1914 2723 2009 2764 sus
2055 2709 2507 2779 patremfamilias
2558 2711 2843 2767 dicentes:
2896 2712 2961 2767 lli
3003 2714 3281 2769 novissimi
3323 2731 3432 2769 una

1848 2817 1866 2849 ι
1907 2798 2042 2855 hora
2072 2799 2340 2868 fecerunt,
2394 2811 2449 2857 et
2496 2817 2658 2872 pares
2715 2802 2834 2859 illos
2882 2804 3036 2860 nobis
3090 2804 3279 2870 fecisti,
3334 2808 3431 2876 qui

1847 2909 1865 2941 ι
1911 2893 2247 2961 portavimus
2272 2894 2484 2963 pondus
2531 2895 2636 2950 diei
2664 2904 2720 2950 et
2754 2904 2938 2951 aestus.
2987 2895 3060 2950 At
3085 2896 3171 2951 ille
3194 2912 3424 2966 respon-

1847 2999 1865 3031 ι
1911 2982 2044 3037 deus
2073 2982 2163 3037 uni
2189 2998 2377 3038 eorum
2407 2984 2543 3039 dixit
2573 2999 2588 3038 :
2633 2985 2841 3051 Amice,
2867 3002 2974 3041 non
2999 2985 3139 3042 facio
3166 2988 3259 3041 tibi
3286 2988 3431 3057 inju-
3463 3048 3466 3051 η

166 3088 278 3135 ειυς
296 3088 349 3136 ει
381 3079 599 3146 ﬁrmus,
627 3088 683 3136 et
702 3079 927 3136 fulciens
956 3079 1330 3138 inﬁrmium“
1353 3056 1615 3141 ηοειηςιη,
1644 3096 1741 3151 ρει-
1768 3056 1811 3119 C
1856 3089 1875 3122 ι
1922 3070 2080 3127 riam.
2138 3072 2327 3128 Nonne
2347 3089 2414 3128 ex
2433 3072 2658 3129 denario
2695 3077 2994 3131 convenisti
3015 3078 3261 3133 mecum?
3284 3078 3434 3133 Tolle

167 3177 366 3224 noctem
389 3168 602 3235 lucens,
627 3184 719 3240 per
748 3170 888 3225 diem
917 3185 1024 3225 non
1053 3168 1260 3238 lucens,
1281 3183 1336 3227 ut
1348 3172 1438 3243 qui
1454 3189 1556 3227 non
1577 3172 1748 3227 rident

165 3261 386 3327 rideant,
419 3271 475 3317 et
502 3262 592 3333 qui
622 3261 792 3317 rident
818 3261 942 3316 cerei
965 3262 1099 3332 ﬁant
1120 3263 1301 3336 (Joan.
1328 3265 1430 3338 Ix).

241 3354 301 3409 Et
338 3372 523 3410 omnes
545 3356 598 3410 in
619 3372 761 3411 mare
791 3356 1134 3424 transierunt,
1157 3366 1207 3413 et
1238 3374 1416 3419 omnes
1442 3359 1497 3414 in
1530 3358 1748 3429 Moysen

166 3444 407 3513 baptizali
421 3454 576 3510 sunt,
598 3444 654 3499 in
680 3444 812 3499 nube
830 3454 877 3500 et
903 3444 958 3501 in
981 3445 1138 3502 mari.
1188 3444 1374 3503 Nubes
1400 3447 1453 3502 in
1476 3448 1611 3502 mari
1642 3447 1750 3502 Ru-

171 3535 280 3589 bro.
340 3535 658 3607 Baptismus
708 3536 894 3607 utique
921 3536 1121 3593 Christi
1170 3538 1430 3609 sanguine
1450 3544 1750 3594 consecra-

167 3635 269 3691 lus;
292 3627 501 3689 hostes,
546 3626 636 3695 qui
662 3633 955 3696 sequentur
1007 3642 1038 3681 a
1069 3636 1242 3700 tergo,
1270 3627 1595 3693 moriuntur,
1620 3642 1747 3698 pec-

166 3726 280 3770 cata
320 3717 601 3786 pnetcrita
634 3717 936 3788 signantur.
988 3718 1163 3774 Moses
1183 3719 1273 3790 qui
1299 3720 1365 3775 de
1391 3718 1630 3791 Egypto
1652 3734 1750 3789 po-

165 3810 341 3881 pulmn
366 3811 468 3866 Dei
492 3810 761 3876 liberavit,
790 3810 993 3868 Christi
1034 3812 1264 3881 ﬁguram
1288 3813 1532 3883 gerebat.

237 3900 299 3954 Et
321 3918 499 3956 omnes
520 3901 753 3957 eamdem
764 3918 934 3957 escam
959 3901 1247 3974 spiritalem
1276 3903 1745 3960 manducarerunt.

171 3992 357 4047 Escam
385 3992 520 4047 dicit
570 3991 864 4062 spiritalem
896 4008 1169 4058 manuam,
1215 4008 1376 4063 quam
1416 3994 1645 4064 populus
1691 3995 1746 4050 in

169 4082 377 4137 deserto
420 4082 786 4137 manducavit.
843 4083 1037 4138 Manna
1084 4093 1264 4139 autem
1292 4092 1449 4156 typus
1477 4092 1565 4140 est
1605 4100 1748 4140 escae

169 4172 449 4239 spiritalis,
492 4188 612 4242 qua:
639 4171 691 4228 in
718 4175 1111 4232 resurrectione
1133 4176 1343 4231 Domini
1378 4177 1582 4233 veritas
1607 4178 1748 4232 facta

166 4271 268 4326 cst,
297 4262 349 4317 iu
373 4263 729 4318 Eucharistiae
745 4266 1079 4335 mysterium.
1106 4265 1211 4322 Iste
1237 4275 1387 4323 estet
1409 4267 1564 4337 panis
1587 4282 1750 4338 ange-

167 4350 363 4418 lorunr,
392 4353 444 4408 id
467 4360 575 4418 est,
603 4351 848 4411 Christus
872 4371 1033 4426 quem
1053 4357 1397 4412 manducavit
1419 4358 1600 4423 homo,
1618 4357 1745 4429 quia

166 4456 263 4511 per
290 4457 415 4496 eum
438 4452 496 4498 ct
523 4444 691 4514 angeli
734 4446 922 4501 vivunt
949 4458 1003 4502 et
1032 4448 1297 4503 homines.

236 4528 306 4584 Et
334 4548 516 4586 omnes
544 4538 777 4589 eumdem
823 4546 998 4606 potum
1028 4538 1355 4608 spiritualem
1386 4540 1644 4605 biberunt,
1670 4540 1748 4594 bi-

166 4620 348 4676 bebant
384 4633 563 4677 autem
584 4624 646 4679 de
666 4625 910 4693 spiritali,
935 4640 1274 4699 consequente
1293 4647 1380 4685 e03
1407 4642 1578 4702 petra,
1599 4642 1748 4703 petra

164 4721 339 4765 autem
372 4722 490 4767 erat
533 4711 790 4771 Christus.
843 4717 1091 4774 Ostendit
1130 4719 1437 4790 Apostolus,
1489 4723 1746 4792 quoniam

165 4803 421 4883 populum
455 4804 641 4871 Israel,
680 4809 914 4877 quandiu
946 4810 1000 4864 in
1028 4810 1244 4866 deserto
1272 4810 1507 4877 fuerunt,
1551 4828 1748 4883 seque-

166 4895 325 4949 batur
353 4911 451 4953 eos
476 4906 647 4968 petra,
678 4913 776 4970 per
800 4916 961 4957 omne
989 4901 1094 4957 iter
1118 4918 1326 4969 eorum,
1386 4906 1526 4959 unde
1552 4904 1749 4974 populo

167 4995 221 5040 et
246 4988 395 5042 omni
421 4990 740 5046 substantire
764 4990 881 5062 ejus
909 4992 1107 5048 ﬂuenta
1128 4993 1453 5060 sufﬁcerent,
1470 4996 1641 5051 donec
1658 5011 1749 5052 ve-

168 5080 377 5136 nientes
414 5082 469 5136 in
503 5090 702 5139 terram
726 5084 900 5149 Moab,
922 5094 1144 5156 puteum
1174 5087 1276 5142 sibi
1304 5087 1551 5143 foderent
1584 5103 1750 5158 aqua-

168 5184 307 5225 rum.
365 5171 521 5239 Quod
546 5185 723 5231 autem
752 5175 805 5229 in
828 5178 1071 5246 sequenti
1101 5177 1254 5244 dicit,
1279 5179 1373 5233 sed
1396 5193 1500 5233 non
1539 5178 1592 5233 in
1624 5178 1745 5249 plu-

167 5261 316 5319 ribus
334 5279 528 5320 eorum
556 5266 946 5336 beneplacitum
971 5278 1057 5323 est
1092 5268 1222 5333 Deo,
1252 5268 1397 5324 hunc
1425 5268 1581 5325 habet
1625 5285 1748 5325 sen—

165 5368 320 5421 sum,
380 5369 456 5410 ne
485 5356 608 5426 quis
635 5358 737 5414 sibi
790 5368 885 5415 aut
914 5360 967 5415 in
998 5361 1268 5432 baptismo
1296 5360 1554 5427 confidat,
1578 5372 1671 5417 aut
1693 5363 1747 5417 in

165 5457 288 5499 esca
325 5446 558 5515 spiritali
586 5448 667 5502 vel
695 5460 821 5520 potu
845 5451 1094 5520 spiritali.
1164 5451 1271 5507 Sed
1291 5452 1337 5507 si
1373 5452 1493 5521 quis
1522 5460 1615 5507 aut
1652 5452 1751 5507 ba-

167 5537 425 5605 ptismum
495 5538 810 5607 violaverit,
861 5550 954 5595 aut
1000 5550 1119 5611 post
1176 5542 1580 5612 perceptionem
1644 5543 1748 5597 cibi

168 5632 408 5687 celestis
456 5633 598 5689 male
629 5635 844 5700 vixerit,
896 5636 1249 5691 contritiones
1278 5651 1412 5705 quas
1453 5635 1545 5689 libi
1590 5636 1752 5690 lsrael

1856 3183 1872 3214 ι
1921 3166 2063 3235 quod
2108 3174 2256 3220 tuum
2313 3175 2435 3233 est,
2481 3175 2536 3223 et
2579 3168 2732 3223 vade.
2810 3168 2944 3224 Volo
2977 3178 3159 3223 autem
3201 3177 3255 3222 et
3306 3170 3434 3225 huic

1859 3277 1876 3306 α
1922 3259 2219 3314 novissimo
2247 3259 2376 3315 dare
2416 3260 2632 3315 sicutet
2668 3260 2781 3314 tibi.
2851 3260 2960 3315 Aut
2989 3276 3095 3316 non
3147 3260 3273 3317 licet
3300 3261 3433 3315 mihi

1857 3367 1876 3400 ι
1913 3350 2057 3420 quod
2078 3350 2200 3405 volo
2224 3349 2424 3417 facere,
2471 3367 2539 3405 an
2563 3351 2751 3407 oculus
2777 3359 2902 3407 tuus
2924 3367 3155 3422 nequam
3180 3360 3286 3418 est,
3305 3352 3433 3423 quia

1856 3461 1873 3493 ι
1921 3456 2021 3513 ego
2071 3442 2247 3497 bonus
2294 3443 2459 3497 sum?
2511 3441 2604 3497 Sic
2639 3450 2803 3498 erunt
2847 3443 3126 3500 novissimi
3166 3443 3350 3514 primi,
3377 3452 3434 3498 ct

1854 3552 1871 3583 ι
1920 3531 2083 3603 primi
2134 3533 2437 3589 novissimi.
2485 3532 2635 3587 Multi
2685 3534 2831 3589 enim
2876 3544 3004 3590 Sunt
3040 3537 3246 3601 vocati,
3275 3537 3433 3609 pauci

1858 3642 1876 3673 ι
1922 3637 2052 3677 vero
2077 3622 2257 3678 electi.
2300 3643 2319 3676 ι

1921 3712 2104 3768 Simile
2131 3725 2207 3769 est
2243 3732 2458 3787 regnum
2512 3716 2760 3773 calorum
2819 3719 3018 3773 homini
3049 3719 3429 3790 patrifamilias

1846 3804 1937 3877 qui
1958 3805 2081 3859 exiit
2102 3805 2270 3874 primo
2316 3822 2470 3861 ntane
2508 3808 2796 3864 conducere
2818 3810 3087 3876 aperarios
3134 3810 3195 3875 in
3221 3812 3425 3866 vincturi

1848 3910 2021 3948 suam.
2076 3891 2177 3965 (Ex
2198 3894 2387 3969 Greg.)
2427 3896 2559 3965 Quis
2606 3912 2737 3953 vero
2770 3899 2942 3968 patris
2968 3897 3202 3954 familias
3244 3901 3434 3955 simili—

1851 3985 2090 4041 tudinem
2116 3986 2319 4041 rectius
2344 3994 2508 4052 tenet,
2539 4002 2701 4058 quam
2722 3989 2970 4045 conditor
2990 3997 3197 4055 noster,
3218 3990 3311 4060 qui
3342 4006 3432 4045 re-

1849 4077 1926 4149 git
1967 4093 2104 4148 quos
2139 4078 2379 4134 condidit
2407 4087 2465 4133 et
2513 4078 2715 4135 electos
2737 4094 2865 4135 suos
2891 4080 2973 4135 sic
3016 4079 3069 4134 in
3101 4081 3205 4136 hoc
3231 4082 3434 4135 mundo

1848 4168 2106 4238 possidet,
2135 4169 2290 4239 quasi
2318 4168 2588 4236 subjectos
2627 4170 2878 4225 dominus
2905 4170 2957 4224 in
2991 4170 3173 4236 domo,
3213 4171 3303 4241 qui
3328 4172 3429 4225 ha—

1849 4259 1942 4315 bet
1970 4259 2186 4313 vineam
2224 4258 2604 4324 universalem,
2629 4259 2836 4315 scilicet
2865 4259 3182 4324 Ecclesiam,
3216 4275 3338 4330 qua:
3361 4260 3432 4315 ab

1848 4347 1982 4404 Abel
2003 4348 2172 4419 justo,
2199 4364 2370 4418 usque
2400 4348 2467 4404 ad
2495 4348 2744 4404 ultimum
2781 4348 3033 4415 electum,
3083 4350 3174 4419 qui
3215 4349 3268 4404 in
3330 4350 3437 4403 line

1848 4440 2033 4495 mundi
2066 4439 2371 4495 nasciturus
2394 4448 2496 4506 est,
2528 4448 2746 4495 sanctos
2763 4440 3008 4510 protulit,
3034 4440 3188 4511 quasi
3228 4441 3435 4510 tntpal-

1849 4532 2009 4587 mites
2022 4531 2188 4587 misit.
2225 4531 2325 4587 Hic
2349 4532 2531 4604 itaque
2551 4532 2959 4603 paterfamilias,
2988 4533 3055 4588 ad
3076 4534 3434 4589 excolendum

1846 4628 2059 4683 vineam
2097 4643 2272 4694 suam,
2322 4643 2481 4685 mane
2512 4629 2646 4684 hora
2668 4629 2842 4693 tertia,
2879 4638 3051 4691 sexta,
3080 4643 3221 4682 noua
3251 4637 3303 4682 et
3330 4645 3432 4683 un-

1848 4720 2079 4784 decima,
2106 4721 2382 4791 operarios
2400 4721 2676 4785 conducit,
2706 4721 2833 4791 quia
2861 4735 2891 4775 a
2922 4720 3107 4775 mundi
3150 4718 3310 4788 hujus
3334 4720 3435 4774 iui-

1851 4811 1926 4866 tio
1956 4826 2127 4881 usque
2158 4811 2211 4865 in
2242 4809 2424 4875 linem,
2458 4811 2526 4866 ad
2548 4811 2897 4866 erudiendum
2934 4809 3143 4880 plebem
3174 4809 3432 4874 ﬁdelium,

1849 4900 2239 4969 pratdicatores
2287 4914 2619 4970 congregare
2643 4915 2749 4953 non
2774 4898 3002 4953 desistit.
3051 4892 3206 4952 Mane
3228 4908 3433 4952 etcum

1850 4990 2037 5045 mundi
2068 4989 2169 5045 fuit
2195 4991 2263 5045 ab
2278 4990 2450 5046 Adam
2480 5006 2649 5059 usque
2677 4990 2741 5045 ad
2771 4989 2905 5055 Noe,
2929 4989 3063 5044 hora
3104 5005 3235 5044 vero
3274 4990 3432 5044 tertia

1849 5083 2213 5154 aNoeusque
2238 5083 2303 5139 ad
2322 5082 2620 5149 Abraham,
2680 5091 2830 5138 sexta
2883 5097 3097 5153 quoque
3142 5081 3211 5137 ab
3266 5082 3433 5136 Abra-

1849 5177 1975 5231 ham
2012 5191 2183 5246 usque
2210 5174 2278 5229 ad
2299 5174 2542 5245 Moysen,
2603 5191 2745 5230 nona
2775 5184 2954 5230 autem
2974 5189 3004 5228 a
3032 5175 3215 5245 Moyse
3258 5188 3429 5244 usque

1853 5269 1920 5322 ad
1967 5268 2257 5323 adventum
2292 5266 2532 5333 Domini,
2573 5269 2855 5349 undecima
2903 5283 3055 5333 vero,
3095 5268 3163 5323 ab
3200 5268 3434 5323 adventu

1854 5358 2062 5414 Domini
2100 5373 2268 5427 usque
2291 5357 2358 5413 ad
2379 5356 2540 5414 linem
2584 5358 2794 5425 mundi,
2839 5360 2893 5413 in
2924 5373 3029 5429 qua
3052 5358 3435 5429 prcedicatores

1854 5451 2025 5507 sancti
2066 5448 2295 5520 apostoli
2334 5449 2485 5505 missi
2512 5459 2659 5516 sunt,
2710 5451 2801 5520 qui
2841 5450 3145 5506 mercedem
3194 5448 3431 5518 plenam,

1856 5556 1909 5602 ct
1935 5546 2086 5600 tarde
2113 5545 2389 5599 venientes
2424 5553 2768 5614 acceperunt.
2820 5544 2901 5598 Ad
2934 5541 3282 5596 erudiendum
3304 5553 3436 5604 ergo

1859 5638 2116 5692 Domitius
2134 5635 2341 5705 plebem
2364 5650 2538 5700 suam,
2555 5634 2699 5688 multo
2730 5644 2965 5701 tempore
2988 5629 3195 5684 destitit
3219 5627 3433 5681 mittere
