3946 6422
538 255 640 314 103

1824 251 2172 305 SMARiGi‘il
2214 249 2499 304 .\ll|’..\TlS

3690 254 3790 306 itit

534 374 833 446 operarios,
877 373 1003 442 quia
1027 379 1082 426 et
1115 362 1273 442 prius
1303 385 1397 439 per
1423 378 1625 440 patres,
1668 376 1721 422 et
1770 367 2107 436 postmodum
2143 372 2183 427 Α
2222 384 2236 412 ι
2284 374 2339 417 et
2383 380 2520 431 ego:
2577 364 2770 416 Semen
2802 363 3030 416 Abrahae
3081 371 3227 426 sunt,
3278 372 3334 416 et
3377 377 3513 431 ego:
3552 362 3789 418 Ministri

534 479 631 534 per
668 461 798 533 legis
825 463 1071 516 doctores
1093 469 1145 515 et
1174 461 1483 531 prophetas.
1532 459 1613 513 Ad
1660 465 1956 512 extremum
1982 471 2109 507 vero

533 568 632 622 per
676 550 969 621 apostolos,
994 550 1120 604 dum
1152 550 1294 619 plebi
1325 565 1435 604 sua:
1461 564 1642 603 mores
1670 545 1926 607 excoluit,
1955 543 2109 612 quasi

534 658 629 711 per
650 639 927 710 operarios
948 640 1003 694 in
1014 640 1183 694 viuere
1198 640 1421 693 cultura:
1442 653 1602 707 opera
1624 636 1906 698 laboravit,
1927 648 2111 703 quam-

533 734 615 787 vis
644 734 697 787 in
732 733 971 802 quolibet
991 732 1230 796 modulo,
1283 731 1365 785 vel
1395 745 1668 794 mensura,
1699 727 1944 798 quisquis
1989 741 2108 779 cum

535 825 638 879 fide
657 834 805 879 recta
830 824 986 879 bona:
1008 823 1235 879 actionis
1263 822 1490 885 exstitit,
1540 820 1699 890 hujus
1734 819 1903 873 viuere
1927 832 2111 885 opera-

535 918 649 972 rius
676 916 797 973 fuit.
851 915 1117 985 Operator
1150 929 1278 984 ergo
1308 928 1467 968 mane
1500 912 1633 966 hora
1675 909 1852 972 tertia,
1881 914 2033 961 sexta
2061 915 2113 959 et

536 1023 698 1072 nona,
726 1006 980 1076 antiquus
1007 1005 1096 1059 ille
1122 1012 1176 1058 et
1202 1004 1497 1058 llebraicus
1520 1001 1747 1072 populus
1775 998 2109 1066 designatur,

536 1099 705 1168 quiin
728 1097 913 1155 electis
941 1097 1054 1151 suis
1082 1097 1149 1150 ab
1179 1095 1293 1166 ipso
1317 1094 1501 1148 mundi
1534 1091 1777 1155 exordio,
1809 1091 1935 1143 dum
1965 1097 2113 1142 recte

537 1189 706 1243 Deum
729 1188 933 1243 studuit
960 1187 1154 1249 colere,
1173 1187 1325 1256 quasi
1358 1200 1462 1239 non
1486 1182 1693 1237 destitit
1724 1180 1778 1234 in
1801 1179 1971 1233 viuere
2002 1176 2115 1231 cul-

538 1289 660 1334 tura
690 1280 953 1333 laborare.
1021 1277 1101 1331 Ad
1128 1277 1468 1331 undecimam
1501 1289 1628 1327 vero
1658 1271 1885 1342 gentiles
1910 1284 2111 1321 vocan-

538 1379 643 1434 tur,
684 1368 877 1439 quibus
906 1378 960 1423 et
987 1368 1211 1422 dicitur:
1239 1366 1376 1432 Quid
1392 1365 1479 1419 hic
1504 1364 1661 1417 statis
1692 1370 1801 1415 tota
1827 1360 1913 1414 die
1934 1358 2112 1415 otiosi.

536 1460 628 1529 qui
651 1459 793 1514 enim
823 1466 1095 1513 transacto
1139 1465 1247 1511 tam
1296 1456 1453 1526 longo
1479 1454 1662 1509 mundi
1699 1461 1959 1519 tempore,
2019 1464 2115 1517 pro

537 1551 646 1603 vita
688 1566 784 1604 sua
814 1549 1062 1603 laborare
1107 1547 1476 1617 neglexerant,
1520 1543 1672 1612 quasi
1712 1550 1817 1595 tota
1847 1540 1931 1592 die
1956 1539 2114 1593 otiosi

538 1640 768 1692 stabant.
792 1638 1044 1701 Peusate,
1072 1637 1285 1700 fratres,
1313 1635 1440 1703 quid
1464 1632 1705 1703 inquisiti
1732 1631 2110 1699 respondeant.

538 1729 732 1782 Dicunt
755 1728 920 1792 enim,
948 1728 1071 1796 quia
1105 1740 1261 1780 nemo
1287 1740 1382 1780 nos
1410 1724 1687 1787 conduxit,
1719 1722 1897 1775 nullus
1914 1721 2113 1788 quippe
2146 1718 2188 1776 Β

535 1820 601 1872 ad
622 1834 715 1872 eos
744 1818 1071 1886 patriarcha.
1098 1814 1278 1870 nullus
1306 1815 1566 1884 propheta
1596 1821 1839 1867 venerat.
1897 1812 1963 1864 Et
1986 1812 2114 1878 quid

535 1918 619 1961 est
644 1908 823 1962 dicere
846 1907 913 1960 ad
943 1906 1185 1959 laborem
1213 1920 1370 1959 nemo
1404 1920 1502 1958 uos
1524 1903 1812 1965 conduxit,
1864 1901 1967 1954 nisi
1992 1900 2114 1953 viue

536 1999 690 2051 nobis
739 2000 851 2051 vias
877 2012 1036 2051 nemo
1065 1994 1399 2064 praedicavit.
1461 1993 1600 2060 Quid
1628 2007 1757 2062 ergo
1785 2007 1885 2045 nos
1911 2007 1940 2044 a
1972 1991 2115 2044 bono

536 2102 699 2155 opere
724 2095 1017 2151 cessantes,
1036 2087 1087 2140 in
1113 2086 1464 2140 excusatione
1492 2094 1674 2139 nostra
1688 2082 1882 2137 dicturi
1907 2099 2113 2145 smnus,

537 2179 628 2246 qui
655 2191 790 2246 pene
819 2194 848 2230 a
878 2178 1069 2230 matris
1094 2184 1248 2229 utero
1273 2177 1337 2229 ad
1371 2175 1531 2229 fidem
1554 2175 1815 2234 venimus,
1840 2174 1929 2241 qui
1955 2174 2114 2225 verba

537 2274 660 2325 vitae
687 2272 755 2325 ab
800 2271 931 2340 ipsis
952 2270 1231 2324 cunabulis
1275 2269 1600 2331 audivimus,
1634 2266 1726 2335 qui
1765 2267 1833 2319 ab
1864 2264 2117 2319 uberibus

538 2379 739 2423 sancta)
760 2367 1034 2431 Ecclesiie,
1065 2375 1250 2436 potum
1275 2379 1522 2433 supernae
1545 2361 1943 2433 prmrlicationis
1971 2376 2116 2415 sum-

537 2460 742 2531 psimus
767 2475 888 2515 cum
912 2459 1052 2513 lacte
1077 2457 1278 2512 carnis.
1334 2456 1627 2509 Possumus
1652 2469 1780 2507 vero
1804 2460 1857 2506 et
1898 2454 2115 2506 easicm

539 2550 881 2604 diversitates
901 2549 1157 2602 horarum
1185 2547 1348 2601 etiam
1375 2546 1443 2599 ad
1467 2559 1901 2613 unumquemque
1943 2542 2119 2597 homi-

541 2658 687 2705 nem,
709 2657 805 2710 per
826 2647 1044 2694 :etatum
1070 2646 1344 2693 momenta
1365 2637 1714 2706 distinguere.
1750 2635 1903 2689 Mane
1923 2634 2118 2704 quippe

543 2732 849 2785 intellectus
896 2730 1067 2784 nostri
1119 2729 1351 2797 pueritia
1407 2736 1514 2794 est,
1564 2728 1697 2781 hora
1747 2735 1926 2781 autem
1961 2727 2118 2779 tertia

541 2824 905 2877 adolescentia
943 2821 1165 2891 intelligi
1201 2827 1397 2890 potest.
1456 2819 1589 2886 Quia
1613 2819 1765 2889 quasi
1797 2819 1909 2888 jam
1942 2818 2021 2873 sol
2062 2820 2117 2872 in

543 2916 708 2969 altum
755 2913 968 2984 prolicit
1013 2913 1138 2967 dum
1170 2912 1317 2966 calor
1348 2911 1525 2965 aetatis
1554 2911 1769 2964 crescit.
1812 2908 1975 2963 Sexta
1991 2923 2119 2961 vero

541 3010 786 3075 iuventus
823 3014 928 3072 est,
960 3006 1083 3074 quia
1110 3004 1253 3059 velut
1283 3004 1335 3057 in
1358 3012 1543 3057 centro
1567 3003 1645 3057 sol
1670 3002 1869 3072 figitur,
1894 3003 2018 3055 dum
2063 3002 2117 3055 in

539 3115 603 3151 eo
624 3096 900 3167 plenitudo
916 3097 1124 3150 roboris
1154 3095 1250 3149 soli
1280 3096 1455 3149 datur.
1490 3094 1638 3147 Noua
1666 3104 1841 3147 autem
1865 3104 2115 3151 senectus

542 3190 878 3259 intelligitur,
932 3188 985 3241 in
1033 3203 1139 3257 qua
1187 3186 1329 3241 velut
1359 3186 1437 3241 sol
1466 3186 1534 3241 ab
1559 3186 1666 3240 alto
1697 3201 1796 3239 axe
1820 3186 2107 3247 descendit,

540 3281 666 3350 quia
722 3288 853 3333 retas
902 3294 933 3332 a
978 3277 1155 3332 calore
1198 3275 1497 3345 iuventutis
1556 3277 1758 3331 deﬁcit.
1820 3277 2117 3332 Undecima

542 3386 671 3425 vero
697 3371 853 3434 hora,
881 3376 1011 3423 tetas
1040 3376 1123 3421 est
1185 3383 1303 3436 quze
1334 3367 1606 3437 decrepita
1644 3367 1728 3421 vel
1751 3378 2004 3423 veterana
2043 3370 2117 3424 di-

542 3462 684 3514 citur
711 3460 888 3523 ;undc
917 3466 971 3513 et
1000 3457 1172 3512 Grieci
1200 3458 1353 3511 valde
1380 3459 1637 3521 seniores,
1683 3474 1787 3512 non
1835 3464 2112 3533 γερὼντας,

544 3552 639 3606 sed
671 3551 1056 3627 πρεσϐυτέρους
1097 3548 1389 3619 appellant,
1421 3557 1478 3602 ut
1501 3549 1781 3617 plusquam
1814 3566 1969 3604 senes
1995 3566 2117 3603 esse

545 3642 902 3705 insinuarent,
931 3655 1067 3708 quos
1090 3638 1441 3709 profectiores
1468 3650 1676 3692 vocant.
1732 3638 1866 3705 Quia
1895 3654 2023 3707 ergo
2050 3639 2115 3691 ad

544 3732 706 3787 vitam
730 3733 924 3787 bonam
947 3731 1081 3786 alius
1118 3732 1172 3786 in
1203 3731 1453 3801 pueritia,
1486 3731 1623 3785 alius
1648 3732 1702 3785 in
1727 3732 2113 3797 adolescentia,

545 3823 680 3877 alius
700 3823 751 3876 in
773 3821 1069 3890 iuventute,
1121 3820 1259 3875 alius
1284 3822 1336 3875 in
1365 3831 1659 3885 senectute,
1687 3820 1825 3875 alius
1851 3823 1903 3875 in
1932 3822 2117 3875 decre-

545 3917 653 3985 pita
706 3921 863 3968 aetate
909 3914 1240 3983 perducitur,
1274 3912 1425 3983 quasi
1449 3913 1677 3967 diversis
1704 3913 1854 3967 horis
1881 3912 2116 3981 Operarii

545 4006 612 4059 ad
637 4004 847 4058 vineam
880 4012 1158 4059 vocantur.

1173 4108 1486 4150 CONCORDIA.

613 4186 671 4240 In
702 4185 805 4241 hoc
856 4185 1078 4240 istarum
1106 4184 1332 4240 duarum
1384 4183 1445 4239 ﬁt
1482 4181 1772 4239 concordia
1802 4182 2113 4247 lectionum,

544 4280 671 4350 quia
715 4279 852 4334 sicut
889 4278 1175 4349 Apostolus
1223 4277 1460 4333 currenti
1488 4277 1760 4340 bravimn,
1813 4277 1886 4331 ita
1945 4276 2117 4330 Evan-

545 4373 740 4442 gelinm
790 4371 977 4426 tribuit
1018 4370 1488 4441 perseverantibus
1518 4369 1571 4423 in
1591 4367 1776 4422 labore
1814 4367 2112 4430 denarium,

545 4469 599 4515 et
628 4460 767 4530 quod
791 4459 1136 4530 Evangelium
1170 4456 1322 4523 dicit,
1354 4456 1507 4511 multi
1541 4457 1738 4511 vocati.

546 4554 720 4609 stolus
764 4553 880 4607 ait:
951 4550 1144 4605 Omnes
1189 4548 1397 4620 quidem
1438 4558 1654 4601 currunt
1682 4587 1697 4611 ,
1764 4554 1819 4599 et
1875 4548 2016 4617 quod
2061 4547 2115 4601 in

548 4644 835 4716 Evangelio
861 4644 1020 4715 pauci
1060 4642 1254 4705 electi,
1292 4641 1390 4695 hos
1414 4639 1700 4708 Apostolus
1725 4640 1872 4703 dicit,
1903 4648 2120 4709 propter

548 4738 809 4791 unitatem
849 4734 1089 4804 corporis
1133 4731 1335 4786 Christi
1386 4745 1526 4784 unus
1573 4730 1768 4798 accipit
1809 4730 2075 4783 bravinm.

870 4841 1193 4900 DOMINICA
1235 4839 1303 4894 IN
1340 4837 1797 4894 SEXAGESIMA.

584 4954 775 4995 LECTIO
807 4951 1077 4994 ειιιετοιιε
1117 4949 1273 4990 ΒΕΛΤΙ
1314 4948 1465 4987 PAULI
1505 4947 1758 4987 APOSTOLI
1796 4950 1863 4986 AD
1898 4949 2079 4989 CORIN-

1080 5019 1236 5059 ratos
1290 5019 1350 5067 ιι,
1389 5018 1506 5057 car.
1536 5017 1611 5055 xi.

624 5118 643 5150 ι
688 5097 943 5152 Libenter
982 5093 1218 5148 suﬂ‘ertis
1260 5088 1749 5161 insipientes,'cum
1774 5091 1892 5147 sitis
1916 5093 2013 5161 ipsi
2040 5109 2120 5147 sa-

555 5211 572 5243 ι
614 5191 842 5261 pientes.
890 5186 1183 5242 Sustinetis
1212 5185 1354 5238 enim
1384 5185 1429 5239 si
1450 5183 1573 5254 quis
1598 5200 1692 5239 vos
1720 5185 1772 5237 in
1798 5185 2114 5239 servitutem

556 5305 571 5333 ι
617 5281 830 5350 redigit,
865 5279 910 5333 si
941 5277 1062 5348 quis
1084 5278 1321 5341 devorat,
1357 5276 1400 5330 si
1422 5275 1544 5345 quis
1576 5276 1791 5344 accipit,
1820 5275 1861 5328 si
1890 5276 2010 5344 quis
2033 5292 2118 5328 ex-

558 5395 573 5424 ι
624 5372 849 5435 tollitur,
888 5370 933 5425 si
963 5370 1085 5439 quis
1130 5370 1185 5423 iu
1215 5367 1405 5426 faciem
1431 5383 1528 5423 vos
1575 5368 1751 5423 credit.
1810 5366 2117 5421 Secundum

559 5487 574 5513 ε
627 5462 1008 5533 ignobilitatem
1030 5461 1176 5526 dico,
1224 5461 1378 5530 quasi
1414 5477 1511 5515 nos
1534 5461 1732 5514 infirmi
1758 5458 2016 5513 fuerimus
2064 5460 2115 5512 in

560 5576 576 5605 ι
624 5556 722 5607 hac
756 5560 927 5621 parte,
965 5553 1018 5607 iu
1052 5568 1156 5622 quo
1184 5553 1303 5622 quis
1327 5553 1505 5606 audet.
1558 5550 1616 5604 1ιι
1641 5551 1947 5617 insipientia
1976 5550 2114 5611 dico,

563 5662 580 5693 ι
627 5643 795 5698 audeo
816 5653 867 5699 et
894 5659 991 5714 ego
1016 5662 1027 5699 :
1055 5642 1263 5698 llebrzei
1292 5648 1502 5708 sunt,et
1532 5655 1631 5710 ego
1657 5655 1669 5691 ε
1700 5638 1951 5692 lsraelitaz
1975 5646 2115 5701 sunt,

1813 4457 1925 4511 lloc
1978 4422 2193 4525 Αροζί)

2216 474 2233 505 ι
2279 456 2474 510 Christi
2504 465 2651 518 sunt,
2701 466 2754 509 et
2776 472 2907 524 ego,
2948 463 3005 509 ut
3041 456 3217 508 minus
3248 455 3463 524 sapiens
3494 456 3639 517 dico,
3677 457 3794 525 plus

2216 563 2233 594 ι
2280 562 2396 613 ego.
2466 545 2519 598 In
2572 546 2843 597 lz'ilaoribus
2873 544 3137 612 plurimis,
3195 544 3248 598 in
3281 545 3593 598 Carcerihus
3623 546 3793 599 almu-

2217 656 2233 683 ι
2277 637 2513 695 Cautius,
2547 636 2598 688 in
2652 635 2822 702 plagis
2853 650 3010 703 supra
3045 636 3280 698 modum,
3313 635 3364 688 in
3390 635 3659 690 mortibus
3686 638 3791 689 t‘re-

2217 748 2234 778 ‹
2281 738 2525 797 quenter.
2597 728 2636 779 Α
2668 726 2867 779 inuris
2912 728 3195 795 quinquies
3228 727 3642 798 quadragenas,
3691 745 3790 781 una

2218 837 2235 868 ι
2282 819 2460 871 minus
2488 819 2686 886 accepi.
2755 818 2861 871 Ter
2898 818 3059 886 virgis
3088 833 3258 871 cmsus
3281 833 3421 880 sum,
3465 820 3634 872 semel
3668 819 3795 887 lapi-

2220 929 2237 959 ‹
2282 911 2437 963 datus
2468 927 2608 971 smn,
2674 909 3114 978 tcrnaufrrgium
3163 910 3286 974 feci,
3326 922 3483 965 nocte
3521 928 3585 967 ac
3621 914 3711 966 die
3745 914 3792 966 in

2219 1022 2237 1053 ‹
2282 1000 2548 1070 profundo
2578 1001 2742 1053 maris
2775 998 2875 1064 fui,
2926 1000 2977 1052 in
3003 1001 3285 1054 itineribus
3314 1018 3473 1070 smpe.
3531 1002 3795 1055 Periculis

2220 1110 2236 1141 ι
2283 1091 2582 1153 11ιιιιιὶιιιιιιι,
2606 1090 2861 1158 periculis
2885 1090 3172 1153 latronum,
3206 1091 3459 1159 periculis
3483 1106 3546 1143 ex
3575 1108 3791 1160 genere,

2221 1202 2236 1232 ι
2285 1182 2539 1252 periculis
2570 1199 2633 1234 ex
2672 1182 2940 1250 gentibus,
2983 1181 3237 1249 periculis
3266 1184 3317 1235 in
3357 1183 3598 1246 civitate,
3657 1186 3795 1250 peri-

2222 1293 2238 1323 ι
2288 1272 2421 1326 culis
2447 1272 2499 1325 in
2525 1272 2832 1331 solitudine,
2863 1271 3116 1340 periculis
3139 1271 3191 1324 in
3225 1271 3381 1335 mari,
3430 1272 3694 1339 periculis
3741 1272 3790 1324 in

2223 1386 2241 1416 ‹
2283 1365 2431 1419 falsis
2482 1364 2759 1419 fratribus.
2817 1366 2873 1419 ln
2909 1366 3093 1419 labore
3126 1374 3180 1420 et
3205 1382 3464 1429 :erumua,
3517 1368 3569 1421 in
3600 1368 3795 1437 vigiliis

2224 1478 2241 1508 ι
2288 1459 2488 1513 multis.
2544 1459 2598 1512 lu
2644 1458 2784 1511 fame
2813 1466 2867 1511 ct
2892 1458 3003 1523 siti,
3034 1458 3328 1528 injcjuuiis
3357 1459 3561 1521 inultis,
3618 1460 3671 1513 iu
3707 1460 3793 1512 fri-

2224 1567 2241 1597 ι
2284 1565 2411 1618 gore
2436 1559 2489 1603 et
2512 1550 2771 1604 nuditate.
2802 1549 3004 1603 Prmter
3027 1548 3111 1603 illa
3136 1565 3253 1619 qme
3276 1550 3618 1603 extrinsecus
3654 1559 3792 1610 sunt,

2225 1661 2243 1691 ι
2289 1643 2543 1696 instantia
2574 1658 2690 1694 mea
2720 1642 3033 1710 quotidiana
3078 1641 3385 1694 sollicitudo
3432 1640 3678 1693 omnium
3704 1642 3795 1694 Ee-

2223 1752 2241 1782 ι
2289 1733 2605 1786 clcsiarum.
2655 1733 2785 1799 Quis
2811 1733 3136 1797 infirmatur,
3160 1741 3215 1787 ct
3242 1749 3340 1803 ego
3371 1749 3473 1785 non
3509 1732 3795 1786 infirmet“?

2221 1842 2238 1873 ι
2283 1824 2415 1889 Quis
2458 1824 2873 1887 scandalizatur,
2914 1832 2977 1876 et
3003 1839 3102 1893 ego
3128 1840 3234 1879 non
3270 1824 3439 1877 uror?
3493 1822 3549 1879 Si
3580 1825 3793 1893 gloriati

2223 1930 2239 1961 ι
2289 1920 2520 1981 Oportet,
2576 1929 2694 1981 qua)
2741 1912 3069 1967 infirmitatis
3107 1929 3241 1967 mea}
3288 1923 3450 1980 sunt,
3500 1915 3790 1985 gloria‘.:or.

2222 2021 2239 2053 ι
2285 2003 2425 2055 Dens
2440 2012 2493 2055 et
2523 2012 2675 2071 pater
2712 2001 2924 2055 Domini
2955 2002 3121 2056 nostri
3153 2001 3279 2057 Jcsu
3323 2002 3524 2057 Christi
3550 2006 3678 2069 scit,
3709 2009 3793 2074 qui

2221 2114 2238 2144 ι
2287 2092 2775 2148 estbcnedictusin
2814 2094 3029 2153 sa'cula,
3078 2094 3221 2163 quod
3274 2110 3379 2149 non
3402 2096 3657 2149 mentior.
3699 2098 3794 2150 Da—

2223 2206 2239 2236 ι
2288 2186 2450 2239 masci
2496 2187 2811 2253 praepositus
2862 2187 3034 2255 gentis
3062 2186 3239 2242 Arche
3282 2190 3427 2259 regis
3457 2192 3795 2245 custodielat

2222 2294 2240 2325 ι
2285 2277 2555 2337 civitatein
2584 2277 3058 2339 Damascenorum,
3089 2286 3145 2331 ut
3173 2294 3260 2333 me
3286 2280 3791 2350 comprehenderet,

2223 2387 2239 2415 ι
2286 2378 2341 2421 et
2364 2386 2461 2439 per
2484 2369 2778 2422 fenestram
2804 2369 2855 2422 in
2882 2378 3065 2438 sporta
3117 2370 3369 2424 dimissus
3404 2387 3522 2425 sum
3550 2388 3654 2441 per
3683 2389 3788 2425 mu-

2223 2476 2239 2505 ι
2287 2465 2498 2521 rum,et
2526 2457 2604 2511 sic
2625 2457 2782 2528 effugi
2812 2474 3001 2512 manus
3028 2457 3161 2526 ejus.
3216 2460 3281 2513 Et
3316 2461 3358 2515 si
3385 2461 3607 2531 gloriari
3638 2478 3795 2531 epor-

2226 2567 2243 2597 ‹
2292 2556 2386 2609 tet,
2419 2563 2525 2602 nou
2550 2548 2760 2616 expedit
2792 2548 3030 2618 quidem.
3084 2550 3309 2603 Veniam
3337 2559 3516 2603 autem
3542 2552 3613 2605 ad
3644 2553 3797 2606 visio-

2283 2655 2381 2695 ncs
2481 2648 2535 2693 et
2563 2639 2920 2693 revelationes
2941 2641 3172 2695 Domini.
3251 2640 3375 2696 Scio
3424 2642 3702 2697 hominem
3747 2644 3794 2697 iu

2288 2729 2504 2782 Christo
2534 2738 2659 2783 ante
2702 2745 2872 2783 annos
2915 2729 3319 2798 quatuordecim
3348 2772 3363 2794 ,
3419 2732 3533 2786 sive
3583 2734 3636 2786 in
3685 2749 3797 2786 coro

2287 2835 2437 2888 pore,
2468 2822 2579 2874 sive
2600 2829 2752 2873 extra
2786 2836 2981 2889 corpus
3016 2821 3218 2884 nescio,
3260 2822 3398 2876 Deus
3428 2818 3548 2887 scit,
3588 2833 3794 2892 raptum

2288 2911 2593 2980 lmjusmodi
2626 2928 2796 2980 usque
2837 2912 2905 2965 ad
2935 2911 3153 2965 tertium
3183 2912 3400 2967 co‘lum.
3455 2913 3519 2966 Et
3565 2914 3682 2967 scio
3707 2914 3798 2966 hu-

2224 3022 2241 3053 ι
2279 3002 2514 3070 jnsmodi
2546 3004 2835 3067 hominem,
2865 3003 2977 3057 sive
3005 3004 3056 3057 in
3085 3020 3332 3073 corpore,
3369 3006 3480 3058 sive
3511 3015 3667 3059 extra
3687 3021 3796 3058 cor.

2289 3109 2410 3162 pus,
2440 3093 2645 3156 nescio,
2672 3094 2812 3147 Deus
2841 3094 2963 3158 scit,
2997 3103 3208 3163 raptum
3241 3094 3542 3163 huiusmodi
3569 3096 3625 3149 in
3648 3110 3795 3163 para-

2290 3186 2489 3250 disum,
2512 3194 2567 3238 ct
2590 3185 2795 3239 audivit
2818 3200 3013 3239 arcana
3052 3186 3237 3251 verba,
3265 3202 3383 3256 qua:
3418 3202 3523 3241 non
3555 3188 3685 3243 licet
3709 3188 3793 3240 ho—

2289 3280 2422 3333 mini
2452 3279 2618 3347 loqui.
2670 3278 2774 3331 Pro
2803 3277 3106 3345 hujusmozli
3138 3279 3429 3350 gloriabor,
3469 3296 3568 3349 pro
3600 3298 3685 3335 me
3709 3296 3795 3333 an-

2292 3376 2399 3421 tem
2449 3368 2580 3422 nihil
2624 3368 2911 3439 gloriabor,
2955 3369 3058 3422 nisi
3085 3370 3137 3422 in
3188 3369 3598 3424 infirmitatibus
3643 3370 3788 3423 meis.

2292 3456 2424 3511 Nam
2447 3466 2499 3510 et
2520 3458 2564 3511 si
2598 3457 2817 3513 voluero
2855 3458 3095 3528 gloriari,
3127 3473 3230 3512 non
3258 3474 3353 3512 ero
3384 3458 3665 3529 insipiens.
3708 3460 3797 3511 Vc-

2292 3549 2505 3602 ritatem
2548 3549 2689 3603 enim
2735 3549 2908 3603 (licam
2943 3566 2957 3601 :
3024 3565 3186 3618 parco
3241 3558 3420 3603 autent
3457 3565 3523 3603 ne
3565 3553 3691 3621 quis
3718 3567 3793 3605 me

2290 3638 2584 3702 existimet,
2619 3654 2781 3707 supra
2828 3639 2880 3692 id
2928 3640 3072 3708 quod
3113 3640 3260 3694 videt
3302 3640 3354 3695 in
3386 3656 3491 3704 me,
3532 3651 3629 3697 aut
3657 3644 3795 3697 audit

2291 3729 2490 3797 aliquid
2515 3745 2580 3783 cx
2603 3746 2709 3784 me.
2756 3730 2821 3783 Et
2853 3746 2919 3783 uc
2950 3730 3261 3798 magnitudo
3291 3732 3684 3788 revelationnm
3712 3751 3797 3788 cx-

2290 3823 2441 3875 tollat
2474 3836 2579 3885 me,
2631 3824 2789 3877 datus
2820 3831 2904 3877 est
2945 3822 3074 3877 mihi
3115 3823 3364 3878 stimulus
3421 3825 3608 3879 carnis
3651 3842 3793 3886 mezr,

2289 3918 2509 3987 angelus
2545 3918 2757 3969 Satrium
2785 3916 2872 3983 qui
2918 3932 3003 3970 me
3033 3915 3354 3986 colaphizet.
3405 3915 3639 3987 PrOpter
3663 3918 3795 3987 quod

2291 4014 2371 4059 ter
2392 4008 2673 4059 Doliturum
2706 4005 2910 4074 rogavi,
2951 4012 3012 4058 ut
3032 4006 3331 4061 discedei'ct
3352 4022 3381 4059 a
3414 4022 3521 4061 me.
3574 4007 3645 4061 Et
3670 4007 3797 4060 dixit

2288 4096 2465 4150 mihi:
2526 4095 2739 4148 Sufﬁcit
2792 4095 2887 4148 tibi
2936 4096 3110 4165 gratia
3160 4111 3299 4150 mea.
3364 4095 3498 4149 Nam
3539 4097 3713 4152 virtus
3750 4098 3794 4149 in

2290 4186 2604 4241 infirmitate
2639 4185 2936 4254 perficitur.
2992 4184 3429 4255 Libenterigitnr
3453 4187 3727 4256 gloriabor
3749 4188 3792 4239 in

2288 4280 2695 4335 inﬁrmitatibus
2757 4280 2927 4340 meis,
2982 4287 3040 4331 ut
3088 4279 3355 4334 inhabitet
3405 4279 3458 4333 in
3500 4295 3585 4333 me
3636 4281 3796 4333 virtus

2224 4388 2243 4420 ι
2285 4368 2508 4424 Christi.
2554 4390 2572 4421 ι

2289 4460 2528 4513 Libenter
2548 4460 2683 4513 enim
2707 4460 2938 4528 stt/fertis
2960 4459 3280 4529 insipientes,
3311 4476 3425 4513 cum
3451 4460 3564 4515 silis
3590 4461 3691 4530 ipsi
3716 4476 3793 4511 sa-

2216 4552 2430 4620 pientes.
2463 4550 2573 4603 lloc
2601 4557 2685 4604 est
2727 4550 2927 4614 dicere,
2973 4550 3141 4603 miror
3191 4566 3312 4605 cum
3346 4552 3619 4620 sapientes
3662 4551 3791 4609 sitis.

2222 4651 2331 4694 tam
2363 4639 2518 4693 facile
2542 4640 2915 4709 insipientibus
2942 4640 3303 4704 consensisSe,
3332 4650 3385 4694 et
3409 4641 3451 4693 si
3486 4641 3607 4695 illos
3639 4653 3792 4711 prava

2219 4730 2577 4800 praedicantes
2607 4730 2839 4783 li‘:euter
2863 4730 3107 4793 audistis,
3127 4746 3209 4783 me
3225 4731 3374 4784 utilia
3404 4730 3557 4785 vobis
3581 4733 3788 4801 loqueno

2223 4831 2329 4874 tem
2364 4820 2532 4874 multo
2561 4820 2730 4889 magis
2760 4820 2947 4874 audire
2976 4820 3203 4884 debetis,
3231 4822 3379 4875 brevi
3424 4820 3792 4890 reprehensio-

2220 4926 2286 4964 ne
2332 4911 2666 4980 perstringit,
2718 4911 2987 4987 quomodo
3037 4912 3298 4980 imperitis
3351 4912 3663 4967 doctoribus
3711 4924 3790 4963 ac-

2218 5003 2499 5071 quiescant
2520 5002 2767 5055 dicendo.

2291 5092 2615 5147 Sustineutes
2640 5095 2802 5159 enim,
2835 5095 2881 5147 si
2908 5096 3022 5164 quis
3059 5111 3144 5148 vos
3193 5096 3247 5149 in
3269 5102 3563 5148 servitutem
3592 5091 3786 5161 redigit.

2216 5184 2271 5239 1d
2322 5194 2403 5237 est
2435 5225 2449 5247 ,
2480 5184 2599 5240 illos
2642 5185 2839 5239 auditis
2875 5193 2930 5239 et
2976 5185 3084 5240 illis
3121 5185 3374 5254 prailietis
3416 5183 3784 5238 obedientiam.

2218 5275 2307 5343 qui
2336 5290 2430 5327 vos
2463 5275 2595 5344 legis
2626 5274 2809 5328 volunt
2839 5276 3068 5330 subdere
3111 5276 3377 5339 servituti,
3420 5275 3498 5328 vel
3539 5272 3788 5344 superbia!

2218 5365 2583 5426 sicerdotum,
2625 5365 2717 5433 qui
2760 5366 2812 5418 iu
2866 5365 3061 5434 populo
3114 5365 3419 5420 Judteorum
3483 5365 3789 5419 videbantur

2218 5472 2473 5512 exercere
2500 5457 2849 5510 dominatum.

2292 5547 2486 5614 Siquis
2513 5546 2741 5598 devorat.
2796 5548 2850 5600 ld
2900 5552 3003 5609 est,
3055 5548 3097 5602 si
3148 5548 3235 5615 qui
3282 5547 3361 5601 vel
3410 5545 3669 5599 conviviis
3715 5539 3783 5593 καὶ

2222 5640 2532 5692 muneribus
2563 5655 2653 5691 vos
2685 5640 3010 5691 exhauriunt

2224 2659 2241 2688 1

2224 2748 2241 2778 1

2225 2840 2241 2870 1

2224 2930 2240 2961 1

2226 3113 2243 3143 1

2226 3205 2243 3236 1

2226 3299 2243 3329 1

2226 3387 2243 3417 1

2226 3477 2243 3507 1

2226 3566 2242 3597 1

2226 3658 2243 3686 1

2226 3750 2243 3780 1

2226 3842 2242 3871 1

2227 3937 2242 3967 1

2227 4025 2243 4056 1

2228 4114 2243 4145 1

2224 4205 2242 4237 1

2224 4300 2241 4332 1
