  <div class='ocr_page' id='page_1' title='image "/cluster/home/n/w/nwhite01/storage/ocr_20150623/102/umn.31951002477395f/060.png"; bbox 0 0 3946 6418; ppageno 0'>
   <div class='ocr_carea' id='block_1_1' title="bbox 336 340 439 396">
    <p class='ocr_par' dir='ltr' id='par_1_1' title="bbox 336 340 439 396">
     <span class='ocr_line' id='line_1_1' title="bbox 336 340 439 396; baseline -0.029 0"><span class='ocrx_word' id='word_1_1' title='bbox 336 340 439 396; x_wconf 69' lang='grc'><strong>105</strong></span> 
     </span>
    </p>
   </div>
   <div class='ocr_carea' id='block_1_2' title="bbox 1177 333 2781 394">
    <p class='ocr_par' dir='ltr' id='par_1_2' title="bbox 1177 333 2781 394">
     <span class='ocr_line' id='line_1_2' title="bbox 1177 333 2781 394; baseline -0.004 -2"><span class='ocrx_word' id='word_1_2' title='bbox 1177 333 1694 394; x_wconf 75' lang='lat' dir='ltr'><strong>COLLECTIONES</strong></span> <span class='ocrx_word' id='word_1_3' title='bbox 1731 333 1797 389; x_wconf 81' lang='lat' dir='ltr'><strong>IN</strong></span> <span class='ocrx_word' id='word_1_4' title='bbox 1831 333 2211 391; x_wconf 78' lang='lat' dir='ltr'><strong>EPISTOLAS</strong></span> <span class='ocrx_word' id='word_1_5' title='bbox 2245 333 2331 388; x_wconf 83' lang='lat' dir='ltr'>ET</span> <span class='ocrx_word' id='word_1_6' title='bbox 2370 333 2781 388; x_wconf 71' lang='lat' dir='ltr'><strong>EVANGELIA.</strong></span> 
     </span>
    </p>
   </div>
   <div class='ocr_carea' id='block_1_3' title="bbox 3485 335 3582 390">
    <p class='ocr_par' dir='ltr' id='par_1_3' title="bbox 3485 335 3582 390">
     <span class='ocr_line' id='line_1_3' title="bbox 3485 335 3582 390; baseline -0.021 0"><span class='ocrx_word' id='word_1_7' title='bbox 3485 335 3582 390; x_wconf 68' lang='lat' dir='ltr'><strong>lilii</strong></span> 
     </span>
    </p>
   </div>
   <div class='ocr_carea' id='block_1_4' title="bbox 403 448 3580 523">
    <p class='ocr_par' dir='ltr' id='par_1_4' title="bbox 403 448 3580 523">
     <span class='ocr_line' id='line_1_4' title="bbox 403 448 3580 523; baseline 0 -18"><span class='ocrx_word' id='word_1_8' title='bbox 403 453 461 506; x_wconf 92' lang='lat' dir='ltr'><strong>Si</strong></span> <span class='ocrx_word' id='word_1_9' title='bbox 484 454 601 523; x_wconf 89' lang='lat' dir='ltr'><strong>quis</strong></span> <span class='ocrx_word' id='word_1_10' title='bbox 627 451 834 522; x_wconf 86' lang='lat' dir='ltr'><strong>accipit.</strong></span> <span class='ocrx_word' id='word_1_11' title='bbox 866 453 922 507; x_wconf 90' lang='lat' dir='ltr'><strong>Id</strong></span> <span class='ocrx_word' id='word_1_12' title='bbox 952 461 1052 519; x_wconf 88' lang='lat' dir='ltr'><strong>est,</strong></span> <span class='ocrx_word' id='word_1_13' title='bbox 1085 453 1128 510; x_wconf 97' lang='lat' dir='ltr'><strong>si</strong></span> <span class='ocrx_word' id='word_1_14' title='bbox 1160 453 1280 522; x_wconf 85' lang='lat' dir='ltr'><strong>quis</strong></span> <span class='ocrx_word' id='word_1_15' title='bbox 1318 453 1514 509; x_wconf 82' lang='lat' dir='ltr'><strong>dixerit</strong></span> <span class='ocrx_word' id='word_1_16' title='bbox 1553 450 1732 506; x_wconf 88' lang='lat' dir='ltr'><strong>verbis</strong></span> <span class='ocrx_word' id='word_1_17' title='bbox 1777 449 1907 504; x_wconf 87' lang='lat' dir='ltr'><strong>adu-</strong></span> <span class='ocrx_word' id='word_1_18' title='bbox 1937 453 1980 512; x_wconf 80' lang='grc' dir='ltr'><strong>Λ</strong></span> <span class='ocrx_word' id='word_1_19' title='bbox 2045 448 2586 517; x_wconf 80' lang='lat' dir='ltr'><strong>tlequadragenarum</strong></span> <span class='ocrx_word' id='word_1_20' title='bbox 2624 449 2902 517; x_wconf 79' lang='lat' dir='ltr'><strong>plagarum</strong></span> <span class='ocrx_word' id='word_1_21' title='bbox 2930 465 3210 503; x_wconf 89' lang='lat' dir='ltr'><strong>numerum</strong></span> <span class='ocrx_word' id='word_1_22' title='bbox 3254 453 3580 521; x_wconf 77' lang='lat' dir='ltr'><strong>compleret;</strong></span> 
     </span>
    </p>
   </div>
   <div class='ocr_carea' id='block_1_5' title="bbox 333 541 1904 614">
    <p class='ocr_par' dir='ltr' id='par_1_5' title="bbox 333 541 1904 614">
     <span class='ocr_line' id='line_1_5' title="bbox 333 541 1904 614; baseline -0.003 -18"><span class='ocrx_word' id='word_1_23' title='bbox 333 543 566 598; x_wconf 84' lang='lat' dir='ltr'><strong>lationis.</strong></span> <span class='ocrx_word' id='word_1_24' title='bbox 589 543 848 614; x_wconf 81' lang='lat' dir='ltr'><strong>Accipere</strong></span> <span class='ocrx_word' id='word_1_25' title='bbox 877 547 1020 598; x_wconf 90' lang='lat' dir='ltr'><strong>enim</strong></span> <span class='ocrx_word' id='word_1_26' title='bbox 1050 553 1260 614; x_wconf 88' lang='lat' dir='ltr'><strong>gratum</strong></span> <span class='ocrx_word' id='word_1_27' title='bbox 1289 544 1490 599; x_wconf 88' lang='lat' dir='ltr'><strong>habere</strong></span> <span class='ocrx_word' id='word_1_28' title='bbox 1529 551 1629 596; x_wconf 91' lang='lat' dir='ltr'><strong>est.</strong></span> <span class='ocrx_word' id='word_1_29' title='bbox 1669 541 1904 608; x_wconf 82' lang='lat' dir='ltr'><strong>Accepta</strong></span> 
     </span>
    </p>
   </div>
   <div class='ocr_carea' id='block_1_6' title="bbox 332 633 1902 705">
    <p class='ocr_par' dir='ltr' id='par_1_6' title="bbox 332 633 1902 705">
     <span class='ocr_line' id='line_1_6' title="bbox 332 633 1902 705; baseline -0.001 -16"><span class='ocrx_word' id='word_1_30' title='bbox 332 636 473 689; x_wconf 90' lang='lat' dir='ltr'><strong>enim</strong></span> <span class='ocrx_word' id='word_1_31' title='bbox 504 634 593 688; x_wconf 89' lang='lat' dir='ltr'><strong>illa</strong></span> <span class='ocrx_word' id='word_1_32' title='bbox 617 633 863 700; x_wconf 86' lang='lat' dir='ltr'><strong>dicimus,</strong></span> <span class='ocrx_word' id='word_1_33' title='bbox 882 651 1000 704; x_wconf 69' lang='lat' dir='ltr'><strong>qua:</strong></span> <span class='ocrx_word' id='word_1_34' title='bbox 1016 636 1334 705; x_wconf 87' lang='lat' dir='ltr'><strong>nobisgrata</strong></span> <span class='ocrx_word' id='word_1_35' title='bbox 1361 651 1480 691; x_wconf 90' lang='lat' dir='ltr'><strong>esse</strong></span> <span class='ocrx_word' id='word_1_36' title='bbox 1513 642 1902 690; x_wconf 74' lang='lat' dir='ltr'><strong>monstrantur.</strong></span> 
     </span>
    </p>
   </div>
   <div class='ocr_carea' id='block_1_7' title="bbox 331 724 1907 797">
    <p class='ocr_par' dir='ltr' id='par_1_7' title="bbox 331 724 1907 797">
     <span class='ocr_line' id='line_1_7' title="bbox 331 724 1907 797; baseline 0.001 -19"><span class='ocrx_word' id='word_1_37' title='bbox 331 725 438 779; x_wconf 76' lang='lat' dir='ltr'><strong>Aut</strong></span> <span class='ocrx_word' id='word_1_38' title='bbox 466 733 614 780; x_wconf 89' lang='lat' dir='ltr'><strong>certe</strong></span> <span class='ocrx_word' id='word_1_39' title='bbox 633 740 665 778; x_wconf 90' lang='lat' dir='ltr'><strong>a</strong></span> <span class='ocrx_word' id='word_1_40' title='bbox 691 725 845 780; x_wconf 81' lang='lat' dir='ltr'><strong>vobis</strong></span> <span class='ocrx_word' id='word_1_41' title='bbox 868 726 1086 797; x_wconf 84' lang='lat' dir='ltr'><strong>accipit,</strong></span> <span class='ocrx_word' id='word_1_42' title='bbox 1119 727 1262 796; x_wconf 86' lang='lat' dir='ltr'><strong>quod</strong></span> <span class='ocrx_word' id='word_1_43' title='bbox 1301 725 1567 796; x_wconf 81' lang='lat' dir='ltr'><strong>cupiditas</strong></span> <span class='ocrx_word' id='word_1_44' title='bbox 1600 724 1716 796; x_wconf 85' lang='lat' dir='ltr'><strong>ejus</strong></span> <span class='ocrx_word' id='word_1_45' title='bbox 1741 741 1907 796; x_wconf 88' lang='lat' dir='ltr'><strong>popo-</strong></span> 
     </span>
    </p>
   </div>
   <div class='ocr_carea' id='block_1_8' title="bbox 330 817 1903 888">
    <p class='ocr_par' dir='ltr' id='par_1_8' title="bbox 330 817 1903 888">
     <span class='ocr_line' id='line_1_8' title="bbox 330 817 1903 888; baseline 0 -16"><span class='ocrx_word' id='word_1_46' title='bbox 330 819 452 882; x_wconf 86' lang='lat' dir='ltr'><strong>scit,</strong></span> <span class='ocrx_word' id='word_1_47' title='bbox 479 817 620 873; x_wconf 90' lang='lat' dir='ltr'><strong>sicut</strong></span> <span class='ocrx_word' id='word_1_48' title='bbox 642 819 890 888; x_wconf 87' lang='lat' dir='ltr'><strong>superius</strong></span> <span class='ocrx_word' id='word_1_49' title='bbox 919 818 1121 873; x_wconf 85' lang='lat' dir='ltr'><strong>dictum</strong></span> <span class='ocrx_word' id='word_1_50' title='bbox 1148 827 1232 874; x_wconf 87' lang='lat' dir='ltr'><strong>est</strong></span> <span class='ocrx_word' id='word_1_51' title='bbox 1259 836 1272 871; x_wconf 88' lang='lat'><strong>:</strong></span> <span class='ocrx_word' id='word_1_52' title='bbox 1309 818 1541 874; x_wconf 87' lang='lat' dir='ltr'><strong>Devorat</strong></span> <span class='ocrx_word' id='word_1_53' title='bbox 1564 835 1664 872; x_wconf 92' lang='lat' dir='ltr'><strong>vos</strong></span> <span class='ocrx_word' id='word_1_54' title='bbox 1693 820 1747 874; x_wconf 91' lang='lat' dir='ltr'><strong>in</strong></span> <span class='ocrx_word' id='word_1_55' title='bbox 1770 834 1903 873; x_wconf 83' lang='lat' dir='ltr'><strong>con-</strong></span> 
     </span>
    </p>
   </div>
   <div class='ocr_carea' id='block_1_9' title="bbox 329 910 1902 981">
    <p class='ocr_par' dir='ltr' id='par_1_9' title="bbox 329 910 1902 981">
     <span class='ocr_line' id='line_1_9' title="bbox 329 910 1902 981; baseline 0 -17"><span class='ocrx_word' id='word_1_56' title='bbox 329 911 505 974; x_wconf 83' lang='lat' dir='ltr'><strong>viviis,</strong></span> <span class='ocrx_word' id='word_1_57' title='bbox 530 910 726 978; x_wconf 88' lang='lat' dir='ltr'><strong>accipit</strong></span> <span class='ocrx_word' id='word_1_58' title='bbox 756 910 810 964; x_wconf 90' lang='lat' dir='ltr'><strong>in</strong></span> <span class='ocrx_word' id='word_1_59' title='bbox 838 911 1174 974; x_wconf 87' lang='lat' dir='ltr'><strong>muneribus,</strong></span> <span class='ocrx_word' id='word_1_60' title='bbox 1203 910 1289 967; x_wconf 91' lang='lat' dir='ltr'><strong>vel</strong></span> <span class='ocrx_word' id='word_1_61' title='bbox 1331 911 1545 981; x_wconf 90' lang='lat' dir='ltr'><strong>accipit,</strong></span> <span class='ocrx_word' id='word_1_62' title='bbox 1582 910 1712 965; x_wconf 88' lang='lat' dir='ltr'><strong>dicit</strong></span> <span class='ocrx_word' id='word_1_63' title='bbox 1743 911 1902 981; x_wconf 80' lang='lat' dir='ltr'><strong>rapit,</strong></span> 
     </span>
    </p>
   </div>
   <div class='ocr_carea' id='block_1_10' title="bbox 328 1001 1900 1072">
    <p class='ocr_par' dir='ltr' id='par_1_10' title="bbox 328 1001 1900 1072">
     <span class='ocr_line' id='line_1_10' title="bbox 328 1001 1900 1072; baseline -0.002 -16"><span class='ocrx_word' id='word_1_64' title='bbox 328 1002 468 1056; x_wconf 89' lang='lat' dir='ltr'><strong>unde</strong></span> <span class='ocrx_word' id='word_1_65' title='bbox 491 1009 545 1056; x_wconf 90' lang='lat' dir='ltr'><strong>et</strong></span> <span class='ocrx_word' id='word_1_66' title='bbox 575 1001 679 1055; x_wconf 72' lang='lat' dir='ltr'><strong>illa:</strong></span> <span class='ocrx_word' id='word_1_67' title='bbox 703 1016 852 1066; x_wconf 89' lang='lat' dir='ltr'><strong>aves,</strong></span> <span class='ocrx_word' id='word_1_68' title='bbox 882 1014 1002 1070; x_wconf 73' lang='lat' dir='ltr'><strong>qua:</strong></span> <span class='ocrx_word' id='word_1_69' title='bbox 1032 1001 1266 1070; x_wconf 89' lang='lat' dir='ltr'><strong>rapiunt,</strong></span> <span class='ocrx_word' id='word_1_70' title='bbox 1300 1001 1584 1072; x_wconf 84' lang='lat' dir='ltr'><strong>accipitres</strong></span> <span class='ocrx_word' id='word_1_71' title='bbox 1621 1010 1900 1054; x_wconf 82' lang='lat' dir='ltr'><strong>vocantur.</strong></span> 
     </span>
    </p>
   </div>
   <div class='ocr_carea' id='block_1_11' title="bbox 400 1089 1905 1161">
    <p class='ocr_par' dir='ltr' id='par_1_11' title="bbox 400 1089 1905 1161">
     <span class='ocr_line' id='line_1_11' title="bbox 400 1089 1905 1161; baseline 0.001 -16"><span class='ocrx_word' id='word_1_72' title='bbox 400 1089 460 1145; x_wconf 97' lang='lat' dir='ltr'><strong>Si</strong></span> <span class='ocrx_word' id='word_1_73' title='bbox 483 1091 597 1161; x_wconf 84' lang='lat' dir='ltr'><strong>quis</strong></span> <span class='ocrx_word' id='word_1_74' title='bbox 622 1090 905 1145; x_wconf 71' lang='lat' dir='ltr'><strong>extollitur.</strong></span> <span class='ocrx_word' id='word_1_75' title='bbox 937 1090 992 1144; x_wconf 93' lang='lat' dir='ltr'><strong>ld</strong></span> <span class='ocrx_word' id='word_1_76' title='bbox 1021 1099 1127 1154; x_wconf 86' lang='lat' dir='ltr'><strong>est,</strong></span> <span class='ocrx_word' id='word_1_77' title='bbox 1155 1092 1406 1160; x_wconf 80' lang='lat' dir='ltr'><strong>superbia</strong></span> <span class='ocrx_word' id='word_1_78' title='bbox 1433 1090 1656 1147; x_wconf 69' lang='lat' dir='ltr'><strong>Iudaica</strong></span> <span class='ocrx_word' id='word_1_79' title='bbox 1673 1093 1905 1147; x_wconf 87' lang='lat' dir='ltr'><strong>sustine-</strong></span> 
     </span>
    </p>
   </div>
   <div class='ocr_carea' id='block_1_12' title="bbox 331 1180 1904 1255">
    <p class='ocr_par' dir='ltr' id='par_1_12' title="bbox 331 1180 1904 1255">
     <span class='ocr_line' id='line_1_12' title="bbox 331 1180 1904 1255; baseline 0.002 -20"><span class='ocrx_word' id='word_1_80' title='bbox 331 1183 416 1246; x_wconf 90' lang='lat' dir='ltr'><strong>tis,</strong></span> <span class='ocrx_word' id='word_1_81' title='bbox 448 1183 568 1252; x_wconf 88' lang='lat' dir='ltr'><strong>quis</strong></span> <span class='ocrx_word' id='word_1_82' title='bbox 587 1181 674 1237; x_wconf 90' lang='lat' dir='ltr'><strong>vel</strong></span> <span class='ocrx_word' id='word_1_83' title='bbox 699 1184 764 1237; x_wconf 91' lang='lat' dir='ltr'><strong>de</strong></span> <span class='ocrx_word' id='word_1_84' title='bbox 794 1182 1021 1238; x_wconf 88' lang='lat' dir='ltr'><strong>scientia</strong></span> <span class='ocrx_word' id='word_1_85' title='bbox 1041 1182 1123 1237; x_wconf 89' lang='lat' dir='ltr'><strong>vel</strong></span> <span class='ocrx_word' id='word_1_86' title='bbox 1153 1180 1216 1238; x_wconf 88' lang='lat' dir='ltr'><strong>de</strong></span> <span class='ocrx_word' id='word_1_87' title='bbox 1236 1183 1449 1255; x_wconf 79' lang='lat' dir='ltr'><strong>generis</strong></span> <span class='ocrx_word' id='word_1_88' title='bbox 1483 1185 1904 1254; x_wconf 66' lang='lat' dir='ltr'><strong>praesumptione</strong></span> 
     </span>
    </p>
   </div>
   <div class='ocr_carea' id='block_1_13' title="bbox 329 1267 1668 1330">
    <p class='ocr_par' dir='ltr' id='par_1_13' title="bbox 329 1267 1668 1330">
     <span class='ocr_line' id='line_1_13' title="bbox 329 1267 1668 1330; baseline 0.005 -2"><span class='ocrx_word' id='word_1_89' title='bbox 329 1274 564 1330; x_wconf 88' lang='lat' dir='ltr'><strong>inﬂatur.</strong></span> <span class='ocrx_word' id='word_1_90' title='bbox 1665 1267 1668 1270; x_wconf 50' lang='grc'><strong>’</strong></span> 
     </span>
    </p>
   </div>
   <div class='ocr_carea' id='block_1_14' title="bbox 396 1367 1903 1446">
    <p class='ocr_par' dir='ltr' id='par_1_14' title="bbox 396 1367 1903 1446">
     <span class='ocr_line' id='line_1_14' title="bbox 396 1367 1903 1446; baseline 0.002 -24"><span class='ocrx_word' id='word_1_91' title='bbox 396 1367 456 1422; x_wconf 87' lang='lat' dir='ltr'><strong>Si</strong></span> <span class='ocrx_word' id='word_1_92' title='bbox 483 1368 681 1446; x_wconf 42' lang='lat' dir='ltr'><strong>quain</strong></span> <span class='ocrx_word' id='word_1_93' title='bbox 711 1367 898 1434; x_wconf 87' lang='lat' dir='ltr'><strong>faciem</strong></span> <span class='ocrx_word' id='word_1_94' title='bbox 926 1385 1014 1422; x_wconf 86' lang='lat' dir='ltr'><strong>vos</strong></span> <span class='ocrx_word' id='word_1_95' title='bbox 1050 1368 1222 1422; x_wconf 73' lang='lat' dir='ltr'><strong>credit.</strong></span> <span class='ocrx_word' id='word_1_96' title='bbox 1263 1369 1375 1426; x_wconf 87' lang='lat' dir='ltr'><strong>Iloc</strong></span> <span class='ocrx_word' id='word_1_97' title='bbox 1407 1379 1511 1437; x_wconf 89' lang='lat' dir='ltr'><strong>est,</strong></span> <span class='ocrx_word' id='word_1_98' title='bbox 1557 1370 1603 1425; x_wconf 91' lang='lat' dir='ltr'><strong>si</strong></span> <span class='ocrx_word' id='word_1_99' title='bbox 1645 1370 1768 1440; x_wconf 92' lang='lat' dir='ltr'><strong>quis</strong></span> <span class='ocrx_word' id='word_1_100' title='bbox 1808 1385 1903 1425; x_wconf 93' lang='lat' dir='ltr'><strong>vos</strong></span> 
     </span>
    </p>
   </div>
   <div class='ocr_carea' id='block_1_15' title="bbox 325 1460 1102 1533">
    <p class='ocr_par' dir='ltr' id='par_1_15' title="bbox 325 1460 1102 1533">
     <span class='ocr_line' id='line_1_15' title="bbox 325 1460 1102 1533; baseline 0.003 -21"><span class='ocrx_word' id='word_1_101' title='bbox 325 1460 488 1513; x_wconf 89' lang='lat' dir='ltr'><strong>etiam</strong></span> <span class='ocrx_word' id='word_1_102' title='bbox 516 1470 810 1529; x_wconf 69' lang='lat' dir='ltr'><strong>praesentes</strong></span> <span class='ocrx_word' id='word_1_103' title='bbox 834 1461 1102 1533; x_wconf 87' lang='lat' dir='ltr'><strong>objurgat.</strong></span> 
     </span>
    </p>
   </div>
   <div class='ocr_carea' id='block_1_16' title="bbox 397 1548 1901 1629">
    <p class='ocr_par' dir='ltr' id='par_1_16' title="bbox 397 1548 1901 1629">
     <span class='ocr_line' id='line_1_16' title="bbox 397 1548 1901 1629; baseline 0.007 -27"><span class='ocrx_word' id='word_1_104' title='bbox 397 1548 694 1603; x_wconf 83' lang='lat' dir='ltr'><strong>Secundum</strong></span> <span class='ocrx_word' id='word_1_105' title='bbox 720 1550 1092 1619; x_wconf 84' lang='lat' dir='ltr'><strong>ignobilitatem</strong></span> <span class='ocrx_word' id='word_1_106' title='bbox 1119 1553 1256 1606; x_wconf 86' lang='lat' dir='ltr'><strong>dico.</strong></span> <span class='ocrx_word' id='word_1_107' title='bbox 1283 1553 1358 1607; x_wconf 73' lang='lat' dir='ltr'><strong>Ac</strong></span> <span class='ocrx_word' id='word_1_108' title='bbox 1381 1555 1424 1608; x_wconf 91' lang='lat' dir='ltr'><strong>si</strong></span> <span class='ocrx_word' id='word_1_109' title='bbox 1451 1556 1673 1622; x_wconf 87' lang='lat' dir='ltr'><strong>diceret,</strong></span> <span class='ocrx_word' id='word_1_110' title='bbox 1694 1556 1901 1629; x_wconf 62' lang='lat' dir='ltr'><strong>ignobi-</strong></span> 
     </span>
    </p>
   </div>
   <div class='ocr_carea' id='block_1_17' title="bbox 325 1640 1898 1714">
    <p class='ocr_par' dir='ltr' id='par_1_17' title="bbox 325 1640 1898 1714">
     <span class='ocr_line' id='line_1_17' title="bbox 325 1640 1898 1714; baseline 0.005 -20"><span class='ocrx_word' id='word_1_111' title='bbox 325 1640 428 1694; x_wconf 90' lang='lat' dir='ltr'><strong>lem</strong></span> <span class='ocrx_word' id='word_1_112' title='bbox 453 1657 565 1695; x_wconf 90' lang='lat' dir='ltr'><strong>rem</strong></span> <span class='ocrx_word' id='word_1_113' title='bbox 595 1640 758 1706; x_wconf 82' lang='lat' dir='ltr'><strong>facio,</strong></span> <span class='ocrx_word' id='word_1_114' title='bbox 788 1650 847 1695; x_wconf 90' lang='lat' dir='ltr'><strong>ut</strong></span> <span class='ocrx_word' id='word_1_115' title='bbox 876 1641 1077 1712; x_wconf 88' lang='lat' dir='ltr'><strong>aliquid</strong></span> <span class='ocrx_word' id='word_1_116' title='bbox 1112 1645 1178 1698; x_wconf 89' lang='lat' dir='ltr'><strong>de</strong></span> <span class='ocrx_word' id='word_1_117' title='bbox 1200 1645 1414 1714; x_wconf 76' lang='lat' dir='ltr'><strong>generis</strong></span> <span class='ocrx_word' id='word_1_118' title='bbox 1457 1648 1735 1702; x_wconf 73' lang='lat' dir='ltr'><strong>nobilitate</strong></span> <span class='ocrx_word' id='word_1_119' title='bbox 1767 1648 1898 1702; x_wconf 87' lang='lat' dir='ltr'><strong>mihi</strong></span> 
     </span>
    </p>
   </div>
   <div class='ocr_carea' id='block_1_18' title="bbox 323 1731 1898 1807">
    <p class='ocr_par' dir='ltr' id='par_1_18' title="bbox 323 1731 1898 1807">
     <span class='ocr_line' id='line_1_18' title="bbox 323 1731 1898 1807; baseline 0.006 -22"><span class='ocrx_word' id='word_1_120' title='bbox 323 1731 606 1788; x_wconf 84' lang='lat' dir='ltr'><strong>vindicem.</strong></span> <span class='ocrx_word' id='word_1_121' title='bbox 637 1732 823 1803; x_wconf 82' lang='lat' dir='ltr'><strong>Magna</strong></span> <span class='ocrx_word' id='word_1_122' title='bbox 849 1743 932 1789; x_wconf 85' lang='lat' dir='ltr'><strong>est</strong></span> <span class='ocrx_word' id='word_1_123' title='bbox 959 1734 1288 1805; x_wconf 78' lang='lat' dir='ltr'><strong>ignobilitas,</strong></span> <span class='ocrx_word' id='word_1_124' title='bbox 1341 1738 1386 1791; x_wconf 90' lang='lat' dir='ltr'><strong>si</strong></span> <span class='ocrx_word' id='word_1_125' title='bbox 1439 1739 1529 1807; x_wconf 87' lang='lat' dir='ltr'><strong>qui</strong></span> <span class='ocrx_word' id='word_1_126' title='bbox 1629 1739 1773 1795; x_wconf 82' lang='lat' dir='ltr'><strong>ﬁlius</strong></span> <span class='ocrx_word' id='word_1_127' title='bbox 1805 1739 1898 1794; x_wconf 89' lang='lat' dir='ltr'><strong>Dei</strong></span> 
     </span>
    </p>
   </div>
   <div class='ocr_carea' id='block_1_19' title="bbox 2006 539 3586 612">
    <p class='ocr_par' dir='ltr' id='par_1_19' title="bbox 2006 539 3586 612">
     <span class='ocr_line' id='line_1_19' title="bbox 2006 539 3586 612; baseline 0.003 -20"><span class='ocrx_word' id='word_1_128' title='bbox 2006 541 2050 592; x_wconf 87' lang='lat' dir='ltr'><strong>si</strong></span> <span class='ocrx_word' id='word_1_129' title='bbox 2081 539 2227 592; x_wconf 91' lang='lat' dir='ltr'><strong>enim</strong></span> <span class='ocrx_word' id='word_1_130' title='bbox 2250 540 2528 608; x_wconf 81' lang='lat' dir='ltr'><strong>quaternis</strong></span> <span class='ocrx_word' id='word_1_131' title='bbox 2576 540 2768 594; x_wconf 76' lang='lat' dir='ltr'><strong>[idibus</strong></span> <span class='ocrx_word' id='word_1_132' title='bbox 2807 549 3130 609; x_wconf 82' lang='lat' dir='ltr'><strong>percuteret,</strong></span> <span class='ocrx_word' id='word_1_133' title='bbox 3171 541 3351 597; x_wconf 85' lang='lat' dir='ltr'><strong>decies</strong></span> <span class='ocrx_word' id='word_1_134' title='bbox 3398 559 3586 612; x_wconf 60' lang='lat' dir='ltr'><strong>percu.</strong></span> 
     </span>
    </p>
   </div>
   <div class='ocr_carea' id='block_1_20' title="bbox 2007 632 3586 702">
    <p class='ocr_par' dir='ltr' id='par_1_20' title="bbox 2007 632 3586 702">
     <span class='ocr_line' id='line_1_20' title="bbox 2007 632 3586 702; baseline 0.006 -17"><span class='ocrx_word' id='word_1_135' title='bbox 2007 633 2164 694; x_wconf 86' lang='lat' dir='ltr'><strong>tiens,</strong></span> <span class='ocrx_word' id='word_1_136' title='bbox 2197 632 2576 702; x_wconf 86' lang='lat' dir='ltr'><strong>quadragenas</strong></span> <span class='ocrx_word' id='word_1_137' title='bbox 2603 632 2790 702; x_wconf 88' lang='lat' dir='ltr'><strong>plagas</strong></span> <span class='ocrx_word' id='word_1_138' title='bbox 2819 632 3037 697; x_wconf 81' lang='lat' dir='ltr'><strong>laceret,</strong></span> <span class='ocrx_word' id='word_1_139' title='bbox 3062 634 3107 688; x_wconf 84' lang='lat' dir='ltr'><strong>si</strong></span> <span class='ocrx_word' id='word_1_140' title='bbox 3153 649 3282 690; x_wconf 85' lang='lat' dir='ltr'><strong>vero</strong></span> <span class='ocrx_word' id='word_1_141' title='bbox 3307 637 3475 692; x_wconf 85' lang='lat' dir='ltr'><strong>ternis</strong></span> <span class='ocrx_word' id='word_1_142' title='bbox 3503 645 3586 694; x_wconf 85' lang='lat' dir='ltr'><strong>ter</strong></span> 
     </span>
    </p>
   </div>
   <div class='ocr_carea' id='block_1_21' title="bbox 2006 710 3502 796">
    <p class='ocr_par' dir='ltr' id='par_1_21' title="bbox 2006 710 3502 796">
     <span class='ocr_line' id='line_1_21' title="bbox 2006 710 3502 796; baseline 0.005 -21"><span class='ocrx_word' id='word_1_143' title='bbox 2006 721 2186 776; x_wconf 85' lang='lat' dir='ltr'><strong>decies</strong></span> <span class='ocrx_word' id='word_1_144' title='bbox 2213 721 2437 787; x_wconf 79' lang='lat' dir='ltr'><strong>feriens,</strong></span> <span class='ocrx_word' id='word_1_145' title='bbox 2482 722 2984 793; x_wconf 72' lang='lat' dir='ltr'><strong>undequadraginta</strong></span> <span class='ocrx_word' id='word_1_146' title='bbox 3015 725 3201 794; x_wconf 82' lang='lat' dir='ltr'><strong>plagas</strong></span> <span class='ocrx_word' id='word_1_147' title='bbox 3222 710 3502 796; x_wconf 61' lang='lat' dir='ltr'><strong>impleret.</strong></span> 
     </span>
    </p>
   </div>
   <div class='ocr_carea' id='block_1_22' title="bbox 2079 809 3582 883">
    <p class='ocr_par' dir='ltr' id='par_1_22' title="bbox 2079 809 3582 883">
     <span class='ocr_line' id='line_1_22' title="bbox 2079 809 3582 883; baseline 0.009 -20"><span class='ocrx_word' id='word_1_148' title='bbox 2079 809 2360 882; x_wconf 73' lang='lat' dir='ltr'><strong>Tert‘it&#39;gis</strong></span> <span class='ocrx_word' id='word_1_149' title='bbox 2400 829 2565 866; x_wconf 76' lang='lat' dir='ltr'><strong>ctesus</strong></span> <span class='ocrx_word' id='word_1_150' title='bbox 2597 829 2735 876; x_wconf 85' lang='lat' dir='ltr'><strong>sum,</strong></span> <span class='ocrx_word' id='word_1_151' title='bbox 2779 813 2936 866; x_wconf 80' lang='lat' dir='ltr'><strong>semel</strong></span> <span class='ocrx_word' id='word_1_152' title='bbox 2977 815 3243 883; x_wconf 70' lang='lat' dir='ltr'><strong>lapidatus</strong></span> <span class='ocrx_word' id='word_1_153' title='bbox 3291 834 3428 881; x_wconf 79' lang='lat' dir='ltr'><strong>sunt,</strong></span> <span class='ocrx_word' id='word_1_154' title='bbox 3475 830 3582 876; x_wconf 88' lang='lat' dir='ltr'><strong>etc.</strong></span> 
     </span>
    </p>
   </div>
   <div class='ocr_carea' id='block_1_23' title="bbox 2004 901 3586 973">
    <p class='ocr_par' dir='ltr' id='par_1_23' title="bbox 2004 901 3586 973">
     <span class='ocr_line' id='line_1_23' title="bbox 2004 901 3586 973; baseline 0.007 -18"><span class='ocrx_word' id='word_1_155' title='bbox 2004 901 2189 956; x_wconf 74' lang='lat' dir='ltr'><strong>Potest</strong></span> <span class='ocrx_word' id='word_1_156' title='bbox 2217 901 2332 956; x_wconf 78' lang='lat' dir='ltr'><strong>fieri</strong></span> <span class='ocrx_word' id='word_1_157' title='bbox 2365 903 2505 971; x_wconf 69' lang='lat' dir='ltr'><strong>quod</strong></span> <span class='ocrx_word' id='word_1_158' title='bbox 2547 919 2575 956; x_wconf 93' lang='lat' dir='ltr'><strong>a</strong></span> <span class='ocrx_word' id='word_1_159' title='bbox 2601 903 2850 972; x_wconf 86' lang='lat' dir='ltr'><strong>gentibus</strong></span> <span class='ocrx_word' id='word_1_160' title='bbox 2879 904 2978 958; x_wconf 91' lang='lat' dir='ltr'><strong>ista</strong></span> <span class='ocrx_word' id='word_1_161' title='bbox 3003 906 3302 973; x_wconf 87' lang='lat' dir='ltr'><strong>pertulerit,</strong></span> <span class='ocrx_word' id='word_1_162' title='bbox 3336 911 3430 963; x_wconf 75' lang='lat' dir='ltr'><strong>sed</strong></span> <span class='ocrx_word' id='word_1_163' title='bbox 3469 909 3586 966; x_wconf 77' lang='lat' dir='ltr'><strong>lucc</strong></span> 
     </span>
    </p>
   </div>
   <div class='ocr_carea' id='block_1_24' title="bbox 2006 994 3582 1070">
    <p class='ocr_par' dir='ltr' id='par_1_24' title="bbox 2006 994 3582 1070">
     <span class='ocr_line' id='line_1_24' title="bbox 2006 994 3582 1070; baseline 0.006 -24"><span class='ocrx_word' id='word_1_164' title='bbox 2006 994 2056 1046; x_wconf 81' lang='lat' dir='ltr'><strong>in</strong></span> <span class='ocrx_word' id='word_1_165' title='bbox 2112 994 2332 1048; x_wconf 75' lang='lat' dir='ltr'><strong>Actibus</strong></span> <span class='ocrx_word' id='word_1_166' title='bbox 2390 995 2756 1062; x_wconf 82' lang='lat' dir='ltr'><strong>apostolorum</strong></span> <span class='ocrx_word' id='word_1_167' title='bbox 2813 1011 2918 1048; x_wconf 89' lang='lat' dir='ltr'><strong>non</strong></span> <span class='ocrx_word' id='word_1_168' title='bbox 2973 996 3155 1050; x_wconf 85' lang='lat' dir='ltr'><strong>omnia</strong></span> <span class='ocrx_word' id='word_1_169' title='bbox 3217 1000 3582 1070; x_wconf 78' lang='lat' dir='ltr'><strong>reperiuntur,</strong></span> 
     </span>
    </p>
   </div>
   <div class='ocr_carea' id='block_1_25' title="bbox 2003 1085 3584 1160">
    <p class='ocr_par' dir='ltr' id='par_1_25' title="bbox 2003 1085 3584 1160">
     <span class='ocr_line' id='line_1_25' title="bbox 2003 1085 3584 1160; baseline 0.008 -26"><span class='ocrx_word' id='word_1_170' title='bbox 2003 1087 2126 1153; x_wconf 76' lang='lat' dir='ltr'><strong>quia</strong></span> <span class='ocrx_word' id='word_1_171' title='bbox 2160 1099 2259 1138; x_wconf 88' lang='lat' dir='ltr'><strong>nec</strong></span> <span class='ocrx_word' id='word_1_172' title='bbox 2309 1085 2361 1137; x_wconf 93' lang='lat' dir='ltr'><strong>in</strong></span> <span class='ocrx_word' id='word_1_173' title='bbox 2425 1085 2675 1154; x_wconf 79' lang='lat' dir='ltr'><strong>Epistolis</strong></span> <span class='ocrx_word' id='word_1_174' title='bbox 2701 1086 2880 1139; x_wconf 85' lang='lat' dir='ltr'><strong>omnia</strong></span> <span class='ocrx_word' id='word_1_175' title='bbox 2929 1087 3291 1154; x_wconf 84' lang='lat' dir='ltr'><strong>continentur,</strong></span> <span class='ocrx_word' id='word_1_176' title='bbox 3354 1106 3478 1160; x_wconf 70' lang='lat' dir='ltr'><strong>Qua:</strong></span> <span class='ocrx_word' id='word_1_177' title='bbox 3530 1091 3584 1146; x_wconf 92' lang='lat' dir='ltr'><strong>in</strong></span> 
     </span>
    </p>
   </div>
   <div class='ocr_carea' id='block_1_26' title="bbox 2002 1175 3074 1244">
    <p class='ocr_par' dir='ltr' id='par_1_26' title="bbox 2002 1175 3074 1244">
     <span class='ocr_line' id='line_1_26' title="bbox 2002 1175 3074 1244; baseline 0.003 -15"><span class='ocrx_word' id='word_1_178' title='bbox 2002 1177 2190 1229; x_wconf 68' lang='lat' dir='ltr'><strong>salem</strong></span> <span class='ocrx_word' id='word_1_179' title='bbox 2228 1175 2451 1229; x_wconf 86' lang='lat' dir='ltr'><strong>historia</strong></span> <span class='ocrx_word' id='word_1_180' title='bbox 2481 1176 2679 1244; x_wconf 83' lang='lat' dir='ltr'><strong>scripta</strong></span> <span class='ocrx_word' id='word_1_181' title='bbox 2709 1177 3074 1233; x_wconf 89' lang='lat' dir='ltr'><strong>inveniuntur.</strong></span> 
     </span>
    </p>
   </div>
   <div class='ocr_carea' id='block_1_27' title="bbox 2073 1263 3587 1336">
    <p class='ocr_par' dir='ltr' id='par_1_27' title="bbox 2073 1263 3587 1336">
     <span class='ocr_line' id='line_1_27' title="bbox 2073 1263 3587 1336; baseline 0.01 -21"><span class='ocrx_word' id='word_1_182' title='bbox 2073 1265 2224 1332; x_wconf 82' lang='lat' dir='ltr'><strong>Quod</strong></span> <span class='ocrx_word' id='word_1_183' title='bbox 2251 1275 2428 1319; x_wconf 86' lang='lat' dir='ltr'><strong>autem</strong></span> <span class='ocrx_word' id='word_1_184' title='bbox 2459 1265 2625 1319; x_wconf 92' lang='lat' dir='ltr'><strong>dicit:</strong></span> <span class='ocrx_word' id='word_1_185' title='bbox 2656 1263 2834 1320; x_wconf 85' lang='lat' dir='ltr'><strong>Semel</strong></span> <span class='ocrx_word' id='word_1_186' title='bbox 2859 1265 3123 1336; x_wconf 84' lang='lat' dir='ltr'><strong>lapidatus</strong></span> <span class='ocrx_word' id='word_1_187' title='bbox 3149 1283 3288 1334; x_wconf 88' lang='lat' dir='ltr'><strong>sum,</strong></span> <span class='ocrx_word' id='word_1_188' title='bbox 3315 1271 3392 1327; x_wconf 73' lang='lat' dir='ltr'><strong>sic</strong></span> <span class='ocrx_word' id='word_1_189' title='bbox 3420 1271 3587 1331; x_wconf 72' lang='lat' dir='ltr'><strong>hebes</strong></span> 
     </span>
    </p>
   </div>
   <div class='ocr_carea' id='block_1_28' title="bbox 2004 1356 3584 1434">
    <p class='ocr_par' dir='ltr' id='par_1_28' title="bbox 2004 1356 3584 1434">
     <span class='ocr_line' id='line_1_28' title="bbox 2004 1356 3584 1434; baseline 0.008 -24"><span class='ocrx_word' id='word_1_190' title='bbox 2004 1357 2056 1410; x_wconf 86' lang='lat' dir='ltr'><strong>in</strong></span> <span class='ocrx_word' id='word_1_191' title='bbox 2083 1356 2308 1411; x_wconf 84' lang='lat' dir='ltr'><strong>Actibus</strong></span> <span class='ocrx_word' id='word_1_192' title='bbox 2354 1357 2750 1426; x_wconf 85' lang='lat' dir='ltr'><strong>Apostolorum,</strong></span> <span class='ocrx_word' id='word_1_193' title='bbox 2799 1373 3198 1429; x_wconf 79' lang='lat' dir='ltr'><strong>supervenerunt</strong></span> <span class='ocrx_word' id='word_1_194' title='bbox 3251 1367 3472 1434; x_wconf 64' lang='lat' dir='ltr'><strong>quidam</strong></span> <span class='ocrx_word' id='word_1_195' title='bbox 3518 1370 3584 1423; x_wconf 89' lang='lat' dir='ltr'><strong>ab</strong></span> 
     </span>
    </p>
   </div>
   <div class='ocr_carea' id='block_1_29' title="bbox 2003 1445 3586 1528">
    <p class='ocr_par' dir='ltr' id='par_1_29' title="bbox 2003 1445 3586 1528">
     <span class='ocr_line' id='line_1_29' title="bbox 2003 1445 3586 1528; baseline 0.009 -30"><span class='ocrx_word' id='word_1_196' title='bbox 2003 1445 2302 1510; x_wconf 76' lang='lat' dir='ltr'><strong>Antiochia,</strong></span> <span class='ocrx_word' id='word_1_197' title='bbox 2326 1455 2374 1498; x_wconf 86' lang='lat' dir='ltr'><strong>et</strong></span> <span class='ocrx_word' id='word_1_198' title='bbox 2403 1445 2584 1500; x_wconf 87' lang='lat' dir='ltr'><strong>Iconio</strong></span> <span class='ocrx_word' id='word_1_199' title='bbox 2608 1445 2812 1513; x_wconf 80' lang='lat' dir='ltr'><strong>Juda&#39;i,</strong></span> <span class='ocrx_word' id='word_1_200' title='bbox 2839 1459 2886 1502; x_wconf 89' lang='lat' dir='ltr'><strong>et</strong></span> <span class='ocrx_word' id='word_1_201' title='bbox 2908 1452 3175 1518; x_wconf 83' lang='lat' dir='ltr'><strong>persuasis</strong></span> <span class='ocrx_word' id='word_1_202' title='bbox 3211 1455 3395 1516; x_wconf 80' lang='lat' dir='ltr'><strong>turbis,</strong></span> <span class='ocrx_word' id='word_1_203' title='bbox 3449 1456 3586 1528; x_wconf 70' lang='lat' dir='ltr'><strong>iapi-</strong></span> 
     </span>
    </p>
   </div>
   <div class='ocr_carea' id='block_1_30' title="bbox 2001 1533 3587 1607">
    <p class='ocr_par' dir='ltr' id='par_1_30' title="bbox 2001 1533 3587 1607">
     <span class='ocr_line' id='line_1_30' title="bbox 2001 1533 3587 1607; baseline 0.008 -19"><span class='ocrx_word' id='word_1_204' title='bbox 2001 1537 2284 1606; x_wconf 80' lang='lat' dir='ltr'><strong>dantesque</strong></span> <span class='ocrx_word' id='word_1_205' title='bbox 2321 1533 2574 1602; x_wconf 83' lang='lat' dir='ltr'><strong>Paulum,</strong></span> <span class='ocrx_word' id='word_1_206' title='bbox 2612 1547 2885 1592; x_wconf 72' lang='lat' dir='ltr'><strong>traxerunt</strong></span> <span class='ocrx_word' id='word_1_207' title='bbox 2928 1549 3076 1594; x_wconf 72' lang='lat' dir='ltr'><strong>extra</strong></span> <span class='ocrx_word' id='word_1_208' title='bbox 3124 1542 3405 1607; x_wconf 76' lang='lat' dir='ltr'><strong>civitatem,</strong></span> <span class='ocrx_word' id='word_1_209' title='bbox 3447 1547 3587 1601; x_wconf 70' lang='lat' dir='ltr'><strong>iusti-</strong></span> 
     </span>
    </p>
   </div>
   <div class='ocr_carea' id='block_1_31' title="bbox 2000 1613 3071 1702">
    <p class='ocr_par' dir='ltr' id='par_1_31' title="bbox 2000 1613 3071 1702">
     <span class='ocr_line' id='line_1_31' title="bbox 2000 1613 3071 1702; baseline 0.005 -22"><span class='ocrx_word' id='word_1_210' title='bbox 2000 1613 2199 1680; x_wconf 64' lang='lat' dir='ltr'><strong>mentes</strong></span> <span class='ocrx_word' id='word_1_211' title='bbox 2220 1643 2338 1681; x_wconf 89' lang='lat' dir='ltr'><strong>eum</strong></span> <span class='ocrx_word' id='word_1_212' title='bbox 2361 1637 2624 1681; x_wconf 85' lang='lat' dir='ltr'><strong>mortuum</strong></span> <span class='ocrx_word' id='word_1_213' title='bbox 2646 1645 2755 1685; x_wconf 83' lang='lat' dir='ltr'><strong>esse</strong></span> <span class='ocrx_word' id='word_1_214' title='bbox 2771 1628 2789 1701; x_wconf 85' lang='lat'><strong>(</strong></span> <span class='ocrx_word' id='word_1_215' title='bbox 2805 1629 2922 1684; x_wconf 81' lang='lat' dir='ltr'><strong>Act.</strong></span> <span class='ocrx_word' id='word_1_216' title='bbox 2938 1630 3071 1702; x_wconf 71' lang='lat' dir='ltr'><strong>xxv).</strong></span> 
     </span>
    </p>
   </div>
   <div class='ocr_carea' id='block_1_32' title="bbox 2069 1716 3584 1792">
    <p class='ocr_par' dir='ltr' id='par_1_32' title="bbox 2069 1716 3584 1792">
     <span class='ocr_line' id='line_1_32' title="bbox 2069 1716 3584 1792; baseline 0.013 -25"><span class='ocrx_word' id='word_1_217' title='bbox 2069 1716 2220 1784; x_wconf 81' lang='lat' dir='ltr'><strong>Quod</strong></span> <span class='ocrx_word' id='word_1_218' title='bbox 2241 1727 2435 1774; x_wconf 78' lang='lat' dir='ltr'><strong>autem</strong></span> <span class='ocrx_word' id='word_1_219' title='bbox 2463 1718 2674 1774; x_wconf 90' lang='lat' dir='ltr'><strong>dieitse</strong></span> <span class='ocrx_word' id='word_1_220' title='bbox 2703 1734 2826 1774; x_wconf 83' lang='lat' dir='ltr'><strong>esse</strong></span> <span class='ocrx_word' id='word_1_221' title='bbox 2850 1721 3016 1792; x_wconf 78' lang='lat' dir='ltr'><strong>virgis</strong></span> <span class='ocrx_word' id='word_1_222' title='bbox 3035 1739 3256 1790; x_wconf 66' lang='lat' dir='ltr'><strong>ansam,</strong></span> <span class='ocrx_word' id='word_1_223' title='bbox 3301 1726 3469 1785; x_wconf 69' lang='lat' dir='ltr'><strong>habes</strong></span> <span class='ocrx_word' id='word_1_224' title='bbox 3511 1729 3584 1786; x_wconf 87' lang='lat' dir='ltr'><strong>ibi</strong></span> 
     </span>
    </p>
   </div>
   <div class='ocr_carea' id='block_1_33' title="bbox 322 1791 1907 1894">
    <p class='ocr_par' dir='ltr' id='par_1_33' title="bbox 322 1823 1896 1894">
     <span class='ocr_line' id='line_1_33' title="bbox 322 1823 1896 1894; baseline 0.006 -19"><span class='ocrx_word' id='word_1_225' title='bbox 322 1839 418 1894; x_wconf 85' lang='lat' dir='ltr'><strong>per</strong></span> <span class='ocrx_word' id='word_1_226' title='bbox 445 1825 902 1894; x_wconf 81' lang='lat' dir='ltr'><strong>regenerationem</strong></span> <span class='ocrx_word' id='word_1_227' title='bbox 931 1823 1106 1882; x_wconf 80' lang='lat' dir='ltr'><strong>factus</strong></span> <span class='ocrx_word' id='word_1_228' title='bbox 1133 1835 1238 1893; x_wconf 91' lang='lat' dir='ltr'><strong>est,</strong></span> <span class='ocrx_word' id='word_1_229' title='bbox 1273 1827 1339 1884; x_wconf 87' lang='lat' dir='ltr'><strong>de</strong></span> <span class='ocrx_word' id='word_1_230' title='bbox 1371 1836 1582 1883; x_wconf 86' lang='lat' dir='ltr'><strong>terrena</strong></span> <span class='ocrx_word' id='word_1_231' title='bbox 1610 1839 1662 1883; x_wconf 90' lang='lat' dir='ltr'><strong>et</strong></span> <span class='ocrx_word' id='word_1_232' title='bbox 1690 1829 1896 1885; x_wconf 87' lang='lat' dir='ltr'><strong>carnali</strong></span> 
     </span>
    </p>
   </div>
   <div class='ocr_carea' id='block_1_34' title="bbox 2005 1791 3586 1894">
    <p class='ocr_par' dir='ltr' id='par_1_34' title="bbox 2005 1791 3586 1894">
     <span class='ocr_line' id='line_1_34' title="bbox 2005 1791 3586 1894; baseline 0.009 -28"><span class='ocrx_word' id='word_1_233' title='bbox 2005 1813 2055 1866; x_wconf 91' lang='lat' dir='ltr'><strong>in</strong></span> <span class='ocrx_word' id='word_1_234' title='bbox 2094 1812 2319 1866; x_wconf 76' lang='lat' dir='ltr'><strong>Actibus</strong></span> <span class='ocrx_word' id='word_1_235' title='bbox 2341 1811 2738 1882; x_wconf 80' lang='lat' dir='ltr'><strong>Apostolorum,</strong></span> <span class='ocrx_word' id='word_1_236' title='bbox 2769 1815 2902 1884; x_wconf 81' lang='lat' dir='ltr'><strong>quia</strong></span> <span class='ocrx_word' id='word_1_237' title='bbox 2937 1791 3062 1870; x_wconf 85' lang='lat' dir='ltr'><strong>cum</strong></span> <span class='ocrx_word' id='word_1_238' title='bbox 3103 1826 3289 1874; x_wconf 85' lang='lat' dir='ltr'><strong>essent</strong></span> <span class='ocrx_word' id='word_1_239' title='bbox 3327 1820 3386 1876; x_wconf 82' lang='lat' dir='ltr'><strong>in</strong></span> <span class='ocrx_word' id='word_1_240' title='bbox 3429 1830 3586 1894; x_wconf 79' lang='lat' dir='ltr'><strong>parte</strong></span> 
     </span>
    </p>
   </div>
   <div class='ocr_carea' id='block_1_35' title="bbox 323 1915 893 1985">
    <p class='ocr_par' dir='ltr' id='par_1_35' title="bbox 323 1915 893 1985">
     <span class='ocr_line' id='line_1_35' title="bbox 323 1915 893 1985; baseline 0 -13"><span class='ocrx_word' id='word_1_241' title='bbox 323 1916 599 1972; x_wconf 87' lang='lat' dir='ltr'><strong>nobilitate</strong></span> <span class='ocrx_word' id='word_1_242' title='bbox 627 1932 685 1972; x_wconf 89' lang='lat' dir='ltr'><strong>se</strong></span> <span class='ocrx_word' id='word_1_243' title='bbox 705 1915 893 1985; x_wconf 80' lang='lat' dir='ltr'><strong>jactet.</strong></span> 
     </span>
    </p>
   </div>
   <div class='ocr_carea' id='block_1_36' title="bbox 397 2006 1894 2082">
    <p class='ocr_par' dir='ltr' id='par_1_36' title="bbox 397 2006 1894 2082">
     <span class='ocr_line' id='line_1_36' title="bbox 397 2006 1894 2082; baseline 0.006 -23"><span class='ocrx_word' id='word_1_244' title='bbox 397 2006 560 2072; x_wconf 82' lang='lat' dir='ltr'><strong>Quasi</strong></span> <span class='ocrx_word' id='word_1_245' title='bbox 585 2023 678 2061; x_wconf 87' lang='lat' dir='ltr'><strong>nos</strong></span> <span class='ocrx_word' id='word_1_246' title='bbox 718 2007 913 2077; x_wconf 83' lang='lat' dir='ltr'><strong>inﬁrmi</strong></span> <span class='ocrx_word' id='word_1_247' title='bbox 953 2008 1206 2078; x_wconf 77' lang='lat' dir='ltr'><strong>fuerimus</strong></span> <span class='ocrx_word' id='word_1_248' title='bbox 1247 2011 1304 2065; x_wconf 87' lang='lat' dir='ltr'><strong>in</strong></span> <span class='ocrx_word' id='word_1_249' title='bbox 1346 2011 1444 2066; x_wconf 87' lang='lat' dir='ltr'><strong>hac</strong></span> <span class='ocrx_word' id='word_1_250' title='bbox 1491 2022 1660 2082; x_wconf 87' lang='lat' dir='ltr'><strong>parte.</strong></span> <span class='ocrx_word' id='word_1_251' title='bbox 1715 2011 1776 2070; x_wconf 95' lang='lat' dir='ltr'><strong>Id</strong></span> <span class='ocrx_word' id='word_1_252' title='bbox 1794 2021 1894 2082; x_wconf 87' lang='lat' dir='ltr'><strong>est,</strong></span> 
     </span>
    </p>
   </div>
   <div class='ocr_carea' id='block_1_37' title="bbox 321 2091 1900 2173">
    <p class='ocr_par' dir='ltr' id='par_1_37' title="bbox 321 2091 1900 2173">
     <span class='ocr_line' id='line_1_37' title="bbox 321 2091 1900 2173; baseline 0.006 -23"><span class='ocrx_word' id='word_1_253' title='bbox 321 2097 472 2166; x_wconf 87' lang='lat' dir='ltr'><strong>quasi</strong></span> <span class='ocrx_word' id='word_1_254' title='bbox 503 2112 600 2151; x_wconf 91' lang='lat' dir='ltr'><strong>nos</strong></span> <span class='ocrx_word' id='word_1_255' title='bbox 625 2097 678 2151; x_wconf 89' lang='lat' dir='ltr'><strong>in</strong></span> <span class='ocrx_word' id='word_1_256' title='bbox 707 2098 810 2152; x_wconf 85' lang='lat' dir='ltr'><strong>hac</strong></span> <span class='ocrx_word' id='word_1_257' title='bbox 836 2105 986 2167; x_wconf 89' lang='lat' dir='ltr'><strong>parte</strong></span> <span class='ocrx_word' id='word_1_258' title='bbox 1013 2099 1081 2154; x_wconf 88' lang='lat' dir='ltr'><strong>ab</strong></span> <span class='ocrx_word' id='word_1_259' title='bbox 1111 2099 1214 2155; x_wconf 89' lang='lat' dir='ltr'><strong>illis</strong></span> <span class='ocrx_word' id='word_1_260' title='bbox 1236 2100 1414 2156; x_wconf 88' lang='lat' dir='ltr'><strong>minus</strong></span> <span class='ocrx_word' id='word_1_261' title='bbox 1454 2091 1656 2173; x_wconf 61' lang='lat' dir='ltr'><strong>aliquid</strong></span> <span class='ocrx_word' id='word_1_262' title='bbox 1699 2104 1900 2159; x_wconf 80' lang='lat' dir='ltr'><strong>habea-</strong></span> 
     </span>
    </p>
   </div>
   <div class='ocr_carea' id='block_1_38' title="bbox 321 2187 1863 2264">
    <p class='ocr_par' dir='ltr' id='par_1_38' title="bbox 321 2187 1863 2264">
     <span class='ocr_line' id='line_1_38' title="bbox 321 2187 1863 2264; baseline 0.005 -24"><span class='ocrx_word' id='word_1_263' title='bbox 321 2202 457 2248; x_wconf 88' lang='lat' dir='ltr'><strong>mus,</strong></span> <span class='ocrx_word' id='word_1_264' title='bbox 487 2194 666 2240; x_wconf 87' lang='lat' dir='ltr'><strong>etnon</strong></span> <span class='ocrx_word' id='word_1_265' title='bbox 696 2187 866 2259; x_wconf 88' lang='lat' dir='ltr'><strong>magis</strong></span> <span class='ocrx_word' id='word_1_266' title='bbox 885 2188 1038 2243; x_wconf 87' lang='lat' dir='ltr'><strong>vobis</strong></span> <span class='ocrx_word' id='word_1_267' title='bbox 1070 2205 1194 2244; x_wconf 91' lang='lat' dir='ltr'><strong>vera</strong></span> <span class='ocrx_word' id='word_1_268' title='bbox 1225 2199 1279 2244; x_wconf 93' lang='lat' dir='ltr'><strong>et</strong></span> <span class='ocrx_word' id='word_1_269' title='bbox 1304 2189 1465 2246; x_wconf 78' lang='lat' dir='ltr'><strong>fortia</strong></span> <span class='ocrx_word' id='word_1_270' title='bbox 1492 2193 1863 2264; x_wconf 65' lang='lat' dir='ltr'><strong>prazdicemus.</strong></span> 
     </span>
    </p>
   </div>
   <div class='ocr_carea' id='block_1_39' title="bbox 387 2279 1893 2358">
    <p class='ocr_par' dir='ltr' id='par_1_39' title="bbox 387 2279 1893 2358">
     <span class='ocr_line' id='line_1_39' title="bbox 387 2279 1893 2358; baseline 0.008 -28"><span class='ocrx_word' id='word_1_271' title='bbox 387 2279 413 2330; x_wconf 92' lang='grc' dir='ltr'><strong><em>Ι</em></strong></span> <span class='ocrx_word' id='word_1_272' title='bbox 423 2295 458 2330; x_wconf 85' lang='grc' dir='ltr'><em>η</em></span> <span class='ocrx_word' id='word_1_273' title='bbox 481 2295 580 2349; x_wconf 84' lang='lat' dir='ltr'><strong>quo</strong></span> <span class='ocrx_word' id='word_1_274' title='bbox 607 2279 724 2348; x_wconf 84' lang='lat' dir='ltr'><strong>quis</strong></span> <span class='ocrx_word' id='word_1_275' title='bbox 750 2279 929 2345; x_wconf 80' lang='lat' dir='ltr'><strong>audet,</strong></span> <span class='ocrx_word' id='word_1_276' title='bbox 960 2280 1015 2334; x_wconf 87' lang='lat' dir='ltr'><strong>in</strong></span> <span class='ocrx_word' id='word_1_277' title='bbox 1034 2282 1331 2353; x_wconf 83' lang='lat' dir='ltr'><strong>insipientia</strong></span> <span class='ocrx_word' id='word_1_278' title='bbox 1351 2285 1488 2351; x_wconf 87' lang='lat' dir='ltr'><strong>dico,</strong></span> <span class='ocrx_word' id='word_1_279' title='bbox 1513 2286 1683 2340; x_wconf 85' lang='lat' dir='ltr'><strong>audeo</strong></span> <span class='ocrx_word' id='word_1_280' title='bbox 1711 2297 1759 2341; x_wconf 87' lang='lat' dir='ltr'><strong>et</strong></span> <span class='ocrx_word' id='word_1_281' title='bbox 1781 2305 1893 2358; x_wconf 79' lang='lat' dir='ltr'><strong>ego.</strong></span> 
     </span>
    </p>
   </div>
   <div class='ocr_carea' id='block_1_40' title="bbox 320 2369 1898 2446">
    <p class='ocr_par' dir='ltr' id='par_1_40' title="bbox 320 2369 1898 2446">
     <span class='ocr_line' id='line_1_40' title="bbox 320 2369 1898 2446; baseline 0.006 -24"><span class='ocrx_word' id='word_1_282' title='bbox 320 2369 430 2424; x_wconf 87' lang='lat' dir='ltr'><strong>IIoc</strong></span> <span class='ocrx_word' id='word_1_283' title='bbox 454 2384 672 2440; x_wconf 89' lang='lat' dir='ltr'><strong>possum</strong></span> <span class='ocrx_word' id='word_1_284' title='bbox 701 2372 920 2438; x_wconf 88' lang='lat' dir='ltr'><strong>audere,</strong></span> <span class='ocrx_word' id='word_1_285' title='bbox 947 2371 991 2427; x_wconf 91' lang='lat' dir='ltr'><strong>si</strong></span> <span class='ocrx_word' id='word_1_286' title='bbox 1018 2372 1157 2428; x_wconf 89' lang='lat' dir='ltr'><strong>volo.</strong></span> <span class='ocrx_word' id='word_1_287' title='bbox 1183 2373 1281 2429; x_wconf 89' lang='lat' dir='ltr'><strong>IIie</strong></span> <span class='ocrx_word' id='word_1_288' title='bbox 1311 2390 1369 2430; x_wconf 89' lang='lat' dir='ltr'><strong>se</strong></span> <span class='ocrx_word' id='word_1_289' title='bbox 1396 2376 1652 2446; x_wconf 87' lang='lat' dir='ltr'><strong>apostolis</strong></span> <span class='ocrx_word' id='word_1_290' title='bbox 1679 2393 1898 2436; x_wconf 86' lang='lat' dir='ltr'><strong>compa-</strong></span> 
     </span>
    </p>
   </div>
   <div class='ocr_carea' id='block_1_41' title="bbox 319 2453 1879 2533">
    <p class='ocr_par' dir='ltr' id='par_1_41' title="bbox 319 2453 1879 2533">
     <span class='ocr_line' id='line_1_41' title="bbox 319 2453 1879 2533; baseline 0.004 -19"><span class='ocrx_word' id='word_1_291' title='bbox 319 2459 663 2516; x_wconf 64' lang='lat' dir='ltr'><strong>rat&#39;la‘sorum</strong></span> <span class='ocrx_word' id='word_1_292' title='bbox 692 2476 910 2518; x_wconf 89' lang='lat' dir='ltr'><strong>suorum</strong></span> <span class='ocrx_word' id='word_1_293' title='bbox 937 2463 1402 2533; x_wconf 86' lang='lat' dir='ltr'><strong>contemplatione.</strong></span> <span class='ocrx_word' id='word_1_294' title='bbox 1639 2453 1668 2479; x_wconf 83' lang='grc'><strong>·’</strong></span> <span class='ocrx_word' id='word_1_295' title='bbox 1871 2453 1879 2484; x_wconf 72' lang='grc'>³</span> 
     </span>
    </p>
   </div>
   <div class='ocr_carea' id='block_1_42' title="bbox 387 2548 1896 2627">
    <p class='ocr_par' dir='ltr' id='par_1_42' title="bbox 387 2548 1896 2627">
     <span class='ocr_line' id='line_1_42' title="bbox 387 2548 1896 2627; baseline 0.009 -25"><span class='ocrx_word' id='word_1_296' title='bbox 387 2548 596 2604; x_wconf 71' lang='grc' dir='ltr'><strong>Ηεὺνωὶ</strong></span> <span class='ocrx_word' id='word_1_297' title='bbox 617 2561 739 2605; x_wconf 88' lang='lat' dir='ltr'><strong>sunt</strong></span> <span class='ocrx_word' id='word_1_298' title='bbox 761 2561 808 2606; x_wconf 88' lang='lat' dir='ltr'><strong>et</strong></span> <span class='ocrx_word' id='word_1_299' title='bbox 835 2569 926 2622; x_wconf 86' lang='lat' dir='ltr'><strong>ego</strong></span> <span class='ocrx_word' id='word_1_300' title='bbox 955 2569 972 2608; x_wconf 91' lang='lat'><strong><em>:</em></strong></span> <span class='ocrx_word' id='word_1_301' title='bbox 1000 2551 1259 2609; x_wconf 79' lang='lat' dir='ltr'><strong>Israelita:</strong></span> <span class='ocrx_word' id='word_1_302' title='bbox 1295 2565 1414 2610; x_wconf 88' lang='lat' dir='ltr'><strong>sunt</strong></span> <span class='ocrx_word' id='word_1_303' title='bbox 1451 2565 1500 2610; x_wconf 88' lang='lat' dir='ltr'><strong>et</strong></span> <span class='ocrx_word' id='word_1_304' title='bbox 1523 2573 1614 2627; x_wconf 87' lang='lat' dir='ltr'><strong>ego</strong></span> <span class='ocrx_word' id='word_1_305' title='bbox 1644 2571 1661 2608; x_wconf 90' lang='lat'><strong>:</strong></span> <span class='ocrx_word' id='word_1_306' title='bbox 1705 2557 1896 2615; x_wconf 79' lang='lat' dir='ltr'><strong>Semen</strong></span> 
     </span>
    </p>
   </div>
   <div class='ocr_carea' id='block_1_43' title="bbox 317 2641 1894 2719">
    <p class='ocr_par' dir='ltr' id='par_1_43' title="bbox 317 2641 1894 2719">
     <span class='ocr_line' id='line_1_43' title="bbox 317 2641 1894 2719; baseline 0.008 -26"><span class='ocrx_word' id='word_1_307' title='bbox 317 2641 538 2695; x_wconf 75' lang='lat' dir='ltr'><strong>Abraha:</strong></span> <span class='ocrx_word' id='word_1_308' title='bbox 562 2651 682 2696; x_wconf 84' lang='lat' dir='ltr'><strong>sunt</strong></span> <span class='ocrx_word' id='word_1_309' title='bbox 704 2653 751 2697; x_wconf 90' lang='lat' dir='ltr'><strong>et</strong></span> <span class='ocrx_word' id='word_1_310' title='bbox 777 2659 890 2710; x_wconf 72' lang='lat' dir='ltr'><strong>ego.</strong></span> <span class='ocrx_word' id='word_1_311' title='bbox 909 2643 1018 2699; x_wconf 86' lang='lat' dir='ltr'><strong>Hoc</strong></span> <span class='ocrx_word' id='word_1_312' title='bbox 1035 2653 1141 2708; x_wconf 93' lang='lat' dir='ltr'><strong>est,</strong></span> <span class='ocrx_word' id='word_1_313' title='bbox 1159 2645 1203 2699; x_wconf 90' lang='lat' dir='ltr'><strong>si</strong></span> <span class='ocrx_word' id='word_1_314' title='bbox 1223 2645 1275 2699; x_wconf 91' lang='lat' dir='ltr'><strong>in</strong></span> <span class='ocrx_word' id='word_1_315' title='bbox 1294 2646 1398 2701; x_wconf 84' lang='lat' dir='ltr'><strong>hoc</strong></span> <span class='ocrx_word' id='word_1_316' title='bbox 1417 2645 1734 2718; x_wconf 83' lang='lat' dir='ltr'><strong>gloriantur,</strong></span> <span class='ocrx_word' id='word_1_317' title='bbox 1752 2651 1894 2719; x_wconf 85' lang='lat' dir='ltr'><strong>quod</strong></span> 
     </span>
    </p>
   </div>
   <div class='ocr_carea' id='block_1_44' title="bbox 319 2729 1894 2812">
    <p class='ocr_par' dir='ltr' id='par_1_44' title="bbox 319 2729 1894 2812">
     <span class='ocr_line' id='line_1_44' title="bbox 319 2729 1894 2812; baseline 0.008 -29"><span class='ocrx_word' id='word_1_318' title='bbox 319 2729 525 2785; x_wconf 65' lang='lat' dir='ltr'><strong>Hebraei</strong></span> <span class='ocrx_word' id='word_1_319' title='bbox 545 2740 689 2795; x_wconf 90' lang='lat' dir='ltr'><strong>sunt,</strong></span> <span class='ocrx_word' id='word_1_320' title='bbox 715 2740 806 2786; x_wconf 87' lang='lat' dir='ltr'><strong>aut</strong></span> <span class='ocrx_word' id='word_1_321' title='bbox 832 2731 1105 2798; x_wconf 63' lang='lat' dir='ltr'><strong>Israelita),</strong></span> <span class='ocrx_word' id='word_1_322' title='bbox 1133 2742 1226 2788; x_wconf 89' lang='lat' dir='ltr'><strong>aut</strong></span> <span class='ocrx_word' id='word_1_323' title='bbox 1245 2751 1429 2790; x_wconf 88' lang='lat' dir='ltr'><strong>semen</strong></span> <span class='ocrx_word' id='word_1_324' title='bbox 1451 2736 1702 2804; x_wconf 62' lang='lat' dir='ltr'><strong>Abrabm,</strong></span> <span class='ocrx_word' id='word_1_325' title='bbox 1719 2747 1773 2794; x_wconf 89' lang='lat' dir='ltr'><strong>et</strong></span> <span class='ocrx_word' id='word_1_326' title='bbox 1793 2753 1894 2812; x_wconf 84' lang='lat' dir='ltr'><strong>ego</strong></span> 
     </span>
    </p>
   </div>
   <div class='ocr_carea' id='block_1_45' title="bbox 315 2820 1522 2896">
    <p class='ocr_par' dir='ltr' id='par_1_45' title="bbox 315 2820 1522 2896">
     <span class='ocr_line' id='line_1_45' title="bbox 315 2820 1522 2896; baseline 0.005 -23"><span class='ocrx_word' id='word_1_327' title='bbox 315 2820 533 2890; x_wconf 87' lang='lat' dir='ltr'><strong>gloriari</strong></span> <span class='ocrx_word' id='word_1_328' title='bbox 554 2836 794 2891; x_wconf 90' lang='lat' dir='ltr'><strong>possum,</strong></span> <span class='ocrx_word' id='word_1_329' title='bbox 817 2822 944 2892; x_wconf 90' lang='lat' dir='ltr'><strong>quia</strong></span> <span class='ocrx_word' id='word_1_330' title='bbox 965 2823 1126 2894; x_wconf 87' lang='lat' dir='ltr'><strong>hujus</strong></span> <span class='ocrx_word' id='word_1_331' title='bbox 1143 2840 1260 2879; x_wconf 89' lang='lat' dir='ltr'><strong>sum</strong></span> <span class='ocrx_word' id='word_1_332' title='bbox 1288 2825 1522 2896; x_wconf 85' lang='lat' dir='ltr'><strong>generis.</strong></span> 
     </span>
    </p>
   </div>
   <div class='ocr_carea' id='block_1_46' title="bbox 385 2909 1893 2987">
    <p class='ocr_par' dir='ltr' id='par_1_46' title="bbox 385 2909 1893 2987">
     <span class='ocr_line' id='line_1_46' title="bbox 385 2909 1893 2987; baseline 0.004 -23"><span class='ocrx_word' id='word_1_333' title='bbox 385 2909 614 2966; x_wconf 76' lang='lat' dir='ltr'><strong>Hinistri</strong></span> <span class='ocrx_word' id='word_1_334' title='bbox 636 2913 830 2967; x_wconf 85' lang='lat' dir='ltr'><strong>Christi</strong></span> <span class='ocrx_word' id='word_1_335' title='bbox 868 2923 1011 2979; x_wconf 88' lang='lat' dir='ltr'><strong>sunt,</strong></span> <span class='ocrx_word' id='word_1_336' title='bbox 1064 2925 1112 2969; x_wconf 89' lang='lat' dir='ltr'><strong>et</strong></span> <span class='ocrx_word' id='word_1_337' title='bbox 1133 2933 1247 2987; x_wconf 88' lang='lat' dir='ltr'><strong>ego.</strong></span> <span class='ocrx_word' id='word_1_338' title='bbox 1297 2915 1628 2982; x_wconf 84' lang='lat' dir='ltr'><strong>Notandum,</strong></span> <span class='ocrx_word' id='word_1_339' title='bbox 1667 2915 1792 2986; x_wconf 88' lang='lat' dir='ltr'><strong>quia</strong></span> <span class='ocrx_word' id='word_1_340' title='bbox 1846 2914 1893 2970; x_wconf 85' lang='lat' dir='ltr'><strong>si</strong></span> 
     </span>
    </p>
   </div>
   <div class='ocr_carea' id='block_1_47' title="bbox 315 3003 1892 3080">
    <p class='ocr_par' dir='ltr' id='par_1_47' title="bbox 315 3003 1892 3080">
     <span class='ocr_line' id='line_1_47' title="bbox 315 3003 1892 3080; baseline 0.005 -23"><span class='ocrx_word' id='word_1_341' title='bbox 315 3005 434 3074; x_wconf 86' lang='lat' dir='ltr'><strong>quis</strong></span> <span class='ocrx_word' id='word_1_342' title='bbox 453 3004 640 3060; x_wconf 86' lang='lat' dir='ltr'><strong>saltem</strong></span> <span class='ocrx_word' id='word_1_343' title='bbox 668 3005 734 3061; x_wconf 89' lang='lat' dir='ltr'><strong>de</strong></span> <span class='ocrx_word' id='word_1_344' title='bbox 773 3003 973 3062; x_wconf 88' lang='lat' dir='ltr'><strong>Christi</strong></span> <span class='ocrx_word' id='word_1_345' title='bbox 1016 3008 1316 3064; x_wconf 84' lang='lat' dir='ltr'><strong>ministerio</strong></span> <span class='ocrx_word' id='word_1_346' title='bbox 1354 3007 1613 3080; x_wconf 80' lang='lat' dir='ltr'><strong>glorietur</strong></span> <span class='ocrx_word' id='word_1_347' title='bbox 1633 3045 1648 3072; x_wconf 85' lang='lat'><strong>,</strong></span> <span class='ocrx_word' id='word_1_348' title='bbox 1668 3022 1775 3065; x_wconf 85' lang='lat' dir='ltr'><strong>non</strong></span> <span class='ocrx_word' id='word_1_349' title='bbox 1798 3021 1892 3064; x_wconf 85' lang='lat' dir='ltr'><strong>sa-</strong></span> 
     </span>
    </p>
   </div>
   <div class='ocr_carea' id='block_1_48' title="bbox 314 3095 815 3166">
    <p class='ocr_par' dir='ltr' id='par_1_48' title="bbox 314 3095 815 3166">
     <span class='ocr_line' id='line_1_48' title="bbox 314 3095 815 3166; baseline 0.008 -19"><span class='ocrx_word' id='word_1_350' title='bbox 314 3095 520 3164; x_wconf 81' lang='lat' dir='ltr'><strong>pienter</strong></span> <span class='ocrx_word' id='word_1_351' title='bbox 537 3095 815 3166; x_wconf 79' lang='lat' dir='ltr'><strong>gloriatur.</strong></span> 
     </span>
    </p>
   </div>
   <div class='ocr_carea' id='block_1_49' title="bbox 386 3184 1886 3265">
    <p class='ocr_par' dir='ltr' id='par_1_49' title="bbox 386 3184 1886 3265">
     <span class='ocr_line' id='line_1_49' title="bbox 386 3184 1886 3265; baseline 0.006 -26"><span class='ocrx_word' id='word_1_352' title='bbox 386 3184 449 3239; x_wconf 86' lang='lat' dir='ltr'><strong>Ut</strong></span> <span class='ocrx_word' id='word_1_353' title='bbox 473 3187 642 3240; x_wconf 87' lang='lat' dir='ltr'><strong>minus</strong></span> <span class='ocrx_word' id='word_1_354' title='bbox 667 3187 870 3258; x_wconf 84' lang='lat' dir='ltr'><strong>sapiens</strong></span> <span class='ocrx_word' id='word_1_355' title='bbox 894 3188 1030 3253; x_wconf 86' lang='lat' dir='ltr'><strong>dico,</strong></span> <span class='ocrx_word' id='word_1_356' title='bbox 1051 3188 1168 3260; x_wconf 87' lang='lat' dir='ltr'><strong>plus</strong></span> <span class='ocrx_word' id='word_1_357' title='bbox 1196 3208 1310 3262; x_wconf 87' lang='lat' dir='ltr'><strong>ego,</strong></span> <span class='ocrx_word' id='word_1_358' title='bbox 1333 3192 1388 3246; x_wconf 88' lang='lat' dir='ltr'><strong>in</strong></span> <span class='ocrx_word' id='word_1_359' title='bbox 1413 3190 1679 3247; x_wconf 68' lang='lat' dir='ltr'><strong>laborabas</strong></span> <span class='ocrx_word' id='word_1_360' title='bbox 1712 3191 1886 3265; x_wconf 78' lang='lat' dir='ltr'><strong>pluri-</strong></span> 
     </span>
    </p>
   </div>
   <div class='ocr_carea' id='block_1_50' title="bbox 314 3279 1891 3358">
    <p class='ocr_par' dir='ltr' id='par_1_50' title="bbox 314 3279 1891 3358">
     <span class='ocr_line' id='line_1_50' title="bbox 314 3279 1891 3358; baseline 0.007 -27"><span class='ocrx_word' id='word_1_361' title='bbox 314 3279 429 3343; x_wconf 87' lang='lat' dir='ltr'><strong>mis,</strong></span> <span class='ocrx_word' id='word_1_362' title='bbox 451 3280 505 3333; x_wconf 86' lang='lat' dir='ltr'><strong>in</strong></span> <span class='ocrx_word' id='word_1_363' title='bbox 525 3280 818 3335; x_wconf 80' lang='lat' dir='ltr'><strong>carceribus</strong></span> <span class='ocrx_word' id='word_1_364' title='bbox 849 3281 1222 3350; x_wconf 81' lang='lat' dir='ltr'><strong>abundantius,</strong></span> <span class='ocrx_word' id='word_1_365' title='bbox 1257 3285 1311 3338; x_wconf 90' lang='lat' dir='ltr'><strong>in</strong></span> <span class='ocrx_word' id='word_1_366' title='bbox 1354 3283 1522 3356; x_wconf 84' lang='lat' dir='ltr'><strong>plagis</strong></span> <span class='ocrx_word' id='word_1_367' title='bbox 1568 3303 1730 3358; x_wconf 88' lang='lat' dir='ltr'><strong>supra</strong></span> <span class='ocrx_word' id='word_1_368' title='bbox 1779 3301 1891 3342; x_wconf 85' lang='lat' dir='ltr'><strong>m0-</strong></span> 
     </span>
    </p>
   </div>
   <div class='ocr_carea' id='block_1_51' title="bbox 311 3370 1888 3449">
    <p class='ocr_par' dir='ltr' id='par_1_51' title="bbox 311 3370 1888 3449">
     <span class='ocr_line' id='line_1_51' title="bbox 311 3370 1888 3449; baseline 0.006 -25"><span class='ocrx_word' id='word_1_369' title='bbox 311 3370 457 3434; x_wconf 84' lang='lat' dir='ltr'><strong>tlum,</strong></span> <span class='ocrx_word' id='word_1_370' title='bbox 478 3379 580 3427; x_wconf 89' lang='lat' dir='ltr'><strong>etc.</strong></span> <span class='ocrx_word' id='word_1_371' title='bbox 605 3371 870 3443; x_wconf 81' lang='lat' dir='ltr'><strong>(ExJoan.</strong></span> <span class='ocrx_word' id='word_1_372' title='bbox 886 3375 1104 3448; x_wconf 77' lang='lat' dir='ltr'><strong>Chrys.)</strong></span> <span class='ocrx_word' id='word_1_373' title='bbox 1122 3375 1238 3431; x_wconf 85' lang='lat' dir='ltr'><strong>Non</strong></span> <span class='ocrx_word' id='word_1_374' title='bbox 1255 3376 1390 3432; x_wconf 78' lang='lat' dir='ltr'><strong>dixit</strong></span> <span class='ocrx_word' id='word_1_375' title='bbox 1405 3378 1568 3433; x_wconf 91' lang='lat' dir='ltr'><strong>tantis</strong></span> <span class='ocrx_word' id='word_1_376' title='bbox 1579 3378 1888 3449; x_wconf 66' lang='lat' dir='ltr'><strong>pradicavi,</strong></span> 
     </span>
    </p>
   </div>
   <div class='ocr_carea' id='block_1_52' title="bbox 311 3463 1890 3540">
    <p class='ocr_par' dir='ltr' id='par_1_52' title="bbox 311 3463 1890 3540">
     <span class='ocr_line' id='line_1_52' title="bbox 311 3463 1890 3540; baseline 0.006 -24"><span class='ocrx_word' id='word_1_377' title='bbox 311 3463 404 3517; x_wconf 84' lang='lat' dir='ltr'><strong>sed</strong></span> <span class='ocrx_word' id='word_1_378' title='bbox 445 3463 720 3520; x_wconf 89' lang='lat' dir='ltr'><strong>dimittens</strong></span> <span class='ocrx_word' id='word_1_379' title='bbox 744 3468 924 3522; x_wconf 87' lang='lat' dir='ltr'><strong>omnia</strong></span> <span class='ocrx_word' id='word_1_380' title='bbox 947 3469 1206 3537; x_wconf 71' lang='lat' dir='ltr'><strong>prteclara</strong></span> <span class='ocrx_word' id='word_1_381' title='bbox 1224 3467 1483 3535; x_wconf 84' lang='lat' dir='ltr'><strong>facinora,</strong></span> <span class='ocrx_word' id='word_1_382' title='bbox 1502 3484 1600 3524; x_wconf 86' lang='lat' dir='ltr'><strong>sua</strong></span> <span class='ocrx_word' id='word_1_383' title='bbox 1615 3470 1754 3524; x_wconf 86' lang='lat' dir='ltr'><strong>mala</strong></span> <span class='ocrx_word' id='word_1_384' title='bbox 1771 3483 1890 3540; x_wconf 62' lang='lat' dir='ltr'><strong>quae</strong></span> 
     </span>
    </p>
   </div>
   <div class='ocr_carea' id='block_1_53' title="bbox 311 3551 1891 3630">
    <p class='ocr_par' dir='ltr' id='par_1_53' title="bbox 311 3551 1891 3630">
     <span class='ocr_line' id='line_1_53' title="bbox 311 3551 1891 3630; baseline 0.006 -26"><span class='ocrx_word' id='word_1_385' title='bbox 311 3551 577 3619; x_wconf 84' lang='lat' dir='ltr'><strong>toleravit,</strong></span> <span class='ocrx_word' id='word_1_386' title='bbox 599 3565 902 3622; x_wconf 87' lang='lat' dir='ltr'><strong>enumerat,</strong></span> <span class='ocrx_word' id='word_1_387' title='bbox 935 3556 1084 3610; x_wconf 89' lang='lat' dir='ltr'><strong>velut</strong></span> <span class='ocrx_word' id='word_1_388' title='bbox 1129 3560 1322 3614; x_wconf 90' lang='lat' dir='ltr'><strong>seriem</strong></span> <span class='ocrx_word' id='word_1_389' title='bbox 1358 3558 1671 3630; x_wconf 88' lang='lat' dir='ltr'><strong>passionum</strong></span> <span class='ocrx_word' id='word_1_390' title='bbox 1701 3567 1756 3612; x_wconf 91' lang='lat' dir='ltr'><strong>et</strong></span> <span class='ocrx_word' id='word_1_391' title='bbox 1779 3557 1891 3629; x_wconf 87' lang='lat' dir='ltr'><strong>glo-</strong></span> 
     </span>
    </p>
   </div>
   <div class='ocr_carea' id='block_1_54' title="bbox 313 3643 752 3702">
    <p class='ocr_par' dir='ltr' id='par_1_54' title="bbox 313 3643 752 3702">
     <span class='ocr_line' id='line_1_54' title="bbox 313 3643 752 3702; baseline 0.014 -6"><span class='ocrx_word' id='word_1_392' title='bbox 313 3643 403 3698; x_wconf 84' lang='lat' dir='ltr'><strong>ria:</strong></span> <span class='ocrx_word' id='word_1_393' title='bbox 424 3645 752 3702; x_wconf 88' lang='lat' dir='ltr'><strong>occasiones.</strong></span> 
     </span>
    </p>
   </div>
   <div class='ocr_carea' id='block_1_55' title="bbox 377 3734 1886 3812">
    <p class='ocr_par' dir='ltr' id='par_1_55' title="bbox 377 3734 1886 3812">
     <span class='ocr_line' id='line_1_55' title="bbox 377 3734 1886 3812; baseline 0.005 -25"><span class='ocrx_word' id='word_1_394' title='bbox 377 3735 420 3787; x_wconf 83' lang='grc' dir='ltr'><em>Α</em></span> <span class='ocrx_word' id='word_1_395' title='bbox 447 3734 649 3790; x_wconf 72' lang='lat' dir='ltr'><strong>Judan&#39;s</strong></span> <span class='ocrx_word' id='word_1_396' title='bbox 668 3738 939 3810; x_wconf 84' lang='lat' dir='ltr'><strong>quinquies</strong></span> <span class='ocrx_word' id='word_1_397' title='bbox 972 3739 1333 3812; x_wconf 87' lang='lat' dir='ltr'><strong>quadragenas</strong></span> <span class='ocrx_word' id='word_1_398' title='bbox 1358 3758 1464 3795; x_wconf 88' lang='lat' dir='ltr'><strong>una</strong></span> <span class='ocrx_word' id='word_1_399' title='bbox 1491 3741 1663 3796; x_wconf 85' lang='lat' dir='ltr'><strong>minus</strong></span> <span class='ocrx_word' id='word_1_400' title='bbox 1692 3741 1886 3812; x_wconf 78' lang='lat' dir='ltr'><strong>accepi.</strong></span> 
     </span>
    </p>
   </div>
   <div class='ocr_carea' id='block_1_56' title="bbox 310 3825 1890 3903">
    <p class='ocr_par' dir='ltr' id='par_1_56' title="bbox 310 3825 1890 3903">
     <span class='ocr_line' id='line_1_56' title="bbox 310 3825 1890 3903; baseline 0.006 -23"><span class='ocrx_word' id='word_1_401' title='bbox 310 3825 554 3896; x_wconf 84' lang='lat' dir='ltr'><strong>Quinque</strong></span> <span class='ocrx_word' id='word_1_402' title='bbox 581 3829 787 3885; x_wconf 83' lang='lat' dir='ltr'><strong>vicibus</strong></span> <span class='ocrx_word' id='word_1_403' title='bbox 811 3831 1046 3887; x_wconf 89' lang='lat' dir='ltr'><strong>tricenas</strong></span> <span class='ocrx_word' id='word_1_404' title='bbox 1069 3840 1122 3886; x_wconf 90' lang='lat' dir='ltr'><strong>et</strong></span> <span class='ocrx_word' id='word_1_405' title='bbox 1144 3847 1403 3898; x_wconf 87' lang='lat' dir='ltr'><strong>novenas,</strong></span> <span class='ocrx_word' id='word_1_406' title='bbox 1419 3834 1570 3903; x_wconf 88' lang='lat' dir='ltr'><strong>quasi</strong></span> <span class='ocrx_word' id='word_1_407' title='bbox 1587 3840 1890 3903; x_wconf 81' lang='lat' dir='ltr'><strong>transgres-</strong></span> 
     </span>
    </p>
   </div>
   <div class='ocr_carea' id='block_1_57' title="bbox 309 3917 795 3991">
    <p class='ocr_par' dir='ltr' id='par_1_57' title="bbox 309 3917 795 3991">
     <span class='ocr_line' id='line_1_57' title="bbox 309 3917 795 3991; baseline 0.006 -19"><span class='ocrx_word' id='word_1_408' title='bbox 309 3933 397 3972; x_wconf 90' lang='lat' dir='ltr'><strong>sor</strong></span> <span class='ocrx_word' id='word_1_409' title='bbox 414 3917 546 3989; x_wconf 80' lang='lat' dir='ltr'><strong>legis</strong></span> <span class='ocrx_word' id='word_1_410' title='bbox 569 3920 795 3991; x_wconf 86' lang='lat' dir='ltr'><strong>accepit.</strong></span> 
     </span>
    </p>
   </div>
   <div class='ocr_carea' id='block_1_58' title="bbox 379 4005 1884 4088">
    <p class='ocr_par' dir='ltr' id='par_1_58' title="bbox 379 4005 1884 4088">
     <span class='ocr_line' id='line_1_58' title="bbox 379 4005 1884 4088; baseline 0.005 -26"><span class='ocrx_word' id='word_1_411' title='bbox 379 4008 485 4079; x_wconf 76' lang='lat' dir='ltr'><strong>(Ea:</strong></span> <span class='ocrx_word' id='word_1_412' title='bbox 505 4005 696 4082; x_wconf 84' lang='lat' dir='ltr'><strong>Beda.)</strong></span> <span class='ocrx_word' id='word_1_413' title='bbox 718 4011 871 4078; x_wconf 84' lang='lat' dir='ltr'><strong>Quod</strong></span> <span class='ocrx_word' id='word_1_414' title='bbox 910 4011 1075 4067; x_wconf 89' lang='lat' dir='ltr'><strong>dicit:</strong></span> <span class='ocrx_word' id='word_1_415' title='bbox 1109 4012 1379 4068; x_wconf 73' lang='lat' dir='ltr'><strong>AJudwis</strong></span> <span class='ocrx_word' id='word_1_416' title='bbox 1432 4016 1706 4086; x_wconf 84' lang='lat' dir='ltr'><strong>quinquies</strong></span> <span class='ocrx_word' id='word_1_417' title='bbox 1751 4035 1884 4088; x_wconf 89' lang='lat' dir='ltr'><strong>qua-</strong></span> 
     </span>
    </p>
   </div>
   <div class='ocr_carea' id='block_1_59' title="bbox 308 4103 1888 4177">
    <p class='ocr_par' dir='ltr' id='par_1_59' title="bbox 308 4103 1888 4177">
     <span class='ocr_line' id='line_1_59' title="bbox 308 4103 1888 4177; baseline 0.004 -22"><span class='ocrx_word' id='word_1_418' title='bbox 308 4103 565 4172; x_wconf 87' lang='lat' dir='ltr'><strong>dragenas</strong></span> <span class='ocrx_word' id='word_1_419' title='bbox 580 4119 682 4158; x_wconf 86' lang='lat' dir='ltr'><strong>una</strong></span> <span class='ocrx_word' id='word_1_420' title='bbox 700 4106 872 4159; x_wconf 87' lang='lat' dir='ltr'><strong>minus</strong></span> <span class='ocrx_word' id='word_1_421' title='bbox 884 4105 1081 4176; x_wconf 88' lang='lat' dir='ltr'><strong>accepi,</strong></span> <span class='ocrx_word' id='word_1_422' title='bbox 1099 4106 1385 4177; x_wconf 75' lang='lat' dir='ltr'><strong>significat,</strong></span> <span class='ocrx_word' id='word_1_423' title='bbox 1400 4120 1458 4161; x_wconf 86' lang='lat' dir='ltr'><strong>se</strong></span> <span class='ocrx_word' id='word_1_424' title='bbox 1473 4123 1502 4160; x_wconf 86' lang='lat' dir='ltr'><strong>a</strong></span> <span class='ocrx_word' id='word_1_425' title='bbox 1519 4107 1718 4162; x_wconf 68' lang='lat' dir='ltr'><strong>Judaais</strong></span> <span class='ocrx_word' id='word_1_426' title='bbox 1731 4109 1888 4177; x_wconf 85' lang='lat' dir='ltr'><strong>quin-</strong></span> 
     </span>
    </p>
   </div>
   <div class='ocr_carea' id='block_1_60' title="bbox 306 4194 1888 4270">
    <p class='ocr_par' dir='ltr' id='par_1_60' title="bbox 306 4194 1888 4270">
     <span class='ocr_line' id='line_1_60' title="bbox 306 4194 1888 4270; baseline 0.004 -22"><span class='ocrx_word' id='word_1_427' title='bbox 306 4195 457 4265; x_wconf 91' lang='lat' dir='ltr'><strong>quies</strong></span> <span class='ocrx_word' id='word_1_428' title='bbox 477 4194 821 4264; x_wconf 80' lang='lat' dir='ltr'><strong>ﬂagellatum,</strong></span> <span class='ocrx_word' id='word_1_429' title='bbox 848 4195 921 4250; x_wconf 88' lang='lat' dir='ltr'><strong>ita</strong></span> <span class='ocrx_word' id='word_1_430' title='bbox 945 4203 1147 4261; x_wconf 88' lang='lat' dir='ltr'><strong>tamen,</strong></span> <span class='ocrx_word' id='word_1_431' title='bbox 1181 4205 1240 4252; x_wconf 91' lang='lat' dir='ltr'><strong>ut</strong></span> <span class='ocrx_word' id='word_1_432' title='bbox 1261 4213 1533 4268; x_wconf 87' lang='lat' dir='ltr'><strong>nunquam</strong></span> <span class='ocrx_word' id='word_1_433' title='bbox 1561 4199 1888 4270; x_wconf 84' lang='lat' dir='ltr'><strong>quadragin-</strong></span> 
     </span>
    </p>
   </div>
   <div class='ocr_carea' id='block_1_61' title="bbox 308 4287 1891 4360">
    <p class='ocr_par' dir='ltr' id='par_1_61' title="bbox 308 4287 1891 4360">
     <span class='ocr_line' id='line_1_61' title="bbox 308 4287 1891 4360; baseline 0.003 -20"><span class='ocrx_word' id='word_1_434' title='bbox 308 4296 383 4350; x_wconf 86' lang='lat' dir='ltr'><strong>ta,</strong></span> <span class='ocrx_word' id='word_1_435' title='bbox 404 4287 494 4342; x_wconf 89' lang='lat' dir='ltr'><strong>sed</strong></span> <span class='ocrx_word' id='word_1_436' title='bbox 521 4303 623 4342; x_wconf 89' lang='lat' dir='ltr'><strong>una</strong></span> <span class='ocrx_word' id='word_1_437' title='bbox 649 4287 824 4342; x_wconf 90' lang='lat' dir='ltr'><strong>minus</strong></span> <span class='ocrx_word' id='word_1_438' title='bbox 842 4287 1110 4343; x_wconf 80' lang='lat' dir='ltr'><strong>feriretur.</strong></span> <span class='ocrx_word' id='word_1_439' title='bbox 1135 4288 1466 4357; x_wconf 69' lang='lat' dir='ltr'><strong>Przeceptum</strong></span> <span class='ocrx_word' id='word_1_440' title='bbox 1509 4304 1740 4360; x_wconf 82' lang='lat' dir='ltr'><strong>namque</strong></span> <span class='ocrx_word' id='word_1_441' title='bbox 1770 4299 1891 4345; x_wconf 85' lang='lat' dir='ltr'><strong>erat</strong></span> 
     </span>
    </p>
   </div>
   <div class='ocr_carea' id='block_1_62' title="bbox 309 4378 1880 4452">
    <p class='ocr_par' dir='ltr' id='par_1_62' title="bbox 309 4378 1880 4452">
     <span class='ocr_line' id='line_1_62' title="bbox 309 4378 1880 4452; baseline 0.003 -19"><span class='ocrx_word' id='word_1_442' title='bbox 309 4378 439 4446; x_wconf 84' lang='lat' dir='ltr'><strong>legis</strong></span> <span class='ocrx_word' id='word_1_443' title='bbox 460 4378 633 4448; x_wconf 83' lang='lat' dir='ltr'><strong>(Deut.</strong></span> <span class='ocrx_word' id='word_1_444' title='bbox 662 4379 809 4452; x_wconf 71' lang='lat' dir='ltr'><strong>xxv),</strong></span> <span class='ocrx_word' id='word_1_445' title='bbox 853 4391 911 4435; x_wconf 90' lang='lat' dir='ltr'><strong>ut</strong></span> <span class='ocrx_word' id='word_1_446' title='bbox 951 4381 1040 4450; x_wconf 92' lang='lat' dir='ltr'><strong>qui</strong></span> <span class='ocrx_word' id='word_1_447' title='bbox 1067 4381 1466 4452; x_wconf 89' lang='lat' dir='ltr'><strong>delinquentcm</strong></span> <span class='ocrx_word' id='word_1_448' title='bbox 1511 4383 1880 4450; x_wconf 80' lang='lat' dir='ltr'><strong>verberarem,</strong></span> 
     </span>
    </p>
   </div>
   <div class='ocr_carea' id='block_1_63' title="bbox 308 4470 1962 4554">
    <p class='ocr_par' dir='ltr' id='par_1_63' title="bbox 308 4470 1962 4554">
     <span class='ocr_line' id='line_1_63' title="bbox 308 4470 1962 4554; baseline 0.004 -30"><span class='ocrx_word' id='word_1_449' title='bbox 308 4471 383 4524; x_wconf 89' lang='lat' dir='ltr'><strong>ita</strong></span> <span class='ocrx_word' id='word_1_450' title='bbox 401 4470 612 4526; x_wconf 89' lang='lat' dir='ltr'><strong>modum</strong></span> <span class='ocrx_word' id='word_1_451' title='bbox 635 4471 880 4527; x_wconf 80' lang='lat' dir='ltr'><strong>vindicta:</strong></span> <span class='ocrx_word' id='word_1_452' title='bbox 901 4479 1283 4543; x_wconf 84' lang='lat' dir='ltr'><strong>temperarent,</strong></span> <span class='ocrx_word' id='word_1_453' title='bbox 1302 4479 1359 4526; x_wconf 94' lang='lat' dir='ltr'><strong>ut</strong></span> <span class='ocrx_word' id='word_1_454' title='bbox 1393 4472 1672 4545; x_wconf 80' lang='lat' dir='ltr'><strong>plagarum</strong></span> <span class='ocrx_word' id='word_1_455' title='bbox 1693 4475 1885 4532; x_wconf 89' lang='lat' dir='ltr'><strong>modus</strong></span> <span class='ocrx_word' id='word_1_456' title='bbox 1910 4493 1962 4554; x_wconf 71' lang='grc' dir='ltr'><strong>ι)</strong></span> 
     </span>
    </p>
   </div>
   <div class='ocr_carea' id='block_1_64' title="bbox 305 4562 1880 4635">
    <p class='ocr_par' dir='ltr' id='par_1_64' title="bbox 305 4562 1880 4635">
     <span class='ocr_line' id='line_1_64' title="bbox 305 4562 1880 4635; baseline 0.001 -18"><span class='ocrx_word' id='word_1_457' title='bbox 305 4562 776 4635; x_wconf 73' lang='lat' dir='ltr'><strong>quadrigenarium</strong></span> <span class='ocrx_word' id='word_1_458' title='bbox 835 4580 1117 4618; x_wconf 88' lang='lat' dir='ltr'><strong>numerum</strong></span> <span class='ocrx_word' id='word_1_459' title='bbox 1182 4564 1403 4618; x_wconf 90' lang='lat' dir='ltr'><strong>minime</strong></span> <span class='ocrx_word' id='word_1_460' title='bbox 1457 4565 1880 4620; x_wconf 88' lang='lat' dir='ltr'><strong>transcenderet.</strong></span> 
     </span>
    </p>
   </div>
   <div class='ocr_carea' id='block_1_65' title="bbox 305 4652 1885 4726">
    <p class='ocr_par' dir='ltr' id='par_1_65' title="bbox 305 4652 1885 4726">
     <span class='ocr_line' id='line_1_65' title="bbox 305 4652 1885 4726; baseline 0 -18"><span class='ocrx_word' id='word_1_461' title='bbox 305 4652 456 4720; x_wconf 82' lang='lat' dir='ltr'><strong>Quod</strong></span> <span class='ocrx_word' id='word_1_462' title='bbox 489 4653 560 4708; x_wconf 85' lang='lat' dir='ltr'><strong>ita</strong></span> <span class='ocrx_word' id='word_1_463' title='bbox 584 4654 649 4707; x_wconf 84' lang='lat' dir='ltr'><strong>ab</strong></span> <span class='ocrx_word' id='word_1_464' title='bbox 673 4654 909 4724; x_wconf 77' lang='lat' dir='ltr'><strong>antiquis</strong></span> <span class='ocrx_word' id='word_1_465' title='bbox 935 4653 1261 4709; x_wconf 88' lang='lat' dir='ltr'><strong>intellectum</strong></span> <span class='ocrx_word' id='word_1_466' title='bbox 1288 4663 1518 4708; x_wconf 89' lang='lat' dir='ltr'><strong>testatur</strong></span> <span class='ocrx_word' id='word_1_467' title='bbox 1535 4655 1695 4709; x_wconf 88' lang='lat' dir='ltr'><strong>etiam</strong></span> <span class='ocrx_word' id='word_1_468' title='bbox 1712 4655 1885 4726; x_wconf 85' lang='lat' dir='ltr'><strong>pictu-</strong></span> 
     </span>
    </p>
   </div>
   <div class='ocr_carea' id='block_1_66' title="bbox 307 4741 1884 4817">
    <p class='ocr_par' dir='ltr' id='par_1_66' title="bbox 307 4741 1884 4817">
     <span class='ocr_line' id='line_1_66' title="bbox 307 4741 1884 4817; baseline 0.003 -19"><span class='ocrx_word' id='word_1_469' title='bbox 307 4761 364 4798; x_wconf 90' lang='lat' dir='ltr'><strong>ra</strong></span> <span class='ocrx_word' id='word_1_470' title='bbox 389 4741 628 4814; x_wconf 87' lang='lat' dir='ltr'><strong>ejusdem</strong></span> <span class='ocrx_word' id='word_1_471' title='bbox 668 4745 811 4812; x_wconf 86' lang='lat' dir='ltr'><strong>libri,</strong></span> <span class='ocrx_word' id='word_1_472' title='bbox 847 4761 1006 4817; x_wconf 85' lang='lat' dir='ltr'><strong>quem</strong></span> <span class='ocrx_word' id='word_1_473' title='bbox 1036 4745 1517 4800; x_wconf 82' lang='lat' dir='ltr'><strong>reverendissitnns</strong></span> <span class='ocrx_word' id='word_1_474' title='bbox 1541 4761 1605 4800; x_wconf 89' lang='lat' dir='ltr'><strong>ac</strong></span> <span class='ocrx_word' id='word_1_475' title='bbox 1635 4746 1884 4802; x_wconf 82' lang='lat' dir='ltr'><strong>doctissi-</strong></span> 
     </span>
    </p>
   </div>
   <div class='ocr_carea' id='block_1_67' title="bbox 305 4835 1879 4906">
    <p class='ocr_par' dir='ltr' id='par_1_67' title="bbox 305 4835 1879 4906">
     <span class='ocr_line' id='line_1_67' title="bbox 305 4835 1879 4906; baseline -0.001 -14"><span class='ocrx_word' id='word_1_476' title='bbox 305 4853 423 4892; x_wconf 85' lang='lat' dir='ltr'><strong>mus</strong></span> <span class='ocrx_word' id='word_1_477' title='bbox 459 4841 540 4892; x_wconf 90' lang='lat' dir='ltr'><strong>vir</strong></span> <span class='ocrx_word' id='word_1_478' title='bbox 571 4836 867 4904; x_wconf 73' lang='lat' dir='ltr'><strong>(Induinus,</strong></span> <span class='ocrx_word' id='word_1_479' title='bbox 908 4835 1260 4893; x_wconf 88' lang='lat' dir='ltr'><strong>Orientalium</strong></span> <span class='ocrx_word' id='word_1_480' title='bbox 1297 4836 1590 4906; x_wconf 83' lang='lat' dir='ltr'><strong>Anglorum</strong></span> <span class='ocrx_word' id='word_1_481' title='bbox 1634 4836 1879 4900; x_wconf 89' lang='lat' dir='ltr'><strong>antistes,</strong></span> 
     </span>
    </p>
   </div>
   <div class='ocr_carea' id='block_1_68' title="bbox 303 4926 1880 4997">
    <p class='ocr_par' dir='ltr' id='par_1_68' title="bbox 303 4926 1880 4997">
     <span class='ocr_line' id='line_1_68' title="bbox 303 4926 1880 4997; baseline 0.001 -18"><span class='ocrx_word' id='word_1_482' title='bbox 303 4928 524 4983; x_wconf 86' lang='lat' dir='ltr'><strong>veniens</strong></span> <span class='ocrx_word' id='word_1_483' title='bbox 548 4943 576 4982; x_wconf 91' lang='lat' dir='ltr'><strong>a</strong></span> <span class='ocrx_word' id='word_1_484' title='bbox 601 4927 789 4992; x_wconf 76' lang='lat' dir='ltr'><strong>Roma,</strong></span> <span class='ocrx_word' id='word_1_485' title='bbox 821 4943 1005 4984; x_wconf 90' lang='lat' dir='ltr'><strong>secum</strong></span> <span class='ocrx_word' id='word_1_486' title='bbox 1033 4928 1368 4982; x_wconf 88' lang='lat' dir='ltr'><strong>Britanniam</strong></span> <span class='ocrx_word' id='word_1_487' title='bbox 1405 4926 1614 4981; x_wconf 88' lang='lat' dir='ltr'><strong>detulit.</strong></span> <span class='ocrx_word' id='word_1_488' title='bbox 1666 4927 1722 4981; x_wconf 90' lang='lat' dir='ltr'><strong>In</strong></span> <span class='ocrx_word' id='word_1_489' title='bbox 1773 4942 1880 4997; x_wconf 91' lang='lat' dir='ltr'><strong>quo</strong></span> 
     </span>
    </p>
   </div>
   <div class='ocr_carea' id='block_1_69' title="bbox 305 5018 1878 5092">
    <p class='ocr_par' dir='ltr' id='par_1_69' title="bbox 305 5018 1878 5092">
     <span class='ocr_line' id='line_1_69' title="bbox 305 5018 1878 5092; baseline 0.001 -19"><span class='ocrx_word' id='word_1_490' title='bbox 305 5019 549 5075; x_wconf 84' lang='lat' dir='ltr'><strong>videlicet</strong></span> <span class='ocrx_word' id='word_1_491' title='bbox 573 5019 726 5081; x_wconf 86' lang='lat' dir='ltr'><strong>libro,</strong></span> <span class='ocrx_word' id='word_1_492' title='bbox 761 5036 948 5075; x_wconf 89' lang='lat' dir='ltr'><strong>omnes</strong></span> <span class='ocrx_word' id='word_1_493' title='bbox 979 5035 1116 5092; x_wconf 87' lang='lat' dir='ltr'><strong>pene</strong></span> <span class='ocrx_word' id='word_1_494' title='bbox 1143 5020 1308 5091; x_wconf 86' lang='lat' dir='ltr'><strong>ipsius</strong></span> <span class='ocrx_word' id='word_1_495' title='bbox 1339 5018 1565 5090; x_wconf 88' lang='lat' dir='ltr'><strong>apostoli</strong></span> <span class='ocrx_word' id='word_1_496' title='bbox 1600 5020 1878 5088; x_wconf 90' lang='lat' dir='ltr'><strong>passiones</strong></span> 
     </span>
    </p>
   </div>
   <div class='ocr_carea' id='block_1_70' title="bbox 303 5111 1877 5182">
    <p class='ocr_par' dir='ltr' id='par_1_70' title="bbox 303 5111 1877 5182">
     <span class='ocr_line' id='line_1_70' title="bbox 303 5111 1877 5182; baseline -0.001 -16"><span class='ocrx_word' id='word_1_497' title='bbox 303 5113 415 5167; x_wconf 72' lang='lat' dir='ltr'><strong>sive</strong></span> <span class='ocrx_word' id='word_1_498' title='bbox 446 5111 673 5171; x_wconf 77' lang='lat' dir='ltr'><strong>labores.</strong></span> <span class='ocrx_word' id='word_1_499' title='bbox 700 5128 794 5181; x_wconf 85' lang='lat' dir='ltr'><strong>per</strong></span> <span class='ocrx_word' id='word_1_500' title='bbox 833 5111 948 5166; x_wconf 90' lang='lat' dir='ltr'><strong>loca</strong></span> <span class='ocrx_word' id='word_1_501' title='bbox 985 5121 1301 5181; x_wconf 87' lang='lat' dir='ltr'><strong>opportuna,</strong></span> <span class='ocrx_word' id='word_1_502' title='bbox 1333 5121 1488 5167; x_wconf 88' lang='lat' dir='ltr'><strong>erant</strong></span> <span class='ocrx_word' id='word_1_503' title='bbox 1529 5111 1756 5182; x_wconf 87' lang='lat' dir='ltr'><strong>depicta,</strong></span> <span class='ocrx_word' id='word_1_504' title='bbox 1787 5111 1877 5165; x_wconf 70' lang='lat' dir='ltr'><strong>ubi</strong></span> 
     </span>
    </p>
   </div>
   <div class='ocr_carea' id='block_1_71' title="bbox 303 5197 1878 5274">
    <p class='ocr_par' dir='ltr' id='par_1_71' title="bbox 303 5197 1878 5274">
     <span class='ocr_line' id='line_1_71' title="bbox 303 5197 1878 5274; baseline 0 -16"><span class='ocrx_word' id='word_1_505' title='bbox 303 5203 389 5258; x_wconf 85' lang='lat' dir='ltr'><strong>hic</strong></span> <span class='ocrx_word' id='word_1_506' title='bbox 421 5204 568 5259; x_wconf 83' lang='lat' dir='ltr'><strong>locus</strong></span> <span class='ocrx_word' id='word_1_507' title='bbox 589 5203 660 5258; x_wconf 87' lang='lat' dir='ltr'><strong>ita</strong></span> <span class='ocrx_word' id='word_1_508' title='bbox 694 5204 937 5273; x_wconf 78' lang='lat' dir='ltr'><strong>depictus</strong></span> <span class='ocrx_word' id='word_1_509' title='bbox 987 5213 1090 5268; x_wconf 88' lang='lat' dir='ltr'><strong>est,</strong></span> <span class='ocrx_word' id='word_1_510' title='bbox 1136 5204 1288 5274; x_wconf 87' lang='lat' dir='ltr'><strong>quasi</strong></span> <span class='ocrx_word' id='word_1_511' title='bbox 1339 5203 1640 5258; x_wconf 85' lang='lat' dir='ltr'><strong>denudatus</strong></span> <span class='ocrx_word' id='word_1_512' title='bbox 1672 5197 1878 5272; x_wconf 71' lang='lat' dir='ltr'><strong>Iaceret</strong></span> 
     </span>
    </p>
   </div>
   <div class='ocr_carea' id='block_1_72' title="bbox 303 5293 1880 5370">
    <p class='ocr_par' dir='ltr' id='par_1_72' title="bbox 303 5293 1880 5370">
     <span class='ocr_line' id='line_1_72' title="bbox 303 5293 1880 5370; baseline 0.003 -23"><span class='ocrx_word' id='word_1_513' title='bbox 303 5293 602 5363; x_wconf 72' lang='lat' dir='ltr'><strong>Apostolus,</strong></span> <span class='ocrx_word' id='word_1_514' title='bbox 620 5293 888 5348; x_wconf 73' lang='lat' dir='ltr'><strong>laceratus</strong></span> <span class='ocrx_word' id='word_1_515' title='bbox 909 5293 1108 5364; x_wconf 86' lang='lat' dir='ltr'><strong>ﬂagris,</strong></span> <span class='ocrx_word' id='word_1_516' title='bbox 1132 5294 1489 5368; x_wconf 81' lang='lat' dir='ltr'><strong>lacrymisqne</strong></span> <span class='ocrx_word' id='word_1_517' title='bbox 1506 5295 1775 5370; x_wconf 64' lang='lat' dir='ltr'><strong>perfusus,</strong></span> <span class='ocrx_word' id='word_1_518' title='bbox 1795 5312 1880 5351; x_wconf 84' lang='lat' dir='ltr'><strong>su-</strong></span> 
     </span>
    </p>
   </div>
   <div class='ocr_carea' id='block_1_73' title="bbox 299 5387 1882 5463">
    <p class='ocr_par' dir='ltr' id='par_1_73' title="bbox 299 5387 1882 5463">
     <span class='ocr_line' id='line_1_73' title="bbox 299 5387 1882 5463; baseline 0.002 -22"><span class='ocrx_word' id='word_1_519' title='bbox 299 5394 602 5456; x_wconf 79' lang='lat' dir='ltr'><strong>perastaret</strong></span> <span class='ocrx_word' id='word_1_520' title='bbox 661 5395 839 5441; x_wconf 80' lang='lat' dir='ltr'><strong>autem</strong></span> <span class='ocrx_word' id='word_1_521' title='bbox 895 5387 943 5441; x_wconf 88' lang='lat' dir='ltr'><strong>ei</strong></span> <span class='ocrx_word' id='word_1_522' title='bbox 996 5395 1186 5452; x_wconf 88' lang='lat' dir='ltr'><strong>tortor,</strong></span> <span class='ocrx_word' id='word_1_523' title='bbox 1238 5387 1596 5458; x_wconf 81' lang='lat' dir='ltr'><strong>quadrilidum</strong></span> <span class='ocrx_word' id='word_1_524' title='bbox 1673 5390 1882 5463; x_wconf 82' lang='lat' dir='ltr'><strong>habens</strong></span> 
     </span>
    </p>
   </div>
   <div class='ocr_carea' id='block_1_74' title="bbox 300 5478 1878 5550">
    <p class='ocr_par' dir='ltr' id='par_1_74' title="bbox 300 5478 1878 5550">
     <span class='ocr_line' id='line_1_74' title="bbox 300 5478 1878 5550; baseline 0.003 -18"><span class='ocrx_word' id='word_1_525' title='bbox 300 5478 564 5550; x_wconf 83' lang='lat' dir='ltr'><strong>ﬂagellum</strong></span> <span class='ocrx_word' id='word_1_526' title='bbox 589 5479 639 5533; x_wconf 90' lang='lat' dir='ltr'><strong>in</strong></span> <span class='ocrx_word' id='word_1_527' title='bbox 667 5494 846 5544; x_wconf 85' lang='lat' dir='ltr'><strong>manu,</strong></span> <span class='ocrx_word' id='word_1_528' title='bbox 875 5480 968 5535; x_wconf 87' lang='lat' dir='ltr'><strong>sed</strong></span> <span class='ocrx_word' id='word_1_529' title='bbox 991 5495 1149 5534; x_wconf 88' lang='lat' dir='ltr'><strong>uuam</strong></span> <span class='ocrx_word' id='word_1_530' title='bbox 1188 5497 1217 5535; x_wconf 90' lang='lat' dir='ltr'><strong>e</strong></span> <span class='ocrx_word' id='word_1_531' title='bbox 1244 5480 1437 5535; x_wconf 79' lang='lat' dir='ltr'><strong>ﬁdibus</strong></span> <span class='ocrx_word' id='word_1_532' title='bbox 1479 5480 1533 5535; x_wconf 91' lang='lat' dir='ltr'><strong>in</strong></span> <span class='ocrx_word' id='word_1_533' title='bbox 1571 5496 1729 5535; x_wconf 89' lang='lat' dir='ltr'><strong>manu</strong></span> <span class='ocrx_word' id='word_1_534' title='bbox 1783 5498 1878 5536; x_wconf 85' lang='lat' dir='ltr'><strong>sua</strong></span> 
     </span>
    </p>
   </div>
   <div class='ocr_carea' id='block_1_75' title="bbox 303 5569 1880 5638">
    <p class='ocr_par' dir='ltr' id='par_1_75' title="bbox 303 5569 1880 5638">
     <span class='ocr_line' id='line_1_75' title="bbox 303 5569 1880 5638; baseline 0.001 -15"><span class='ocrx_word' id='word_1_535' title='bbox 303 5578 583 5632; x_wconf 79' lang='lat' dir='ltr'><strong>retentam,</strong></span> <span class='ocrx_word' id='word_1_536' title='bbox 620 5576 730 5623; x_wconf 78' lang='lat' dir='ltr'><strong>tres</strong></span> <span class='ocrx_word' id='word_1_537' title='bbox 751 5585 876 5624; x_wconf 85' lang='lat' dir='ltr'><strong>vero</strong></span> <span class='ocrx_word' id='word_1_538' title='bbox 900 5569 1135 5638; x_wconf 89' lang='lat' dir='ltr'><strong>reliquas</strong></span> <span class='ocrx_word' id='word_1_539' title='bbox 1161 5569 1331 5625; x_wconf 90' lang='lat' dir='ltr'><strong>solum</strong></span> <span class='ocrx_word' id='word_1_540' title='bbox 1357 5571 1423 5624; x_wconf 86' lang='lat' dir='ltr'><strong>ad</strong></span> <span class='ocrx_word' id='word_1_541' title='bbox 1452 5569 1750 5624; x_wconf 78' lang='lat' dir='ltr'><strong>feriendum</strong></span> <span class='ocrx_word' id='word_1_542' title='bbox 1783 5571 1880 5625; x_wconf 80' lang='lat' dir='ltr'><strong>Ita-</strong></span> 
     </span>
    </p>
   </div>
   <div class='ocr_carea' id='block_1_76' title="bbox 301 5659 1876 5732">
    <p class='ocr_par' dir='ltr' id='par_1_76' title="bbox 301 5659 1876 5732">
     <span class='ocr_line' id='line_1_76' title="bbox 301 5659 1876 5732; baseline 0.001 -17"><span class='ocrx_word' id='word_1_543' title='bbox 301 5663 432 5715; x_wconf 82' lang='lat' dir='ltr'><strong>hens</strong></span> <span class='ocrx_word' id='word_1_544' title='bbox 468 5670 733 5714; x_wconf 79' lang='lat' dir='ltr'><strong>exsertus.</strong></span> <span class='ocrx_word' id='word_1_545' title='bbox 765 5659 861 5714; x_wconf 86' lang='lat' dir='ltr'><strong>Ubi</strong></span> <span class='ocrx_word' id='word_1_546' title='bbox 911 5659 1133 5731; x_wconf 80' lang='lat' dir='ltr'><strong>pictoris</strong></span> <span class='ocrx_word' id='word_1_547' title='bbox 1178 5676 1368 5719; x_wconf 86' lang='lat' dir='ltr'><strong>sensus</strong></span> <span class='ocrx_word' id='word_1_548' title='bbox 1418 5661 1670 5715; x_wconf 78' lang='lat' dir='ltr'><strong>facillime</strong></span> <span class='ocrx_word' id='word_1_549' title='bbox 1708 5671 1876 5732; x_wconf 85' lang='lat' dir='ltr'><strong>patet,</strong></span> 
     </span>
    </p>
   </div>
   <div class='ocr_carea' id='block_1_77' title="bbox 301 5748 1878 5819">
    <p class='ocr_par' dir='ltr' id='par_1_77' title="bbox 301 5748 1878 5819">
     <span class='ocr_line' id='line_1_77' title="bbox 301 5748 1878 5819; baseline 0.003 -16"><span class='ocrx_word' id='word_1_550' title='bbox 301 5750 445 5819; x_wconf 76' lang='lat' dir='ltr'><strong>quod</strong></span> <span class='ocrx_word' id='word_1_551' title='bbox 485 5748 606 5803; x_wconf 88' lang='lat' dir='ltr'><strong>ideo</strong></span> <span class='ocrx_word' id='word_1_552' title='bbox 638 5749 806 5803; x_wconf 82' lang='lat' dir='ltr'><strong>ternis</strong></span> <span class='ocrx_word' id='word_1_553' title='bbox 838 5750 1031 5804; x_wconf 75' lang='lat' dir='ltr'><strong>{Idibus</strong></span> <span class='ocrx_word' id='word_1_554' title='bbox 1058 5768 1178 5805; x_wconf 81' lang='lat' dir='ltr'><strong>eum</strong></span> <span class='ocrx_word' id='word_1_555' title='bbox 1212 5753 1336 5806; x_wconf 76' lang='lat' dir='ltr'><strong>fecit</strong></span> <span class='ocrx_word' id='word_1_556' title='bbox 1365 5753 1656 5816; x_wconf 70' lang='lat' dir='ltr'><strong>verberari,</strong></span> <span class='ocrx_word' id='word_1_557' title='bbox 1695 5762 1748 5807; x_wconf 90' lang='lat' dir='ltr'><strong>ut</strong></span> <span class='ocrx_word' id='word_1_558' title='bbox 1779 5771 1878 5807; x_wconf 85' lang='lat' dir='ltr'><strong>un-</strong></span> 
     </span>
    </p>
   </div>
   <div class='ocr_carea' id='block_1_78' title="bbox 668 5844 1116 5904">
    <p class='ocr_par' dir='ltr' id='par_1_78' title="bbox 668 5844 1116 5904">
     <span class='ocr_line' id='line_1_78' title="bbox 668 5844 1116 5904; baseline 0.004 -2"><span class='ocrx_word' id='word_1_559' title='bbox 668 5844 940 5904; x_wconf 68' lang='lat' dir='ltr'><strong>l’s&#39;!‘t\0t..</strong></span> <span class='ocrx_word' id='word_1_560' title='bbox 990 5844 1116 5904; x_wconf 71' lang='lat' dir='ltr'><strong>CiI.</strong></span> 
     </span>
    </p>
   </div>
   <div class='ocr_carea' id='block_1_79' title="bbox 2002 1902 3582 1984">
    <p class='ocr_par' dir='ltr' id='par_1_79' title="bbox 2002 1902 3582 1984">
     <span class='ocr_line' id='line_1_79' title="bbox 2002 1902 3582 1984; baseline 0.009 -27"><span class='ocrx_word' id='word_1_561' title='bbox 2002 1902 2339 1968; x_wconf 65' lang='lat' dir='ltr'><strong>Macedoniae,</strong></span> <span class='ocrx_word' id='word_1_562' title='bbox 2375 1907 2427 1959; x_wconf 93' lang='lat' dir='ltr'><strong>in</strong></span> <span class='ocrx_word' id='word_1_563' title='bbox 2451 1905 2944 1973; x_wconf 83' lang='lat' dir='ltr'><strong>civitate&#39;Colonia,</strong></span> <span class='ocrx_word' id='word_1_564' title='bbox 2974 1924 3073 1978; x_wconf 90' lang='lat' dir='ltr'><strong>pro</strong></span> <span class='ocrx_word' id='word_1_565' title='bbox 3121 1910 3299 1978; x_wconf 89' lang='lat' dir='ltr'><strong>puella</strong></span> <span class='ocrx_word' id='word_1_566' title='bbox 3347 1916 3582 1984; x_wconf 71' lang='lat' dir='ltr'><strong>quatiam</strong></span> 
     </span>
    </p>
   </div>
   <div class='ocr_carea' id='block_1_80' title="bbox 1998 1995 3581 2073">
    <p class='ocr_par' dir='ltr' id='par_1_80' title="bbox 1998 1995 3581 2073">
     <span class='ocr_line' id='line_1_80' title="bbox 1998 1995 3581 2073; baseline 0.01 -24"><span class='ocrx_word' id='word_1_567' title='bbox 1998 1995 2231 2051; x_wconf 88' lang='lat' dir='ltr'><strong>habente</strong></span> <span class='ocrx_word' id='word_1_568' title='bbox 2284 1998 2532 2067; x_wconf 83' lang='lat' dir='ltr'><strong>spiritum</strong></span> <span class='ocrx_word' id='word_1_569' title='bbox 2580 1998 2855 2070; x_wconf 78' lang='lat' dir='ltr'><strong>Pythonis,</strong></span> <span class='ocrx_word' id='word_1_570' title='bbox 2918 2003 3302 2069; x_wconf 71' lang='lat' dir='ltr'><strong>qnaml’wlus</strong></span> <span class='ocrx_word' id='word_1_571' title='bbox 3348 2010 3581 2073; x_wconf 70' lang='lat' dir='ltr'><strong>cantavit,</strong></span> 
     </span>
    </p>
   </div>
   <div class='ocr_carea' id='block_1_81' title="bbox 1998 2088 3581 2167">
    <p class='ocr_par' dir='ltr' id='par_1_81' title="bbox 1998 2088 3581 2167">
     <span class='ocr_line' id='line_1_81' title="bbox 1998 2088 3581 2167; baseline 0.008 -20"><span class='ocrx_word' id='word_1_572' title='bbox 1998 2093 2272 2147; x_wconf 91' lang='lat' dir='ltr'><strong>concurrit</strong></span> <span class='ocrx_word' id='word_1_573' title='bbox 2295 2088 2444 2163; x_wconf 80' lang='lat' dir='ltr'><strong>plebs</strong></span> <span class='ocrx_word' id='word_1_574' title='bbox 2471 2093 2730 2148; x_wconf 86' lang='lat' dir='ltr'><strong>adversus</strong></span> <span class='ocrx_word' id='word_1_575' title='bbox 2757 2108 2871 2158; x_wconf 90' lang='lat' dir='ltr'><strong>eos,</strong></span> <span class='ocrx_word' id='word_1_576' title='bbox 2905 2103 2961 2148; x_wconf 88' lang='lat' dir='ltr'><strong>et</strong></span> <span class='ocrx_word' id='word_1_577' title='bbox 2985 2095 3355 2167; x_wconf 83' lang='lat' dir='ltr'><strong>magistratus,</strong></span> <span class='ocrx_word' id='word_1_578' title='bbox 3373 2109 3420 2154; x_wconf 78' lang='lat' dir='ltr'><strong>et</strong></span> <span class='ocrx_word' id='word_1_579' title='bbox 3442 2102 3581 2158; x_wconf 55' lang='lat' dir='ltr'><strong>seis-</strong></span> 
     </span>
    </p>
   </div>
   <div class='ocr_carea' id='block_1_82' title="bbox 1998 2185 3581 2264">
    <p class='ocr_par' dir='ltr' id='par_1_82' title="bbox 1998 2185 3581 2264">
     <span class='ocr_line' id='line_1_82' title="bbox 1998 2185 3581 2264; baseline 0.004 -23"><span class='ocrx_word' id='word_1_580' title='bbox 1998 2187 2074 2242; x_wconf 87' lang='lat' dir='ltr'><strong>sis</strong></span> <span class='ocrx_word' id='word_1_581' title='bbox 2103 2186 2297 2240; x_wconf 90' lang='lat' dir='ltr'><strong>tunicis</strong></span> <span class='ocrx_word' id='word_1_582' title='bbox 2325 2201 2532 2250; x_wconf 88' lang='lat' dir='ltr'><strong>eorum,</strong></span> <span class='ocrx_word' id='word_1_583' title='bbox 2576 2185 2854 2254; x_wconf 88' lang='lat' dir='ltr'><strong>jusserunt</strong></span> <span class='ocrx_word' id='word_1_584' title='bbox 2900 2189 3064 2257; x_wconf 84' lang='lat' dir='ltr'><strong>virgis</strong></span> <span class='ocrx_word' id='word_1_585' title='bbox 3113 2190 3244 2244; x_wconf 61' lang='lat' dir='ltr'><strong>cadi</strong></span> <span class='ocrx_word' id='word_1_586' title='bbox 3286 2188 3581 2264; x_wconf 61' lang='lat' dir='ltr'><strong>(dstsvt).</strong></span> 
     </span>
    </p>
   </div>
   <div class='ocr_carea' id='block_1_83' title="bbox 1998 2275 3578 2346">
    <p class='ocr_par' dir='ltr' id='par_1_83' title="bbox 1998 2275 3578 2346">
     <span class='ocr_line' id='line_1_83' title="bbox 1998 2275 3578 2346; baseline 0.005 -16"><span class='ocrx_word' id='word_1_587' title='bbox 1998 2275 2066 2330; x_wconf 81' lang='lat' dir='ltr'><strong>Et</strong></span> <span class='ocrx_word' id='word_1_588' title='bbox 2115 2292 2237 2330; x_wconf 89' lang='lat' dir='ltr'><strong>cum</strong></span> <span class='ocrx_word' id='word_1_589' title='bbox 2288 2276 2501 2329; x_wconf 87' lang='lat' dir='ltr'><strong>multas-</strong></span> <span class='ocrx_word' id='word_1_590' title='bbox 2523 2275 2708 2346; x_wconf 86' lang='lat' dir='ltr'><strong>plagas</strong></span> <span class='ocrx_word' id='word_1_591' title='bbox 2749 2277 2796 2329; x_wconf 90' lang='lat' dir='ltr'><strong>ei</strong></span> <span class='ocrx_word' id='word_1_592' title='bbox 2854 2277 3259 2346; x_wconf 85' lang='lat' dir='ltr'><strong>imposuissent,</strong></span> <span class='ocrx_word' id='word_1_593' title='bbox 3308 2278 3578 2338; x_wconf 66' lang='lat' dir='ltr'><strong>miserunt</strong></span> 
     </span>
    </p>
   </div>
   <div class='ocr_carea' id='block_1_84' title="bbox 1995 2365 3576 2434">
    <p class='ocr_par' dir='ltr' id='par_1_84' title="bbox 1995 2365 3576 2434">
     <span class='ocr_line' id='line_1_84' title="bbox 1995 2365 3576 2434; baseline 0.008 -16"><span class='ocrx_word' id='word_1_594' title='bbox 1995 2379 2120 2418; x_wconf 89' lang='lat' dir='ltr'><strong>eum</strong></span> <span class='ocrx_word' id='word_1_595' title='bbox 2148 2367 2532 2430; x_wconf 80' lang='lat' dir='ltr'><strong>adcareerem,</strong></span> <span class='ocrx_word' id='word_1_596' title='bbox 2559 2374 2616 2420; x_wconf 90' lang='lat' dir='ltr'><strong>et</strong></span> <span class='ocrx_word' id='word_1_597' title='bbox 2634 2365 2783 2431; x_wconf 88' lang='lat' dir='ltr'><strong>alibi,</strong></span> <span class='ocrx_word' id='word_1_598' title='bbox 2821 2365 2983 2434; x_wconf 88' lang='lat' dir='ltr'><strong>jussit</strong></span> <span class='ocrx_word' id='word_1_599' title='bbox 3028 2382 3153 2423; x_wconf 89' lang='lat' dir='ltr'><strong>cum</strong></span> <span class='ocrx_word' id='word_1_600' title='bbox 3204 2369 3457 2428; x_wconf 75' lang='lat' dir='ltr'><strong>tribunus</strong></span> <span class='ocrx_word' id='word_1_601' title='bbox 3501 2373 3576 2432; x_wconf 72' lang='grc' dir='ltr'><strong>ἰυ-</strong></span> 
     </span>
    </p>
   </div>
   <div class='ocr_carea' id='block_1_85' title="bbox 1993 2458 3582 2534">
    <p class='ocr_par' dir='ltr' id='par_1_85' title="bbox 1993 2458 3582 2534">
     <span class='ocr_line' id='line_1_85' title="bbox 1993 2458 3582 2534; baseline 0.006 -22"><span class='ocrx_word' id='word_1_602' title='bbox 1993 2458 2206 2512; x_wconf 82' lang='lat' dir='ltr'><strong>trodoci</strong></span> <span class='ocrx_word' id='word_1_603' title='bbox 2239 2459 2292 2512; x_wconf 89' lang='lat' dir='ltr'><strong>in</strong></span> <span class='ocrx_word' id='word_1_604' title='bbox 2322 2467 2521 2523; x_wconf 87' lang='lat' dir='ltr'><strong>castra,</strong></span> <span class='ocrx_word' id='word_1_605' title='bbox 2567 2469 2622 2514; x_wconf 88' lang='lat' dir='ltr'><strong>et</strong></span> <span class='ocrx_word' id='word_1_606' title='bbox 2664 2459 2885 2529; x_wconf 88' lang='lat' dir='ltr'><strong>ﬂagellis</strong></span> <span class='ocrx_word' id='word_1_607' title='bbox 2924 2461 3077 2526; x_wconf 59' lang='lat' dir='ltr'><strong>cauti,</strong></span> <span class='ocrx_word' id='word_1_608' title='bbox 3125 2469 3181 2516; x_wconf 92' lang='lat' dir='ltr'><strong>et</strong></span> <span class='ocrx_word' id='word_1_609' title='bbox 3222 2465 3485 2534; x_wconf 77' lang='lat' dir='ltr'><strong>torqueri,</strong></span> <span class='ocrx_word' id='word_1_610' title='bbox 3526 2475 3582 2522; x_wconf 83' lang='lat' dir='ltr'><strong>et</strong></span> 
     </span>
    </p>
   </div>
   <div class='ocr_carea' id='block_1_86' title="bbox 1998 2550 3584 2620">
    <p class='ocr_par' dir='ltr' id='par_1_86' title="bbox 1998 2550 3584 2620">
     <span class='ocr_line' id='line_1_86' title="bbox 1998 2550 3584 2620; baseline 0.006 -17"><span class='ocrx_word' id='word_1_611' title='bbox 1998 2550 2125 2604; x_wconf 83' lang='lat' dir='ltr'><strong>loris</strong></span> <span class='ocrx_word' id='word_1_612' title='bbox 2148 2550 2432 2620; x_wconf 77' lang='lat' dir='ltr'><strong>adstringi.</strong></span> <span class='ocrx_word' id='word_1_613' title='bbox 2465 2551 2570 2604; x_wconf 84' lang='lat' dir='ltr'><strong>Pro</strong></span> <span class='ocrx_word' id='word_1_614' title='bbox 2595 2551 2682 2605; x_wconf 89' lang='lat' dir='ltr'><strong>bis</strong></span> <span class='ocrx_word' id='word_1_615' title='bbox 2705 2561 2760 2606; x_wconf 86' lang='lat' dir='ltr'><strong>et</strong></span> <span class='ocrx_word' id='word_1_616' title='bbox 2782 2552 3048 2608; x_wconf 85' lang='lat' dir='ltr'><strong>similibus</strong></span> <span class='ocrx_word' id='word_1_617' title='bbox 3081 2553 3252 2608; x_wconf 85' lang='lat' dir='ltr'><strong>dicit:</strong></span> <span class='ocrx_word' id='word_1_618' title='bbox 3295 2553 3362 2611; x_wconf 73' lang='lat' dir='ltr'><strong>In</strong></span> <span class='ocrx_word' id='word_1_619' title='bbox 3403 2573 3584 2612; x_wconf 37' lang='lat' dir='ltr'><strong>curres</strong></span> 
     </span>
    </p>
   </div>
   <div class='ocr_carea' id='block_1_87' title="bbox 1995 2639 3577 2718">
    <p class='ocr_par' dir='ltr' id='par_1_87' title="bbox 1995 2639 3577 2718">
     <span class='ocr_line' id='line_1_87' title="bbox 1995 2639 3577 2718; baseline 0.006 -26"><span class='ocrx_word' id='word_1_620' title='bbox 1995 2640 2139 2693; x_wconf 82' lang='lat' dir='ltr'><strong>ribus</strong></span> <span class='ocrx_word' id='word_1_621' title='bbox 2170 2640 2544 2702; x_wconf 82' lang='lat' dir='ltr'><strong>abundantius,</strong></span> <span class='ocrx_word' id='word_1_622' title='bbox 2561 2640 2617 2693; x_wconf 84' lang='lat' dir='ltr'><strong>in</strong></span> <span class='ocrx_word' id='word_1_623' title='bbox 2637 2639 2808 2710; x_wconf 79' lang='lat' dir='ltr'><strong>plagis</strong></span> <span class='ocrx_word' id='word_1_624' title='bbox 2824 2657 2985 2712; x_wconf 86' lang='lat' dir='ltr'><strong>supra</strong></span> <span class='ocrx_word' id='word_1_625' title='bbox 2997 2645 3210 2697; x_wconf 70' lang='lat' dir='ltr'><strong>modum</strong></span> <span class='ocrx_word' id='word_1_626' title='bbox 3231 2643 3281 2716; x_wconf 86' lang='grc'><strong>(1</strong></span> <span class='ocrx_word' id='word_1_627' title='bbox 3289 2644 3316 2698; x_wconf 88' lang='grc'><em>1</em></span> <span class='ocrx_word' id='word_1_628' title='bbox 3328 2648 3400 2704; x_wconf 66' lang='lat' dir='ltr'><strong>(.‘e</strong></span> <span class='ocrx_word' id='word_1_629' title='bbox 3411 2667 3453 2705; x_wconf 88' lang='lat' dir='ltr'><strong>r.</strong></span> <span class='ocrx_word' id='word_1_630' title='bbox 3468 2663 3519 2703; x_wconf 76' lang='lat' dir='ltr'><strong>xl</strong></span> <span class='ocrx_word' id='word_1_631' title='bbox 3536 2648 3577 2718; x_wconf 94' lang='lat'><strong>).</strong></span> 
     </span>
    </p>
   </div>
   <div class='ocr_carea' id='block_1_88' title="bbox 2068 2729 3584 2809">
    <p class='ocr_par' dir='ltr' id='par_1_88' title="bbox 2068 2729 3584 2809">
     <span class='ocr_line' id='line_1_88' title="bbox 2068 2729 3584 2809; baseline 0.008 -27"><span class='ocrx_word' id='word_1_632' title='bbox 2068 2729 2170 2782; x_wconf 82' lang='lat' dir='ltr'><strong>Ter</strong></span> <span class='ocrx_word' id='word_1_633' title='bbox 2201 2729 2538 2799; x_wconf 72' lang='lat' dir='ltr'><strong>naufragium</strong></span> <span class='ocrx_word' id='word_1_634' title='bbox 2564 2729 2684 2799; x_wconf 86' lang='lat' dir='ltr'><strong>feci,</strong></span> <span class='ocrx_word' id='word_1_635' title='bbox 2721 2742 2868 2786; x_wconf 83' lang='lat' dir='ltr'><strong>nocte</strong></span> <span class='ocrx_word' id='word_1_636' title='bbox 2884 2744 2932 2787; x_wconf 84' lang='lat' dir='ltr'><strong>et</strong></span> <span class='ocrx_word' id='word_1_637' title='bbox 2951 2733 3036 2788; x_wconf 77' lang='lat' dir='ltr'><strong>die</strong></span> <span class='ocrx_word' id='word_1_638' title='bbox 3065 2735 3121 2789; x_wconf 79' lang='lat' dir='ltr'><strong>in</strong></span> <span class='ocrx_word' id='word_1_639' title='bbox 3164 2739 3428 2809; x_wconf 61' lang='lat' dir='ltr'><strong>profundo</strong></span> <span class='ocrx_word' id='word_1_640' title='bbox 3465 2759 3584 2797; x_wconf 71' lang='lat' dir='ltr'><strong>nta-</strong></span> 
     </span>
    </p>
   </div>
   <div class='ocr_carea' id='block_1_89' title="bbox 1994 2819 3583 2903">
    <p class='ocr_par' dir='ltr' id='par_1_89' title="bbox 1994 2819 3583 2903">
     <span class='ocr_line' id='line_1_89' title="bbox 1994 2819 3583 2903; baseline 0.009 -29"><span class='ocrx_word' id='word_1_641' title='bbox 1994 2821 2067 2875; x_wconf 87' lang='lat' dir='ltr'><strong>ris</strong></span> <span class='ocrx_word' id='word_1_642' title='bbox 2095 2821 2194 2890; x_wconf 86' lang='lat' dir='ltr'><strong>fui,</strong></span> <span class='ocrx_word' id='word_1_643' title='bbox 2222 2822 2277 2874; x_wconf 84' lang='lat' dir='ltr'><strong>in</strong></span> <span class='ocrx_word' id='word_1_644' title='bbox 2310 2819 2582 2875; x_wconf 84' lang='lat' dir='ltr'><strong>itineribus</strong></span> <span class='ocrx_word' id='word_1_645' title='bbox 2607 2836 2763 2891; x_wconf 70' lang='lat' dir='ltr'><strong>sape,</strong></span> <span class='ocrx_word' id='word_1_646' title='bbox 2784 2823 3028 2892; x_wconf 81' lang='lat' dir='ltr'><strong>periculis</strong></span> <span class='ocrx_word' id='word_1_647' title='bbox 3057 2827 3357 2897; x_wconf 78' lang='lat' dir='ltr'><strong>fluminum,</strong></span> <span class='ocrx_word' id='word_1_648' title='bbox 3377 2847 3583 2903; x_wconf 63' lang='lat' dir='ltr'><strong>pericu-</strong></span> 
     </span>
    </p>
   </div>
   <div class='ocr_carea' id='block_1_90' title="bbox 1993 2912 3572 2994">
    <p class='ocr_par' dir='ltr' id='par_1_90' title="bbox 1993 2912 3572 2994">
     <span class='ocr_line' id='line_1_90' title="bbox 1993 2912 3572 2994; baseline 0.008 -26"><span class='ocrx_word' id='word_1_649' title='bbox 1993 2914 2057 2968; x_wconf 86' lang='lat' dir='ltr'><strong>lis</strong></span> <span class='ocrx_word' id='word_1_650' title='bbox 2069 2913 2356 2980; x_wconf 85' lang='lat' dir='ltr'><strong>latronum,</strong></span> <span class='ocrx_word' id='word_1_651' title='bbox 2369 2912 2614 2984; x_wconf 86' lang='lat' dir='ltr'><strong>periculis</strong></span> <span class='ocrx_word' id='word_1_652' title='bbox 2637 2930 2702 2968; x_wconf 80' lang='lat' dir='ltr'><strong>ea;</strong></span> <span class='ocrx_word' id='word_1_653' title='bbox 2736 2931 2938 2985; x_wconf 83' lang='lat' dir='ltr'><strong>genere,</strong></span> <span class='ocrx_word' id='word_1_654' title='bbox 2961 2917 3208 2987; x_wconf 85' lang='lat' dir='ltr'><strong>periculis</strong></span> <span class='ocrx_word' id='word_1_655' title='bbox 3229 2937 3294 2976; x_wconf 77' lang='lat' dir='ltr'><strong>ex</strong></span> <span class='ocrx_word' id='word_1_656' title='bbox 3313 2923 3572 2994; x_wconf 74' lang='lat' dir='ltr'><strong>gentibus.</strong></span> 
     </span>
    </p>
   </div>
   <div class='ocr_carea' id='block_1_91' title="bbox 1991 3003 3580 3080">
    <p class='ocr_par' dir='ltr' id='par_1_91' title="bbox 1991 3003 3580 3080">
     <span class='ocr_line' id='line_1_91' title="bbox 1991 3003 3580 3080; baseline 0.006 -17"><span class='ocrx_word' id='word_1_657' title='bbox 1991 3007 2068 3064; x_wconf 86' lang='lat' dir='ltr'><strong>De</strong></span> <span class='ocrx_word' id='word_1_658' title='bbox 2086 3021 2283 3077; x_wconf 88' lang='lat' dir='ltr'><strong>genere</strong></span> <span class='ocrx_word' id='word_1_659' title='bbox 2302 3015 2358 3061; x_wconf 91' lang='lat' dir='ltr'><strong>et</strong></span> <span class='ocrx_word' id='word_1_660' title='bbox 2376 3003 2854 3076; x_wconf 75' lang='lat' dir='ltr'><strong>genteludteorum</strong></span> <span class='ocrx_word' id='word_1_661' title='bbox 2888 3008 3039 3074; x_wconf 84' lang='lat' dir='ltr'><strong>dicit,</strong></span> <span class='ocrx_word' id='word_1_662' title='bbox 3075 3011 3296 3080; x_wconf 86' lang='lat' dir='ltr'><strong>quando</strong></span> <span class='ocrx_word' id='word_1_663' title='bbox 3315 3011 3461 3069; x_wconf 80' lang='lat' dir='ltr'><strong>facta</strong></span> <span class='ocrx_word' id='word_1_664' title='bbox 3497 3025 3580 3072; x_wconf 88' lang='lat' dir='ltr'><strong>est</strong></span> 
     </span>
    </p>
   </div>
   <div class='ocr_carea' id='block_1_92' title="bbox 1917 3097 3578 3204">
    <p class='ocr_par' dir='ltr' id='par_1_92' title="bbox 1917 3097 3578 3204">
     <span class='ocr_line' id='line_1_92' title="bbox 1917 3097 3578 3204; baseline 0.003 -49"><span class='ocrx_word' id='word_1_665' title='bbox 1917 3139 1964 3204; x_wconf 60' lang='grc' dir='ltr'>ϐ</span> <span class='ocrx_word' id='word_1_666' title='bbox 1994 3098 2278 3157; x_wconf 88' lang='lat' dir='ltr'><strong>concursio</strong></span> <span class='ocrx_word' id='word_1_667' title='bbox 2297 3098 2479 3169; x_wconf 82' lang='lat' dir='ltr'><strong>pepuli</strong></span> <span class='ocrx_word' id='word_1_668' title='bbox 2499 3097 2823 3161; x_wconf 73' lang='lat' dir='ltr'><strong>Judteorum,</strong></span> <span class='ocrx_word' id='word_1_669' title='bbox 2849 3105 2904 3154; x_wconf 86' lang='lat' dir='ltr'><strong>et</strong></span> <span class='ocrx_word' id='word_1_670' title='bbox 2933 3101 3400 3170; x_wconf 80' lang='lat' dir='ltr'><strong>apprehendentes</strong></span> <span class='ocrx_word' id='word_1_671' title='bbox 3438 3105 3578 3160; x_wconf 62' lang='lat' dir='ltr'><strong>Pan.</strong></span> 
     </span>
    </p>
   </div>
   <div class='ocr_carea' id='block_1_93' title="bbox 1995 3191 3576 3269">
    <p class='ocr_par' dir='ltr' id='par_1_93' title="bbox 1995 3191 3576 3269">
     <span class='ocr_line' id='line_1_93' title="bbox 1995 3191 3576 3269; baseline 0.005 -23"><span class='ocrx_word' id='word_1_672' title='bbox 1995 3191 2428 3259; x_wconf 86' lang='lat' dir='ltr'><strong>lum,trahebant</strong></span> <span class='ocrx_word' id='word_1_673' title='bbox 2463 3205 2584 3246; x_wconf 90' lang='lat' dir='ltr'><strong>eum</strong></span> <span class='ocrx_word' id='word_1_674' title='bbox 2601 3199 2753 3247; x_wconf 78' lang='lat' dir='ltr'><strong>extra</strong></span> <span class='ocrx_word' id='word_1_675' title='bbox 2790 3191 3398 3265; x_wconf 80' lang='lat' dir='ltr'><strong>templum,velquando</strong></span> <span class='ocrx_word' id='word_1_676' title='bbox 3425 3201 3576 3269; x_wconf 81' lang='lat' dir='ltr'><strong>prin-</strong></span> 
     </span>
    </p>
   </div>
   <div class='ocr_carea' id='block_1_94' title="bbox 1991 3273 3580 3360">
    <p class='ocr_par' dir='ltr' id='par_1_94' title="bbox 1991 3273 3580 3360">
     <span class='ocr_line' id='line_1_94' title="bbox 1991 3273 3580 3360; baseline -0.003 -21"><span class='ocrx_word' id='word_1_677' title='bbox 1991 3297 2118 3354; x_wconf 88' lang='lat' dir='ltr'><strong>ceps</strong></span> <span class='ocrx_word' id='word_1_678' title='bbox 2133 3281 2474 3339; x_wconf 83' lang='lat' dir='ltr'><strong>sacerdotum</strong></span> <span class='ocrx_word' id='word_1_679' title='bbox 2492 3281 2728 3337; x_wconf 87' lang='lat' dir='ltr'><strong>Ananias</strong></span> <span class='ocrx_word' id='word_1_680' title='bbox 2746 3273 3000 3352; x_wconf 68' lang='lat' dir='ltr'><strong>praecepit</strong></span> <span class='ocrx_word' id='word_1_681' title='bbox 3018 3285 3318 3344; x_wconf 77' lang='lat' dir='ltr'><strong>astantibus</strong></span> <span class='ocrx_word' id='word_1_682' title='bbox 3333 3289 3436 3344; x_wconf 78' lang='lat' dir='ltr'><strong>sini</strong></span> <span class='ocrx_word' id='word_1_683' title='bbox 3463 3306 3580 3360; x_wconf 63' lang='grc' dir='ltr'><strong>ρετ.</strong></span> 
     </span>
    </p>
   </div>
   <div class='ocr_carea' id='block_1_95' title="bbox 1992 3370 3580 3452">
    <p class='ocr_par' dir='ltr' id='par_1_95' title="bbox 1992 3370 3580 3452">
     <span class='ocr_line' id='line_1_95' title="bbox 1992 3370 3580 3452; baseline 0.006 -23"><span class='ocrx_word' id='word_1_684' title='bbox 1992 3383 2176 3431; x_wconf 89' lang='lat' dir='ltr'><strong>cutere</strong></span> <span class='ocrx_word' id='word_1_685' title='bbox 2189 3388 2250 3429; x_wconf 92' lang='lat' dir='ltr'><strong>os</strong></span> <span class='ocrx_word' id='word_1_686' title='bbox 2265 3373 2381 3446; x_wconf 87' lang='lat' dir='ltr'><strong>ejus</strong></span> <span class='ocrx_word' id='word_1_687' title='bbox 2398 3370 2546 3445; x_wconf 74' lang='lat' dir='ltr'><strong>(Act.</strong></span> <span class='ocrx_word' id='word_1_688' title='bbox 2562 3387 2694 3427; x_wconf 80' lang='lat' dir='ltr'><strong>mn</strong></span> <span class='ocrx_word' id='word_1_689' title='bbox 2705 3371 2742 3438; x_wconf 90' lang='lat'><strong>).</strong></span> <span class='ocrx_word' id='word_1_690' title='bbox 2762 3371 2895 3428; x_wconf 81' lang='lat' dir='ltr'><strong>Nam</strong></span> <span class='ocrx_word' id='word_1_691' title='bbox 2910 3380 2962 3429; x_wconf 90' lang='lat' dir='ltr'><strong>et</strong></span> <span class='ocrx_word' id='word_1_692' title='bbox 2977 3387 3108 3446; x_wconf 84' lang='lat' dir='ltr'><strong>gens</strong></span> <span class='ocrx_word' id='word_1_693' title='bbox 3120 3376 3238 3439; x_wconf 73' lang='lat' dir='ltr'><strong>eius</strong></span> <span class='ocrx_word' id='word_1_694' title='bbox 3250 3374 3418 3435; x_wconf 70' lang='lat' dir='ltr'><strong>intimi</strong></span> <span class='ocrx_word' id='word_1_695' title='bbox 3431 3397 3580 3452; x_wconf 68' lang='lat' dir='ltr'><strong>quas-</strong></span> 
     </span>
    </p>
   </div>
   <div class='ocr_carea' id='block_1_96' title="bbox 1990 3464 2608 3521">
    <p class='ocr_par' dir='ltr' id='par_1_96' title="bbox 1990 3464 2608 3521">
     <span class='ocr_line' id='line_1_96' title="bbox 1990 3464 2608 3521; baseline 0 -2"><span class='ocrx_word' id='word_1_696' title='bbox 1990 3466 2180 3520; x_wconf 82' lang='lat' dir='ltr'><strong>rchaut</strong></span> <span class='ocrx_word' id='word_1_697' title='bbox 2195 3479 2317 3521; x_wconf 88' lang='lat' dir='ltr'><strong>eum</strong></span> <span class='ocrx_word' id='word_1_698' title='bbox 2339 3464 2608 3520; x_wconf 87' lang='lat' dir='ltr'><strong>occidere.</strong></span> 
     </span>
    </p>
   </div>
   <div class='ocr_carea' id='block_1_97' title="bbox 2063 3546 3572 3632">
    <p class='ocr_par' dir='ltr' id='par_1_97' title="bbox 2063 3546 3572 3632">
     <span class='ocr_line' id='line_1_97' title="bbox 2063 3546 3572 3632; baseline 0.003 -23"><span class='ocrx_word' id='word_1_699' title='bbox 2063 3553 2324 3612; x_wconf 85' lang='lat' dir='ltr'><strong>Periculis</strong></span> <span class='ocrx_word' id='word_1_700' title='bbox 2345 3557 2400 3611; x_wconf 87' lang='lat' dir='ltr'><strong>in</strong></span> <span class='ocrx_word' id='word_1_701' title='bbox 2422 3555 2578 3610; x_wconf 84' lang='lat' dir='ltr'><strong>mari.</strong></span> <span class='ocrx_word' id='word_1_702' title='bbox 2593 3546 2822 3624; x_wconf 81' lang='lat' dir='ltr'><strong>Quando</strong></span> <span class='ocrx_word' id='word_1_703' title='bbox 2845 3559 3168 3627; x_wconf 77' lang='lat' dir='ltr'><strong>navigantes</strong></span> <span class='ocrx_word' id='word_1_704' title='bbox 3188 3564 3572 3632; x_wconf 57' lang='lat' dir='ltr'><strong>periclitatum.</strong></span> 
     </span>
    </p>
   </div>
   <div class='ocr_carea' id='block_1_98' title="bbox 1990 3646 3574 3723">
    <p class='ocr_par' dir='ltr' id='par_1_98' title="bbox 1990 3646 3574 3723">
     <span class='ocr_line' id='line_1_98' title="bbox 1990 3646 3574 3723; baseline 0.008 -23"><span class='ocrx_word' id='word_1_705' title='bbox 1990 3655 2082 3700; x_wconf 90' lang='lat' dir='ltr'><strong>tur</strong></span> <span class='ocrx_word' id='word_1_706' title='bbox 2105 3654 2158 3700; x_wconf 90' lang='lat' dir='ltr'><strong>ct</strong></span> <span class='ocrx_word' id='word_1_707' title='bbox 2188 3646 2524 3718; x_wconf 89' lang='lat' dir='ltr'><strong>impegerunt</strong></span> <span class='ocrx_word' id='word_1_708' title='bbox 2561 3661 2751 3700; x_wconf 86' lang='lat' dir='ltr'><strong>navem</strong></span> <span class='ocrx_word' id='word_1_709' title='bbox 2791 3648 2859 3702; x_wconf 86' lang='lat' dir='ltr'><strong>ad</strong></span> <span class='ocrx_word' id='word_1_710' title='bbox 2891 3647 3036 3702; x_wconf 72' lang='lat' dir='ltr'><strong>littm</strong></span> <span class='ocrx_word' id='word_1_711' title='bbox 3057 3689 3070 3713; x_wconf 94' lang='lat'><strong>,</strong></span> <span class='ocrx_word' id='word_1_712' title='bbox 3100 3666 3223 3720; x_wconf 55' lang='lat' dir='ltr'><strong>quas</strong></span> <span class='ocrx_word' id='word_1_713' title='bbox 3271 3667 3431 3723; x_wconf 85' lang='lat' dir='ltr'><strong>prora</strong></span> <span class='ocrx_word' id='word_1_714' title='bbox 3465 3660 3574 3712; x_wconf 78' lang='lat' dir='ltr'><strong>lixa</strong></span> 
     </span>
    </p>
   </div>
   <div class='ocr_carea' id='block_1_99' title="bbox 1993 3735 3582 3806">
    <p class='ocr_par' dir='ltr' id='par_1_99' title="bbox 1993 3735 3582 3806">
     <span class='ocr_line' id='line_1_99' title="bbox 1993 3735 3582 3806; baseline 0.006 -16"><span class='ocrx_word' id='word_1_715' title='bbox 1993 3737 2247 3792; x_wconf 86' lang='lat' dir='ltr'><strong>manebat</strong></span> <span class='ocrx_word' id='word_1_716' title='bbox 2271 3735 2585 3800; x_wconf 84' lang='lat' dir='ltr'><strong>immobilis,</strong></span> <span class='ocrx_word' id='word_1_717' title='bbox 2612 3736 2810 3806; x_wconf 82' lang='lat' dir='ltr'><strong>puppis</strong></span> <span class='ocrx_word' id='word_1_718' title='bbox 2835 3751 2966 3793; x_wconf 86' lang='lat' dir='ltr'><strong>vero</strong></span> <span class='ocrx_word' id='word_1_719' title='bbox 2993 3738 3304 3797; x_wconf 66' lang='lat' dir='ltr'><strong>solvebatur</strong></span> <span class='ocrx_word' id='word_1_720' title='bbox 3327 3759 3358 3797; x_wconf 75' lang='grc' dir='ltr'><strong>ο</strong></span> <span class='ocrx_word' id='word_1_721' title='bbox 3384 3745 3436 3799; x_wconf 86' lang='lat' dir='ltr'><strong>vi</strong></span> <span class='ocrx_word' id='word_1_722' title='bbox 3461 3761 3582 3799; x_wconf 51' lang='lat' dir='ltr'><strong>tua-</strong></span> 
     </span>
    </p>
   </div>
   <div class='ocr_carea' id='block_1_100' title="bbox 1991 3825 3576 3893">
    <p class='ocr_par' dir='ltr' id='par_1_100' title="bbox 1991 3825 3576 3893">
     <span class='ocr_line' id='line_1_100' title="bbox 1991 3825 3576 3893; baseline 0.008 -14"><span class='ocrx_word' id='word_1_723' title='bbox 1991 3827 2088 3893; x_wconf 88' lang='lat' dir='ltr'><strong>ris,</strong></span> <span class='ocrx_word' id='word_1_724' title='bbox 2135 3834 2190 3882; x_wconf 88' lang='lat' dir='ltr'><strong>et</strong></span> <span class='ocrx_word' id='word_1_725' title='bbox 2235 3825 2326 3880; x_wconf 90' lang='lat' dir='ltr'><strong>alii</strong></span> <span class='ocrx_word' id='word_1_726' title='bbox 2357 3827 2615 3891; x_wconf 86' lang='lat' dir='ltr'><strong>natando,</strong></span> <span class='ocrx_word' id='word_1_727' title='bbox 2653 3827 2744 3882; x_wconf 86' lang='lat' dir='ltr'><strong>alii</strong></span> <span class='ocrx_word' id='word_1_728' title='bbox 2777 3842 2904 3884; x_wconf 81' lang='lat' dir='ltr'><strong>vero</strong></span> <span class='ocrx_word' id='word_1_729' title='bbox 2936 3829 2988 3885; x_wconf 91' lang='lat' dir='ltr'><strong>in</strong></span> <span class='ocrx_word' id='word_1_730' title='bbox 3021 3831 3219 3888; x_wconf 75' lang='lat' dir='ltr'><strong>tabulis</strong></span> <span class='ocrx_word' id='word_1_731' title='bbox 3256 3833 3576 3892; x_wconf 63' lang='lat' dir='ltr'><strong>furarentur</strong></span> 
     </span>
    </p>
   </div>
   <div class='ocr_carea' id='block_1_101' title="bbox 1991 3916 2642 3990">
    <p class='ocr_par' dir='ltr' id='par_1_101' title="bbox 1991 3916 2642 3990">
     <span class='ocr_line' id='line_1_101' title="bbox 1991 3916 2642 3990; baseline -0.003 -18"><span class='ocrx_word' id='word_1_732' title='bbox 1991 3919 2056 3973; x_wconf 91' lang='lat' dir='ltr'><strong>ad</strong></span> <span class='ocrx_word' id='word_1_733' title='bbox 2089 3917 2239 3972; x_wconf 91' lang='lat' dir='ltr'><strong>littus</strong></span> <span class='ocrx_word' id='word_1_734' title='bbox 2269 3916 2416 3990; x_wconf 78' lang='lat' dir='ltr'><strong>(Act.</strong></span> <span class='ocrx_word' id='word_1_735' title='bbox 2449 3918 2642 3989; x_wconf 72' lang='lat' dir='ltr'><strong>xxvii).</strong></span> 
     </span>
    </p>
   </div>
   <div class='ocr_carea' id='block_1_102' title="bbox 2061 4006 3572 4085">
    <p class='ocr_par' dir='ltr' id='par_1_102' title="bbox 2061 4006 3572 4085">
     <span class='ocr_line' id='line_1_102' title="bbox 2061 4006 3572 4085; baseline 0.008 -23"><span class='ocrx_word' id='word_1_736' title='bbox 2061 4006 2321 4064; x_wconf 83' lang='lat' dir='ltr'><strong>Periculis</strong></span> <span class='ocrx_word' id='word_1_737' title='bbox 2342 4008 2398 4062; x_wconf 89' lang='lat' dir='ltr'><strong>in</strong></span> <span class='ocrx_word' id='word_1_738' title='bbox 2420 4007 2572 4077; x_wconf 87' lang='lat' dir='ltr'><strong>falsis</strong></span> <span class='ocrx_word' id='word_1_739' title='bbox 2594 4007 2868 4078; x_wconf 83' lang='lat' dir='ltr'><strong>fratribus.</strong></span> <span class='ocrx_word' id='word_1_740' title='bbox 2887 4008 2964 4064; x_wconf 90' lang='lat' dir='ltr'><strong>Illi</strong></span> <span class='ocrx_word' id='word_1_741' title='bbox 2987 4025 3116 4065; x_wconf 71' lang='lat' dir='ltr'><strong>vero</strong></span> <span class='ocrx_word' id='word_1_742' title='bbox 3138 4010 3208 4068; x_wconf 79' lang='lat' dir='ltr'><strong>de</strong></span> <span class='ocrx_word' id='word_1_743' title='bbox 3229 4014 3426 4085; x_wconf 82' lang='lat' dir='ltr'><strong>quibus</strong></span> <span class='ocrx_word' id='word_1_744' title='bbox 3443 4017 3572 4074; x_wconf 77' lang='lat' dir='ltr'><strong>alibi</strong></span> 
     </span>
    </p>
   </div>
   <div class='ocr_carea' id='block_1_103' title="bbox 1989 4099 3571 4171">
    <p class='ocr_par' dir='ltr' id='par_1_103' title="bbox 1989 4099 3571 4171">
     <span class='ocr_line' id='line_1_103' title="bbox 1989 4099 3571 4171; baseline 0.009 -18"><span class='ocrx_word' id='word_1_745' title='bbox 1989 4100 2142 4166; x_wconf 90' lang='lat' dir='ltr'><strong>dicit,</strong></span> <span class='ocrx_word' id='word_1_746' title='bbox 2159 4100 2285 4171; x_wconf 88' lang='lat' dir='ltr'><strong>quia</strong></span> <span class='ocrx_word' id='word_1_747' title='bbox 2305 4099 2480 4154; x_wconf 80' lang='lat' dir='ltr'><strong>subint</strong></span> <span class='ocrx_word' id='word_1_748' title='bbox 2487 4101 2721 4154; x_wconf 81' lang='lat' dir='ltr'><strong>roierunt</strong></span> <span class='ocrx_word' id='word_1_749' title='bbox 2735 4099 3016 4171; x_wconf 67' lang='lat' dir='ltr'><strong>explorare</strong></span> <span class='ocrx_word' id='word_1_750' title='bbox 3026 4103 3318 4160; x_wconf 77' lang='lat' dir='ltr'><strong>libertatem</strong></span> <span class='ocrx_word' id='word_1_751' title='bbox 3334 4121 3571 4166; x_wconf 79' lang='lat' dir='ltr'><strong>nostram</strong></span> 
     </span>
    </p>
   </div>
   <div class='ocr_carea' id='block_1_104' title="bbox 1990 4188 2302 4261">
    <p class='ocr_par' dir='ltr' id='par_1_104' title="bbox 1990 4188 2302 4261">
     <span class='ocr_line' id='line_1_104' title="bbox 1990 4188 2302 4261; baseline 0 -17"><span class='ocrx_word' id='word_1_752' title='bbox 1990 4188 2192 4261; x_wconf 75' lang='lat' dir='ltr'><strong>(Colat.</strong></span> <span class='ocrx_word' id='word_1_753' title='bbox 2217 4189 2302 4261; x_wconf 84' lang='grc' dir='ltr'><strong>ιι).</strong></span> 
     </span>
    </p>
   </div>
   <div class='ocr_carea' id='block_1_105' title="bbox 2060 4284 3572 4366">
    <p class='ocr_par' dir='ltr' id='par_1_105' title="bbox 2060 4284 3572 4366">
     <span class='ocr_line' id='line_1_105' title="bbox 2060 4284 3572 4366; baseline 0.012 -28"><span class='ocrx_word' id='word_1_754' title='bbox 2060 4285 2126 4340; x_wconf 88' lang='lat' dir='ltr'><strong>In</strong></span> <span class='ocrx_word' id='word_1_755' title='bbox 2150 4284 2329 4340; x_wconf 79' lang='lat' dir='ltr'><strong>labore</strong></span> <span class='ocrx_word' id='word_1_756' title='bbox 2362 4297 2409 4340; x_wconf 87' lang='lat' dir='ltr'><strong>et</strong></span> <span class='ocrx_word' id='word_1_757' title='bbox 2433 4303 2670 4340; x_wconf 71' lang='lat' dir='ltr'><strong>wrttmna</strong></span> <span class='ocrx_word' id='word_1_758' title='bbox 2689 4327 2704 4348; x_wconf 93' lang='lat'><strong>,</strong></span> <span class='ocrx_word' id='word_1_759' title='bbox 2741 4289 2794 4340; x_wconf 85' lang='lat' dir='ltr'><strong>in</strong></span> <span class='ocrx_word' id='word_1_760' title='bbox 2827 4288 3017 4358; x_wconf 87' lang='lat' dir='ltr'><strong>vigiliis</strong></span> <span class='ocrx_word' id='word_1_761' title='bbox 3047 4290 3248 4357; x_wconf 85' lang='lat' dir='ltr'><strong>multis,</strong></span> <span class='ocrx_word' id='word_1_762' title='bbox 3272 4295 3326 4349; x_wconf 85' lang='lat' dir='ltr'><strong>in</strong></span> <span class='ocrx_word' id='word_1_763' title='bbox 3354 4296 3496 4366; x_wconf 83' lang='lat' dir='ltr'><strong>fame</strong></span> <span class='ocrx_word' id='word_1_764' title='bbox 3519 4313 3572 4358; x_wconf 78' lang='lat' dir='ltr'><strong>rt</strong></span> 
     </span>
    </p>
   </div>
   <div class='ocr_carea' id='block_1_106' title="bbox 1987 4373 3567 4449">
    <p class='ocr_par' dir='ltr' id='par_1_106' title="bbox 1987 4373 3567 4449">
     <span class='ocr_line' id='line_1_106' title="bbox 1987 4373 3567 4449; baseline 0.011 -22"><span class='ocrx_word' id='word_1_765' title='bbox 1987 4375 2098 4438; x_wconf 88' lang='lat' dir='ltr'><strong>siti,</strong></span> <span class='ocrx_word' id='word_1_766' title='bbox 2123 4374 2176 4428; x_wconf 87' lang='lat' dir='ltr'><strong>in</strong></span> <span class='ocrx_word' id='word_1_767' title='bbox 2190 4373 2414 4444; x_wconf 83' lang='lat' dir='ltr'><strong>jejuniis</strong></span> <span class='ocrx_word' id='word_1_768' title='bbox 2440 4373 2715 4439; x_wconf 86' lang='lat' dir='ltr'><strong>multis,et</strong></span> <span class='ocrx_word' id='word_1_769' title='bbox 2744 4375 2970 4446; x_wconf 83' lang='lat' dir='ltr'><strong>reliqua.</strong></span> <span class='ocrx_word' id='word_1_770' title='bbox 2996 4379 3072 4432; x_wconf 82' lang='lat' dir='ltr'><strong>De</strong></span> <span class='ocrx_word' id='word_1_771' title='bbox 3090 4382 3288 4449; x_wconf 82' lang='lat' dir='ltr'><strong>quibus</strong></span> <span class='ocrx_word' id='word_1_772' title='bbox 3307 4401 3471 4443; x_wconf 88' lang='lat' dir='ltr'><strong>unum</strong></span> <span class='ocrx_word' id='word_1_773' title='bbox 3499 4389 3567 4446; x_wconf 85' lang='lat' dir='ltr'><strong>de</strong></span> 
     </span>
    </p>
   </div>
   <div class='ocr_carea' id='block_1_107' title="bbox 1989 4464 3566 4539">
    <p class='ocr_par' dir='ltr' id='par_1_107' title="bbox 1989 4464 3566 4539">
     <span class='ocr_line' id='line_1_107' title="bbox 1989 4464 3566 4539; baseline 0.01 -22"><span class='ocrx_word' id='word_1_774' title='bbox 1989 4464 2213 4520; x_wconf 81' lang='lat' dir='ltr'><strong>Actibus</strong></span> <span class='ocrx_word' id='word_1_775' title='bbox 2258 4464 2626 4535; x_wconf 87' lang='lat' dir='ltr'><strong>apostolorum</strong></span> <span class='ocrx_word' id='word_1_776' title='bbox 2675 4466 3046 4522; x_wconf 83' lang='lat' dir='ltr'><strong>testimonium</strong></span> <span class='ocrx_word' id='word_1_777' title='bbox 3090 4471 3310 4539; x_wconf 86' lang='lat' dir='ltr'><strong>demus,</strong></span> <span class='ocrx_word' id='word_1_778' title='bbox 3357 4483 3410 4530; x_wconf 85' lang='lat' dir='ltr'><strong>et</strong></span> <span class='ocrx_word' id='word_1_779' title='bbox 3441 4495 3566 4533; x_wconf 85' lang='lat' dir='ltr'><strong>eum</strong></span> 
     </span>
    </p>
   </div>
   <div class='ocr_carea' id='block_1_108' title="bbox 1989 4556 3565 4638">
    <p class='ocr_par' dir='ltr' id='par_1_108' title="bbox 1989 4556 3565 4638">
     <span class='ocr_line' id='line_1_108' title="bbox 1989 4556 3565 4638; baseline 0.008 -27"><span class='ocrx_word' id='word_1_780' title='bbox 1989 4557 2154 4611; x_wconf 89' lang='lat' dir='ltr'><strong>multa</strong></span> <span class='ocrx_word' id='word_1_781' title='bbox 2189 4556 2458 4628; x_wconf 74' lang='lat' dir='ltr'><strong>jejunatio</strong></span> <span class='ocrx_word' id='word_1_782' title='bbox 2482 4556 2694 4621; x_wconf 85' lang='lat' dir='ltr'><strong>luisset,</strong></span> <span class='ocrx_word' id='word_1_783' title='bbox 2727 4559 2922 4628; x_wconf 88' lang='lat' dir='ltr'><strong>inquit,</strong></span> <span class='ocrx_word' id='word_1_784' title='bbox 2952 4572 2999 4614; x_wconf 85' lang='lat' dir='ltr'><strong>et</strong></span> <span class='ocrx_word' id='word_1_785' title='bbox 3028 4561 3124 4617; x_wconf 71' lang='lat' dir='ltr'><strong>lux</strong></span> <span class='ocrx_word' id='word_1_786' title='bbox 3147 4565 3396 4636; x_wconf 68' lang='lat' dir='ltr'><strong>inciperet</strong></span> <span class='ocrx_word' id='word_1_787' title='bbox 3425 4571 3565 4638; x_wconf 74' lang='lat' dir='ltr'><strong>ﬁeri,</strong></span> 
     </span>
    </p>
   </div>
   <div class='ocr_carea' id='block_1_109' title="bbox 1989 4649 3566 4726">
    <p class='ocr_par' dir='ltr' id='par_1_109' title="bbox 1989 4649 3566 4726">
     <span class='ocr_line' id='line_1_109' title="bbox 1989 4649 3566 4726; baseline 0.011 -26"><span class='ocrx_word' id='word_1_788' title='bbox 1989 4649 2204 4717; x_wconf 80' lang='lat' dir='ltr'><strong>rogabat</strong></span> <span class='ocrx_word' id='word_1_789' title='bbox 2221 4649 2426 4703; x_wconf 82' lang='lat' dir='ltr'><strong>Paulus</strong></span> <span class='ocrx_word' id='word_1_790' title='bbox 2456 4665 2635 4704; x_wconf 86' lang='lat' dir='ltr'><strong>omnes</strong></span> <span class='ocrx_word' id='word_1_791' title='bbox 2653 4666 2860 4705; x_wconf 84' lang='lat' dir='ltr'><strong>sumere</strong></span> <span class='ocrx_word' id='word_1_792' title='bbox 2887 4652 3080 4720; x_wconf 87' lang='lat' dir='ltr'><strong>cibum,</strong></span> <span class='ocrx_word' id='word_1_793' title='bbox 3105 4655 3285 4712; x_wconf 78' lang='lat' dir='ltr'><strong>dicens</strong></span> <span class='ocrx_word' id='word_1_794' title='bbox 3309 4673 3327 4710; x_wconf 89' lang='lat'><strong><em>:</em></strong></span> <span class='ocrx_word' id='word_1_795' title='bbox 3359 4659 3566 4726; x_wconf 74' lang='lat' dir='ltr'><strong>Quarta</strong></span> 
     </span>
    </p>
   </div>
   <div class='ocr_carea' id='block_1_110' title="bbox 1984 4739 3566 4817">
    <p class='ocr_par' dir='ltr' id='par_1_110' title="bbox 1984 4739 3566 4817">
     <span class='ocr_line' id='line_1_110' title="bbox 1984 4739 3566 4817; baseline 0.013 -28"><span class='ocrx_word' id='word_1_796' title='bbox 1984 4739 2185 4792; x_wconf 65' lang='lat' dir='ltr'><strong>decima</strong></span> <span class='ocrx_word' id='word_1_797' title='bbox 2207 4740 2362 4794; x_wconf 81' lang='lat' dir='ltr'><strong>hodie</strong></span> <span class='ocrx_word' id='word_1_798' title='bbox 2379 4741 2464 4794; x_wconf 87' lang='lat' dir='ltr'><strong>die</strong></span> <span class='ocrx_word' id='word_1_799' title='bbox 2474 4752 2852 4812; x_wconf 72' lang='lat' dir='ltr'><strong>exspectantes,</strong></span> <span class='ocrx_word' id='word_1_800' title='bbox 2870 4743 3046 4814; x_wconf 82' lang='lat' dir='ltr'><strong>jejuni</strong></span> <span class='ocrx_word' id='word_1_801' title='bbox 3067 4753 3406 4817; x_wconf 83' lang='lat' dir='ltr'><strong>permanetis,</strong></span> <span class='ocrx_word' id='word_1_802' title='bbox 3434 4755 3566 4809; x_wconf 78' lang='lat' dir='ltr'><strong>nihil</strong></span> 
     </span>
    </p>
   </div>
   <div class='ocr_carea' id='block_1_111' title="bbox 1985 4831 3564 4915">
    <p class='ocr_par' dir='ltr' id='par_1_111' title="bbox 1985 4831 3564 4915">
     <span class='ocr_line' id='line_1_111' title="bbox 1985 4831 3564 4915; baseline 0.011 -33"><span class='ocrx_word' id='word_1_803' title='bbox 1985 4831 2315 4899; x_wconf 81' lang='lat' dir='ltr'><strong>accipientes,</strong></span> <span class='ocrx_word' id='word_1_804' title='bbox 2343 4843 2553 4902; x_wconf 82' lang='lat' dir='ltr'><strong>propter</strong></span> <span class='ocrx_word' id='word_1_805' title='bbox 2575 4833 2717 4902; x_wconf 80' lang='lat' dir='ltr'><strong>quod</strong></span> <span class='ocrx_word' id='word_1_806' title='bbox 2739 4849 2866 4904; x_wconf 85' lang='lat' dir='ltr'><strong>rogo</strong></span> <span class='ocrx_word' id='word_1_807' title='bbox 2885 4850 2975 4889; x_wconf 77' lang='lat' dir='ltr'><strong>eos</strong></span> <span class='ocrx_word' id='word_1_808' title='bbox 2987 4853 3254 4895; x_wconf 75' lang='lat' dir='ltr'><strong>assumere</strong></span> <span class='ocrx_word' id='word_1_809' title='bbox 3276 4840 3449 4897; x_wconf 75' lang='lat' dir='ltr'><strong>cibum</strong></span> <span class='ocrx_word' id='word_1_810' title='bbox 3469 4862 3564 4915; x_wconf 81' lang='lat' dir='ltr'><strong>pro</strong></span> 
     </span>
    </p>
   </div>
   <div class='ocr_carea' id='block_1_112' title="bbox 1983 4921 3565 5004">
    <p class='ocr_par' dir='ltr' id='par_1_112' title="bbox 1983 4921 3565 5004">
     <span class='ocr_line' id='line_1_112' title="bbox 1983 4921 3565 5004; baseline 0.009 -29"><span class='ocrx_word' id='word_1_811' title='bbox 1983 4921 2154 4976; x_wconf 84' lang='lat' dir='ltr'><strong>salute</strong></span> <span class='ocrx_word' id='word_1_812' title='bbox 2197 4932 2391 4989; x_wconf 74' lang='lat' dir='ltr'><strong>rostra,</strong></span> <span class='ocrx_word' id='word_1_813' title='bbox 2439 4925 2565 4995; x_wconf 87' lang='lat' dir='ltr'><strong>quia</strong></span> <span class='ocrx_word' id='word_1_814' title='bbox 2610 4923 2809 4980; x_wconf 83' lang='lat' dir='ltr'><strong>nullius</strong></span> <span class='ocrx_word' id='word_1_815' title='bbox 2835 4928 2990 4980; x_wconf 80' lang='lat' dir='ltr'><strong>vestri</strong></span> <span class='ocrx_word' id='word_1_816' title='bbox 3023 4927 3251 5000; x_wconf 80' lang='lat' dir='ltr'><strong>capillus</strong></span> <span class='ocrx_word' id='word_1_817' title='bbox 3286 4931 3353 4987; x_wconf 83' lang='lat' dir='ltr'><strong>de</strong></span> <span class='ocrx_word' id='word_1_818' title='bbox 3391 4947 3565 5004; x_wconf 74' lang='lat' dir='ltr'><strong>capite</strong></span> 
     </span>
    </p>
   </div>
   <div class='ocr_carea' id='block_1_113' title="bbox 1985 5015 3563 5098">
    <p class='ocr_par' dir='ltr' id='par_1_113' title="bbox 1985 5015 3563 5098">
     <span class='ocr_line' id='line_1_113' title="bbox 1985 5015 3563 5098; baseline 0.01 -31"><span class='ocrx_word' id='word_1_819' title='bbox 1985 5015 2192 5082; x_wconf 78' lang='lat' dir='ltr'><strong>peribit,</strong></span> <span class='ocrx_word' id='word_1_820' title='bbox 2224 5023 2270 5067; x_wconf 89' lang='lat' dir='ltr'><strong>et</strong></span> <span class='ocrx_word' id='word_1_821' title='bbox 2304 5033 2420 5069; x_wconf 88' lang='lat' dir='ltr'><strong>cum</strong></span> <span class='ocrx_word' id='word_1_822' title='bbox 2454 5017 2565 5070; x_wconf 79' lang='lat' dir='ltr'><strong>Iure</strong></span> <span class='ocrx_word' id='word_1_823' title='bbox 2592 5017 2838 5081; x_wconf 73' lang='lat' dir='ltr'><strong>dixisset,</strong></span> <span class='ocrx_word' id='word_1_824' title='bbox 2871 5035 3083 5076; x_wconf 75' lang='lat' dir='ltr'><strong>sumens</strong></span> <span class='ocrx_word' id='word_1_825' title='bbox 3108 5037 3332 5092; x_wconf 73' lang='lat' dir='ltr'><strong>pauent,</strong></span> <span class='ocrx_word' id='word_1_826' title='bbox 3361 5029 3563 5098; x_wconf 79' lang='lat' dir='ltr'><strong>gratius</strong></span> 
     </span>
    </p>
   </div>
   <div class='ocr_carea' id='block_1_114' title="bbox 1983 5106 3562 5194">
    <p class='ocr_par' dir='ltr' id='par_1_114' title="bbox 1983 5106 3562 5194">
     <span class='ocr_line' id='line_1_114' title="bbox 1983 5106 3562 5194; baseline 0.014 -37"><span class='ocrx_word' id='word_1_827' title='bbox 1983 5107 2084 5175; x_wconf 85' lang='lat' dir='ltr'><strong>egit</strong></span> <span class='ocrx_word' id='word_1_828' title='bbox 2130 5106 2238 5160; x_wconf 83' lang='lat' dir='ltr'><strong>Deo</strong></span> <span class='ocrx_word' id='word_1_829' title='bbox 2261 5148 2275 5170; x_wconf 93' lang='lat'><strong>,</strong></span> <span class='ocrx_word' id='word_1_830' title='bbox 2328 5116 2384 5160; x_wconf 25' lang='lat' dir='ltr'><strong>et.</strong></span> <span class='ocrx_word' id='word_1_831' title='bbox 2420 5123 2536 5160; x_wconf 87' lang='lat' dir='ltr'><strong>cum</strong></span> <span class='ocrx_word' id='word_1_832' title='bbox 2567 5107 2840 5193; x_wconf 66' lang='lat' dir='ltr'><strong>fregisset,</strong></span> <span class='ocrx_word' id='word_1_833' title='bbox 2877 5114 3026 5182; x_wconf 64' lang='lat' dir='ltr'><strong>carpit</strong></span> <span class='ocrx_word' id='word_1_834' title='bbox 3070 5118 3393 5174; x_wconf 74' lang='lat' dir='ltr'><strong>mandumrs</strong></span> <span class='ocrx_word' id='word_1_835' title='bbox 3421 5119 3562 5194; x_wconf 70' lang='grc' dir='ltr'><strong>(Δί-ε.</strong></span> 
     </span>
    </p>
   </div>
   <div class='ocr_carea' id='block_1_115' title="bbox 1983 5199 2198 5269">
    <p class='ocr_par' dir='ltr' id='par_1_115' title="bbox 1983 5199 2198 5269">
     <span class='ocr_line' id='line_1_115' title="bbox 1983 5199 2198 5269; baseline 0 -17"><span class='ocrx_word' id='word_1_836' title='bbox 1983 5213 2132 5252; x_wconf 77' lang='lat' dir='ltr'><strong>xxvii</strong></span> <span class='ocrx_word' id='word_1_837' title='bbox 2159 5199 2198 5269; x_wconf 93' lang='lat'><strong>).</strong></span> 
     </span>
    </p>
   </div>
   <div class='ocr_carea' id='block_1_116' title="bbox 2055 5287 3560 5362">
    <p class='ocr_par' dir='ltr' id='par_1_116' title="bbox 2055 5287 3560 5362">
     <span class='ocr_line' id='line_1_116' title="bbox 2055 5287 3560 5362; baseline 0.011 -21"><span class='ocrx_word' id='word_1_838' title='bbox 2055 5287 2372 5345; x_wconf 54' lang='lat' dir='ltr'><strong>I’ra‘terilla</strong></span> <span class='ocrx_word' id='word_1_839' title='bbox 2414 5307 2530 5361; x_wconf 79' lang='lat' dir='ltr'><strong>qua:</strong></span> <span class='ocrx_word' id='word_1_840' title='bbox 2563 5293 2884 5348; x_wconf 71' lang='lat' dir='ltr'><strong>extrinsecus</strong></span> <span class='ocrx_word' id='word_1_841' title='bbox 2931 5306 3052 5350; x_wconf 84' lang='lat' dir='ltr'><strong>sunt</strong></span> <span class='ocrx_word' id='word_1_842' title='bbox 3078 5337 3094 5362; x_wconf 95' lang='lat'><strong>,</strong></span> <span class='ocrx_word' id='word_1_843' title='bbox 3143 5299 3395 5354; x_wconf 75' lang='lat' dir='ltr'><strong>instantia</strong></span> <span class='ocrx_word' id='word_1_844' title='bbox 3445 5319 3560 5358; x_wconf 80' lang='lat' dir='ltr'><strong>mea</strong></span> 
     </span>
    </p>
   </div>
   <div class='ocr_carea' id='block_1_117' title="bbox 1980 5382 3559 5454">
    <p class='ocr_par' dir='ltr' id='par_1_117' title="bbox 1980 5382 3559 5454">
     <span class='ocr_line' id='line_1_117' title="bbox 1980 5382 3559 5454; baseline 0.008 -18"><span class='ocrx_word' id='word_1_845' title='bbox 1980 5384 2309 5454; x_wconf 76' lang='lat' dir='ltr'><strong>quotidiana,</strong></span> <span class='ocrx_word' id='word_1_846' title='bbox 2328 5382 2626 5436; x_wconf 83' lang='lat' dir='ltr'><strong>sollicitudo</strong></span> <span class='ocrx_word' id='word_1_847' title='bbox 2653 5386 2886 5438; x_wconf 83' lang='lat' dir='ltr'><strong>omnium</strong></span> <span class='ocrx_word' id='word_1_848' title='bbox 2902 5385 3280 5443; x_wconf 69' lang='lat' dir='ltr'><strong>Erclesinitcm.</strong></span> <span class='ocrx_word' id='word_1_849' title='bbox 3309 5391 3388 5446; x_wconf 75' lang='lat' dir='ltr'><strong>Ac</strong></span> <span class='ocrx_word' id='word_1_850' title='bbox 3409 5393 3454 5446; x_wconf 81' lang='lat' dir='ltr'><strong>si</strong></span> <span class='ocrx_word' id='word_1_851' title='bbox 3477 5396 3559 5449; x_wconf 81' lang='lat' dir='ltr'><strong>di-</strong></span> 
     </span>
    </p>
   </div>
   <div class='ocr_carea' id='block_1_118' title="bbox 1982 5473 3558 5549">
    <p class='ocr_par' dir='ltr' id='par_1_118' title="bbox 1982 5473 3558 5549">
     <span class='ocr_line' id='line_1_118' title="bbox 1982 5473 3558 5549; baseline 0.006 -20"><span class='ocrx_word' id='word_1_852' title='bbox 1982 5484 2158 5534; x_wconf 80' lang='lat' dir='ltr'><strong>ceret.</strong></span> <span class='ocrx_word' id='word_1_853' title='bbox 2193 5482 2390 5544; x_wconf 64' lang='lat' dir='ltr'><strong>praeter</strong></span> <span class='ocrx_word' id='word_1_854' title='bbox 2417 5473 2504 5526; x_wconf 75' lang='lat' dir='ltr'><strong>illa</strong></span> <span class='ocrx_word' id='word_1_855' title='bbox 2533 5489 2652 5542; x_wconf 74' lang='lat' dir='ltr'><strong>qua:</strong></span> <span class='ocrx_word' id='word_1_856' title='bbox 2675 5473 2788 5543; x_wconf 85' lang='lat' dir='ltr'><strong>jam</strong></span> <span class='ocrx_word' id='word_1_857' title='bbox 2813 5487 3012 5544; x_wconf 75' lang='lat' dir='ltr'><strong>usitata</strong></span> <span class='ocrx_word' id='word_1_858' title='bbox 3035 5489 3181 5545; x_wconf 80' lang='lat' dir='ltr'><strong>sunt,</strong></span> <span class='ocrx_word' id='word_1_859' title='bbox 3207 5489 3258 5533; x_wconf 82' lang='lat' dir='ltr'><strong>et</strong></span> <span class='ocrx_word' id='word_1_860' title='bbox 3285 5481 3396 5549; x_wconf 79' lang='lat' dir='ltr'><strong>ipsa</strong></span> <span class='ocrx_word' id='word_1_861' title='bbox 3421 5498 3558 5540; x_wconf 88' lang='lat' dir='ltr'><strong>con-</strong></span> 
     </span>
    </p>
   </div>
   <div class='ocr_carea' id='block_1_119' title="bbox 1982 5566 3554 5637">
    <p class='ocr_par' dir='ltr' id='par_1_119' title="bbox 1982 5566 3554 5637">
     <span class='ocr_line' id='line_1_119' title="bbox 1982 5566 3554 5637; baseline 0.007 -15"><span class='ocrx_word' id='word_1_862' title='bbox 1982 5566 2266 5622; x_wconf 83' lang='lat' dir='ltr'><strong>suetudine</strong></span> <span class='ocrx_word' id='word_1_863' title='bbox 2295 5566 2492 5620; x_wconf 81' lang='lat' dir='ltr'><strong>leviora</strong></span> <span class='ocrx_word' id='word_1_864' title='bbox 2519 5574 2798 5635; x_wconf 83' lang='lat' dir='ltr'><strong>putantur;</strong></span> <span class='ocrx_word' id='word_1_865' title='bbox 2821 5583 2941 5637; x_wconf 82' lang='lat' dir='ltr'><strong>qua:</strong></span> <span class='ocrx_word' id='word_1_866' title='bbox 2971 5571 3040 5624; x_wconf 87' lang='lat' dir='ltr'><strong>sit</strong></span> <span class='ocrx_word' id='word_1_867' title='bbox 3059 5570 3150 5624; x_wconf 84' lang='lat' dir='ltr'><strong>illa</strong></span> <span class='ocrx_word' id='word_1_868' title='bbox 3166 5571 3472 5630; x_wconf 82' lang='lat' dir='ltr'><strong>sollicitudo</strong></span> <span class='ocrx_word' id='word_1_869' title='bbox 3499 5577 3554 5634; x_wconf 90' lang='lat' dir='ltr'><strong>in</strong></span> 
     </span>
    </p>
   </div>
   <div class='ocr_carea' id='block_1_120' title="bbox 1980 5658 3554 5736">
    <p class='ocr_par' dir='ltr' id='par_1_120' title="bbox 1980 5658 3554 5736">
     <span class='ocr_line' id='line_1_120' title="bbox 1980 5658 3554 5736; baseline 0.006 -24"><span class='ocrx_word' id='word_1_870' title='bbox 1980 5658 2434 5727; x_wconf 83' lang='lat' dir='ltr'><strong>consequentibus</strong></span> <span class='ocrx_word' id='word_1_871' title='bbox 2455 5659 2713 5721; x_wconf 87' lang='lat' dir='ltr'><strong>ostendit,</strong></span> <span class='ocrx_word' id='word_1_872' title='bbox 2738 5661 2924 5716; x_wconf 80' lang='lat' dir='ltr'><strong>dicens</strong></span> <span class='ocrx_word' id='word_1_873' title='bbox 2951 5679 2962 5716; x_wconf 96' lang='lat'><strong>:</strong></span> <span class='ocrx_word' id='word_1_874' title='bbox 2991 5659 3121 5728; x_wconf 65' lang='lat' dir='ltr'><strong>Qui;</strong></span> <span class='ocrx_word' id='word_1_875' title='bbox 3145 5663 3471 5736; x_wconf 76' lang='lat' dir='ltr'><strong>inﬁrmatur,</strong></span> <span class='ocrx_word' id='word_1_876' title='bbox 3502 5676 3554 5722; x_wconf 79' lang='lat' dir='ltr'><strong>ct</strong></span> 
     </span>
    </p>
   </div>
   <div class='ocr_carea' id='block_1_121' title="bbox 1979 5747 2856 5822">
    <p class='ocr_par' dir='ltr' id='par_1_121' title="bbox 1979 5747 2856 5822">
     <span class='ocr_line' id='line_1_121' title="bbox 1979 5747 2856 5822; baseline 0.002 -19"><span class='ocrx_word' id='word_1_877' title='bbox 1979 5767 2068 5822; x_wconf 76' lang='lat' dir='ltr'><strong>ego</strong></span> <span class='ocrx_word' id='word_1_878' title='bbox 2099 5766 2201 5803; x_wconf 77' lang='lat' dir='ltr'><strong>non</strong></span> <span class='ocrx_word' id='word_1_879' title='bbox 2233 5750 2323 5802; x_wconf 69' lang='lat' dir='ltr'><strong>inti</strong></span> <span class='ocrx_word' id='word_1_880' title='bbox 2357 5747 2574 5818; x_wconf 70' lang='lat' dir='ltr'><strong>nt:r(ll</strong></span> <span class='ocrx_word' id='word_1_881' title='bbox 2607 5747 2727 5802; x_wconf 85' lang='lat' dir='ltr'><strong>Cor.</strong></span> <span class='ocrx_word' id='word_1_882' title='bbox 2750 5753 2856 5822; x_wconf 77' lang='lat' dir='ltr'><strong>x1)?</strong></span> 
     </span>
    </p>
   </div>
   <div class='ocr_carea' id='block_1_122' title="bbox 3099 5818 3256 5898">
    <p class='ocr_par' dir='ltr' id='par_1_122' title="bbox 3099 5818 3256 5898">
     <span class='ocr_line' id='line_1_122' title="bbox 3099 5818 3256 5898; baseline 0.006 -49"><span class='ocrx_word' id='word_1_883' title='bbox 3099 5838 3141 5898; x_wconf 37' lang='grc' dir='ltr'><strong>ὁ</strong></span> <span class='ocrx_word' id='word_1_884' title='bbox 3233 5818 3256 5850; x_wconf 82' lang='lat'><strong>.</strong></span> 
     </span>
    </p>
   </div>
  </div>
