3946 6492
444 327 545 381 107

1707 322 2061 380 SMARAGDI
2098 324 2392 378 ABBATIS

3579 329 3678 384 108

509 441 792 515 (Exloan.
817 440 1027 512 Chrys.)
1053 440 1256 496 Deinde
1289 438 1451 496 infert
1475 438 1620 493 aliud
1643 437 1852 493 facinus
1871 451 2006 508 [ιι-ω·
2032 433 2401 501 Aconfusos,
2463 433 2556 488 sed
2607 433 2812 488 ratione
2865 433 3094 500 quadam
3164 432 3352 488 ordine
3408 449 3505 489 suo
3567 437 3678 493 dis-

439 534 668 602 clarum,
693 543 747 589 et
771 534 828 588 in
855 535 959 589 hoc
984 547 1173 588 rursus
1192 533 1314 603 plus
1331 531 1598 602 passionis
1623 530 1824 601 aliquid
1852 531 2005 584 inve-

437 625 650 693 nimus,
704 624 958 695 quoniam
1015 623 1188 694 ipsius
1237 621 1334 678 fati
1373 621 1717 692 magniﬁcum
1761 621 1946 675 dicens
1990 637 2004 673 :

435 715 742 772 Concursus
766 717 874 770 mei
910 712 1240 783 quotidiani,
1271 710 1872 782 easque'superveniret
1900 709 2008 765 fre-

435 820 662 883 quentes
705 809 962 866 videlicet
1018 807 1478 863 conturbationes.
1537 804 1853 860 Sollicitudo
1901 819 2008 856 om-

433 905 580 958 nium
632 901 1010 956 Ecclesiaruut.
1040 898 1158 954 Non
1187 897 1351 962 dixit,
1403 897 1665 952 correctio
1683 938 1698 963 ,
1729 895 1856 966 quia
1885 894 2006 964 plus

434 995 594 1051 habet
617 995 684 1051 de
716 993 964 1062 passione
988 1006 1151 1061 quam
1177 989 1245 1044 de
1261 991 1480 1043 virtute.
1512 987 1646 1054 Quis
1673 985 2000 1051 inﬁrmatur,

429 1094 486 1140 et
509 1100 615 1141 non
639 1086 778 1156 ego?
815 1083 928 1138 Non
956 1083 1092 1138 dixit
1137 1081 1352 1151 corrigo
1376 1121 1392 1144 ,
1429 1080 1523 1134 sed
1570 1078 1835 1146 inﬁnnor.
1870 1075 2002 1141 Quis

429 1174 862 1238 scandalizatur,
906 1183 955 1226 et
1003 1189 1095 1242 ego
1143 1188 1246 1225 non
1285 1169 1452 1224 uror?
1487 1169 1539 1223 id
1569 1174 1688 1229 est,
1729 1165 2001 1235 particeps

429 1284 549 1322 sum
605 1267 856 1321 mmroris
903 1263 1146 1318 eﬂ’ectus.
1194 1261 1251 1317 Si
1306 1262 1489 1330 itaque
1551 1256 1831 1328 passiones
1885 1269 2001 1308 ma-

427 1372 559 1427 gnas
608 1356 808 1410 habent
859 1353 1136 1408 mercedes
1164 1393 1181 1418 ,
1239 1350 1491 1406 omnibus
1545 1348 1598 1402 in
1653 1345 1998 1416 passionibus

426 1447 580 1518 pejus
629 1454 686 1501 et
740 1443 1100 1515 perniciosius
1151 1449 1238 1498 est
1295 1439 1463 1494 animi
1526 1437 1769 1493 defectus
1833 1444 1996 1504 atque

427 1535 673 1591 tristitia.

493 1626 553 1682 Si
564 1625 784 1698 gloriari
803 1632 1019 1696 oportet.
1041 1621 1102 1678 Si
1118 1621 1558 1692 voluntgloriari,
1579 1621 1632 1676 in
1651 1619 1741 1677 his
1752 1619 1994 1690 glorien-

423 1724 533 1782 tur,
559 1716 616 1770 in
646 1714 845 1786 quibus
863 1729 985 1786 ego,
1010 1711 1140 1768 licet
1165 1719 1413 1778 coactus;
1458 1712 1552 1767 sed
1579 1711 1706 1782 quia
1737 1711 1854 1766 haec
1880 1725 1989 1764 neu

421 1807 640 1872 habent,
667 1806 789 1861 ideo
811 1807 867 1860 in
891 1803 1201 1861 carnalibus
1221 1804 1544 1876 gloriantur.

491 1896 624 1964 Qua
650 1896 976 1967 infirmitatis
1021 1911 1150 1950 mete
1197 1904 1319 1949 sunt
1372 1893 1660 1965 gloriabor.
1708 1891 1836 1948 Haec
1871 1907 1992 1963 qum

427 1993 679 2064 superius
739 1990 876 2046 dixit
897 2029 914 2055 ,
972 1987 1306 2044 inﬁrmitatis
1377 1987 1596 2044 nomine
1650 1987 1990 2058 designavit,

423 2083 569 2153 quod
589 2083 839 2137 humana:
860 2079 1160 2135 inﬁrmitati
1184 2079 1284 2134 ista
1311 2077 1665 2149 praevaleant.

495 2175 671 2242 Deus,
709 2182 759 2230 ct
785 2183 934 2246 pater
967 2172 1182 2228 Domini
1219 2171 1385 2228 nostri
1421 2171 1552 2228 Iesu
1604 2169 1802 2226 Christi
1853 2173 1990 2238 scit,

421 2267 514 2338 qui
549 2275 626 2321 est
662 2265 958 2321 benedictus
1009 2265 1067 2318 in
1114 2261 1312 2318 stecula
1342 2300 1360 2327 ,
1406 2261 1546 2333 quod
1593 2279 1698 2317 non
1746 2263 1986 2318 mentior.

422 2358 558 2412 Rem
599 2357 752 2427 quasi
789 2353 1060 2410 dillicilem
1089 2353 1366 2417 dicturus,
1395 2353 1540 2421 quod
1583 2350 1754 2407 Judaei
1803 2361 1991 2406 contra

422 2463 548 2504 eum
577 2447 741 2510 etiam
770 2445 1008 2518 gentium
1035 2443 1310 2515 principes
1333 2443 1716 2509 concitassent,
1742 2450 1868 2498 ante
1894 2443 1990 2498 Dei

415 2538 787 2596 sectionium
816 2535 1101 2608 immorat,
1137 2549 1206 2591 ne
1240 2549 1382 2590 verte
1406 2534 1510 2590 hoc
1526 2531 1807 2602 iactantiae
1830 2541 1987 2604 puta-

413 2637 588 2696 retur,
611 2629 756 2700 quod
779 2627 1043 2684 adversus
1053 2642 1177 2682 eum
1197 2640 1366 2697 regna
1391 2625 1752 2690 surrexerint,
1772 2633 1827 2680 et
1851 2625 1988 2680 nihil

411 2719 690 2790 potuerint
739 2716 1056 2788 praevalere.
1123 2717 1251 2773 ldeo
1299 2724 1481 2773 autem
1529 2725 1781 2772 numerat
1831 2717 1946 2773 haec
1969 2757 1986 2783 ,

411 2818 474 2866 ut
505 2808 753 2865 ostendat
787 2807 918 2878 quid
941 2807 1153 2864 intersit
1231 2807 1373 2862 inter
1401 2821 1562 2864 veros
1584 2815 1640 2864 et
1664 2806 1831 2864 falsos
1858 2821 1988 2878 apo-

414 2899 602 2956 stolas.

483 2988 728 3044 Damasci
758 2988 1072 3060 prreposiists
1119 2987 1287 3058 gentis
1321 2985 1495 3043 Arcto:
1548 2987 1681 3059 regis
1721 2989 1984 3044 custodie-

408 3079 497 3134 bat
517 3077 776 3133 civitatem
798 3077 1268 3142 Damascenorum,
1296 3085 1351 3132 ut
1393 3093 1474 3131 me
1501 3077 1981 3147 comprehenderet,

411 3180 462 3226 ct
488 3186 582 3240 per
602 3167 886 3240 fenestram
913 3169 968 3224 in
1000 3177 1180 3240 sporta
1205 3168 1464 3224 demissus
1488 3186 1605 3224 sum
1627 3187 1720 3240 per
1749 3187 1978 3238 murum,

405 3270 456 3316 ct
499 3260 576 3314 sic
620 3259 782 3330 cingi
818 3275 1006 3320 manus
1053 3259 1190 3329 ejus.
1242 3259 1573 3330 Praeposin
1620 3261 1795 3332 gentis
1841 3260 1982 3316 illius

403 3359 561 3415 erat,
613 3349 703 3406 cui
758 3349 1021 3420 regnabat
1065 3348 1251 3406 Areta.
1302 3347 1556 3420 Nunquid
1595 3347 1713 3419 jam
1740 3350 1982 3408 dicemus

404 3442 630 3497 Paulum
661 3449 894 3497 mortem
916 3441 1185 3508 timuisse,
1228 3456 1392 3512 quam
1415 3457 1474 3498 se
1498 3457 1598 3512 pro
1640 3439 1768 3499 Iesu
1793 3458 1981 3500 amore

403 3543 637 3593 testatur
672 3536 953 3606 appetere?
983 3533 1078 3590 sed
1102 3548 1228 3589 cum
1255 3533 1310 3590 in
1342 3537 1530 3591 eodem
1566 3535 1687 3594 loco
1715 3537 1980 3592 minorem

403 3628 508 3684 sibi
545 3626 788 3684 fructum
809 3627 1001 3682 adesse
1024 3627 1383 3697 conspiceret,
1396 3638 1451 3682 et
1469 3643 1687 3698 gravem
1716 3628 1979 3694 laborem,

321 3737 330 3745 ·
405 3718 476 3774 ad
500 3717 745 3774 laborem
768 3717 976 3774 sealibi
1020 3732 1150 3774 cum
1177 3716 1358 3774 fructu
1388 3719 1658 3786 servavit,
1699 3715 1856 3776 fortis
1904 3728 1981 3775 et-

395 3809 549 3864 enim
573 3807 844 3878 prtuliator
857 3807 955 3864 Dei
977 3808 1151 3864 teneri
1173 3808 1315 3864 intra
1335 3809 1630 3866 claustrum
1655 3810 1846 3877 noluit,
1863 3825 1980 3866 cer-

405 3900 627 3956 taminis
653 3915 901 3972 campum
923 3903 1191 3972 qumsivit.

472 3991 544 4046 Et
579 3993 627 4046 si
663 3991 885 4064 gloriari
925 4004 1156 4065 oportet,
1187 4011 1292 4050 non
1333 3997 1537 4067 expedit
1586 3997 1822 4069 quidem.
1868 3998 1978 4054 Nec

400 4082 534 4138 mihi
575 4083 794 4153 quidem
817 4084 1035 4154 expedit
1061 4085 1354 4140 secundum
1379 4087 1764 4153 humilitatem,
1793 4088 1888 4142 sed
1917 4096 1978 4141 ut

401 4175 582 4246 aliqua
608 4175 678 4233 de
703 4191 790 4232 me
829 4176 1123 4246 proferam,
1149 4169 1456 4248 supradicta
1485 4179 1808 4238 necessitate
1829 4194 1976 4234 com—

399 4268 589 4340 pellor.

377 4387 380 4390 -
481 4357 700 4414 Veniam
727 4369 906 4415 autem
926 4361 998 4415 ad
1037 4362 1258 4418 visiones
1296 4373 1343 4416 et
1373 4361 1707 4418 revelationes
1739 4361 1969 4417 Domini.

399 4449 474 4504 Ac
502 4450 547 4504 si
570 4449 796 4518 diceret,
825 4451 1168 4509 inﬁrmitates
1190 4469 1324 4509 mea:
1349 4464 1500 4520 sunt,
1527 4455 1764 4513 visiones
1789 4464 1969 4510 autem

397 4555 506 4595 non
533 4548 660 4595 sunt
695 4555 850 4608 tnta,
876 4542 973 4599 sed

466 4631 592 4688 Scio
617 4632 883 4690 hominem
905 4634 965 4689 in
983 4633 1216 4700 Christo,
1235 4643 1357 4690 ante
1367 4651 1533 4690 annos
1545 4635 1963 4705 quatuordecim,

397 4725 502 4780 sine
530 4725 587 4778 in
611 4740 843 4795 corpore,
869 4727 1064 4792 nescio,
1092 4726 1233 4782 Deus
1260 4729 1358 4781 scit
1383 4767 1400 4792 ,
1426 4737 1636 4793 raptum
1663 4727 1968 4796 huiusmodi

395 4829 560 4886 usque
583 4813 654 4870 ad
697 4817 912 4871 tertium
935 4816 1141 4872 calum.
1175 4815 1303 4873 Sive
1331 4817 1400 4872 de
1440 4832 1500 4872 se
1521 4817 1702 4882 dicat,
1721 4827 1778 4873 et
1804 4832 1967 4874 causa

394 4903 738 4974 humilitatis,
772 4907 1025 4977 quaside
1073 4906 1180 4962 alio
1225 4906 1510 4976 loquatur,
1560 4905 1675 4962 sive
1719 4907 1789 4966 de
1827 4907 1965 4974 alio,

393 5000 687 5064 utrumque
707 5003 855 5051 stare
885 5003 1084 5066 potest.

465 5081 701 5142 Sanctus
719 5084 1042 5143 Ambrosius
1076 5085 1130 5144 in
1153 5083 1292 5140 libro
1320 5083 1628 5142 Exameron
1661 5085 1741 5142 sic
1782 5085 1912 5142 dicit
1950 5106 1966 5141 :

395 5172 590 5230 Utrum
615 5191 783 5231 unum
811 5175 886 5231 sit
925 5173 1126 5231 calum
1158 5187 1228 5228 an
1281 5173 1497 5243 plures,
1555 5177 1830 5232 contentio
1861 5185 1966 5234 est.

392 5265 533 5322 Dum
563 5265 654 5322 alii
678 5266 881 5326 multos
929 5280 1051 5321 esse
1099 5272 1376 5328 asserunt,
1409 5265 1498 5320 alii
1551 5276 1729 5322 autem
1766 5278 1968 5338 prater

393 5371 583 5425 unum,
617 5356 753 5414 alios
772 5369 897 5414 esse
927 5363 1143 5426 negent,
1170 5355 1264 5410 sed
1288 5355 1758 5413 inEcclesiasticis
1786 5359 1962 5426 libris,

393 5447 522 5506 ccli
550 5447 814 5505 crebrum
846 5445 1119 5516 leguntur,
1153 5453 1210 5501 et
1235 5445 1522 5518 Apostolus
1562 5465 1731 5520 usque
1762 5449 1828 5504 ad
1857 5458 1966 5505 ter-

394 5541 532 5598 tium
553 5541 752 5598 omltnu
783 5539 955 5595 [tisse
983 5554 1042 5594 se
1078 5538 1327 5611 intelligit
1356 5549 1603 5612 raptum,
1637 5541 1736 5596 sed
1776 5542 1842 5597 dc
1867 5559 1968 5597 nu-

393 5648 550 5690 mero
584 5647 773 5690 eorum
825 5629 961 5686 nihil
1014 5631 1122 5687 sibi
1165 5641 1456 5704 praesumat
1505 5634 1742 5688 humana
1800 5642 1966 5690 teme-

397 5725 534 5781 ritas
557 5763 574 5795 ,
630 5722 757 5779 fecit
813 5730 997 5780 autem
1053 5738 1151 5780 eos.
1208 5723 1349 5779 Deus
1403 5739 1510 5780 non
1573 5723 1830 5779 informes
1881 5725 1964 5781 vel

2112 527 2328 589 tinctos.

2176 617 2309 672 Ante
2329 633 2494 672 annos
2521 615 2936 689 quatuordecim.
2982 615 3197 671 Intuere
3242 626 3442 686 quanta
3497 636 3679 678 ncces-

2106 711 2239 766 sitas
2260 711 2311 766 ei
2338 711 2612 766 incumbat
2633 709 2919 780 loquendi,
2972 720 3032 766 ut
3081 710 3222 780 quod
3271 716 3680 782 quatuordecim

2105 814 2278 856 annos
2327 799 2635 866 celaverat,
2680 801 3024 871 postmodum
3086 802 3317 872 prodere
3366 816 3677 875 cogeretur.

2103 888 2256 956 Quod
2288 889 2483 944 iterum
2514 891 2709 959 repetit
2741 909 2753 942 :
2804 889 2870 944 Et
2912 890 3026 946 scio
3069 890 3331 962 ejusmodi
3363 895 3638 952 hominem
3661 940 3677 963 ,

2102 980 2216 1035 sive
2245 988 2398 1034 extra
2425 995 2641 1052 corpus,
2667 981 2868 1046 nescio,
2891 979 3036 1036 Dens
3060 982 3179 1046 scit,
3213 983 3467 1052 quoniam
3492 996 3679 1056 raptus

2101 1077 2187 1124 est
2218 1069 2270 1122 in
2297 1070 2629 1140 paradisum,
2661 1070 2896 1125 ostendit
2941 1071 3167 1125 alteram
3194 1071 3362 1128 fuisse
3391 1076 3674 1137 visionem.

2101 1175 2221 1230 qua:
2245 1159 2411 1213 etiam
2436 1159 2711 1214 evidenter
2739 1161 3022 1230 apparuit,
3071 1169 3124 1215 et
3160 1178 3282 1217 cum
3335 1180 3563 1236 corpore
3615 1181 3680 1221 se

2099 1249 2350 1303 crederet
2370 1247 2534 1303 fuisse
2560 1249 2901 1304 translatum.

2169 1338 2239 1392 Et
2267 1339 2463 1394 audivit
2493 1357 2690 1394 arcana
2717 1341 2890 1406 verba,
2923 1359 3040 1413 quae
3082 1361 3184 1398 non
3211 1345 3330 1399 licet
3361 1346 3563 1402 homini
3591 1348 3676 1401 Ιο-

2095 1433 2204 1503 qui.
2231 1433 2468 1498 Arcana,
2490 1433 2543 1488 id
2564 1441 2647 1488 est
2663 1433 2995 1500 abscondita,
3019 1452 3138 1506 qum
3163 1438 3290 1492 nulli
3318 1437 3396 1493 fas
3421 1449 3502 1496 est
3529 1443 3677 1496 dicc—

2085 1538 2174 1588 re,
2206 1525 2318 1579 sive
2345 1538 2466 1594 qua:
2485 1524 2819 1594 impossibile
2839 1533 2943 1593 est,
2975 1527 3266 1582 humanam
3294 1546 3552 1586 enarrare
3578 1548 3674 1585 tta-

2090 1621 2286 1668 turam.

2165 1703 2272 1758 Pro
2300 1704 2558 1775 ejusmodi
2577 1705 2861 1776 gloriabor,
2890 1724 2984 1778 pro
3009 1724 3090 1763 me
3114 1717 3286 1762 autem
3310 1710 3440 1764 nihil
3469 1711 3673 1781 gloria-

2019 1777 2066 1837 Β
2095 1795 2188 1851 bar
2213 1837 2226 1862 ,
2263 1797 2365 1850 nisi
2403 1799 2459 1851 in
2499 1777 2898 1867 inﬁrmitatibus
2927 1800 3074 1855 meis.
3109 1799 3235 1856 Sive
3263 1817 3363 1872 pro
3405 1777 3672 1871 ejusmodi

2093 1890 2324 1956 visione,
2350 1905 2449 1960 pro
2481 1906 2570 1946 me
2597 1900 2774 1946 autem
2804 1893 2958 1957 nihil,
2993 1893 3105 1947 sive
3126 1909 3225 1962 pro
3263 1910 3379 1948 mea
3422 1895 3625 1949 virtute
3651 1936 3668 1958 ,

2094 1983 2222 2056 quia
2253 1999 2359 2046 non
2387 1992 2470 2039 est
2497 2000 2636 2049 mea,
2669 1985 2762 2040 sed
2785 1986 2996 2040 Domini
3025 1985 3301 2051 rcv'elatio,
3325 1994 3381 2040 et
3408 1987 3529 2042 ideo
3559 2002 3672 2040 non

2093 2077 2246 2144 mihi,
2275 2077 2370 2133 sed
2397 2077 2514 2140 Deo
2532 2077 2756 2148 gloriam
2785 2079 2924 2134 dabo
2946 2121 2960 2145 ,
2993 2078 3044 2133 in
3082 2078 3486 2135 inﬁrmitatibus
3508 2081 3670 2145 meis,

2095 2167 2146 2222 id
2169 2177 2268 2234 est,
2304 2169 2356 2223 in
2389 2169 2828 2225 tribulationibus
2857 2187 2992 2242 quas
3030 2186 3128 2241 pro
3151 2170 3369 2226 Christo
3397 2171 3671 2236 sustineo,

2093 2269 2148 2315 et
2199 2261 2320 2315 idco
2373 2260 2566 2326 labor,
2627 2261 2717 2332 qui
2769 2257 3145 2320 alllictionibus
3198 2261 3385 2333 plenus
3435 2270 3537 2328 est,
3572 2262 3674 2316 ha-

2092 2353 2220 2408 bere
2255 2362 2431 2423 potest
2468 2355 2894 2410 consolationem
2917 2396 2931 2420 ,
2972 2355 3173 2410 habere
3210 2369 3316 2410 non
3354 2361 3532 2426 potest
3570 2369 3672 2408 va-

2091 2447 2338 2502 nitatem.

2166 2537 2306 2591 Nam
2357 2546 2404 2592 et
2443 2539 2488 2592 si
2535 2534 2744 2592 voluero
2797 2533 3051 2606 gloriari,
3106 2551 3207 2588 non
3243 2549 3330 2587 ero
3390 2533 3664 2602 insipiens.

2085 2624 2352 2698 lnsipiens
2386 2627 2678 2697 reperitur,
2707 2624 2798 2694 qui
2846 2631 3054 2678 remota
3107 2623 3290 2677 cordis
3335 2621 3668 2685 humilitate,

2088 2717 2174 2772 vel
2212 2717 2277 2773 de
2313 2714 2450 2772 falsa
2479 2757 2494 2783 ,
2538 2715 2626 2770 vel
2664 2715 2831 2770 etiam
2871 2713 2939 2769 de
2987 2728 3115 2768 vera
3165 2711 3267 2767 sibi
3315 2710 3474 2766 laude
3514 2709 3671 2766 blan-

2087 2791 2250 2864 ditur.

2169 2896 2448 2954 Veritatem
2477 2898 2610 2953 enim
2638 2897 2808 2952 dicam
2827 2937 2842 2961 ,
2864 2912 3078 2967 parcam
3117 2905 3291 2950 autem
3318 2935 3336 2961 ,
3363 2911 3425 2948 ne
3443 2895 3559 2965 quis
3577 2911 3668 2948 me

2086 2989 2340 3046 existimet
2367 3007 2526 3061 supra
2565 2989 2620 3042 id
2667 2988 2806 3059 quod
2835 2987 2967 3041 ridet
3012 3003 3112 3041 me.
3158 2986 3294 3041 Sunt
3325 2995 3380 3040 et
3425 2985 3665 3052 occulta,

2087 3098 2207 3152 qua:
2231 3082 2432 3152 possim
2454 3082 2507 3136 in
2536 3082 2765 3135 veritate
2795 3079 3040 3149 proferre
3059 3120 3074 3145 ,
3111 3079 3203 3133 sed
3235 3093 3396 3148 parco
3421 3119 3435 3142 ,
3474 3077 3524 3132 id
3551 3087 3663 3144 est,

2083 3189 2190 3229 non
2221 3170 2676 3238 lacio,sulliciunt
2724 3169 3042 3235 manifesta,
3092 3171 3257 3223 etiam
3313 3170 3357 3224 si
3416 3169 3670 3223 celentur

2082 3265 2415 3323 abscondita.
2447 3263 2523 3318 De
2549 3263 2636 3320 his
2686 3278 2772 3318 me
2801 3272 3008 3318 tantum
3035 3263 3264 3316 mstimet
3288 3263 3669 3332 unusquisque

2081 3371 2200 3427 qua:
2223 3356 2365 3411 videt
2393 3354 2447 3410 in
2476 3369 2581 3419 me,
2618 3363 2709 3409 aut
2734 3355 2936 3409 audivit
2963 3371 3027 3408 ex
3056 3371 3161 3409 me.

2153 3445 2221 3501 Et
2251 3463 2314 3500 ne
2342 3445 2646 3518 magn'tudo
2680 3445 3049 3500 reuelationem
3079 3444 3294 3499 extollat
3324 3462 3404 3499 me
3429 3487 3444 3510 ,
3493 3446 3656 3501 datus

2079 3546 2154 3592 est
2193 3537 2320 3592 mihi
2347 3535 2592 3591 stimulus
2617 3536 2790 3589 carnis
2815 3553 2964 3600 metr,
2999 3535 3217 3606 angelus
3248 3534 3484 3589 Satanan
3515 3535 3653 3591 Cclo

2079 3628 2296 3698 quidem
2360 3627 2742 3692 revelationes,
2775 3628 2870 3681 sed
2925 3642 2994 3681 ne
3053 3641 3140 3681 me
3177 3626 3262 3681 vel
3322 3627 3375 3680 in
3441 3636 3661 3681 secreto

2078 3720 2259 3776 cordis
2307 3720 2589 3787 extollant,
2613 3719 2934 3774 necessaria:
2957 3728 3083 3774 sunt
3110 3719 3244 3774 milii
3274 3719 3655 3788 contritiones,

2078 3827 2198 3883 quze
2221 3827 2307 3868 me
2325 3813 2600 3868 hominem
2635 3827 2755 3868 esse
2781 3821 3224 3869 commemorent.

2151 3903 2219 3958 Ut
2261 3921 2342 3958 me
2373 3905 2749 3975 colaphizaret.
2785 3903 3170 3975 Colaphizabat
3217 3922 3337 3960 eum
3395 3904 3652 3974 Satanas,

2077 3993 2454 4049 tribulationes
2477 4003 2531 4049 et
2553 3995 2792 4066 pericula
2819 3995 3148 4059 suscitando,
3180 4003 3273 4049 aut
3308 3996 3654 4052 incommoda

2075 4085 2322 4155 corporis
2340 4083 2642 4140 inferendo.
2671 4085 2898 4154 Quidam
2923 4086 3067 4142 enim
3095 4087 3283 4141 dicunt
3312 4102 3435 4141 eum
3464 4087 3655 4144 dolore

2075 4178 2268 4248 capitis
2291 4177 2592 4234 laborasse.

2145 4267 2371 4340 Propter
2401 4269 2543 4341 quod
2569 4279 2648 4324 ter
2676 4268 2960 4324 Dominum
2984 4269 3190 4340 rogari,
3223 4280 3279 4323 ut
3305 4269 3594 4323 discedere:
3615 4283 3651 4324 ‘a

2075 4377 2175 4427 me,
2199 4371 2246 4416 et
2267 4360 2399 4415 dixit
2415 4361 2541 4414 mihi
2571 4378 2588 4414 :
2613 4359 2812 4431 Sufficit
2831 4361 2922 4414 tibi
2947 4363 3117 4432 gratia
3145 4379 3279 4415 mea.
3301 4361 3658 4418 Advenimus

2072 4449 2234 4505 etiam
2283 4458 2500 4505 sanctos
2529 4451 2798 4504 interdum
2842 4453 3174 4506 contrarium
3216 4451 3417 4522 aliquid
3456 4461 3652 4522 postu-

2072 4537 2234 4592 lasse.
2265 4535 2436 4593 Simul
2461 4539 2746 4605 discimus,
2787 4541 2911 4609 quia
2965 4542 3270 4610 importuna
3299 4541 3503 4612 petitio,
3561 4543 3654 4596 vel

2073 4643 2395 4699 responsum
2423 4639 2717 4696 mereatur,
2767 4631 2812 4685 si
2846 4647 2950 4686 non
2981 4632 3206 4686 sortitur
3251 4631 3498 4687 eﬁ'ectum
3524 4673 3538 4696 ,
3592 4643 3649 4688 et

2072 4720 2289 4778 Domini
2323 4723 2651 4795 dispensatio
2675 4724 2777 4778 hoc
2808 4724 2981 4795 ipsum
3002 4765 3017 4792 ,
3048 4724 3190 4793 quod
3216 4724 3506 4795 aliquando
3535 4742 3652 4781 non

2070 4823 2321 4885 praestat,
2363 4815 2677 4886 intelligitur
2714 4816 3048 4888 praestitisse.
3100 4815 3306 4872 Sumcit
3333 4817 3429 4871 tibi
3469 4819 3651 4888 gratia

2073 4919 2225 4972 mea,
2257 4906 2310 4960 id
2330 4913 2451 4972 est,
2478 4907 2523 4962 si
2555 4923 2719 4979 quam
2749 4906 2939 4974 habes,
2968 4905 3080 4962 sive
3120 4922 3282 4976 quam
3330 4907 3650 4978 quotidiana

2070 4997 2319 5068 largitate
2348 4997 2444 5052 tibi
2469 5013 2699 5068 suggero
2733 5014 2796 5053 ac
2818 4998 3190 5053 subministro.

2146 5089 2286 5144 Nam
2314 5091 2475 5145 uirtus
2495 5091 2550 5144 in
2570 5090 2877 5159 inﬁrmitate
2889 5089 3178 5160 perﬁcitur.
3213 5089 3367 5146 Sicut
3383 5090 3436 5145 in
3453 5100 3652 5147 sancto

2069 5179 2190 5246 Job,
2211 5180 2296 5235 vel
2315 5180 2592 5235 Eleazaro.
2615 5180 2671 5234 ln
2695 5181 3004 5235 sustinenda
3029 5179 3337 5237 inﬁrmitate
3356 5195 3642 5251 corporea,

2068 5274 2242 5329 virtus
2262 5274 2428 5330 animi
2453 5274 2874 5340 demonstratur,
2904 5289 3024 5345 qua:
3047 5283 3308 5332 tentatum
3332 5276 3524 5348 probat
3549 5315 3566 5342 ,
3589 5286 3647 5334 et

2072 5364 2416 5419 commendat
2454 5366 2761 5435 probatum.

2144 5454 2388 5510 Libenter
2412 5455 2678 5525 gloriabor
2706 5457 2760 5510 in
2789 5456 3182 5525 inﬁrmitatibus
3209 5457 3357 5510 meis.
3389 5455 3648 5512 Libenter

2071 5545 2257 5613 utique
2300 5553 2584 5614 postquam
2619 5547 2876 5615 prodesse
2958 5545 3398 5618 cognovit,quod
3448 5561 3648 5602 nocere

2073 5633 2325 5688 credebat
2341 5678 2349 5686 .

2148 5722 2214 5779 Ut
2240 5723 2487 5779 inhabitet
2533 5727 2586 5780 in
2616 5743 2694 5780 me
2724 5729 2885 5782 virtus
2914 5726 3132 5783 Christi.
3161 5727 3384 5797 Quando
3413 5728 3478 5784 dc
3515 5727 3648 5783 am
