3946 6436
335 310 439 366 ὶῦθ

1166 305 1683 366 COLLECTIONES
1720 305 1788 362 IN
1826 305 2202 362 EPISTOLAS
2239 306 2327 362 ET
2366 307 2785 364 EVANGELIA.

3487 310 3590 364 “0

337 420 609 480 ctionibus
633 430 943 477 sanctorum
971 421 1216 477 laborum
1244 423 1440 478 crescit
1475 422 1654 476 cordis
1690 420 1907 476 bumili-
1943 422 1990 481 Α
2015 417 2343 483 arefactum,
2377 434 2444 474 ne
2473 422 2621 475 verbi
2655 436 2838 476 semen
2878 423 3152 492 εκείνη-οι
3193 436 3258 478 ac
3285 424 3593 493 germinare

340 525 444 580 tas,
471 523 526 569 et
545 529 671 584 spes
692 511 886 568 futurze
903 514 1277 569 retributionis
1292 513 1840 575 confortatanimnm,
1866 522 1920 566 et

340 603 576 658 animam
598 602 804 658 Christi
834 603 1009 681 virtus
1035 604 1320 659 inhabitat.

691 709 1030 751 EVANGELIUII
1061 711 1236 760 ιυωε,
1264 711 1383 750 CAP.
1418 711 1535 750 VIII.

417 802 438 837 ς
481 783 618 840 Cum
645 785 1059 856 turbaplurima
1080 787 1416 852 conveniret,
1437 795 1494 842 et
1521 787 1588 841 de
1612 787 1922 841 civitatibus

349 894 371 929 ι
414 884 774 948 properarent
823 876 893 932 ad
938 874 1152 942 Iesum,
1184 876 1441 946 dixitper
1467 876 1875 932 similitudinem
1905 894 1918 929 :

351 986 371 1021 ι
415 966 564 1023 Exiit
581 967 673 1037 qui
701 966 934 1022 seminat
949 967 1222 1023 seminare
1245 981 1428 1023 semen
1464 982 1644 1022 suum.
1685 966 1754 1021 Et
1794 965 1924 1021 dum

352 1077 373 1113 ι
416 1060 688 1125 seminat,
728 1058 876 1114 aliud
919 1059 1118 1114 cecidit
1160 1073 1319 1114 secus
1354 1059 1534 1122 viam,
1559 1067 1615 1113 et
1637 1057 1924 1113 maculos-

349 1170 373 1204 ε
418 1159 533 1207 tum
564 1158 680 1217 est,
706 1159 764 1207 et
788 1150 1035 1207 volucres
1074 1151 1198 1206 cmli
1250 1151 1604 1206 comederunt
1651 1149 1798 1205 illud.
1859 1147 1926 1202 Et

353 1261 374 1296 ‹
417 1243 564 1298 aliud
587 1242 784 1298 cecidit
808 1256 969 1312 supra
999 1249 1244 1312 petram,
1281 1249 1338 1296 et
1364 1248 1550 1295 natum
1581 1239 1758 1304 aruit,
1797 1238 1923 1308 quia

353 1354 374 1387 ι
418 1350 525 1390 non
551 1335 786 1389 habebat
814 1333 1118 1388 humorem.
1157 1331 1223 1388 Et
1253 1331 1406 1386 aliud
1428 1330 1626 1388 cecidit
1657 1331 1796 1385 inter
1814 1329 1925 1399 spi-

355 1445 374 1479 ι
420 1442 538 1492 nas,
567 1434 623 1481 et
651 1426 810 1482 simul
831 1434 1031 1482 exorta:
1053 1425 1223 1496 spinae
1245 1424 1645 1480 sulfucaverunt
1673 1422 1824 1477 illud.
1858 1422 1927 1476 Et

357 1537 377 1570 ι
421 1519 566 1574 aliud
596 1519 792 1574 cecidit
841 1518 894 1572 in
953 1527 1150 1574 terram
1181 1519 1403 1582 bonam,
1453 1527 1510 1572 et
1559 1523 1738 1572 ortum
1799 1515 1927 1572 fecit

353 1627 376 1660 ‹
422 1609 654 1664 fructum
704 1608 1033 1678 centuplum.
1089 1608 1218 1665 Haec
1261 1609 1448 1664 dicens
1482 1607 1790 1663 clamabat:
1820 1606 1922 1675 Qui

354 1720 376 1753 ι
421 1702 583 1757 habet
605 1717 769 1758 aures
807 1701 1058 1758 audiendi
1079 1702 1284 1758 audiat.
1307 1702 1418 1757 [nte
1427 1704 1723 1773 rrogabant
1744 1713 1924 1757 autem

2019 509 2458 581 suﬁieiat.Atque
2477 512 2597 566 ideo
2620 513 2879 582 quidquid
2895 513 3019 568 boni
3043 512 3266 568 seminis
3285 513 3461 570 vicina
3477 514 3596 569 talis

2019 601 2120 654 viae
2141 603 2434 672 contingit,
2468 604 2704 673 pessime
2725 604 3068 676 cogitationis
3101 611 3282 660 meatu
3315 606 3598 662 conculca-

2021 700 2134 747 tum
2171 707 2201 746 a
2245 693 2582 749 damonibus
2624 695 2874 766 eripitur,
2902 696 2992 764 qui
3021 696 3268 752 volucres
3306 698 3452 762 oculi,
3481 699 3600 754 sive

2021 782 2147 851 quia
2176 783 2413 839 cmlestis
2441 785 2812 856 spiritalisque
2841 794 2967 841 sunt
2989 795 3216 854 naturae,
3235 801 3330 843 seu
3350 789 3478 858 quia
3502 805 3604 861 per

2022 886 2150 926 aera
2177 873 2401 928 volitant
2416 913 2432 936 ,
2463 874 2826 945 appellantur.

2094 961 2165 1016 Et
2198 962 2347 1018 aliud
2369 963 2555 1018 cecidit
2575 982 2737 1036 supra
2763 975 2965 1036 petrasti
2984 975 3033 1020 et
3057 975 3241 1022 natant
3268 966 3442 1035 aruit,
3475 969 3601 1041 quia

2023 1068 2128 1106 non
2141 1053 2362 1108 habebat
2387 1055 2683 1109 humorem.
2706 1055 2926 1111 Petram
2944 1056 3075 1111 dicit
3098 1057 3292 1111 durum
3308 1059 3606 1114 etindomi-

2025 1151 2141 1196 tum
2195 1158 2313 1209 cor,
2346 1160 2412 1200 ac
2457 1145 2608 1200 nullo
2632 1159 2776 1201 verae
2815 1146 2941 1201 ﬁdei
2980 1160 3200 1202 vomere
3226 1157 3566 1218 penetratum
3587 1189 3602 1213 ,

2026 1235 2130 1290 hoc
2143 1244 2248 1301 est,
2279 1237 2477 1292 humor
2495 1239 2563 1292 ad
2580 1238 2818 1294 radicem
2844 1238 3091 1304 seminis,
3110 1241 3253 1309 quod
3263 1238 3418 1308 juxta
3441 1238 3605 1293 aliam

2025 1327 2339 1396 paraboiam
2357 1328 2535 1384 oleum
2564 1330 2633 1383 ad
2665 1329 2940 1399 lampades
2966 1331 3236 1401 virginum
3263 1331 3604 1397 nutriendas,

2028 1418 2081 1472 id
2105 1427 2208 1485 est,
2235 1435 2388 1474 amor
2413 1429 2467 1475 et
2493 1421 2904 1490 perseverantia
2935 1421 3170 1475 virtutis.

2098 1508 2168 1562 Et
2195 1510 2345 1564 aliud
2363 1512 2551 1566 cecidit
2579 1512 2634 1565 in
2660 1522 2854 1565 terram
2901 1511 3112 1577 bonam,
3153 1522 3202 1567 et
3246 1523 3438 1577 ortum,
3485 1515 3605 1584 fec't

2024 1601 2260 1680 fructum
2283 1601 2604 1674 centuplum.
2656 1602 2912 1657 Fructum
2963 1603 3272 1673 centuplum
3313 1605 3445 1660 dicit
3492 1606 3606 1660 fru-

2026 1710 2174 1758 ctum
2221 1697 2546 1769 perl’ectum,
2597 1712 2721 1750 nam
2759 1696 3013 1751 denarius
3045 1711 3305 1752 numerus
3342 1712 3442 1766 pro
3485 1713 3610 1768 per-

356 1811 377 1844 t
422 1808 546 1854 eum
601 1792 850 1864 discipuli
894 1793 1012 1864 ejus
1034 1834 1052 1858 ,
1093 1808 1214 1864 qua:
1258 1801 1412 1849 esset
1455 1766 1572 1848 huic
1622 1793 1922 1863 parabola?
1953 1766 2000 1826 Β
2032 1766 2264 1846 lectione
2287 1801 2504 1857 semper
2543 1787 2828 1856 accipitur,
2864 1787 2991 1856 quia
3028 1787 3082 1841 in
3108 1787 3295 1842 decem
3321 1766 3608 1859 prmceptis

357 1902 378 1936 ι
422 1883 627 1952 Quibus
654 1883 769 1953 ipse
791 1883 928 1938 dixit
959 1899 974 1937 :
1001 1881 1164 1937 Vobis
1195 1883 1379 1938 datum
1408 1889 1490 1937 est
1536 1895 1697 1936 nosse
1728 1890 1930 1953 myste-

359 1993 379 2026 ι
423 1975 562 2030 rium
593 1974 745 2046 regni
770 1973 895 2039 Dei,
924 1971 1136 2030 caeteris
1177 1980 1361 2028 autem
1415 1973 1472 2027 in
1517 1973 1820 2042 parabolis,
1871 1981 1932 2030 ut

357 2084 378 2119 ι
421 2066 664 2122 videntes
691 2081 798 2122 non
821 2065 1059 2130 videant,
1086 2073 1142 2122 et
1161 2066 1443 2120 audientes
1473 2080 1584 2126 non
1608 2065 1926 2136 intelligant.

359 2175 378 2210 ι
423 2156 519 2213 Est
547 2165 727 2212 autem
753 2157 869 2213 htec
902 2156 1199 2227 parabola:
1229 2156 1428 2211 Semen
1458 2164 1544 2211 est
1563 2157 1789 2211 verbum
1813 2156 1928 2210 Dei.

358 2265 378 2298 ‹
423 2247 526 2316 Qui
575 2254 756 2302 autem
811 2262 967 2304 secus
1015 2247 1197 2312 viam,
1237 2247 1292 2302 hi
1343 2255 1470 2301 sunt
1515 2248 1608 2317 qui
1663 2247 1928 2313 audiunt,

361 2356 380 2389 ι
424 2338 617 2394 deinde
639 2338 785 2394 venit
812 2339 1058 2396 diabolus
1081 2379 1100 2404 ,
1151 2347 1208 2395 et
1244 2337 1383 2394 tollit
1411 2339 1639 2394 verbum
1668 2339 1735 2394 de
1765 2338 1932 2394 corde

356 2448 378 2481 ι
423 2445 633 2496 eorum,
658 2445 727 2486 ne
755 2431 1041 2488 credentes
1067 2431 1202 2487 salvi
1245 2431 1397 2487 ﬁant.
1449 2430 1585 2486 Nam
1633 2432 1726 2502 qui
1766 2445 1930 2502 supra

357 2537 378 2571 ‹
423 2528 660 2590 petram,
690 2520 783 2590 qui
827 2536 951 2577 eum
994 2522 1299 2588 audierint,
1350 2537 1479 2578 cum
1527 2522 1725 2591 gaudio
1759 2523 1932 2576 susci-

359 2629 380 2662 σ
422 2611 576 2682 piunt
602 2611 843 2678 verbum,
876 2619 932 2668 et
974 2613 1032 2667 lii
1063 2613 1274 2669 radices
1301 2628 1410 2669 non
1439 2613 1676 2678 habent,
1705 2615 1832 2684 quia
1861 2614 1931 2669 ad

359 2717 380 2752 ‹
425 2707 637 2771 tempus
674 2701 922 2766 credunt,
951 2709 1006 2756 et
1052 2701 1107 2757 in
1137 2710 1382 2773 tempore
1412 2702 1731 2758 tentationis
1779 2718 1932 2760 rece-

357 2807 380 2841 i
426 2791 578 2846 dunt.
627 2789 780 2857 Quod
817 2801 998 2846 autem
1031 2791 1086 2847 in
1139 2792 1311 2863 spinis
1339 2792 1560 2858 cecidit,
1588 2793 1648 2848 hi
1682 2801 1810 2849 sunt
1836 2794 1932 2866 qui

359 2899 383 2934 e
426 2881 744 2947 audierunt,
785 2890 839 2936 et
863 2897 896 2938 a
917 2883 1368 2941 sollicitudinibus
1384 2893 1442 2940 et
1470 2885 1673 2942 divitiis
1703 2894 1760 2942 et
1782 2887 1932 2943 volu‘

361 2992 382 3025 ι
425 2974 661 3044 ptatibus
697 2973 822 3030 vita:
866 2982 1058 3030 euntes
1105 2974 1443 3031 suﬂ'ocautur
1467 3016 1482 3042 ,
1533 2984 1590 3032 et
1632 2993 1740 3032 non
1787 2978 1932 3036 reie-

358 3081 380 3114 ‹
426 3072 550 3118 runt
585 3062 839 3120 fructum.
889 3065 1042 3132 Quod
1085 3073 1266 3120 autem
1304 3065 1360 3120 in
1425 3067 1628 3124 bonam
1685 3075 1927 3136 terram,

361 3174 380 3206 ι
425 3157 481 3211 hi
529 3165 655 3211 sunt
702 3157 797 3227 qui
852 3157 907 3212 in
958 3158 1122 3216 corde
1166 3159 1309 3214 bono
1355 3167 1412 3214 et
1454 3159 1660 3229 optimo
1710 3161 1932 3216 audien-

360 3267 380 3300 t
419 3257 505 3304 tes
535 3248 760 3305 verbum
790 3250 1060 3314 retinent,
1100 3260 1156 3307 et
1192 3250 1426 3307 fructum
1454 3251 1688 3308 aﬁ'eruat
1720 3254 1772 3308 in
1823 3271 1917 3326 pa-

361 3356 381 3389 s
427 3339 634 3393 tientia.
684 3359 704 3391 ι

425 3426 556 3482 Cum
575 3429 729 3484 turba
742 3427 971 3500 plurima
997 3443 1309 3500 conveniret,
1336 3443 1384 3489 et
1405 3430 1469 3489 de
1490 3436 1787 3491 eimtatibus
1805 3453 1932 3508 pro-

352 3529 594 3589 perarent
623 3520 693 3574 ad
717 3537 869 3588 eunt,
900 3523 1034 3577 dixit
1059 3524 1460 3580 similitudinem
1489 3538 1508 3578 :
1555 3525 1705 3581 Exiit
1728 3529 1820 3598 qui
1851 3545 1934 3583 se-

355 3613 519 3668 minat
545 3614 805 3668 seminare
831 3630 1005 3670 mn
1026 3631 1202 3671 suum.
1242 3615 1315 3670 Et
1344 3617 1470 3672 dum
1497 3619 1754 3684 seminat,
1784 3620 1934 3674 aliud

356 3703 539 3758 cecidit
575 3721 725 3760 secus
757 3705 894 3761 viam
917 3747 932 3771 ,
981 3717 1030 3762 et
1063 3707 1430 3764 eoneuleatum
1466 3720 1574 3777 est,
1612 3725 1660 3766 et
1700 3712 1935 3770 volucres

357 3795 470 3851 cali
485 3797 819 3852 comederunt
839 3797 994 3854 illud.
1018 3799 1171 3856 Hanc
1190 3803 1506 3871 parabolam
1527 3803 1787 3860 Dominus
1814 3807 1935 3862 ideo

355 3903 453 3958 per
472 3889 705 3960 seipsum
733 3905 1005 3962 exponere
1033 3893 1286 3964 dignatus
1309 3903 1413 3961 est,
1441 3905 1502 3952 ut
1522 3897 1749 3970 ﬁgurate
1768 3915 1829 3956 se
1855 3901 1934 3956 lo-

357 3981 449 4050 qui
478 3991 874 4052 tnnotesceret,
925 3999 1220 4056 rerumque
1269 3987 1694 4059 signiﬁcationes
1747 3991 1801 4045 in
1849 3993 1935 4048 bis

356 4074 540 4139 etiam,
572 4089 692 4145 qua
725 4089 826 4145 per
864 4077 1216 4146 semetipsum
1245 4078 1420 4134 noluit
1435 4077 1748 4149 explanare,
1777 4082 1935 4138 doce-

357 4172 441 4220 ret
465 4179 586 4220 esse
610 4167 945 4236 quaerendas.
971 4166 1079 4224 Sed
1116 4169 1244 4240 quia
1286 4185 1504 4235 semen,
1532 4173 1678 4243 quod
1707 4177 1932 4230 verbum

358 4258 450 4314 Dei
476 4259 578 4326 sit,
600 4267 908 4331 terramque
932 4262 1159 4327 variam,
1188 4264 1334 4333 quod
1357 4265 1630 4322 diversum
1655 4283 1754 4324 cor
1782 4271 1934 4326 audi-

360 4357 538 4406 torum
567 4351 859 4422 signiﬁcet,
885 4353 1001 4423 ipse
1024 4353 1282 4411 Dominus
1308 4358 1550 4427 aperuit,
1571 4357 1931 4426 Salvatorem,

2031 1883 2164 1954 legis
2187 1880 2432 1937 custodia
2468 1880 2796 1934 continetur.
2835 1879 3027 1934 Activa
3068 1881 3211 1935 enim
3259 1889 3316 1935 et
3368 1890 3610 1937 contem-

2031 1975 2231 2046 plativa
2257 1973 2369 2027 vita
2416 1971 2576 2027 simul
2624 1970 2680 2025 in
2726 1969 2969 2042 decalogi
3022 1971 3293 2027 mandatis
3320 1971 3608 2042 conjuncta

2033 2076 2139 2132 est,
2171 2065 2297 2136 quia
2327 2065 2380 2119 in
2407 2079 2474 2119 eo
2493 2071 2549 2118 et
2577 2079 2728 2118 amor
2750 2061 2867 2128 Dei,
2896 2072 2954 2117 et
2971 2077 3125 2118 amor
3147 2064 3353 2118 servari
3374 2064 3606 2133 proximi

2027 2159 2266 2230 jubetur.
2294 2155 2462 2211 Amor
2481 2155 2680 2225 quippe
2708 2155 2801 2208 Dei
2834 2154 2900 2208 ad
2931 2154 3404 2224 contemplativam
3424 2157 3610 2220 vitam,

2033 2259 2186 2297 amor
2214 2255 2343 2297 vero
2379 2241 2613 2311 proximi
2652 2241 2887 2308 pertinet
2933 2240 3002 2293 ad
3053 2240 3306 2294 activam.
3350 2239 3612 2297 Denarius

2029 2337 2175 2390 enim
2208 2349 2466 2389 numerus
2489 2347 2584 2404 per
2605 2333 2956 2402 semetipsum
2981 2331 3384 2402 multiplicatus,
3415 2333 3468 2388 in
3485 2350 3614 2389 ecu-

2035 2425 2298 2480 tenarium
2329 2426 2519 2494 surgit.
2543 2424 2694 2480 Unde
2723 2433 2870 2480 recte
2897 2440 2994 2495 per
3020 2426 3389 2480 centenarium
3418 2441 3613 2498 magna

2032 2516 2294 2588 perfectio
2315 2516 2651 2586 designatur,
2678 2515 2819 2570 sicut
2839 2515 2904 2570 de
2932 2514 3023 2570 illo
3045 2514 3136 2586 qui
3154 2531 3248 2570 sua
3262 2531 3360 2586 pro
3383 2515 3612 2570 Domino

2035 2619 2248 2664 terrena
2285 2607 2522 2678 reliquit,
2544 2608 2776 2664 dicitur:
2805 2604 3117 2679 Centuplum
3145 2609 3364 2680 accipiet
3385 2619 3433 2663 et
3450 2610 3610 2663 vitam

2033 2712 2284 2757 (sternam
2310 2701 2589 2773 possidebit
2613 2698 2831 2774 (Matth.
2887 2700 3022 2774 xix).
3055 2701 3190 2770 Quia
3238 2702 3485 2776 quisquis
3518 2718 3617 2774 pro

2035 2791 2128 2846 Dei
2154 2793 2373 2848 nomine
2406 2791 2724 2863 temporalia
2769 2802 2932 2862 atque
2963 2801 3181 2847 terrena
3212 2795 3534 2860 contemnit,
3562 2804 3618 2850 et

2034 2886 2122 2940 hic
2148 2884 2538 2955 perfectionem
2582 2886 2782 2942 mentis
2826 2887 3042 2958 recipit,
3073 2897 3133 2942 ut
3149 2887 3264 2957 jam
3293 2903 3355 2944 ea
3381 2905 3486 2944 non
3518 2907 3616 2959 ap-

2033 2987 2181 3052 petat
2235 2995 2356 3051 qua:
2407 2981 2749 3046 contemnit,
2789 2989 2845 3034 et
2891 2981 2945 3035 in
3004 2982 3251 3052 sequenti
3305 2983 3503 3038 saeculo
3551 2984 3618 3037 ad

2033 3081 2290 3128 aeternam
2344 3071 2468 3126 vitm
2501 3071 2730 3142 gloriam
2767 3071 3036 3140 pervenit.
3093 3071 3263 3126 Terra
3313 3089 3444 3142 ergo
3476 3073 3618 3128 bona

2035 3164 2215 3224 fructu
2274 3166 2526 3236 centuplo
2595 3165 2950 3229 fecundatur,
3011 3165 3227 3236 quando
3287 3181 3384 3221 cor
3445 3167 3619 3224 docile

2033 3263 2292 3317 virtutum
2317 3259 2639 3333 spiritalium
2660 3259 2994 3330 perfectione
3007 3259 3258 3315 donatur.

2105 3355 2236 3411 Haec
2273 3355 2483 3420 dicens,
2517 3353 2780 3408 clamabat
2807 3367 2826 3406 .'
2857 3351 2963 3419 Qui
2984 3352 3137 3408 liabet
3183 3371 3339 3408 aures
3366 3353 3618 3408 audiendi

2033 3448 2237 3502 audiat.
2272 3447 2496 3514 Quoties
2529 3447 2645 3504 haec
2675 3447 3134 3504 admonitiuncula
3159 3447 3246 3503 vel
3284 3447 3338 3502 in
3367 3447 3616 3520 Evange-

2034 3538 2108 3596 lio
2133 3540 2222 3595 vel
2268 3540 2322 3595 in
2349 3540 2673 3612 Apocalypsi
2708 3539 2934 3597 Joaimis
2979 3541 3344 3612 interponitur
3369 3582 3382 3606 ,
3427 3541 3615 3613 mysti-

2033 3646 2156 3686 cum
2181 3646 2304 3688 esse
2329 3631 2472 3702 quod
2488 3631 2589 3688 dici
2599 3640 2706 3699 tur,
2729 3633 3191 3704 quaerendumque
3213 3649 3243 3687 a
3262 3633 3415 3689 nobis
3440 3633 3619 3689 inten-

2037 3723 2145 3778 tius
2173 3723 2502 3779 ostenditur.

2107 3811 2512 3884 Interrogabant
2543 3822 2717 3869 autem
2757 3831 2875 3869 eum
2908 3815 3154 3887 discipuli
3179 3817 3315 3887 ejus,
3343 3833 3462 3887 qua:
3487 3831 3616 3872 esset

2034 3911 2145 3959 Ita-e
2175 3904 2448 3976 parabola.
2479 3903 2652 3960 Nemo
2683 3912 2835 3976 putet
2864 3905 3016 3961 ﬁnita
3045 3922 3169 3962 mox
3185 3908 3439 3978 parabola
3457 3909 3618 3964 disci-

2035 3995 2190 4066 pulos
2216 3997 2334 4052 batc
2363 3997 2728 4069 interrogasse
2761 3996 3126 4061 Salvatorem,
3179 3997 3270 4053 sed
3302 4008 3361 4053 ut
3405 3998 3618 4056 Marcus

2036 4089 2152 4143 ait:
2194 4086 2324 4144 Cum
2354 4097 2484 4144 esset
2528 4087 2839 4159 singularis,
2866 4087 3314 4158 interrogaverunt
3359 4106 3476 4143 eum
3504 4130 3518 4153 ,
3559 4092 3614 4143 hi

2035 4180 2123 4251 qui
2170 4197 2288 4234 cum
2332 4197 2392 4234 eo
2428 4190 2577 4234 erant
2623 4180 2918 4246 duodecim,
2954 4179 3279 4250 parabolam,
3322 4192 3368 4234 et
3407 4182 3612 4235 dicebat

2035 4270 2108 4326 eis
2149 4285 2164 4322 :
2214 4270 2371 4324 Vobis
2409 4270 2592 4324 datum
2619 4279 2710 4325 cst.
2744 4287 2895 4325 nosse
2917 4271 3220 4340 mysterium
3246 4272 3390 4341 regni
3418 4270 3536 4338 Dei,
3563 4285 3620 4328 et

2037 4374 2229 4420 ccctera
2271 4362 2464 4436 (Marc.
2501 4361 2598 4436 tv).

358 4456 518 4510 quem
557 4441 726 4533 nobis
768 4442 1116 4533 quaerendum
1176 4443 1432 4514 reliquit,
1484 4446 1688 4501 nullum
1744 4448 1934 4504 melius
1961 4473 2014 4533 D
2111 4451 2326 4510 Cateris
2342 4463 2516 4508 autem
2537 4454 2592 4508 in
2617 4454 2904 4524 parabolis,
2927 4465 2984 4510 ut
3011 4455 3240 4512 videntes
3262 4474 3362 4513 non
3387 4459 3618 4524 videant,

359 4547 520 4600 quam
555 4531 746 4586 Filium
771 4533 866 4588 Dei
891 4532 1192 4602 intelligere
1216 4549 1522 4604 possumus,
1552 4537 1645 4607 qui
1680 4539 1828 4593 exiit
1853 4554 1936 4594 sc-

359 4623 568 4680 minare
601 4639 786 4680 semen
813 4640 1002 4690 suum,
1034 4625 1162 4695 quia
1193 4626 1260 4682 de
1303 4627 1425 4682 sinu
1447 4627 1624 4686 Patris
1653 4645 1760 4700 quo
1788 4645 1939 4686 crea-

361 4724 495 4772 tura;
519 4732 626 4772 non
648 4725 766 4773 erat
787 4732 1058 4782 accessus,
1085 4717 1373 4789 egrediens
1391 4759 1406 4784 ,
1442 4720 1509 4775 ad
1553 4721 1658 4778 hoc
1692 4723 1839 4778 venit
1881 4723 1936 4779 in

360 4807 616 4862 mundum
639 4847 657 4872 ,
694 4815 756 4862 ut
785 4807 1152 4863 testimonium
1180 4809 1491 4877 perhiberet
1518 4811 1754 4866 veritati.
1784 4812 1939 4868 Unde

359 4895 498 4952 bene
513 4894 669 4964 juxta
707 4898 1078 4970 Evangelistas
1110 4900 1274 4968 alios,
1327 4902 1476 4958 hanc
1505 4901 1820 4973 parabolam
1855 4905 1938 4960 di-

361 4995 576 5054 cturus,
633 4988 700 5044 de
753 4989 914 5046 domo
963 4991 1205 5057 exiisse,
1254 5006 1406 5048 mare
1454 4993 1685 5061 adiisse,
1742 5009 1936 5052 navem

360 5078 740 5134 conscendisse
764 5080 1105 5149 perhibetur,
1133 5082 1309 5153 ipsum
1337 5083 1592 5138 nimirum
1612 5085 1719 5142 situ
1742 5099 1936 5157 corpo-

363 5169 466 5232 ris,
500 5170 644 5239 quod
685 5185 942 5240 processu
971 5173 1240 5228 sermonis
1268 5174 1569 5230 insinuans.
1600 5174 1732 5242 Quas
1756 5176 1939 5232 Domi-

363 5274 465 5314 nus
501 5261 781 5330 exposuit,
807 5263 893 5332 pia
927 5262 1030 5318 ﬁde
1055 5264 1399 5334 suscipienda
1429 5274 1577 5331 sunt,
1612 5282 1732 5337 quae
1755 5276 1934 5322 autem

366 5351 540 5405 tacitze
564 5360 762 5408 nostra:
795 5353 1157 5423 intelligentiae
1188 5355 1494 5424 dereliquit,
1526 5359 1937 5430 perstringenda

363 5451 488 5498 sunt
531 5443 786 5500 breviter.
837 5445 1032 5501 Semen
1055 5447 1198 5517 quod
1235 5464 1394 5504 secus
1419 5449 1562 5505 viam
1590 5453 1809 5519 cecidit,
1840 5453 1938 5507 du-

364 5533 486 5602 plici
518 5533 710 5589 laesura
735 5535 1012 5605 disperiit,
1039 5545 1095 5591 et
1120 5554 1150 5592 a
1171 5539 1448 5593 viantibus
1472 5539 1682 5596 scilicet
1721 5543 1938 5598 concul-

365 5637 542 5680 catam
589 5635 644 5680 et
671 5642 700 5679 a
723 5626 1033 5682 volucribus
1063 5637 1291 5696 raptum.
1331 5629 1424 5683 Via
1448 5639 1533 5686 est
1574 5646 1704 5702 ergo
1729 5647 1824 5688 cor
1845 5649 1934 5688 se-

365 5717 489 5772 dulo
518 5719 783 5772 malarum
813 5720 1194 5789 cogitationum
1225 5721 1452 5776 transitu
1499 5724 1740 5777 attritum
1773 5732 1934 5796 atque

2038 4555 2087 4600 et
2134 4545 2404 4600 audientes
2435 4561 2538 4599 non
2574 4543 2885 4616 intelligant.
2936 4545 3147 4602 Marcus
3172 4548 3245 4602 ita
3275 4548 3408 4604 dicit
3453 4568 3466 4604 :
3512 4550 3622 4606 Illis

2040 4645 2221 4692 autem
2253 4636 2342 4706 qui
2375 4636 2506 4691 foris
2536 4645 2659 4692 sunt
2684 4635 2736 4691 in
2759 4638 3033 4707 parabolis
3063 4640 3244 4695 omnia
3281 4638 3435 4695 ﬁunt.
3464 4641 3620 4698 Ideo-

2038 4741 2145 4797 que
2173 4735 2227 4782 et
2259 4743 2358 4783 nos
2403 4743 2523 4783 cum
2573 4727 2854 4799 discipulis
2883 4728 3086 4785 Christi
3115 4731 3377 4789 intremus
3410 4734 3462 4789 in
3495 4749 3622 4789 san~

2040 4816 2307 4870 ctuarium
2336 4817 2430 4871 Dei
2449 4857 2464 4883 ,
2510 4825 2568 4872 ut
2597 4818 2957 4890 intelligamus
3009 4821 3061 4874 in
3093 4823 3389 4879 novissima
3418 4836 3620 4897 mystc—

2043 4905 2247 4961 riorum
2281 4907 2433 4978 regni
2465 4907 2582 4963 Dei.
2614 4907 2748 4964 Nam
2803 4911 2895 4979 qui
2931 4914 3367 4986 appropinquant
3393 4918 3620 4988 pedibus

2042 4994 2198 5064 ejus,
2239 4996 2507 5067 accipient
2554 4997 2620 5052 de
2675 4998 2919 5053 doctrina
2968 4999 3150 5066 illius,
3203 5003 3444 5059 dicentes
3496 4995 3618 5061 eum

2041 5087 2325 5144 Psalmista
2353 5107 2365 5143 :
2393 5088 2586 5144 Revela
2610 5089 2788 5146 oculos
2820 5103 3052 5157 nostros,
3089 5103 3136 5147 et
3173 5095 3620 5151 considerabimus

2041 5179 2307 5236 mirabilia
2333 5181 2398 5235 de
2421 5179 2531 5252 lege
2563 5191 2674 5236 tua.
2721 5179 2888 5237 Recte
2913 5183 3114 5255 quippe
3151 5184 3203 5240 in
3227 5185 3500 5256 parabolis
3526 5202 3620 5241 au-

2041 5272 2195 5326 diunt
2217 5312 2229 5335 ,
2271 5279 2327 5326 et
2353 5270 2404 5325 in
2442 5273 2750 5342 aenigmate,
2791 5273 2883 5344 qui
2909 5274 3112 5329 clausis
3133 5275 3382 5330 sensibus
3405 5276 3618 5343 cordis,

2040 5375 2216 5431 neque
2259 5362 2464 5416 intrare
2492 5376 2664 5431 neque
2703 5373 2897 5418 curant
2925 5379 3256 5435 cognoscere
3301 5364 3618 5431 veritatem,

2038 5451 2190 5506 obliti
2223 5453 2505 5507 dominica:
2536 5455 2916 5524 prteceptionis
2954 5473 2966 5508 :
3004 5454 3106 5521 Qui
3133 5454 3286 5508 liabet
3328 5470 3482 5508 aures
3521 5471 3620 5510 att-

2037 5543 2216 5597 diendi
2241 5545 2445 5599 audiat.

2111 5634 2215 5700 Qui
2276 5648 2450 5692 autem
2491 5655 2638 5693 secus
2692 5657 2866 5706 eram,
2909 5641 2963 5694 hi
3009 5629 3297 5708 sunt,lqui
3347 5638 3612 5704 audiunt,

2043 5725 2232 5780 deinde
2272 5730 2403 5782 venit
2455 5730 2694 5784 diabolus
2725 5741 2772 5785 et
2824 5731 2957 5786 tollit
2991 5730 3205 5787 verbum
3237 5729 3300 5782 de
3343 5730 3499 5784 corde
3536 5746 3621 5786 co-
