3946 6476
364 318 459 375 Ml

1634 310 1986 368 SMARAGDI
2024 306 2317 364 ABBATIS‘

3517 304 3621 363 ili

359 446 478 484 rum
504 470 518 494 ,
559 446 622 483 ne
644 426 928 484 credentes
967 426 1097 482 salvi
1136 426 1289 496 ﬁant.
1330 424 1406 480 De
1428 423 1533 480 hoc
1555 422 1765 479 semine
1790 421 1934 476 Μετ’
1961 423 2014 482 Α
2037 419 2263 484 scilicet,
2319 418 2462 473 nulla
2487 425 2614 472 sunt
2639 417 2780 472 bona
2809 433 2929 488 qua:
2966 419 3199 489 agimus,
3227 417 3273 473 si
3304 431 3411 473 non
3437 431 3620 488 aequa—

360 534 457 576 cus
498 520 571 574 ita
615 519 805 575 scribit
840 536 854 573 :
908 516 983 572 Ili
1028 526 1203 572 autem
1232 525 1373 571 sunt
1417 515 1508 585 qui
1556 514 1700 568 circa
1752 512 1890 566 viam
1918 550 1934 576 ,

357 604 760 667 ubi‘seminatur
779 608 1008 675 uerbum,
1031 618 1079 662 et
1102 624 1222 662 cum
1249 606 1513 662 audierint
1532 602 1811 674 confestim
1837 599 1940 656 Sa—

358 712 512 757 tanas
547 699 946 772 aufert-(Marc.
976 698 1077 773 1v).
1096 698 1382 755 Matthteus
1401 696 1478 753 ita
1498 695 1577 751 ait
1600 712 1613 749 :
1644 692 1831 749 Omnis
1848 691 1941 763 qui

358 794 508 849 audit
543 792 753 848 verbm
783 792 964 863 regni,
992 802 1041 846 et
1068 808 1173 847 non
1194 788 1476 861 intelligit,
1507 788 1641 845 venit
1674 784 1869 851 malus,
1892 792 1943 839 et

357 883 496 953 rapit
519 881 732 953 (Matth.
761 883 901 954 xm),
927 898 993 937 ex
1014 897 1122 952 quo
1138 882 1427 939 manifeste
1438 881 1774 937 docetureos
1794 878 1943 934 circa

358 970 502 1026 viam
539 971 862 1036 semiustos,
895 970 986 1040 qui
1012 970 1270 1036 sverbum,
1322 969 1468 1040 quod
1492 969 1751 1034 audiunt,
1797 966 1943 1023 nulla

359 1060 499 1126 ﬁde,
524 1060 674 1117 nullo
715 1060 1014 1125 intellectu,
1045 1059 1190 1115 nulla
1236 1059 1431 1117 saltem
1457 1067 1704 1115 tentante
1746 1058 1948 1113 utilita-

359 1150 729 1206 tisoccasione
753 1150 1033 1220 percipere
1056 1150 1368 1221 dignantur.
1390 1149 1561 1205 Porro
1576 1164 1749 1219 super
1761 1156 1944 1219 petro-

361 1257 420 1296 sa
451 1250 507 1298 et
531 1242 585 1297 in
607 1242 799 1312 spinis,
827 1251 887 1297 ut
922 1242 1183 1298 Dominus
1209 1241 1458 1310 exponit,
1485 1240 1845 1304 seminantur,
1884 1237 1943 1293 bi

360 1331 452 1403 qui
496 1330 739 1386 auditum
765 1329 983 1401 quidem
1026 1327 1177 1384 verbi
1205 1336 1262 1383 et
1289 1327 1580 1384 utilitatem
1608 1325 1860 1397 probant,
1889 1332 1947 1379 et

360 1416 690 1472 desiderium
717 1424 939 1486 gustant
960 1456 976 1482 ,
1018 1415 1112 1471 sed
1142 1430 1212 1472 ne
1230 1413 1301 1469 ad
1321 1414 1376 1469 id
1397 1413 1542 1484 quod
1562 1412 1795 1484 probant
1818 1427 1945 1481 per-

360 1508 617 1574 veniant,
645 1506 808 1579 hujus
836 1506 964 1561 vita:
988 1520 1081 1561 eos
1113 1504 1200 1561 vel
1250 1503 1477 1559 adversa
1527 1501 1819 1566 terrendo,
1860 1501 1946 1557 vel

360 1615 621 1673 prospera
638 1597 975 1656 blandiendo
1001 1597 1317 1663 retardant,
1372 1602 1673 1664 contraque
1716 1601 1947 1664 utraque

361 1694 560 1749 damna
585 1706 773 1747 semen
789 1691 933 1761 quod
960 1696 1243 1760 acceperat
1269 1687 1430 1742 tutari
1453 1684 1697 1751 curalnt,
1720 1684 1810 1756 qui
1831 1685 1909 1739 ait
1928 1709 1943 1740 ι

2036 512 2256 567 nimiter
2284 511 2449 566 etiam
2477 511 2843 581 proximorum
2868 510 3008 565 mala
3042 510 3352 566 toleremus.
3398 511 3622 580 Quanto

2038 604 2182 660 enim
2207 603 2435 674 quisque
2456 602 2618 658 altius
2655 602 2969 673 profecerit,
3001 608 3150 656 tanto
3185 601 3238 654 in
3268 602 3372 656 hoc
3420 601 3623 655 mundo

2039 695 2264 760 invenit,
2295 696 2438 765 quod
2472 695 2662 750 durius
2708 702 2909 766 portet,
2947 693 3075 764 quia
3106 694 3233 748 dum
3282 708 3313 747 a
3362 694 3619 764 prmeenti

2041 784 2239 842 saculo
2263 786 2462 841 mentis
2494 794 2703 841 nostra
2722 784 2940 839 dilectio
2982 783 3168 839 deficit
3190 824 3207 849 ,
3244 783 3488 853 ejusdem
3517 796 3620 838 sze-

2041 875 2146 930 cnli
2172 875 2481 931 adversitas
2505 875 2727 939 crescit,
2763 875 2890 929 hinc
2919 883 3003 929 est
3032 874 3199 939 enim,
3228 873 3372 943 quod
3399 872 3616 945 pleres-

2041 982 2149 1037 que
2175 967 2470 1033 cernimus,
2506 975 2562 1021 et
2579 966 2718 1021 bona
2740 979 2915 1036 agere,
2944 974 3003 1019 et
3023 955 3204 1018 tamen
3227 964 3329 1019 sub
3350 964 3503 1035 gravi
3518 949 3620 1017 tri-

2041 1055 2377 1111 bulationum
2400 1054 2551 1110 fasce
2561 1054 2851 1109 desudare.
2877 1052 2984 1109 Sed
2999 1055 3153 1124 juxta
3175 1067 3364 1107 vocem
3386 1053 3624 1115 Domini.

2042 1144 2281 1202 fructum
2300 1160 2398 1215 per
2415 1145 2734 1215 patientiam
2767 1145 3018 1208 reddunt,
3042 1145 3168 1214 quia
3196 1159 3319 1200 eum
3347 1144 3627 1199 humiliter

2044 1232 2252 1306 “380113
2281 1235 2600 1305 Eusebium,
2626 1244 2750 1305 post
2777 1235 2988 1305 ﬂagella
3013 1237 3082 1291 ad
3110 1236 3353 1305 requiem
3383 1235 3629 1291 sublimi-

2044 1336 2130 1410 ter
2180 1327 2571 1398 suscipiuntur.
2622 1326 2777 1394 Quod
2817 1342 2950 1383 vero
2976 1329 3274 1383 secundum
3314 1327 3627 1384 Matthmum

2045 1418 2269 1485 dicitur,
2300 1427 2358 1473 et
2398 1418 2636 1473 fructum
2694 1418 2885 1486 δῶτε,
2942 1426 2998 1475 et
3050 1418 3181 1475 facit
3224 1419 3368 1475 aliud
3402 1422 3622 1490 quidem

2046 1516 2289 1574 centiim,
2319 1509 2465 1563 aliud
2484 1517 2666 1564 autem
2695 1510 2999 1581 sexaginta,
3019 1525 3191 1581 porro
3213 1510 3359 1566 aliud
3384 1511 3628 1582 triginta,

2046 1599 2272 1669 triginta
2290 1598 2537 1655 referunt
2568 1599 2638 1653 ad
2662 1600 2898 1670 nuptias.
2930 1599 3066 1654 Nam
3094 1609 3153 1655 et
3179 1601 3297 1671 ipsa
3328 1601 3625 1673 digitorum

2048 1690 2384 1762 contiuncﬂo,
2414 1699 2469 1747 et
2492 1691 2651 1761 quasi
2678 1690 2826 1745 molli
2861 1691 3051 1747 osculo
3077 1706 3139 1748 se
3165 1690 3530 1762 complectens
3574 1699 3635 1748 et

365 1783 472 1839 Per
493 1799 643 1837 arma
665 1782 893 1852 justitiaz
916 1797 950 1835 a
978 1777 1177 1834 dextris
1205 1786 1254 1832 et
1278 1794 1311 1831 a
1337 1764 1584 1841 sinistris,
1612 1791 1706 1845 per
1720 1773 1943 1846 gloriam
1971 1768 2020 1828 Β
2046 1780 2325 1837 {cedemus
2351 1781 2604 1836 maritum
2631 1780 2805 1851 pingit
2831 1789 2888 1835 et
2913 1781 3230 1853 coniugem;
3262 1782 3543 1852 sexaginta
3561 1779 3633 1835 ad

363 1884 412 1928 et
439 1871 816 1944 ignobilitatem
836 1911 853 1936 ,
879 1886 972 1941 per
1018 1868 1296 1940 infamiam
1320 1907 1338 1932 ,
1376 1875 1424 1921 et
1475 1865 1665 1920 bonam
1702 1865 1903 1935 famam
1926 1903 1943 1929 ,

363 1974 419 2019 ut
445 1963 742 2019 seductores
763 1971 811 2018 et
841 1977 1048 2017 veraces
1071 1958 1157 2032 (II
1184 1957 1307 2014 Cor.
1338 1956 1435 2029 vi).
1472 1956 1568 2013 His
1617 1972 1747 2028 ergo
1773 1955 1947 2010 tribus

362 2068 526 2114 terra:
550 2057 839 2125 generibus
872 2055 1013 2110 scito
1041 2068 1234 2110 omnes
1279 2052 1373 2124 qui
1424 2053 1653 2108 verbum
1702 2052 1947 2107 auditum

363 2165 473 2206 non
522 2149 759 2213 faciunt,
805 2161 927 2205 esse
976 2145 1321 2217 designates,
1359 2159 1390 2198 a
1431 2144 1631 2214 quibus
1664 2143 1946 2209 omnibus,

365 2239 460 2310 qui
501 2252 687 2294 semen
724 2242 1007 2305 acceptum
1043 2239 1229 2289 servat
1266 2240 1412 2288 terra
1458 2229 1601 2286 bona
1648 2237 1751 2285 est.
1793 2227 1951 2284 Exci-

364 2327 590 2395 piuntur
604 2338 735 2381 sane
752 2321 926 2379 Judaei
943 2329 1000 2378 et
1013 2319 1277 2388 Gentiles,
1295 2318 1387 2391 qui
1409 2333 1511 2374 nec
1530 2317 1720 2373 audire
1731 2318 1950 2388 quidem

368 2423 668 2471 merentur.

441 2504 594 2573 Quod
621 2515 797 2560 autem
828 2505 885 2559 in
902 2503 1067 2575 spinis
1089 2501 1275 2558 cecidit
1293 2540 1310 2567 ,
1334 2499 1388 2555 hi
1410 2506 1531 2555 sunt
1554 2499 1645 2570 qui
1671 2498 1953 2554 audierunt

370 2607 419 2651 et
449 2615 481 2651 a
507 2595 968 2660 sollicitudinibus,
1022 2602 1070 2650 et
1100 2592 1296 2649 divitiis
1342 2600 1393 2647 et
1444 2590 1799 2662 voluptatibus
1832 2591 1955 2645 vita:

371 2698 554 2743 euntes
562 2688 895 2757 suﬁ'ocantur
907 2693 956 2740 et
974 2701 1077 2740 non
1100 2683 1331 2755 referunt
1348 2680 1599 2754 fructum.
1615 2679 1810 2736 Mirum
1824 2694 1956 2750 quo.

372 2777 537 2834 modo
565 2775 822 2831 Dominus
846 2773 1030 2845 spinas
1053 2771 1267 2828 divitias
1297 2771 1686 2844 interpretatus
1710 2769 1802 2838 sit,
1833 2783 1956 2837 cum

373 2867 478 2923 illae
502 2873 763 2938 pangant,
795 2865 913 2921 istae
942 2863 1238 2920 delectant.

451 2956 559 3026 (Ea:
579 2953 759 3028 Greg.)
806 2953 874 3010 Et
908 2963 1087 3009 tamen
1121 2955 1288 3026 spina:
1320 2960 1478 3018 sunt,
1510 2952 1636 3023 quia
1663 2952 1954 3025 cqitatio-

375 3062 503 3101 num
534 3059 751 3099 suarum
770 3042 1161 3115 punctionibus
1184 3052 1419 3099 mentem
1447 3042 1718 3109 lacerant,
1753 3049 1954 3097 etcum

375 3151 545 3206 usque
567 3136 635 3190 ad
649 3142 937 3206 peccatum
956 3132 1307 3205 pertrahunt,
1335 3132 1489 3203 quasi
1510 3131 1714 3188 inﬂicto
1732 3132 1957 3193 vulnere
1982 3118 2029 3183 C

377 3234 663 3282 cruentant
686 3268 701 3293 ,
729 3240 866 3298 quas
885 3224 1024 3281 bene
1066 3225 1122 3280 in
1148 3224 1254 3280 hoc
1285 3222 1428 3291 loco,
1459 3224 1567 3282 alio
1611 3224 1958 3297 Evangelista

375 3327 631 3384 testante,
664 3334 1007 3390 nequaquam
1031 3318 1296 3373 Dominus
1320 3317 1539 3373 divitias
1560 3357 1575 3385 ,
1610 3316 1705 3373 sed
1738 3316 1958 3393 fallaces

378 3412 601 3466 divitias
625 3408 878 3481 appellat.
901 3406 1149 3464 Fallaces
1168 3409 1311 3463 enim
1344 3417 1488 3473 sunt,
1523 3424 1643 3479 quae
1672 3408 1957 3465 nobiseum

381 3507 473 3563 diu
512 3519 835 3577 permanere
876 3519 984 3559 non
1040 3511 1270 3573 possunt
1313 3520 1328 3557 :
1370 3498 1591 3559 fallaces
1638 3510 1805 3569 sunt,
1843 3517 1965 3572 qure

381 3597 582 3653 mentis
621 3603 819 3651 nostra:
855 3593 1088 3665 inopiam
1121 3608 1229 3647 non
1274 3591 1566 3662 expellunt.
1600 3586 1742 3648 Sola:
1783 3598 1962 3647 autem

382 3687 584 3744 divitia:
613 3698 754 3741 verae
774 3690 920 3749 sunt,
949 3698 1071 3754 qua:
1096 3695 1195 3737 nos
1215 3680 1410 3737 divites
1430 3679 1721 3736 virtutibus
1734 3678 1959 3737 faciunt.

383 3777 692 3835 Notandum
715 3790 843 3832 vero
864 3783 977 3839 est,
1014 3773 1157 3847 quod
1189 3789 1465 3844 exponens
1498 3772 1757 3828 Dominus
1789 3771 1920 3829 dicit
1949 3791 1961 3826 :

387 3869 524 3939 Quia
552 3866 943 3923 sollicitudines
971 3864 1340 3935 etvoluptates
1369 3873 1423 3919 et
1452 3862 1653 3919 divitiae
1676 3862 1961 3919 suﬂocant.

390 3959 668 4016 Suffocant
691 3958 856 4016 enim.
892 3955 1363 4031 quiaimportunis
1387 3955 1806 4028 cogitationibus
1852 3956 1963 4012 suis

389 4062 576 4127 guttur
598 4052 796 4107 mentis
816 4049 1174 4122 strangulant,
1196 4059 1250 4105 et
1276 4049 1400 4105 dum
1425 4049 1627 4105 bonum
1642 4048 1966 4105 desiderium

392 4147 599 4202 intrare
625 4143 691 4198 ad
720 4159 815 4199 cor
842 4158 949 4197 non
975 4142 1184 4208 sinunt,
1203 4140 1358 4211 quasi
1378 4140 1581 4195 aditum
1604 4137 1763 4195 ﬂatus
1790 4141 1969 4196 vitalis

392 4241 607 4290 necant.
634 4230 936 4287 Notandum
962 4230 1126 4286 etiam
1150 4229 1292 4302 quod
1319 4229 1425 4286 duo
1454 4237 1596 4295 sunt,
1622 4244 1741 4300 qua:
1766 4230 1971 4287 divitiis

387 4324 584 4395 jungit,
617 4321 1008 4379 sollicitudines
1034 4320 1290 4376 videlicet
1344 4327 1399 4375 et
1450 4318 1789 4391 voluptates,
1843 4321 1970 4390 quia

395 4417 637 4488 profecto
665 4424 719 4471 et
743 4430 840 4488 per
863 4430 1050 4471 curam
1100 4420 1335 4468 mentem
1384 4412 1734 4485 opprimunt,
1775 4420 1831 4468 et
1874 4428 1973 4481 per

397 4505 721 4562 afﬂuentiam
754 4504 1045 4561 resolvunt.
1079 4502 1187 4557 Res
1233 4503 1378 4558 enim
1425 4503 1711 4559 contrariae
1751 4519 1967 4574 posses-

399 4611 552 4651 sores
612 4609 769 4657 suos,
808 4603 860 4647 et
923 4592 1151 4649 amictus
1209 4600 1263 4646 et
1321 4590 1559 4647 lubricos
1596 4590 1823 4649 faciunt.
1868 4591 1976 4649 Sed

399 4685 526 4754 quia
564 4683 811 4754 voluptas
854 4676 1154 4738 convenire
1201 4695 1324 4735 cum
1371 4679 1658 4738 aﬂlictione
1720 4696 1827 4737 non
1881 4697 1977 4753 po-

406 4782 552 4840 test,
591 4774 697 4827 alio
735 4772 951 4843 quidem
992 4779 1232 4843 tempore
1269 4787 1368 4842 per
1403 4773 1662 4829 custodite
1698 4787 1809 4828 sua:
1831 4772 1981 4828 solli-

402 4866 698 4922 citudinem
728 4863 997 4935 afﬂigunt,
1025 4872 1186 4933 atque
1216 4863 1322 4919 alio
1357 4878 1455 4936 per
1490 4862 1879 4919 abundantiam
1909 4862 1977 4918 ad

407 4955 713 5026 voluptates
743 4948 1041 5009 emolliunt.
1782 4938 1785 4943 ’

479 5045 637 5111 Quod
679 5055 853 5101 autem
903 5047 958 5100 in
989 5046 1174 5101 bonam
1218 5056 1449 5109 terram,
1491 5036 1547 5099 lii
1594 5053 1716 5099 sunt
1771 5044 1885 5115 qui,
1924 5042 1980 5101 in

407 5142 563 5194 corde
629 5139 760 5193 bono
815 5149 863 5194 et
905 5140 1095 5211 optimo
1135 5140 1405 5196 audientes
1441 5136 1651 5193 verbum
1678 5177 1693 5203 ,
1734 5138 1979 5207 retinent,

408 5242 454 5285 et
496 5234 723 5302 fructum
762 5229 988 5303 aﬂ'erunt
1010 5231 1369 5303 inpatientia.
1399 5224 1547 5286 Bona
1571 5238 1737 5308 terra,
1764 5240 1820 5286 ut
1846 5246 1983 5299 prte—

412 5322 667 5387 diximus,
694 5323 944 5377 omnibus
972 5318 1144 5378 tribus
1171 5330 1329 5377 terra!
1371 5336 1712 5392 nequaquam
1745 5324 1978 5380 varieta-

413 5414 556 5469 tibus
578 5413 846 5469 contraria
876 5411 1026 5480 facit,
1049 5412 1347 5468 etlibenter
1366 5412 1808 5469 videlicetsemen
1830 5416 1979 5472 verbi

414 5505 773 5577 suscipiendo,
813 5514 868 5561 et
908 5505 1050 5575 quod
1074 5505 1298 5574 suscipit
1322 5505 1464 5558 inter
1515 5505 1739 5561 adversa
1766 5516 1820 5562 et
1856 5525 1985 5579 pro-v

412 5610 569 5667 spera
591 5596 856 5667 patienter
876 5599 943 5649 ad
971 5592 1178 5647 fructus
1206 5609 1377 5665 usque
1419 5580 1658 5666 tempora
1689 5597 1977 5666 servando,

416 5686 573 5744 aliter
596 5688 737 5742 bona
765 5696 908 5741 terra
935 5683 1167 5738 fructum
1186 5685 1604 5757 perpetientiam
1633 5688 1827 5755 reddit,
1856 5690 1979 5759 quia

2044 1872 2238 1927 viduas
2264 1912 2281 1935 ,
2317 1886 2385 1926 eo
2427 1871 2570 1941 quod
2618 1871 2675 1925 in
2704 1872 2957 1942 angustia
2997 1880 3056 1926 et
3105 1873 3453 1928 tribulatione
3511 1872 3625 1927 sint

2044 1961 2255 2031 posita.
2294 1959 2448 2016 Unde
2483 1966 2538 2014 et
2585 1959 2641 2013 in
2686 1959 2953 2031 superiori
3010 1961 3180 2031 digito
3226 1959 3631 2030 deprimuntur,

2046 2062 2360 2126 quantoque
2386 2050 2560 2122 major
2585 2060 2671 2109 est
2704 2052 2994 2109 diﬂicultas
3015 2093 3031 2119 ,
3070 2068 3137 2108 ex
3172 2062 3329 2124 parte
3387 2053 3631 2123 quadam

2047 2147 2343 2218 voluptatis
2368 2145 2641 2201 illecebris
2680 2144 2977 2210 abstinere,
3010 2153 3161 2200 tanto
3192 2143 3372 2214 majus
3394 2153 3453 2199 et
3485 2158 3635 2214 prm-

2048 2240 2238 2294 niium.
2251 2236 2423 2292 Porro
2437 2237 2641 2291 eentesi
2649 2251 2796 2290 mum
2810 2249 3096 2290 numerum
3111 2250 3295 2306 quaeso
3316 2234 3630 2305 diligenter,

2050 2330 2243 2394 lector,
2274 2326 2512 2383 attende.
2538 2325 2585 2381 Α
2604 2326 2829 2382 sinistra
2849 2324 3269 2381 transferuntur
3279 2325 3333 2379 in
3362 2324 3639 2386 dextram,

2050 2430 2108 2477 et
2129 2420 2320 2477 iisdmu
2349 2418 2568 2489 quidem
2599 2417 2801 2489 digitis,
2829 2419 2925 2474 sed
2946 2433 3055 2473 non
3080 2419 3269 2474 eadem
3292 2428 3475 2479 manu,
3508 2415 3639 2485 qui-

2051 2516 2156 2571 bus
2174 2514 2231 2569 in
2256 2513 2391 2569 lava
2421 2527 2586 2568 manu
2611 2518 2794 2581 nuptm
2816 2509 3196 2582 signiﬁcantur
3243 2516 3300 2564 et
3334 2506 3645 2574 vidum,cir-

2054 2605 2239 2661 culum
2269 2603 2497 2669 faciens,
2523 2600 3124 2672 exprimitvirginitatis
3140 2610 3417 2655 coronam.
3442 2596 3644 2661 Aliter,

2054 2694 2289 2751 frucmm
2309 2694 2645 2749 tricesimum
2666 2692 2893 2746 verbum
2911 2689 3141 2761 profert,
3167 2688 3310 2759 quod
3325 2687 3485 2743 iidem
3508 2700 3643 2743 san-

2056 2794 2157 2842 cte
2174 2783 2434 2840 trinitatis
2451 2782 2701 2838 aediﬁcat.
2718 2779 3149 2850 Sesagesimum,
3166 2777 3311 2848 quod
3324 2777 3505 2848 operis
3517 2791 3646 2847 per-

2056 2878 2344 2934 fectionem
2358 2874 2540 2940 docet,
2562 2874 2692 2945 quia
2711 2888 2810 2928 sex
2836 2873 2953 2928 dies
2978 2880 3111 2927 sunt
3129 2871 3183 2925 in
3206 2870 3402 2940 quibus
3418 2872 3642 2939 oportet

2056 2967 2294 3038 operari.
2316 2965 2707 3029 Ceutesimum,
2732 2963 2879 3034 quod
2897 2963 2963 3018 ad
2983 2962 3266 3018 dexteram
3288 2961 3443 3032 regni
3476 2959 3644 3015 vitam

2059 3061 2319 3134 prodicat
2344 3068 2627 3117 aeternam.
3626 3060 3637 3071 '

2692 3162 2987 3203 εωθοιωη

2132 3240 2371 3296 Verbum
2406 3238 2655 3294 veritatis
2700 3236 2967 3293 Corinthii
2994 3237 3066 3292 ab
3104 3235 3366 3307 apostolis
3418 3248 3647 3306 accepe—

2060 3338 2212 3392 rant,
2256 3329 2349 3384 sed
2394 3328 2499 3383 hoc
2550 3328 2787 3383 falsariis
2841 3328 3228 3383 consentiendo
3263 3326 3637 3397 perdiderant,

2061 3437 2198 3492 quos
2218 3420 2509 3491 Apostolus
2542 3420 2828 3491 increpans
2851 3420 2929 3474 ait
2959 3438 2973 3473 :
3012 3421 3177 3475 MEror
3206 3433 3328 3475 eum
3354 3419 3471 3490 sapi
3493 3422 3643 3473 intes

2063 3509 2206 3575 sitis,
2250 3524 2351 3565 cur
2390 3510 2621 3565 libenter
2648 3510 3031 3581 insipientibus
3062 3511 3401 3566 eonsentitis.
3436 3509 3651 3577 Quibus

2063 3598 2373 3670 evangeliea
2412 3600 2555 3654 bene
2573 3600 3183 3667 eoneordatsentemia,
3212 3602 3308 3656 ubi
3332 3602 3409 3656 ait
3442 3614 3457 3654 ε
3492 3599 3649 3655 Venit

2064 3689 2304 3749 diabolus
2327 3690 2541 3747 attollit
2566 3690 2775 3746 reﬂant
2800 3692 2873 3746 do
2900 3692 3079 3745 corde.
3095 3706 3276 3746 eorum
3320 3690 3471 3764 (Luc.
3501 3690 3649 3765 vm).

2493 3804 2563 3858 IN
2598 3802 3190 3873 QUINQUAGESIMA.

2133 3910 2391 3952 ιῐιηετοω
2429 3912 2588 3951 ιεΑτι
2629 3911 2781 3950 PAULI
2824 3911 3078 3951 Ανοετσιι
3129 3911 3197 3950 AD
3236 3908 3579 3962 CORINTIIIOS,

2680 3982 2875 4021 CAPI'I'B
2914 3981 3033 4020 XIII.

2144 4079 2163 4113 σ
2211 4059 2269 4115 Si
2288 4058 2488 4129 linguis
2512 4058 2793 4113 hominum
2815 4057 3009 4128 loquar
3028 4066 3087 4113 et
3105 4056 3443 4128 angelorum,
3468 4056 3653 4112 chari-

2076 4169 2094 4203 ι
2141 4160 2309 4209 tatem
2333 4156 2515 4223 autem
2542 4162 2650 4203 non
2694 4148 2922 4203 habeam
2951 4188 2968 4214 ,
3006 4146 3182 4203 tactus
3234 4158 3354 4203 sum
3401 4148 3546 4203 velut
3576 4162 3654 4203 aes

2077 4261 2095 4295 ι
2141 4254 2360 4306 sonans,
2415 4248 2509 4296 aut
2545 4238 2855 4310 cymbalum
2899 4238 3155 4294 tinniens.
3196 4238 3264 4292 Et
3286 4239 3359 4293 [si
3406 4237 3655 4292 habuero

2079 4353 2097 4384 ι
2142 4331 2482 4404 prophetiam
2508 4371 2526 4396 ,
2564 4338 2622 4386 et
2648 4329 2894 4386 noverim
2929 4329 3114 4384 omnia
3146 4327 3422 4398 mysteria,
3456 4336 3510 4380 et
3536 4339 3655 4379 om-

2084 4443 2102 4475 ι
2148 4439 2271 4483 nem
2298 4422 2608 4486 scientiam,
2635 4421 2756 4475 etsi
2798 4421 3040 4475 habuero
3075 4433 3293 4476 omnem
3338 4418 3536 4482 tidem,
3581 4418 3653 4472 ita

2085 4532 2103 4565 ι
2149 4520 2211 4567 ιιι
2244 4519 2458 4567 montes
2503 4508 2870 4573 transferam,
2929 4510 3253 4565 cbaritatem
3300 4520 3485 4564 autem
3544 4520 3656 4563 nou

2084 4625 2102 4658 ι
2149 4605 2435 4670 habuero,
2470 4602 2605 4659 nihil
2633 4618 2777 4658 sum.
2836 4602 2904 4656 Et
2957 4603 3003 4659 si
3048 4603 3377 4658 distribuero
3420 4602 3473 4657 in
3500 4602 3656 4658 cibos

2085 4714 2105 4749 ι
2150 4711 2455 4767 pauperum
2474 4710 2669 4750 omnes
2698 4693 2987 4751 facultates
3013 4709 3187 4760 meas,
3225 4702 3283 4750 et
3309 4695 3353 4749 si
3385 4694 3658 4750 tradidero

2085 4805 2104 4839 ι
2149 4801 2353 4857 corpus
2375 4800 2558 4841 meum
2587 4826 2604 4853 ,
2638 4787 2716 4841 ita
2741 4794 2802 4840 ut
2822 4786 3078 4853 ardeam,
3119 4787 3447 4842 cbaritalem
3473 4792 3655 4842 autem

2090 4895 2109 4929 ι
2152 4892 2260 4937 non
2294 4877 2552 4947 habuero,
2583 4876 2718 4932 nihil
2747 4877 2878 4933 mihi
2907 4878 3147 4947 prodest.
3175 4878 3423 4933 Charitas
3447 4878 3659 4948 patiens

2090 4984 2109 5022 ί
2154 4973 2269 5031 est,
2304 4966 2533 5037 benigna
2585 4974 2689 5022 est.
2727 4965 2980 5025 Charitas
3024 4982 3133 5023 non
3184 4967 3508 5032 mmuistur‘,
3549 4980 3657 5021 non

2089 5078 2110 5111 ι
2155 5058 2267 5128 agit
2302 5072 2588 5128 perperam
2613 5097 2628 5122 ,
2669 5073 2779 5113 nos
2807 5056 3027 5117 uitiatur
3047 5099 3062 5124 ,
3102 5071 3217 5114 non
3239 5066 3323 5114 est
3347 5058 3655 5119 ambitiosa.

2090 5168 2111 5203 ι
2154 5162 2263 5206 non
2286 5149 2627 5219 quaeritque
2638 5165 2740 5205 sua
2766 5157 2913 5213 sunt,
2939 5164 3047 5204 non
3073 5150 3337 5214 irritatur,
3369 5160 3477 5204 non
3511 5148 3659 5219 cogi-

2092 5257 2111 5292 t
2157 5247 2235 5294 tat
2275 5238 2477 5294 malum
2501 5280 2522 5305 ,
2570 5255 2678 5300 non
2723 5239 2922 5310 gaudet
2966 5252 3130 5310 super
3167 5240 3491 5309 iniquitate,
3530 5253 3659 5294 con-

2091 5346 2110 5380 i
2155 5329 2355 5399 gaudet
2378 5337 2558 5389 autem
2587 5328 3038 5386 veritati.()mt=iia
3072 5328 3285 5394 suﬂert,
3323 5329 3505 5384 omnia
3540 5341 3660 5383 cre-

2091 5437 2110 5472 ι
2155 5419 2258 5484 dit,
2284 5419 2465 5475 omnia
2489 5427 2673 5488 sperat
2695 5459 2710 5483 ,
2748 5419 2929 5474 omnia
2944 5419 3211 5485 sustinet,
3250 5420 3492 5475 charitas
3509 5432 3656 5474 nun-

2092 5527 2110 5562 ε
2156 5523 2316 5579 quam
2357 5509 2591 5564 excidet.
2616 5506 2743 5563 Sive
2769 5508 3065 5578 prophetim
3088 5510 3517 5574 evacnalmntnr,
3545 5507 3659 5562 sive

2095 5620 2113 5654 ι
2152 5601 2354 5672 ,ιὶιιευτε
2389 5603 2718 5665 cessabunt,
2770 5601 2905 5665 sive,
2933 5602 3160 5657 scientia
3209 5603 3539 5656 destruetur.
3582 5599 3658 5652 Ex

2098 5711 2115 5743 ι
2161 5701 2315 5764 parte
2358 5692 2503 5747 enim
2546 5692 2946 5761 cognoscimus,
2990 5699 3044 5746 et
3091 5708 3155 5748 ex
3182 5703 3335 5762 parte
3365 5692 3654 5763 prophetae
