3946 6420
316 352 417 409 115

1143 347 1658 404 COLLECTIONES
1698 348 1765 403 IN
1804 349 2181 408 EPISTOLAS
2220 351 2306 405 ET
2347 351 2759 409 EVANGELIA.

3468 364 3568 422 ιιι

315 489 334 520 ι
385 483 521 523 mus.
561 466 696 522 Cum
748 471 927 519 autem
983 463 1190 518 venerit
1245 465 1388 534 quod
1419 463 1715 535 perfectum
1754 475 1874 526 εει,
1909 472 1958 531 Α
1986 465 2251 531 membra,
2277 474 2332 520 et
2353 467 2560 536 species
2589 467 2892 522 charitatis.
2939 467 3091 524 Sicut
3117 471 3209 540 qui
3235 471 3464 544 diligunt
3501 476 3568 529 li-

313 580 336 612 s
381 560 730 619 evacuabitur
813 557 958 627 quod
989 571 1054 612 ex
1084 564 1238 626 parte
1264 565 1366 612 est.
1401 558 1537 613 Cum
1561 575 1737 616 essem
1763 575 1886 630 par-

314 674 336 707 ο
381 653 561 718 vulus,
605 652 870 720 loquebar
905 656 966 704 ut
1010 649 1308 719 parvulus,
1346 650 1624 720 sapiebam
1668 658 1728 704 ut
1761 665 1887 719 par-

313 766 335 799 ‹
380 746 564 809 vulus,
604 743 910 814 cogitabam
972 748 1032 795 ut
1091 740 1367 810 parvulus.
1433 739 1659 806 Quando
1705 749 1886 797 autem

311 856 332 888 ι
376 834 551 891 factus
572 849 692 889 sum
722 832 824 895 vir,
851 831 1110 887 evacuavi
1139 845 1261 900 qua:
1288 839 1444 885 erant
1469 831 1698 901 parvuli.
1727 832 1888 886 Vide-

312 945 331 977 ι
376 940 497 982 mus
521 938 666 978 nunc
689 937 790 993 per
817 920 1096 990 speculum
1127 921 1182 975 in
1209 921 1514 990 aenigmate,
1549 929 1680 982 tunc
1705 929 1886 978 autem

313 1037 332 1067 ι
381 1014 518 1069 facie
550 1013 618 1068 ad
657 1011 872 1066 faciem.
913 1009 1068 1066 Nunc
1106 1026 1373 1082 cognosco
1419 1026 1488 1066 ex
1524 1021 1717 1082 parte,
1758 1021 1888 1066 tunc

310 1127 332 1160 ι
378 1115 558 1162 autem
591 1118 902 1174 :ognoscam
949 1103 1092 1158 sicut
1110 1103 1426 1174 eteognitus
1448 1119 1589 1159 sum.
1615 1104 1767 1160 Nunc
1789 1120 1886 1160 au-

309 1216 330 1249 s
378 1207 486 1254 tem
507 1202 746 1260 manent,
778 1193 930 1251 ﬁdes.
959 1209 1104 1263 spes,
1131 1194 1392 1261 charitas,
1421 1197 1526 1252 tria
1552 1196 1686 1260 haec,
1711 1196 1887 1267 major

310 1311 330 1346 ι
374 1303 558 1350 autem
587 1291 673 1347 his
703 1297 790 1345 est
821 1287 1082 1344 charitas.
1115 1305 1134 1339 ι

377 1383 440 1440 Si
467 1382 659 1454 linguis
710 1381 981 1435 hominum
1010 1377 1198 1449 loquar
1227 1386 1277 1433 et
1316 1377 1642 1450 angelorum.
1684 1378 1744 1433 In
1800 1379 1887 1435 his

303 1473 439 1528 locis
467 1471 575 1526 hoc
621 1470 804 1526 studet
832 1467 1147 1538 Apostolus,
1177 1475 1239 1522 ut
1261 1467 1390 1538 quia
1418 1467 1661 1522 nonnulli
1689 1482 1886 1539 magno

301 1559 576 1618 desiderio
614 1559 965 1629 requirebant
1017 1557 1157 1613 dona
1186 1557 1518 1628 linguarum,
1577 1555 1683 1612 illis
1733 1555 1886 1612 beni-

301 1651 561 1722 gnitatem
602 1647 857 1720 prmierat
887 1647 1194 1712 charitatis,
1223 1662 1329 1717 qua
1361 1646 1416 1701 in
1439 1646 1672 1716 proximi
1707 1646 1886 1702 chari-

302 1751 416 1796 tate
438 1740 789 1813 proﬁcerent,
814 1739 940 1809 quia
960 1739 1116 1807 signa
1143 1746 1364 1808 propter
1388 1736 1635 1796 inﬁdeles
1662 1738 1879 1804 dantur,

299 1833 545 1888 charitas
569 1847 698 1888 vero
734 1829 954 1902 angelos
975 1830 1237 1884 imitatur.

370 1922 568 1978 Factus
599 1940 715 1978 sum
739 1921 874 1978 velut
899 1939 972 1978 crs
996 1938 1211 1977 sonans.
1232 1920 1289 1975 Id
1315 1927 1420 1985 est,
1446 1921 1592 1990 quod
1621 1937 1729 1978 non
1752 1937 1877 1992 per—

300 2015 439 2069 tinet
462 2015 529 2069 ad
553 2014 757 2083 aliquid
782 2013 977 2069 animae
996 2010 1363 2079 commodum,
1388 2011 1482 2066 sed
1505 2011 1679 2068 solum
1702 2012 1878 2068 reddit

299 2108 419 2162 sine
448 2105 680 2162 utilitate
709 2105 986 2162 tinnitum.
1521 2171 1524 2174 .

376 2199 444 2253 Et
503 2199 549 2254 si
603 2199 836 2252 habuero
861 2197 1187 2269 praphetiam
1215 2238 1231 2262 ,
1269 2207 1318 2254 et
1355 2200 1589 2266 noverim
1625 2199 1878 2269 mysteria

296 2294 475 2346 omnia
513 2300 563 2346 et
607 2307 812 2345 omnem
857 2291 1150 2345 scientiam.
1190 2290 1484 2361 Prophetia
1526 2308 1647 2362 qua:
1695 2290 1876 2346 futura

294 2383 640 2454 pronuntiat,
671 2381 895 2436 scicntia
925 2382 1328 2452 mysteriorum,
1350 2397 1471 2452 quae
1501 2383 1711 2438 occulta
1744 2397 1876 2453 ape-

295 2475 371 2529 rit
417 2469 856 2544 Scripturarum,
913 2473 1030 2529 hinc
1072 2487 1267 2544 magna
1319 2490 1418 2545 per
1465 2490 1524 2530 se
1579 2482 1742 2540 sunt,
1780 2475 1876 2530 sed

297 2565 557 2621 charitati
587 2572 932 2634 comparata,
963 2565 1037 2620 ita
1083 2573 1138 2620 et
1173 2566 1380 2621 meritis
1416 2573 1538 2637 post
1568 2575 1876 2636 ponuntur,

291 2666 351 2712 ut
382 2657 498 2712 sine
525 2671 590 2712 ea
614 2656 705 2712 diu
730 2665 1003 2726 nequeant
1027 2656 1290 2727 possideri
1306 2697 1321 2721 ,
1357 2657 1432 2711 ita
1453 2671 1584 2727 ergo
1611 2657 1728 2714 sine
1750 2655 1878 2711 cha-

293 2749 458 2802 ritate
482 2761 677 2818 parum
711 2747 866 2814 utilia
895 2747 1264 2803 inveniuntur.
1291 2745 1548 2802 Charitas
1583 2760 1712 2802 vero
1733 2747 1878 2802 intra

271 2853 356 2893 .se
408 2838 573 2893 etiam
618 2837 720 2893 ista
761 2837 1139 2908 complectitur
1166 2877 1181 2901 ,
1225 2852 1342 2891 non
1395 2836 1597 2894 mirum
1646 2845 1730 2892 est
1756 2877 1773 2903 ,
1807 2838 1876 2912 ,εἰ

290 2930 684 2984 charismatum
733 2928 980 2998 partibus
1025 2927 1387 2998 praeferatur,
1438 2943 1560 2998 qua:
1615 2928 1876 3008 virtutum

290 3019 561 3089 perfectio
594 3029 652 3075 et
688 3019 823 3092 legis
873 3027 958 3074 est
1007 3018 1285 3089 plenitudo
1310 3058 1324 3082 ,
1393 3016 1536 3073 sicut
1573 3017 1804 3088 legimus
1856 3035 1872 3077 :

294 3111 578 3167 Plenitudo
616 3111 742 3182 legis
838 3120 913 3166 est
951 3109 1159 3164 dilectio
1189 3150 1203 3175 ,
1243 3118 1300 3164 et
1346 3109 1540 3163 iterum
1585 3126 1598 3162 :
1649 3106 1876 3162 Dilectio

289 3205 518 3274 proximi
544 3202 746 3258 malum
776 3220 880 3257 non
915 3211 1181 3273 operatur,
1213 3201 1332 3256 sine
1347 3201 1448 3267 hac
1462 3199 1716 3270 quahlibet
1737 3199 1872 3254 ﬁdes

290 3296 493 3351 habere
517 3294 979 3365 perseverantiam
1004 3309 1111 3348 non
1133 3300 1330 3364 potest,
1361 3301 1417 3347 et
1438 3291 1562 3362 quia
1589 3289 1752 3346 ﬁnem
1777 3291 1874 3346 bo—

288 3403 486 3441 norum
509 3387 564 3441 in
594 3401 651 3442 se
675 3401 782 3441 non
819 3385 1001 3450 habet,
1026 3384 1080 3439 in
1107 3383 1214 3438 ﬁne
1241 3382 1473 3438 deﬁciet.

365 3478 433 3532 Et
461 3479 505 3533 si
537 3476 765 3532 habuero
792 3493 995 3532 omnem
1019 3474 1198 3544 ﬁdem,
1228 3475 1306 3528 ita
1335 3484 1392 3528 ut
1421 3483 1621 3530 montes
1645 3474 1874 3545 transfe-

288 3586 444 3634 ram,
482 3569 794 3623 charitatem
833 3584 939 3622 non
975 3565 1243 3631 habuero,
1304 3564 1434 3620 nihil
1470 3582 1606 3620 sum.
1649 3564 1749 3622 Hic
1792 3565 1876 3619 in-

291 3661 551 3731 telligitur
581 3674 774 3731 magna
809 3658 942 3714 fides
977 3673 1117 3723 esse,
1158 3673 1277 3728 quae
1303 3657 1357 3711 in
1389 3657 1681 3728 Evangelio
1703 3672 1875 3729 grano

287 3754 502 3824 sinapis
529 3759 910 3822 comparatur,
956 3749 1100 3820 quod
1149 3765 1258 3806 non
1317 3756 1541 3818 propter
1599 3747 1877 3803 modicita-

289 3856 435 3910 tem,
475 3843 572 3901 sed
605 3851 829 3916 propter
868 3842 1233 3914 integritatem
1261 3881 1276 3907 ,
1339 3839 1427 3895 vel
1481 3839 1724 3912 vigorem
1783 3853 1876 3909 ap-

288 3939 529 4009 positum
585 3945 693 3993 est.
750 3935 1060 3991 Notandum
1108 3933 1253 4004 quod
1290 3933 1434 3988 inter
1474 3940 1670 3988 caztera
1708 3931 1874 3987 etiam

286 4034 466 4090 omnis
493 4032 637 4088 ﬁdes
661 4073 676 4100 ,
715 4046 840 4103 qua
860 4038 1075 4086 montes
1112 4026 1432 4092 transferat,
1463 4026 1582 4082 sine
1608 4025 1875 4104 charitate

287 4141 398 4181 non
432 4123 622 4194 prosit.

363 4215 430 4269 Et
453 4216 500 4270 si
529 4214 939 4270 distribueroxin
965 4212 1106 4268 cibos
1140 4227 1430 4282 pauperum
1485 4225 1660 4263 omnes
1709 4205 1874 4278 facul-

289 4315 423 4358 tates
460 4321 640 4370 meas,
677 4313 726 4358 et
753 4304 801 4358 si
850 4302 1119 4358 tradidero
1175 4316 1364 4370 corpus
1407 4315 1579 4353 meum
1605 4339 1621 4363 ,
1683 4298 1758 4351 ita
1818 4305 1872 4350 ut

287 4394 507 4448 ardeam
529 4434 545 4459 ,
583 4394 893 4448 charitatem
931 4403 1106 4447 autem
1151 4408 1256 4446 non
1289 4391 1519 4446 habuero
1539 4431 1553 4456 ,
1586 4389 1716 4444 nihil
1743 4391 1872 4469 mihi

289 4485 518 4556 prodest.
563 4485 887 4542 Distributio
919 4483 1238 4540 facultatum
1263 4524 1280 4550 ,
1317 4491 1373 4537 ct
1410 4483 1738 4552 contemptio
1783 4481 1865 4538 fa-

291 4579 554 4633 cultatum
578 4619 592 4643 ,
633 4587 688 4634 et
718 4584 1060 4646 contemptus
1094 4577 1446 4645 praesentium
1491 4575 1655 4631 etiam
1703 4588 1867 4644 penes

288 4669 571 4739 gentilium
616 4668 980 4737 Pliiiosopbos
999 4667 1304 4737 invenitur,
1351 4674 1403 4719 et
1429 4663 1669 4718 nonnulli
1701 4679 1868 4734 paga-

291 4777 482 4818 norum
533 4777 731 4830 corpus
782 4759 996 4830 ignibus
1040 4767 1262 4829 propter
1315 4757 1605 4811 humanam
1642 4755 1865 4826 gloriam

292 4855 648 4908 tradiderunt.
695 4853 750 4908 Si
780 4867 909 4924 ergo
941 4852 1019 4905 ira
1064 4857 1255 4905 contra
1297 4849 1604 4919 proximum
1645 4847 1725 4902 vel
1757 4862 1868 4900 ma-

292 4945 409 5000 litia
437 4946 491 4999 in
521 4947 682 5001 corde
720 4954 985 5010 teneatur,
1014 4944 1260 5014 martyrii
1293 4942 1463 5014 gloria
1499 4941 1638 4995 adiri
1667 4947 1867 5010 potest,

293 5039 654 5094 consummari
684 5054 788 5094 non
817 5046 1013 5108 potest.
1044 5036 1266 5092 Sicutin
1291 5034 1582 5106 Evangelia
1605 5032 1868 5104 legimus:

298 5130 448 5184 Multi
506 5130 677 5184 dicent
726 5129 854 5182 mihi
907 5129 963 5182 in
1011 5127 1107 5182 illa
1156 5127 1276 5192 die,
1318 5125 1580 5189 Domine,
1628 5123 1868 5178 Domine.

295 5223 484 5277 Nonne
517 5223 572 5275 in
607 5223 814 5276 nomine
850 5231 940 5274 tuo
983 5219 1438 5290 prophetatvimus,
1479 5227 1526 5270 et
1561 5217 1615 5270 in
1644 5225 1733 5268 tuo
1779 5231 1872 5267 na-

291 5315 428 5368 mine
456 5314 670 5368 virtutes
697 5311 890 5367 multas
921 5311 1170 5380 fecimus,
1223 5319 1269 5363 et
1323 5319 1447 5362 tunc
1494 5308 1666 5362 dicam
1713 5305 1819 5360 illis
1851 5324 1868 5360 :

291 5403 553 5458 Discedite
599 5421 633 5457 a
679 5419 780 5466 me,
839 5419 1017 5458 omnes
1073 5401 1161 5471 qui
1200 5398 1489 5470 operamini
1537 5398 1868 5468 iniquitatem

289 5494 506 5556 (Matth.
536 5494 655 5563 vn).
680 5493 773 5550 Isti
797 5509 926 5564 ergo
954 5493 1169 5548 labores
1193 5505 1339 5556 suos,
1365 5489 1448 5545 vel
1465 5488 1757 5544 dilectione
1778 5501 1872 5541 ne-

288 5586 460 5655 glecta
472 5627 488 5650 ,
506 5585 586 5639 vel
613 5585 850 5638 vanitate
871 5592 1146 5652 suscepta,
1164 5581 1250 5638 vel
1265 5583 1630 5648 subsequente
1644 5593 1868 5650 operum

290 5677 600 5748 iniquitate,
633 5674 1005 5747 perdiderant.

358 5766 605 5821 Charitas
625 5767 827 5836 patiens
845 5773 939 5818 est.
961 5762 1113 5818 Modo
1134 5762 1446 5832 singillatim
1465 5760 1726 5817 describit
1750 5759 1866 5830 ipsa

1988 555 2108 620 lios,
2132 570 2320 611 omnes
2338 571 2525 611 eorum
2549 559 2815 628 patienter
2839 569 3062 629 portant
3092 560 3339 642 injurias,
3371 565 3444 619 ita
3475 566 3569 635 qui

1988 644 2068 702 vel
2107 646 2416 715 proximum
2445 646 2528 702 vel
2573 647 2741 706 Deum
2769 648 2972 722 diligit,
3026 651 3224 707 nullius
3276 664 3567 724 superatur

1986 751 2222 805 injuriis.

2055 826 2299 882 Charitas
2323 845 2428 883 non
2453 831 2752 884 a‘mulatur.
2800 829 3100 889 .‘Emnlatio
3144 842 3200 890 et
3255 835 3486 894 imitatio
3513 846 3570 896 et

1987 917 2280 973 invidentia
2305 917 2642 991 intelligitur.
2674 921 2910 976 lmitatio
2940 923 3029 979 ubi
3053 924 3128 978 ait
3155 942 3170 981 :
3213 924 3566 982 Emulamini

1985 1010 2315 1065 charismata
2345 1012 2589 1067 meliora.
2620 1012 2722 1068 Hic
2747 1022 2926 1069 autem
2953 1031 3052 1085 pro
3074 1016 3367 1074 invidentia
3395 1021 3526 1076 dicit
3551 1040 3561 1074 :

1986 1099 2237 1156 Charitas
2261 1117 2368 1172 non
2395 1103 2698 1170 aemulatur,
2730 1104 2780 1158 id
2810 1114 2914 1170 est,
2959 1106 3088 1161 nulli
3141 1107 3366 1164 invidet.
3397 1109 3566 1166 Nemo

1987 1191 2131 1245 enim
2152 1191 2246 1257 illi,
2271 1208 2431 1262 quem
2457 1209 2582 1249 vere
2603 1193 2792 1266 diligit,
2819 1195 3034 1263 invidit,
3052 1197 3421 1272 cujuscunque
3442 1218 3563 1257 eum

1985 1283 2172 1355 gloria:
2196 1283 2377 1340 videat
2403 1285 2486 1340 vel
2513 1286 2734 1341 honoris
2757 1327 2772 1352 ,
2814 1289 2910 1342 sed
2937 1303 3152 1344 omnem
3195 1291 3311 1362 ejus
3338 1292 3564 1348 felicita-

1987 1384 2096 1430 tem
2119 1416 2134 1441 ,
2171 1376 2325 1445 quasi
2356 1391 2508 1431 suam
2546 1375 2778 1432 libenter
2807 1378 3171 1448 amplectitur.

2058 1467 2180 1521 Non
2211 1467 2316 1538 agit
2343 1483 2636 1538 perperam.
2666 1467 2956 1538 Perperam
2987 1469 3241 1524 dicuntur
3264 1487 3370 1526 non
3393 1481 3561 1540 recta,

1985 1563 2080 1618 sed
2105 1577 2382 1632 perversa,
2407 1561 2549 1631 quod
2575 1562 2815 1616 cbaritas
2839 1578 2945 1617 non
2971 1563 3103 1634 agit,
3121 1564 3245 1633 quia
3265 1565 3446 1620 omnia
3471 1583 3562 1622 se-

1985 1654 2222 1708 cundum
2249 1652 2495 1708 ordinem
2525 1650 2676 1719 facit,
2705 1663 2760 1707 et
2788 1667 2948 1708 omne
2967 1653 3158 1708 vitium
3181 1653 3327 1711 foras
3347 1657 3564 1726 penitus

1983 1743 2240 1798 excludit.

1905 1815 1954 1874 Β
2054 1829 2179 1886 Non
2224 1832 2464 1902 inﬂatur.
2497 1830 2554 1886 Id
2576 1838 2660 1886 est
2688 1832 2744 1886 in
2779 1833 3108 1903 superbiam,
3134 1849 3254 1906 qua:
3281 1843 3458 1890 mater
3478 1846 3563 1891 est

1981 1923 2255 1990 vitiorum,
2289 1940 2396 1979 non
2423 1924 2701 1980 extollitur
2725 1965 2740 1991 ,
2767 1925 2897 1996 quia
2942 1925 3330 1996 plenitudinem
3381 1928 3562 1983 studet

1979 2015 2258 2086 possidere
2288 2015 2574 2069 virtutum.

2051 2105 2264 2180 (ναις.)
2307 2106 2494 2162 Modus
2544 2105 2643 2162 iste
2691 2105 2982 2162 locutionis
3020 2107 3448 2163 considerandus
3478 2118 3563 2163 cst

1979 2198 2284 2266 diligenter.
2315 2195 2430 2252 Non
2472 2198 2617 2252 enim
2643 2213 2741 2268 per
2769 2212 2826 2252 se
2876 2197 2992 2270 ipsa
3018 2196 3278 2261 charitas,
3330 2206 3424 2251 aut
3452 2214 3558 2251 non

1977 2291 2220 2346 aemulari
2243 2290 2461 2360 poterit,
2487 2297 2579 2343 aut
2608 2306 2714 2344 non
2743 2288 2917 2344 inﬂari
2939 2330 2955 2355 ,
2996 2290 3093 2344 sed
3134 2289 3313 2344 omnis
3358 2290 3522 2344 homo
3542 2331 3557 2354 ,

1978 2381 2070 2452 qui
2116 2379 2356 2450 ejusdem
2405 2379 2465 2433 lit
2508 2379 2781 2450 particeps
2827 2379 3146 2444 cbaritatis,
3181 2395 3287 2434 non
3343 2378 3562 2434 inﬂatur

1977 2488 2153 2544 neque
2186 2472 2484 2536 aemulatur,
2529 2487 2768 2537 revera,
2791 2479 2850 2526 ut
2893 2472 3063 2542 ipsius
3097 2473 3382 2527 cbaritatis
3409 2472 3551 2529 dono

1979 2567 2200 2622 ditatus.
2236 2566 2312 2620 Eo
2362 2565 2521 2620 modo
2551 2564 2837 2619 locutionis
2895 2563 3021 2619 alibi
3052 2565 3222 2620 utitur
3264 2562 3556 2634 Apostolus

1979 2658 2208 2714 dicens:
2251 2656 2419 2721 Eum,
2458 2655 2552 2726 qui
2579 2671 2689 2710 non
2728 2662 2957 2710 noverat
2975 2662 3259 2724 peceatum
3285 2696 3301 2721 ,
3329 2671 3429 2726 pro
3466 2671 3557 2710 no-

1978 2749 2062 2804 bis
2089 2757 2374 2819 peccatum
2404 2745 2562 2813 fecit,
2593 2752 2654 2801 ut
2703 2761 2804 2800 nos
2833 2744 3172 2801 efﬁceremur
3213 2745 3426 2816 justitia
3465 2745 3562 2800 Dei

1978 2840 2034 2896 in
2063 2842 2200 2912 ipso,
2246 2841 2372 2896 dum
2398 2855 2502 2894 non
2524 2836 2740 2908 justitia
2766 2839 3052 2893 credentes
3080 2835 3411 2904 efﬁciamur,
3467 2840 3560 2893 sed

1976 2933 2264 3002 participes
2287 2929 2544 2999 iustitiae,
2577 2929 2680 2986 hoc
2717 2941 2822 2995 est,
2851 2929 2983 3002 justi
3011 2943 3108 2998 per
3129 2927 3289 2983 ﬁdem
3319 2929 3560 2984 invenia-

1976 3037 2100 3076 mur
2121 3021 2175 3075 in
2201 3019 2438 3076 Christo.
2464 3017 2759 3074 Peccatum
2779 3033 2909 3072 vero
2938 3017 3089 3081 dicit,
3115 3015 3443 3070 sacriﬁcium
3460 3031 3560 3086 pro

1976 3120 2224 3186 peccato,
2251 3121 2309 3166 ut
2331 3111 2496 3167 Isaias
2517 3111 2597 3166 ait
2639 3129 2651 3164 :
2691 3107 2918 3164 Peccata
2939 3108 3120 3180 populi
3141 3107 3241 3161 mei
3264 3109 3557 3171 comedent,

1979 3204 2035 3261 id
2064 3212 2168 3270 εει,
2193 3204 2372 3260 oblata
2403 3203 2457 3258 in
2487 3200 2818 3258 sacriﬁcium
2841 3215 2938 3270 pro
2959 3208 3202 3269 peccato.

2053 3298 2176 3352 Non
2201 3306 2275 3352 est
2295 3296 2596 3351 ambitiosa.
2611 3293 2947 3349 Ambitiosus
2967 3290 3167 3347 dicitur
3186 3294 3469 3364 superbus,
3493 3310 3559 3349 eo

1979 3389 2121 3461 quod
2146 3391 2381 3444 honores
2396 3387 2620 3452 ambiat,
2638 3385 2782 3457 quod
2795 3384 3034 3438 Charitas
3050 3399 3155 3438 non
3173 3391 3276 3450 est,
3301 3384 3430 3456 quia
3444 3401 3561 3440 ma-

1969 3480 2059 3552 jor
2080 3481 2204 3536 aliis
2218 3495 2338 3537 esse
2358 3495 2464 3535 non
2489 3479 2682 3544 ambit,
2704 3491 2825 3549 qua:
2845 3491 3114 3532 summum
3135 3476 3361 3548 gradum
3382 3477 3436 3530 in
3459 3477 3560 3531 lni-

1977 3572 2206 3628 militatc
2226 3570 2527 3627 constituit.

2051 3663 2178 3719 Non
2205 3663 2535 3734 quceritqua:
2572 3677 2670 3714 sua
2730 3667 2871 3714 sunt.
2920 3657 2977 3713 Id
3023 3666 3138 3725 est,
3191 3674 3301 3713 non
3356 3660 3560 3728 cogitat

1979 3763 2224 3819 tantum,
2262 3752 2406 3823 quod
2439 3751 2543 3806 sibi
2574 3749 2703 3805 utile
2733 3757 2848 3816 est,
2894 3748 2988 3804 sed
3011 3748 3154 3819 quod
3198 3748 3318 3804 aliis
3353 3749 3560 3803 utiliter

1977 3844 2262 3901 serviendo
2286 3842 2576 3898 ministret.

2051 3934 2174 3992 Non
2189 3935 2452 3988 irritatur.
2465 3932 2522 3987 Id
2536 3939 2641 3998 est,
2659 3931 2850 3986 alienis
2865 3930 3080 4000 injuriis
3099 3940 3414 4003 provocata,
3431 3933 3557 4001 quia

1978 4027 2047 4082 ab
2076 4042 2141 4082 eo
2163 4041 2323 4096 quem
2347 4022 2519 4096 diligit
2543 4023 2827 4096 provocari
2873 4039 2978 4079 non
3005 4031 3204 4094 potest,
3240 4038 3340 4078 nec
3365 4024 3433 4078 ad
3462 4023 3559 4078 ali—

1977 4133 2140 4190 quam
2168 4116 2476 4188 passionem
2514 4115 2717 4170 moveri

2049 4206 2172 4261 Non
2195 4206 2384 4277 cogitat
2405 4204 2620 4258 malum.
2646 4203 2765 4259 Non
2784 4202 2957 4257 solum
2977 4217 3083 4256 non
3099 4201 3248 4268 facit,
3265 4200 3358 4257 sed
3383 4219 3450 4258 ne
3466 4220 3558 4259 co—

1976 4300 2113 4372 gitat
2132 4298 2372 4369 quidem.
2401 4295 2592 4366 Magna
2614 4297 2788 4350 virtus
2807 4303 2892 4349 est
2919 4293 3178 4362 Charitas,
3207 4309 3326 4364 qua:
3355 4295 3556 4350 malum

1975 4391 2139 4445 etiam
2169 4403 2199 4442 a
2221 4403 2382 4443 sensu
2411 4385 2760 4458 cogitationis
2793 4382 3055 4440 excludit.
3098 4404 3122 4424 -ο

2049 4479 2174 4534 Non
2204 4476 2396 4550 gaudet
2447 4494 2604 4548 super
2649 4475 2936 4547 iniquitate.
3046 4473 3103 4529 Id
3131 4482 3234 4540 est,
3266 4477 3556 4532 contrista-

1974 4581 2064 4628 tur
2089 4572 2133 4628 si
2162 4571 2399 4640 aliquem
2428 4569 2514 4624 vel
2546 4568 2739 4624 fecisse
2776 4566 3117 4637 iniquitatem
3150 4565 3235 4621 vel
3268 4568 3557 4636 pertulisse

1974 4661 2335 4732 conspexerit.

2046 4750 2352 4823 Congaudet
2374 4760 2549 4806 autem
2575 4751 2803 4805 veritati.
2823 4749 2881 4805 Id
2896 4758 3001 4817 est,
3025 4751 3110 4806 vel
3126 4751 3192 4807 de
3203 4749 3363 4807 bonis
3380 4749 3555 4820 operi-

1971 4845 2092 4906 bus,
2118 4843 2203 4897 vel
2225 4843 2290 4898 de
2315 4842 2418 4898 fide
2432 4850 2487 4897 et
2507 4843 2737 4898 veritate
2753 4844 3060 4915 congaudet
3077 4841 3230 4914 cujus
3250 4841 3453 4898 bonum
3475 4844 3556 4898 vi.

1973 4935 2066 4990 det
2094 4951 2124 4989 a
2147 4935 2398 5004 proximo
2421 4934 2710 5004 possideri.

2050 5027 2242 5082 Omnia
2272 5028 2478 5097 su/fcrt,
2509 5035 2615 5082 etc.
2649 5026 2847 5082 Levem
2874 5027 3017 5082 enim
3043 5027 3191 5083 ducit
3211 5028 3444 5098 proximi
3469 5028 3554 5082 sui

1975 5120 2188 5189 culpam
2215 5120 2343 5174 dum
2374 5127 2467 5174 aut
2488 5120 2923 5175 emendationem
2962 5117 3080 5187 ejus
3113 5129 3394 5192 exspectat
3463 5130 3557 5175 aut

1977 5211 2280 5266 mercedem
2303 5211 2403 5266 sibi
2434 5211 2499 5265 dc
2522 5210 2935 5281 longanimitate
2965 5211 3251 5281 promittit.

2045 5299 2291 5355 Charitas
2333 5318 2603 5371 nunquam
2633 5301 2855 5355 excidit.
2905 5298 3020 5355 Non
3059 5301 3260 5357 excidit
3298 5300 3450 5363 dicit,
3503 5299 3554 5354 ω

1974 5400 2079 5459 εει,
2105 5390 2288 5462 elapsa
2323 5406 2429 5445 non
2459 5399 2573 5454 est,
2605 5390 2686 5445 vel
2719 5405 2824 5444 non
2852 5391 3104 5454 excessit,
3129 5389 3246 5460 ipsa
3271 5389 3414 5444 enim
3438 5389 3554 5442 sola

1972 5492 2259 5555 permanet
2297 5484 2352 5538 in
2383 5481 2646 5547 futurum,
2689 5480 2773 5537 vel
2807 5491 2976 5548 certe,
3004 5481 3130 5551 quia
3159 5494 3285 5534 vera
3311 5486 3414 5543 est,
3447 5495 3556 5533 non

1972 5576 2273 5632 mutabitur
2300 5574 2384 5629 vel
2413 5574 2618 5629 linitur.

2045 5665 2158 5722 Sire
2202 5665 2488 5736 prophetia?
2525 5662 2940 5727 eracuabuntur,
2975 5669 3029 5716 ct
3064 5659 3162 5714 rel.
3205 5657 3310 5712 Ista
3337 5672 3458 5728 qua:
3484 5657 3554 5711 ad

1973 5758 2219 5813 homines
2267 5756 2537 5826 pertinent
2583 5754 3136 5815 consummabuntur,
3180 5751 3264 5805 illa
3321 5765 3439 5820 qua:
3483 5754 3550 5805 ad
