3946 6476
425 375 447 428 1
470 379 484 428 l
496 376 532 431 5
1665 376 2021 434 SMARAGDI
2060 377 2350 435 ABBATIS

422 490 670 546 affectum
697 492 926 561 proximi
957 501 1012 547 et
1039 493 1105 547 ad
1129 492 1453 548 cbaritatem
1485 492 1579 547 Dei
1605 492 1837 562 proﬁcit,
1866 506 1988 562 per-
2015 491 2067 550 Δ

420 581 679 638 manebit,
2169 601 2187 634 ι
2231 582 2536 654 Assumpsit
2557 583 2713 639 Iesus
2750 585 3033 640 duodecim
3067 585 3360 657 discipulos
3409 604 3560 655 siros,
3609 604 3667 648 et

489 673 575 728 Ea:
593 683 741 745 parte
761 677 898 730 enim
913 677 1272 748 cognoscimus
1291 687 1340 732 et
1354 695 1419 732 ea:
1437 686 1588 748 parte
1598 676 1985 748 prophetamus.
2096 688 2116 722 ι
2161 673 2237 726 ait
2265 673 2372 729 illis
2402 693 2415 728 :
2445 674 2584 730 Ecce
2606 675 2948 732 ascendimus
2975 675 3422 749 Hierosolymam,
3453 689 3508 738 et
3533 699 3664 739 eorr-

414 763 568 820 Nunc
593 781 700 820 non
721 766 902 821 omnia
927 768 1148 833 scimus,
1174 782 1276 822 nec
1294 768 1472 822 omnia
1497 769 1904 838 prophetamus,
1933 775 1990 821 et
2095 779 2113 810 ε
2158 762 2573 817 summabuntur
2591 765 2771 818 omnia
2801 780 2920 834 qua:
2949 765 3149 834 scripta
3171 778 3298 821 sunt
3319 784 3415 838 per
3430 772 3664 842 prophe-

413 855 492 909 sic
517 855 618 910 ista
641 855 1093 923 destruuntur,ut
1110 857 1413 928 proﬁciant,
1431 873 1529 930 per
1542 860 1642 913 ista
1657 858 1800 914 enim
1818 858 1986 911 adilla
2093 871 2110 902 ι
2156 863 2242 906 tas
2263 852 2333 906 de
2364 852 2472 907 ﬁlio
2500 853 2733 908 hominis
2761 871 2771 905 :
2801 855 3044 909 tradetur
3069 855 3213 908 enim
3243 860 3493 928 gentibus
3519 871 3576 916 et
3603 863 3664 916 il—

411 945 709 1012 vcniemus,
735 963 796 1002 ac
822 948 900 1003 sic
924 949 1348 1014 evacuabuntur,
1378 947 1506 1004 dum
1527 948 1772 1002 umbram
1784 948 1986 1002 verias
2092 961 2110 993 ι
2156 943 2372 997 ludetur
2397 982 2412 1007 ,
2449 951 2506 998 ei
2537 943 2923 1014 ﬂagellabilur,
2967 954 3022 1000 et
3047 958 3390 1016 conspuetur.
3419 951 3486 1004 Et
3505 963 3657 1022 post-

409 1043 463 1089 et
492 1051 642 1106 spem
673 1053 762 1100 res
783 1039 898 1107 ipsa
925 1040 1274 1094 submoverit.
2094 1051 2109 1084 l
2153 1049 2315 1104 quam
2341 1033 2746 1103 ﬁagellaverint,
2796 1036 3044 1090 occident
3087 1051 3236 1102 eum,
3276 1048 3331 1092 et
3364 1040 3522 1095 tertia
3571 1043 3660 1097 die

481 1127 612 1181 Cum
635 1137 808 1182 autem
827 1129 1022 1182 venerit
1047 1129 1186 1199 quod
1206 1128 1492 1198 perfectum
1516 1138 1614 1193 est,
1646 1128 1985 1182 eeacuabitur
2089 1141 2108 1174 ι
2154 1132 2417 1193 resurget.
2452 1125 2518 1178 Et
2544 1125 2643 1194 ipsi
2674 1126 2804 1179 nihil
2831 1126 3022 1180 horum
3046 1127 3444 1196 intellexerunt,
3465 1141 3520 1186 et
3537 1143 3659 1188 erat

2409 509 2748 549 EVANGEIJIJI
2788 511 2970 559 ιυαε,
3019 513 3139 550 esp.
3174 513 3326 552 nm.

406 1218 548 1275 quod
567 1235 632 1272 ea:
653 1229 798 1282 parte
819 1229 912 1273 est.
945 1219 1021 1272 Ex
1045 1228 1200 1289 parte
1228 1228 1330 1283 est,
1356 1219 1498 1289 quod
1526 1220 1580 1274 in
1608 1220 1826 1289 speculo
1850 1220 1981 1274 etin
2087 1230 2108 1264 ι
2155 1212 2549 1269 verbum-istud
2582 1216 2956 1270 absconditum
2985 1217 3053 1272 ab
3086 1218 3203 1283 eis.
3237 1229 3295 1274 et
3336 1237 3441 1275 non
3491 1225 3653 1278 intel-

406 1307 690 1378 mnigmate
723 1307 912 1362 allecto
939 1308 1295 1363 desiderantis
1337 1309 1646 1379 inquiritur.
1673 1309 1980 1364 Perfectum

404 1407 507 1464 est,
531 1400 744 1469 quando
769 1399 822 1454 id
843 1399 985 1469 quod
1002 1399 1054 1453 in
1069 1401 1470 1470 exspectatione
1484 1401 1838 1468 promittitur,
1856 1417 1982 1457 san-

405 1491 506 1545 ctis
533 1491 588 1545 in
613 1493 956 1561 possessione
994 1491 1243 1547 donatur.

475 1581 583 1652 (Ea:
617 1581 778 1638 Joan.
812 1583 1024 1656 Chrys.)
1058 1584 1210 1651 Quod
1247 1595 1396 1641 certe
1424 1593 1582 1640 vetus
1618 1601 1648 1640 a
1679 1600 1814 1640 nova
1860 1586 1979 1657 lege

399 1686 657 1742 perpessa
685 1681 807 1738 est,
858 1689 960 1729 nec
1017 1681 1196 1730 tamen
1250 1676 1505 1730 continuo
1534 1675 1796 1732 adversus
1825 1693 1977 1732 nova:

400 1762 533 1833 legis
583 1762 823 1834 loquitur
878 1765 1214 1836 dignitatem,
1247 1781 1370 1820 cum
1407 1775 1587 1834 tamen
1628 1767 1783 1822 nobis
1809 1768 1977 1823 caelo-

2091 1321 2108 1354 ι
2157 1303 2405 1358 lexerunt
2433 1321 2553 1374 qua:
2579 1306 2914 1360 dicebantur.
2942 1306 3168 1362 Factum
3193 1317 3274 1363 est
3305 1320 3483 1366 autem
3529 1330 3657 1369 cum

2086 1411 2106 1446 ο
2152 1396 2607 1467 appropinquaret
2653 1395 2902 1462 Iericho,
2952 1414 3128 1454 eazcus
3179 1401 3395 1470 quidam
3431 1405 3656 1460 sedebat

2084 1503 2106 1538 ι
2150 1489 2492 1542 secus'viam
2525 1489 2857 1542 mendicans.
2901 1488 2970 1542 Et
3013 1505 3134 1544 cum
3181 1492 3394 1548 audiret
3437 1496 3653 1549 turbam

2086 1594 2104 1626 α
2148 1585 2583 1647 pnntereuntem,
2608 1577 2974 1648 interrogabat
3003 1580 3134 1649 quid
3163 1580 3264 1634 hoc
3293 1590 3456 1636 esset.
3490 1583 3653 1637 Dixe-

2085 1688 2103 1721 ι
2147 1677 2274 1722 runt
2298 1675 2478 1724 autem
2510 1669 2582 1735 ei,
2633 1669 2776 1737 quod
2823 1667 2977 1723 Iesus
3014 1667 3340 1726 Nannenus
3373 1673 3647 1727 transiret.

2085 1779 2105 1812 ο
2149 1760 2214 1815 Ει
2242 1761 2694 1816 clamavitdieens
2718 1779 2731 1815 :
2757 1761 2882 1815 Iesu
2916 1761 2988 1815 ﬁli
3020 1762 3202 1826 David,
3224 1764 3486 1818 miserere
3517 1766 3646 1819 mei.

396 1869 518 1909 rum
547 1869 714 1926 regno
758 1855 1121 1926 patientibus,
1176 1856 1326 1910 illam
1377 1871 1591 1927 quoque
1639 1866 1969 1913 cessatur-am
2001 1854 2048 1912 B
2081 1871 2098 1904 ι
2146 1854 2213 1908 Et
2237 1854 2326 1924 qui
2348 1855 2639 1924 praeibam,
2671 1854 3020 1922 increpabant
3045 1869 3167 1908 eum
3188 1864 3249 1908 ut
3277 1863 3499 1910 taceret.
3529 1856 3649 1924 ipse

395 1961 516 2001 esse
546 1946 808 2011 dicamus,
838 1945 932 2002 sed
977 1947 1226 2016 quamvis
1251 1945 1454 2016 majora
1479 1947 1804 2014 succedant,
1833 1949 1973 2004 hanc

395 2044 576 2092 tamen
626 2036 978 2092 nihilominus
1012 2036 1355 2102 conﬁtemur,
1406 2037 1498 2092 ubi
1544 2037 1670 2107 quia
1705 2039 1971 2108 ampliora

396 2133 523 2180 sunt
580 2127 801 2196 praemia
856 2134 912 2182 et
964 2127 1290 2182 eminentior
1342 2128 1519 2183 sancti
1563 2130 1804 2200 Spiritus
1850 2145 1973 2201 gra-

396 2217 468 2270 tia
494 2257 508 2282 ,
550 2225 946 2288 consequenter
981 2218 1329 2290 requirentur
1365 2220 1531 2276 etiam
1596 2220 1803 2292 majora
1853 2237 1972 2278 cer-

392 2306 622 2364 lamina.

461 2396 594 2453 Cum
621 2417 782 2454 essem
823 2400 1108 2473 parvulus,
1159 2401 1408 2473 loquebar
1450 2411 1508 2456 ut
1550 2402 1818 2475 parvulus.
1866 2403 1968 2477 (Ex

388 2491 648 2568 Primas.)
672 2495 934 2567 Exemplo
956 2495 1190 2553 carnalis
1215 2496 1555 2562 incrementi,
1575 2496 1832 2568 spiritalis
1852 2498 1970 2554 vult

389 2597 696 2643 monstrare
719 2587 1046 2659 profectum.

460 2678 568 2752 (Ex
595 2680 912 2754 Ambrosio.)
972 2679 1064 2738 Sic
1087 2697 1216 2756 ergo
1239 2686 1516 2739 hominum
1559 2681 1885 2739 mirabilium
1909 2683 1966 2738 in

385 2769 492 2825 hac
541 2770 653 2824 vita
703 2772 990 2842 prophetia
1021 2772 1094 2829 ita
1142 2773 1505 2843 comparanda
1534 2781 1618 2830 est
1667 2774 1746 2829 illi
1794 2776 1962 2843 vitae,

385 2859 543 2930 quasi
570 2862 781 2931 parvuli
806 2863 873 2918 ad
895 2861 1170 2933 juvenem.
1199 2863 1351 2920 Vidit
1373 2874 1549 2920 lumen
1581 2865 1795 2922 Eliseus
1818 2865 1964 2923 acci-

383 2953 620 3020 pientem
659 2969 883 3010 munera
919 2969 1134 3010 servum
1173 2971 1328 3011 suum
1350 2998 1364 3022 ,
1393 2957 1488 3014 ubi
1532 2957 1646 3027 ipse
1683 2971 1791 3012 non
1820 2965 1958 3014 erat.

381 3039 460 3094 Ita
517 3056 642 3096 cum
697 3042 907 3098 venerit
965 3045 1107 3113 quod
1163 3043 1463 3116 perfectum
1521 3055 1626 3112 est,
1687 3055 1790 3103 nec
1846 3047 1960 3117 jam

384 3146 581 3200 corpus
634 3132 986 3204 corruptibile
1049 3135 1426 3204 aggra'vaverit
1483 3135 1719 3190 animam
1745 3177 1760 3202 ,
1824 3135 1959 3191 nihil

382 3223 697 3293 impedient,
721 3223 826 3280 illis
850 3225 1051 3282 sanctis
1071 3226 1138 3282 ad
1160 3239 1224 3281 ea
1246 3240 1366 3296 quae
1391 3226 1620 3282 videnda
1643 3235 1789 3294 sunt,
1815 3227 1958 3284 oculi
1985 3215 2031 3278 C

379 3330 647 3385 corporei.

450 3403 675 3470 Quando
708 3407 878 3476 factus
924 3425 1038 3462 sum
1084 3408 1192 3473 vir,
1243 3411 1494 3465 evacuavi
1537 3427 1758 3482 ea-qute
1809 3421 1958 3465 erant

373 3496 602 3564 parvuli.
634 3496 735 3568 (Ex
756 3497 1009 3569 Primas.)
1042 3497 1288 3555 Ostendit
1314 3499 1581 3571 quomodo
1613 3513 1948 3557 evacuantur

377 3587 471 3643 illa
501 3604 621 3659 qua:
642 3591 889 3661 superius
928 3594 1278 3658 memoravit,
1324 3595 1476 3664 quasi
1505 3593 1711 3664 parvuli
1734 3594 1823 3664 qui
1849 3609 1954 3648 non

377 3674 650 3747 possimus
670 3681 1019 3738 serenissima
1031 3681 1212 3736 cordis
1233 3683 1348 3738 acie
1366 3681 1619 3752 perfecta:
1645 3683 1822 3737 lumen
1837 3697 1957 3752 per-

377 3769 589 3837 spicere
616 3769 881 3827 veritatis.

455 3861 704 3917 Videmus
733 3882 981 3936 nuncper
1010 3865 1295 3936 speculum.
1343 3867 1401 3923 Id
1452 3875 1557 3933 est,
1615 3868 1668 3922 in
1705 3867 1870 3938 ﬁgura
1900 3874 1954 3920 et

375 3967 476 4022 per
501 3953 778 4024 speculum
831 3955 952 4012 ﬁdei
1005 3966 1060 4012 et
1091 3972 1188 4029 per
1234 3958 1562 4018 intellectum
1601 3959 1737 4030 legis
1763 3959 1916 4028 quasi

377 4041 673 4114 imaginem
702 4061 881 4101 rerum
903 4047 1169 4104 videmus.

450 4131 517 4186 In
552 4135 847 4205 mnigmatc.
879 4137 977 4206 (Ex
999 4138 1183 4212 Amb.)
1213 4137 1470 4210 Aﬁnigma
1491 4150 1574 4196 est
1596 4141 1829 4199 obscura
1857 4155 1952 4210 pa-

370 4221 556 4280 rabola
582 4267 595 4290 ,
626 4243 745 4297 qua:
767 4227 978 4285 difﬁcile
1013 4231 1360 4304 intelligitur,
1393 4234 1535 4289 sicut
1577 4233 1798 4288 nomine
1829 4247 1951 4306 spe-

371 4315 479 4370 culi
502 4317 788 4389 imaginem
811 4321 981 4376 voluit
1005 4321 1268 4396 intelligi,
1321 4325 1393 4380 ita
1438 4325 1655 4380 nomine
1694 4326 1950 4397 aenigma-

372 4408 474 4473 tis,
513 4411 760 4478 quamvis
808 4413 1250 4482 similitudinem,
1290 4423 1468 4470 tamen
1518 4415 1804 4470 obscuram
1831 4456 1847 4481 ,
1895 4423 1952 4470 et

369 4497 438 4551 ad
485 4500 918 4570 perspiciendum
982 4503 1252 4560 difﬁcilem
1309 4505 1481 4559 voluit
1535 4504 1782 4576 intelligi.
1844 4505 1950 4559 No-

369 4602 495 4641 men
525 4589 720 4660 quippe
747 4606 853 4646 non
879 4601 1098 4649 sonaret
1121 4594 1446 4664 aenigmatis,
1474 4593 1520 4650 si
1548 4602 1694 4650 esset
1717 4592 1948 4651 facilitas

365 4692 612 4734 γιδιοηιε.

440 4767 586 4824 Tunc
606 4781 781 4828 autem
809 4773 946 4842 facie
971 4775 1041 4830 ad
1065 4776 1274 4847 faciem.
1320 4775 1378 4830 Id
1403 4784 1504 4842 est,
1531 4793 1654 4832 cum
1675 4785 1800 4834 ante
1821 4792 1948 4835 ocu-

363 4859 448 4915 los
475 4871 798 4931 prmsentata
829 4864 1034 4922 fuerint
1063 4884 1184 4936 qua:
1207 4878 1514 4937 sperantur.

445 4953 590 5009 Tunc
619 4967 793 5012 autem
823 4975 1136 5030 cognoscam
1175 4960 1309 5012 sicut
1342 4960 1578 5030 cognitus
1605 4956 1742 5016 sum.
1795 4961 1948 5017 Sicut

369 5043 457 5100 me
483 5044 723 5114 perfecte
753 5049 904 5104 novit
928 5046 1092 5113 Deus,
1119 5049 1193 5103 ita
1235 5056 1363 5105 tunc
1383 5067 1481 5121 ego
1498 5091 1513 5117 ,
1537 5067 1657 5123 quae
1678 5059 1802 5109 sunt
1825 5053 1942 5120 Dei,

368 5135 566 5191 mentis
592 5137 894 5208 capacitate
923 5152 1268 5207 cognoscam.

437 5223 597 5280 Nunc
622 5237 796 5280 autem
825 5235 1033 5280 manent
1058 5266 1072 5290 ,
1100 5244 1244 5297 spes,
1283 5229 1443 5298 ﬁdes,
1505 5233 1735 5288 Charitas
1767 5275 1781 5299 ,
1841 5235 1945 5289 tria

364 5314 496 5368 Inec.
531 5313 692 5370 Fides
718 5315 772 5369 in
815 5329 964 5384 spem
996 5315 1228 5386 proﬁcit.
1283 5318 1417 5390 Spes
1458 5337 1587 5376 vero
1615 5321 1681 5376 ad
1711 5323 1946 5378 charita-

366 5417 496 5459 tem.
523 5405 580 5460 In
607 5405 860 5476 praesenti
886 5421 1016 5462 vero
1037 5410 1139 5464 tria
1164 5419 1309 5478 sunt,
1331 5413 1385 5466 in
1408 5413 1610 5479 futuro,
1636 5414 1746 5469 sola
1771 5415 1948 5470 chari-

363 5503 450 5548 tas
477 5503 789 5549 sanctorum
837 5505 893 5552 et
943 5497 1253 5570 angelorum
1283 5509 1337 5556 et
1364 5503 1477 5567 Dei,
1513 5503 1773 5573 quidquid
1812 5503 1946 5560 ﬁdes

365 5593 422 5638 (σι
457 5600 582 5654 spes
607 5585 969 5656 promiserat,
1009 5593 1423 5669 consummabit.
1457 5592 1626 5663 Majas
1667 5607 1796 5664 ergo
1841 5601 1943 5660 est,

367 5673 508 5740 quod
567 5690 780 5745 semper
835 5677 973 5747 erit,
1039 5696 1201 5752 quam
1241 5682 1384 5751 quod
1434 5682 1721 5751 aliquando
1769 5699 1945 5737 cessa-

370 5765 466 5816 vit.

2079 1961 2098 1994 ι
2142 1958 2273 2000 vero
2307 1945 2474 1999 multo
2494 1945 2666 2015 magis
2687 1944 2954 2000 clamabat
2983 1961 2996 1998 :
3029 1944 3130 1998 Fili
3160 1946 3346 2011 David,
3380 1947 3645 2002 miserere

2076 2049 2098 2084 ε
2140 2034 2269 2088 mei.
2294 2031 2458 2088 Stans
2481 2043 2662 2088 autem
2689 2031 2866 2099 Iesus,
2889 2033 3055 2104 jussit
3079 2032 3228 2088 illum
3253 2034 3444 2090 adduci
3469 2035 3536 2090 ad
3562 2052 3642 2091 se.

2077 2141 2097 2176 ι
2139 2121 2354 2179 Etcum
2377 2127 2856 2195 appropinquasset
2877 2125 3230 2196 interrogavit
3243 2140 3386 2192 eum,
3413 2127 3601 2183 dicens
3625 2146 3640 2184 :

2075 2233 2095 2266 ι
2140 2215 2279 2282 Quid
2307 2216 2404 2271 tibi
2431 2217 2512 2271 vis
2541 2215 2771 2272 hciaml
2796 2216 2868 2271 At
2895 2215 2982 2273 ille
3009 2218 3148 2273 dixit
3199 2235 3214 2272 :
3267 2217 3527 2284 Domine,
3576 2229 3640 2275 ut

2074 2323 2092 2357 ‹
2139 2307 2367 2361 νὶιίεηιι.
2394 2306 2462 2361 Et
2492 2303 2648 2361 Iesus
2687 2305 2826 2361 dixit
2853 2305 2928 2361 illi
2961 2324 2974 2361 :
3007 2307 3270 2380 Respice,
3305 2308 3438 2363 ﬁdes
3465 2316 3558 2363 tua
3587 2319 3644 2365 te

2073 2416 2094 2451 ι
2136 2399 2344 2454 salvum
2373 2399 2517 2454 fecit.
2551 2400 2619 2455 Et
2650 2399 2933 2455 confestim
2962 2401 3114 2466 vidit,
3146 2409 3202 2455 et
3223 2401 3550 2472 sequebatur
3578 2402 3642 2456 il-

2073 2505 2092 2539 ι
2138 2487 2273 2553 lum,
2297 2489 2648 2559 magniﬁcans
2670 2487 2858 2544 Deum.
2887 2490 2956 2544 Et
2976 2490 3154 2546 omnis
3187 2489 3372 2562 plebs,
3398 2499 3458 2545 ut
3483 2491 3638 2549 vidit.

2065 2596 2090 2630 ί
2135 2577 2282 2633 dedit
2305 2578 2519 2638 laudem
2549 2577 2680 2634 Deo.
2729 2596 2752 2631 ι

2132 2670 2424 2741 Assumpsit
2449 2680 2626 2725 autem
2651 2669 2810 2726 Iesus
2831 2672 3109 2727 duodecim
3128 2684 3178 2728 et
3204 2675 3280 2727 ait
3300 2672 3407 2729 illis
3445 2690 3465 2729 :
3500 2673 3640 2728 Ecce

2063 2761 2394 2816 ascendimus
2410 2760 2850 2832 Hierosolymam,
2878 2770 2929 2816 et
2945 2764 3449 2828 consummabantur
3459 2764 3636 2818 omnia

2059 2870 2177 2926 qua
2203 2856 2396 2924 scripta
2433 2863 2553 2908 sunt
2574 2869 2668 2925 per
2686 2853 2964 2924 prophetas
2985 2854 3050 2910 de
3075 2853 3188 2923 ﬁlio
3209 2855 3459 2910 hominis.
3499 2853 3654 2913 Tra-.
3717 2857 3722 2859 ’

2057 2946 2214 3004 detur
2240 2946 2377 3001 enim
2405 2945 2638 3016 gentibus
2661 2985 2678 3009 ,
2725 2955 2773 2998 et
2811 2944 3062 2999 illudetur
3089 2955 3138 2999 et
3165 2944 3540 3016 ﬁagettabitur,
3587 2955 3636 2998 st

2060 3047 2394 3109 conspuetur,
2435 3047 2484 3091 et
2505 3046 2779 3108 postquam
2807 3034 3182 3107 ﬂageliaoerint
3208 3037 3444 3091 occident
3481 3053 3634 3102 eum,

2059 3138 2107 3185 et
2133 3130 2218 3184 die
2241 3131 2396 3184 tertia
2431 3137 2683 3199 resurget.

2132 3220 2241 3293 (Ea:
2265 3220 2446 3291 Grcg.)
2483 3219 2796 3274 Prmvidens
2827 3217 3077 3275 Salvator
3120 3234 3188 3275 ex
3236 3221 3489 3290 passione
3537 3236 3635 3276 sua

2061 3311 2453 3384 discipulon
2497 3310 2706 3366 animos
2733 3311 3150 3380 perturbandos,
3193 3312 3272 3367 eis
3301 3312 3456 3383 longe
3485 3323 3633 3379 ante,

2059 3413 2115 3462 et
2174 3404 2415 3475 ejusdem
2471 3401 2740 3472 passionis
2787 3414 3004 3473 poenam
3033 3439 3049 3468 ,
3108 3414 3165 3458 et
3219 3405 3635 3460 resurrectionis

2057 3515 2170 3555 suae
2207 3497 2433 3570 gloriam
2486 3495 2761 3567 praedicit,
2826 3504 2888 3550 ut
2930 3509 3057 3551 cum
3091 3497 3410 3551 morientem
3435 3535 3452 3563 ,
3491 3496 3635 3551 sicut

2056 3590 2375 3660 praedictum
2400 3597 2516 3643 erat
2551 3595 2859 3653 cernerent,
2879 3587 3046 3642 etiam
3068 3595 3502 3642 resurrecturum
3522 3603 3632 3642 non

2056 3681 2388 3736 dubitarent.

2129 3772 2237 3844 (Ea:
2275 3769 2470 3844 Beda.)
2505 3771 2817 3827 Praevidens
2851 3769 3016 3826 etiam
3052 3766 3316 3840 quosdam
3344 3767 3632 3823 haereticos

2055 3865 2110 3919 in
2153 3864 2397 3920 Ecclesia
2441 3865 2654 3919 futuros
2680 3903 2696 3928 ,
2744 3862 2839 3932 qui
2881 3861 3163 3918 Christum
3199 3859 3448 3915 dicerent
3525 3857 3631 3929 legi

2055 3955 2446 4028 prophetisque
2489 3956 2739 4012 docuisse
2766 3953 3062 4018 contraria,
3117 3951 3392 4022 aliumque
3417 3950 3631 4006 Veteris

2053 4049 2389 4105 Testamenti
2409 4057 2572 4118 atque
2595 4047 2764 4102 alium
2783 4044 2918 4101 Novi
2939 4045 3110 4101 Deum
3135 4059 3256 4100 esse
3276 4040 3627 4108 credendum,

2051 4141 2288 4198 ostendit
2309 4141 2698 4212 prophetarum
2726 4137 2991 4208 praesagia
3016 4151 3122 4190 non
3145 4135 3251 4189 alio
3273 4133 3446 4206 magis
3463 4148 3629 4203 quam

2051 4237 2119 4292 ad
2157 4249 2270 4292 sua:
2299 4233 2741 4304 dispensationis,
2780 4245 2943 4300 quam
2981 4244 3081 4301 pro
3115 4229 3274 4284 nobis
3302 4229 3632 4299 temporarie

2051 4326 2290 4395 suscepit
2315 4365 2331 4390 ,
2367 4324 2664 4378 intendisse
2692 4321 3011 4392 mysterium
3033 4360 3048 4384 ,
3101 4319 3238 4374 adeo
3281 4327 3344 4373 ut
3380 4334 3633 4374 consum-

2050 4415 2222 4471 matio
2250 4415 2323 4469 sit
2369 4413 2670 4484 prophetiae
2714 4426 2827 4468 suae
2879 4411 3182 4482 passionis.
3211 4419 3270 4466 et
3309 4409 3631 4481 posterioris

2050 4505 2235 4578 gloria:
2263 4504 2536 4560 celebrata
2585 4503 2869 4574 perfectio.
2901 4503 3013 4560 Nec
3060 4519 3168 4558 non
3215 4511 3269 4557 et
3294 4515 3630 4572 paganorum

2050 4599 2405 4662 dementiam,
2434 4615 2554 4670 qua:
2591 4598 2709 4668 ejus
2733 4612 2953 4653 crucem
2984 4597 3262 4660 derident,
3287 4594 3629 4664 apertissime

2049 4687 2317 4756 eonftat,
2349 4691 2565 4762 quando
2589 4690 2851 4760 proxima:
2881 4705 2997 4746 sua
3017 4689 3288 4760 passionis
3313 4695 3370 4743 et
3389 4696 3630 4758 tempus,

2048 4779 2204 4848 quasi
2227 4777 2530 4834 futurorum
2569 4779 2834 4850 praescius
2858 4777 3118 4837 ostendit.
3159 4785 3217 4834 et
3251 4777 3429 4833 locum
3468 4775 3630 4846 quasi

2048 4869 2240 4923 mortis
2267 4869 2567 4939 intrepidus
2585 4870 2736 4924 adiit.

2121 4960 2188 5013 Et
2228 4961 2326 5031 ipsi
2354 4959 2488 5014 nihil
2517 4960 2704 5014 horum
2734 4960 3134 5024 intellexerunt,
3166 4967 3216 5014 et
3251 4967 3366 5013 erat
3411 4956 3628 5013 verbum

2047 5052 2188 5106 istud
2211 5051 2573 5106 absconditum
2611 5051 2675 5106 ab
2710 5053 2784 5108 eis
2809 5095 2823 5117 ,
2863 5061 2911 5107 et
2954 5069 3058 5107 non
3105 5051 3459 5122 intelligebant
3507 5067 3630 5122 qua

2047 5143 2378 5197 dicebantur.
2406 5143 2660 5213 Legimus
2686 5145 2740 5198 in
2772 5145 3064 5217 Evangelio
3115 5144 3409 5200 secundum
3455 5141 3625 5198 Ioan-

2048 5249 2171 5288 nem
2192 5274 2204 5298 ,
2233 5233 2446 5288 dicente
2481 5234 2708 5290 Domino
2741 5254 2754 5288 :
2811 5235 2872 5291 Si
2916 5235 3180 5289 exaltatus
3210 5234 3358 5304 fuero
3402 5251 3434 5287 a
3462 5243 3629 5300 terra,

2048 5323 2224 5377 omnia
2259 5323 2465 5375 traham
2493 5322 2562 5376 ad
2584 5340 2666 5377 me
2691 5325 2862 5394 ipsum
2881 5365 2897 5390 ,
2927 5324 3273 5394 respondisse
3299 5323 3514 5378 turbam
3542 5331 3630 5377 at-

2051 5427 2157 5483 que
2201 5412 2404 5468 dixisse
2438 5429 2450 5466 :
2487 5411 2602 5466 Nos
2637 5414 2933 5468 audivimus
2984 5429 3048 5467 ea:
3075 5412 3184 5484 lege
3231 5430 3354 5484 quia
3390 5411 3631 5466 Christus

2049 5513 2224 5557 manet
2263 5503 2318 5558 in
2365 5513 2654 5569 internum,
2696 5512 2743 5557 et
2779 5503 3036 5575 quomodo
3078 5513 3133 5556 tu
3165 5502 3300 5557 dicis
3347 5515 3366 5554 :
3411 5502 3630 5572 Oportet

2035 5593 2277 5662 exaltari
2305 5593 2474 5663 ﬁlium
2506 5593 2730 5648 hominis
2770 5594 2951 5664 (Ioan.
3001 5593 3140 5663 xii)?
3187 5593 3326 5660 Quid
3370 5601 3458 5647 est
3498 5607 3632 5662 ergo

2049 5684 2191 5751 quod
2215 5682 2460 5752 discipuli
2492 5683 2653 5737 toties
2681 5684 2780 5738 sibi
2814 5683 3132 5752 replicatum
3175 5681 3474 5736 Dominiea:
3502 5696 3623 5750 pas-

2051 5773 2217 5828 sionis
2269 5788 2523 5828 arcanum
2560 5773 2855 5846 intelligere
2903 5781 3177 5842 nequeunt
3208 5813 3221 5837 ,
3273 5781 3326 5826 et
3359 5771 3529 5828 Iudaei
3558 5772 3623 5824 ad
