3946 6420
367 305 471 366 illi

1652 302 2005 363 SMARAGDI
2042 302 2330 359 ABBATIS

3520 308 3624 364 rso

368 425 477 482 tiu
503 419 805 481 dicsaltttis
824 422 1002 495 adiuvi
1025 431 1095 477 te.
1121 416 1262 477 Ecce
1308 433 1453 476 nunc
1499 425 1708 489 tempus
1752 432 1944 488 accep-
1971 422 2022 480 Α
2047 416 2257 480 ueﬂcia,
2288 418 2362 471 ita
2402 433 2501 472 nos
2524 433 2627 472 non
2666 418 2945 473 vincamur
2993 414 3171 482 malis,
3212 418 3305 474 sed
3344 420 3627 480 vincamus

371 533 395 569 α
421 515 607 582 tabile,
632 528 764 571 eoee
786 512 932 568 nunc
953 513 1071 568 dies
1088 511 1307 568 salutis.
1326 509 1546 565 Nemini
1568 510 1763 564 dantes
1776 508 1942 563 ultam

371 620 394 658 ο
417 601 787 669 emissionem,
818 613 874 658 ut
914 618 1026 657 non
1064 603 1405 673 vituperetur
1446 598 1811 654 ministerium
1842 613 1941 652 no-

2044 507 2101 562 in
2126 509 2269 564 bono
2292 507 2482 563 malos.

2113 596 2179 651 In
2211 596 2377 651 multa
2400 598 2671 669 patientia.
2695 597 2806 669 (Ex
2828 597 3075 671 Hieron.)
3095 598 3209 653 Non
3232 599 3289 654 in
3324 615 3491 670 parva
3520 618 3627 660 nec

371 706 611 755 utrum.
626 694 732 753 Sed
758 696 819 750 in
841 696 1096 751 omnibus
1110 691 1853 761 «uincamus-nosmetipsos
1876 691 1955 745 si-
2040 687 2096 741 in
2120 687 2348 751 modica,
2376 689 2473 743 sed
2501 687 2558 742 in
2582 688 2769 743 multa.

371 804 391 837 ι
417 786 624 845 cubDei
657 785 957 842 ministros.
988 785 1049 840 lu
1074 785 1251 845 multa
1279 783 1565 855 patientia,
1618 782 1675 836 in
1718 780 1951 835 uinule-

369 896 389 931 ι
416 878 675 945 tionibus,
702 875 758 933 in
784 876 1218 941 necessitatibus,
1243 876 1303 930 in
1323 873 1612 944 angustiis,
1650 872 1705 925 in
1746 869 1938 939 plagis,

368 987 388 1021 s
412 970 473 1025 in
494 968 824 1034 miserim,
845 969 901 1022 in
931 966 1304 1031 seditionibus,
1325 965 1382 1019 in
1405 962 1698 1027 laboribus,
1731 960 1785 1013 in
1809 958 1943 1030 vigi-

371 1079 388 1114 ι
414 1061 523 1126 liis,
548 1062 605 1116 in
621 1060 861 1132 ieiuniis,
890 1060 946 1113 in
972 1057 1333 1119 castitatedn
1361 1054 1612 1118 scicntia,
1654 1050 1710 1105 in
1755 1049 1941 1118 longa-

371 1167 389 1202 ι
415 1151 683 1215 nimitate,
712 1151 767 1204 in
793 1149 1083 1213 suavitate,
1106 1149 1160 1202 in
1188 1145 1391 1215 Spiritu
1419 1150 1631 1207 sancto,
1672 1142 1729 1196 in
1770 1139 1945 1195 chari-

368 1257 391 1292 ο
417 1247 530 1296 tate
546 1250 655 1295 nan
679 1239 894 1304 tlota,in
916 1236 1084 1295 verbo
1108 1234 1440 1299 veritatis,in
1459 1233 1663 1287 virtute
1695 1230 1812 1285 Dei.
1837 1228 1944 1285 Pa-

368 1348 391 1381 s
415 1342 568 1386 arma
590 1330 823 1399 iustitia
840 1343 875 1384 ι
893 1326 1102 1383 dextris
1132 1332 1190 1381 et
1213 1336 1245 1380 a
1264 1324 1521 1381 sinistris.
1568 1322 1673 1380 Per
1715 1321 1941 1393 gloriam

366 1438 390 1473 α
414 1429 471 1478 et
494 1419 902 1492 ignobilitatem.
933 1418 1040 1474 Per
1065 1418 1342 1474 infantiam
1370 1425 1428 1473 et
1472 1417 1669 1472 bonam
1715 1414 1939 1478 famam,

366 1528 388 1560 s
414 1518 478 1565 ut
502 1510 816 1567 seductum
830 1517 891 1565 et
909 1523 1151 1565 remees.
1207 1506 1363 1563 Sicut
1382 1508 1477 1578 qui
1500 1507 1664 1578 ignoti
1685 1513 1744 1562 et
1761 1506 1945 1575 cogni-

368 1620 391 1654 s
419 1600 480 1667 ti,
506 1601 661 1672 quasi
691 1600 1009 1665 morientes,
1033 1609 1090 1655 ct
1126 1613 1257 1655 ecce
1288 1600 1542 1654 vivimus.
1595 1597 1663 1653 Ut
1687 1596 1940 1666 castigati

2112 773 2180 830 In
2207 775 2646 832 tribulationibus.
2666 775 2867 832 .Omnis
2907 778 3366 838 lmsiotribulatio
3397 782 3620 839 dicitur.

2111 864 2179 920 In
2208 867 2627 923 necessitatibus.
2652 868 2710 921 ld
2737 876 2847 931 est.
2877 883 3036 924 cuine
3076 871 3223 940 quod
3267 887 3491 929 necesse
3537 885 3625 930 est

2039 958 2119 1013 sic
2144 956 2399 1023 temnitis,
2423 968 2483 1013 ut
2513 972 2736 1014 necesse
2760 969 2866 1015 est.

2108 1046 2179 1102 In
2206 1048 2480 1118 angustiis.
2508 1047 2771 1119 Augustis
2819 1057 2906 1104 est
2932 1050 3111 1107 omnis
3133 1053 3349 1123 egentia

2110 1134 2180 1190 In
2205 1135 2394 1206 plagis,
2421 1138 2478 1191 in
2504 1138 2823 1193 carceribus.
2852 1138 2965 1195 Hoc
3007 1156 3109 1199 nos
3135 1142 3387 1199 hortatur
3408 1145 3537 1213 pati,
3577 1145 3623 1201 si

2040 1240 2262 1282 necesse
2288 1223 2444 1281 fue'r'a
2472 1242 2572 1297 pro
2594 1226 2830 1295 Christo,
2857 1231 3003 1299 quod
3036 1240 3093 1287 et
3145 1232 3235 1287 ille
3282 1248 3473 1315 passus
3517 1245 3622 1300 est,

2038 1315 2257 1383 quando
2276 1316 2553 1372 concurrit
2563 1316 2737 1386 plebs,
2751 1325 2806 1374 et
2822 1319 3167 1389 magistratus
3189 1323 3446 1379 adversus
3471 1341 3623 1389 eum.

2040 1412 2098 1460 et
2127 1405 2313 1462 multis
2333 1407 2606 1477 virgarum
2641 1407 2814 1478 plagis
2837 1409 3103 1481 impositis
3124 1411 3389 1468 miserunt
3415 1415 3471 1469 in
3503 1431 3626 1471 car-

2041 1510 2242 1553 carem.

2111 1583 2180 1640 In
2203 1586 2565 1652 seditionibus,
2595 1589 2651 1643 iu
2670 1587 2957 1654 laboribus,
2992 1590 3049 1644 in
3089 1589 3299 1661 uigiliis.
3331 1589 3450 1649 Non
3500 1609 3623 1649 mo-

366 1709 388 1741 c
415 1699 472 1748 et
501 1704 613 1746 nou
647 1686 977 1746 mortiﬂeati.
1030 1688 1196 1755 Quasi
1243 1688 1450 1751 tristes,
1500 1700 1715 1756 semper
1759 1692 1939 1740 autem
2040 1677 2163 1733 dics
2211 1677 2317 1733 hoc
2343 1676 2462 1734 loco
2482 1680 2756 1750 patientia:
2782 1681 3027 1737 membra
3047 1681 3320 1744 describit,
3344 1684 3627 1741 inexerci-

366 1798 387 1832 ι
417 1779 739 1853 nudatos,
779 1780 924 1837 sicin
953 1787 1198 1851 mentes,
1236 1777 1439 1833 multos
1480 1785 1661 1833 autem
1704 1775 1945 1848 locuple—
1970 1756 2018 1815 Β
2048 1767 2139 1823 tiis
2159 1767 2307 1824 enim
2331 1768 2576 1824 laborum
2602 1785 2708 1826 non
2738 1771 2916 1826 minus
2958 1771 3157 1831 mentis
3198 1770 3392 1843 vigilite
3426 1774 3627 1831 debent

365 1890 385 1923 ι
416 1879 609 1928 tactu.
625 1870 905 1943 Tanquam
926 1870 1061 1927 nihil
1081 1870 1363 1933 habentes.
1383 1878 1440 1925 et
1456 1869 1640 1924 omnia
1670 1869 1948 1938 possiden-

363 1973 570 2021 σιω.»

388 2083 400 2095 ο
430 2054 727 2111 Hortamur
751 2069 840 2110 vos
863 2054 1010 2108 nein
1030 2053 1503 2123 uacuum.ng
1532 2045 1630 2105 Dei
1654 2048 1942 2119 recipiatis.

356 2146 720 2219 (Eanrimas.
739 2153 757 2215 )
778 2143 837 2199 lu
861 2158 1089 2199 vacuum
1117 2142 1212 2199 Dei
1239 2141 1469 2213 gratiam
1494 2140 1710 2210 recipit,
1730 2138 1827 2209 qui
1853 2154 1946 2195 ve—

357 2245 514 2292 catus
537 2236 592 2291 in
616 2234 858 2301 Christo,
883 2241 1071 2291 vetera
1098 2232 1276 2289 adhuc
1298 2232 1432 2302 legis
1479 2230 1728 2288 instituta
1771 2237 1945 2286 secta-

362 2341 474 2387 ων.
1898 2370 1905 2377 .

438 2426 524 2480 Ait
548 2426 709 2491 enim,
734 2433 964 2496 tempore
989 2432 1198 2495 accepto
1234 2420 1481 2476 exaudiui
1503 2430 1574 2484 te,
1600 2420 1729 2473 etin
1752 2417 1839 2471 die
1858 2433 1947 2472 ss-

358 2518 490 2572 lutis
518 2516 700 2587 adjuui
724 2524 797 2570 te.
819 2515 1056 2585 Tempus
1077 2520 1379 2583 acceptum,
1402 2518 1464 2566 et
1487 2510 1604 2565 dies
1643 2507 1835 2564 salutis
1888 2506 1943 2561 in

360 2609 466 2664 bac
489 2608 599 2663 vita
623 2615 728 2673 est,
751 2607 892 2662 sicut
909 2607 987 2660 ait-
1006 2604 1254 2661 Salvator
1277 2621 1291 2657 :
1320 2600 1594 2656 Ambulate
1625 2599 1755 2653 dum
1776 2597 1942 2653 lucem

360 2697 578 2761 habetis,
604 2712 671 2753 ue
691 2695 916 2751 teneer
947 2712 1036 2750 eos
1077 2692 1531 2765 comprehendant.
1575 2690 1702 2760 quia
1749 2688 1805 2743 in
1852 2685 1946 2743 illo

358 2786 559 2843 seculo
578 2786 731 2842 nulla
754 2784 1059 2841 emendatio
1089 2798 1214 2840 esse
1260 2790 1458 2853 potest,
1502 2781 1641 2836 sicut
1678 2778 1942 2850 legimus:

361 2879 627 2947 Quoutazu
652 2893 758 2933 non
780 2877 932 2932 estin
955 2886 1120 2931 morte
1136 2873 1228 2946 qui
1238 2890 1436 2929 memor
1452 2873 1515 2927 si:
1530 2872 1607 2929 tui
1637 2866 1818 2942 (Psal.
1832 2882 1884 2924 Vl
1899 2866 1941 2938 ).

328 3010 333 3013 -
438 2966 560 3040 (Ea:
578 2964 836 3041 Hieron.)
866 2965 1022 3022 Modo
1047 2963 1223 3020 solum
1262 2978 1551 3034 possule
1585 2959 1826 3016 invenite
1856 2972 1946 3015 sa-
2018 2988 2025 2997 -

2043 1873 2187 1925 esse,
2217 1875 2378 1930 quam
2400 1863 2664 1932 corporis.

2115 1948 2185 2004 lu
2203 1949 2444 2020 jejuniis.
2472 1949 2580 2021 (Ex
2608 1950 2896 2023 Ambros.)
2920 1951 3236 2010 Necessaria
3284 1967 3481 2010 animae
3524 1970 3627 2011 no-

2044 2047 2321 2096 straesunt
2337 2039 2564 2112 ieiunia,
2589 2043 2729 2098 sicut
2761 2043 3071 2100 vulneribus
3109 2045 3399 2101 medicina.
3448 2046 3626 2102 Mede-

2045 2130 2151 2185 lam
2178 2131 2322 2185 enim
2346 2132 2630 2191 conferunt
2657 2134 2779 2190 vita:
2824 2144 3117 2206 perpetuae,
3167 2138 3240 2191 ita
3300 2145 3500 2202 tamen,
3565 2146 3627 2194 ut

2044 2219 2273 2276 duarum
2308 2232 2491 2276 rerum
2537 2222 2847 2279 testimonio
2903 2226 3368 2291 commendentur,
3410 2225 3466 2281 id
3516 2234 3624 2292 est,

2044 2314 2291 2369 oratione
2312 2322 2370 2369 et
2396 2314 2787 2371 misericordia.
3110 2362 3115 2363 ν

2115 2404 2183 2461 In
2205 2407 2459 2473 castitate,
2472 2410 2531 2464 in
2547 2409 2786 2464 scientia.
2800 2410 2820 2483 (
2834 2409 2911 2465 Ex
2935 2410 3154 2468 Hieron.
3169 2412 3189 2485 )
3203 2411 3356 2469 Sicut
3374 2416 3514 2472 enim
3537 2430 3634 2471 ne-

2044 2498 2283 2554 cessaria
2339 2498 2495 2555 nobis
2542 2506 2631 2556 est
2654 2499 2879 2555 castitas
2911 2501 3173 2571 corporis,
3207 2501 3281 2557 ita
3319 2511 3375 2558 et
3405 2505 3627 2562 mentis.

2041 2588 2137 2645 Illa
2161 2590 2307 2644 enim
2335 2599 2421 2648 est
2444 2605 2572 2646 vera
2599 2593 2844 2659 castitas,
2870 2609 2991 2664 qum
3019 2607 3120 2649 nec
3141 2604 3325 2652 mente
3340 2596 3616 2666 polluitur,

2043 2695 2145 2737 nec
2172 2696 2356 2752 opere,
2384 2683 2690 2752 quaeretiam
2724 2684 2881 2741 nobis
2930 2685 3212 2741 scientiam
3256 2695 3479 2758 prestat
3521 2702 3622 2757 pro

2044 2772 2238 2828 merito
2261 2773 2532 2842 puritatis.
2564 2773 2632 2829 Et
2658 2775 2952 2831 notandum
2981 2775 3125 2846 quod
3155 2777 3385 2833 scientia
3414 2778 3624 2846 species

2042 2862 2262 2918 virtutis
2287 2863 2377 2930 sit,
2403 2863 2451 2919 si
2469 2879 2537 2919 ex
2557 2879 2622 2919 ea
2655 2866 2885 2935 quisque
2914 2867 3212 2934 erudiant,
3247 2883 3355 2923 non
3383 2868 3621 2925 inﬂetur.

2114 2952 2184 3009 In
2207 2952 2627 3024 longanimitate.
2648 2954 2705 3010 ιιι
2724 2962 2834 3020 est,
2868 2955 2924 3010 in
2954 2956 3279 3012 sustinentia
3307 2956 3486 3027 longa,
3514 2956 3626 3013 lono

359 3060 551 3125 lutem,
571 3058 697 3130 quia
718 3058 872 3130 iuxta
898 3056 1183 3127 Propheta
1202 3054 1569 3111 testimonium
1595 3071 1608 3107 :
1635 3053 1691 3107 in
1732 3050 1942 3109 inferno

2064 3042 2330 3113 ganimitas
2348 3051 2531 3101 autem
2546 3044 2766 3110 dicitur,
2784 3045 2845 3099 iu
2863 3045 3192 3101 sustinendis
3204 3047 3625 3103 adversitatibus

357 3164 520 3207 nem
540 3147 911 3206 conﬁtetiitur.

428 3239 567 3294 Ecce
588 3254 729 3294 nunc
748 3247 947 3309 tempus
972 3236 1305 3309 acceptabile,
1319 3248 1436 3293 ecce
1448 3251 1587 3291 nunc
1598 3236 1709 3291 dies
1722 3234 1934 3290 salutis.

357 3331 475 3405 (iis
501 3328 772 3402 Primus.)
798 3327 955 3385 Sicut
990 3327 1310 3398 alibizErgo
1351 3328 1478 3383 dum
1522 3334 1732 3397 tempus
1777 3325 1943 3383 babe-

357 3435 483 3477 inus
503 3432 795 3490 operemur
810 3418 959 3488 quod
976 3418 1179 3475 bonum
1201 3424 1305 3472 est.
1346 3414 1474 3471 Dies
1518 3424 1698 3470 autem
1745 3414 1943 3469 dicitur

358 3518 479 3572 haec
498 3514 632 3580 vita,
664 3512 792 3584 quia
817 3520 943 3583 apta
960 3520 1048 3568 est
1065 3511 1135 3567 ad
1159 3510 1510 3581 operaudum,
1524 3518 1580 3565 et
1603 3508 1943 3566 concluditur

358 3604 417 3659 in
436 3614 594 3661 nocte
606 3604 822 3675 iudicii,
846 3619 970 3675 quae
986 3611 1070 3659 est
1088 3603 1323 3659 tenebrte
1342 3603 1395 3657 in
1419 3616 1526 3672 qua
1552 3614 1710 3657 nemo
1742 3598 1943 3670 poterit

357 3697 593 3766 operari.
651 3696 776 3751 llzec
805 3697 911 3751 vita
941 3704 999 3750 et
1020 3703 1181 3751 aestas
1208 3695 1424 3760 dicitur,
1450 3695 1507 3749 in
1533 3691 1690 3761 cujus
1724 3706 1943 3760 compa-

358 3788 592 3853 ratione,
627 3788 867 3844 Formiae
908 3790 975 3844 ad
1026 3803 1265 3860 praesens
1292 3787 1541 3844 laborare
1574 3787 1847 3849 dicuntur,
1886 3790 1943 3838 et

361 3880 596 3936 hiemem
612 3895 840 3950 sperare
856 3887 1163 3935 venturam.

433 3970 647 4026 Nemini
689 3971 875 4028 deum
927 3970 1092 4027 ullam
1143 3972 1503 4042 oﬂensionsm.
1553 3966 1941 4041 (Es'iliuont)

361 4061 535 4119 Nemo
569 4068 759 4118 nostro
790 4060 1094 4118 offendatur
1126 4061 1491 4133 exemplaque
1520 4072 1630 4115 non
1687 4065 1801 4112 tam
1846 4064 1944 4112 ne-

360 4163 534 4211 strum
561 4153 753 4210 vitium
778 4160 995 4225 putetur
1023 4168 1145 4210 esse
1172 4162 1343 4223 qnam'
1363 4150 1519 4221 legis.
1596 4214 1599 4219 η

434 4262 555 4336 (Ex
580 4262 844 4334 Primus.)
868 4262 927 4318 Id
955 4269 1058 4328 est,
1090 4275 1158 4318 ne
1186 4262 1329 4318 forte
1377 4259 1625 4317 inﬁdeles
1646 4268 1795 4328 'per'
1820 4273 1944 4313 uos-

365 4354 906 4426 tram'negligcutiam
928 4355 1289 4417 destruamus,
1312 4364 1370 4406 et
1394 4352 1450 4405 in
1476 4364 1584 4420 quo
1608 4349 1945 4420 displicueri-

365 4458 505 4508 mus,
532 4443 808 4514 religionis
826 4444 997 4515 magis
1017 4458 1082 4499 ac
1102 4443 1236 4513 legis
1264 4449 1463 4497 nostra:
1486 4441 1676 4495 vitium
1705 4454 1828 4495 esse
1864 4439 1945 4493 di-
1966 4453 2021 4512 ι)

363 4529 622 4603 iudicent,
642 4542 700 4589 et
726 4530 781 4589 lii
806 4535 899 4606 qui
927 4533 1105 4589 aemuli
1135 4541 1260 4587 sunt
1280 4545 1379 4602 per
1412 4529 1647 4585 hominis
1665 4524 1943 4595 delictum,

373 4624 571 4698 regulae
595 4633 793 4682 nostra:
838 4635 1084 4683 sanctum
1109 4626 1417 4693 vituperant
1439 4621 1763 4677 institutum.

438 4734 510 4792 Ut
535 4754 638 4793 non
665 4739 983 4810 vituperetur
1003 4736 1349 4792 ministerium
1382 4745 1635 4790 nostrum.
1649 4734 1705 4790 Id
1721 4744 1824 4801 est,
1839 4751 1944 4792 non

366 4827 650 4898 displiceat
682 4828 739 4885 in
765 4828 1078 4899 aliquantis,
1101 4836 1161 4882 et
1179 4840 1474 4895 paucorum
1514 4824 1671 4895 culpa
1778 4825 1943 4881 etiam

366 4916 496 4976 boui
517 4918 795 4975 incurrere
813 4918 1103 4975 videantur
1123 4914 1405 4970 oﬁ‘ensam.

438 5006 548 5064 Sed
566 5010 627 5063 in
654 5007 892 5065 omnim
917 5005 1248 5062 echibeamus
1270 5003 1628 5073 nosmetipsos.
1641 5002 1744 5071 Qui
1759 5004 1826 5059 ad
1842 5005 1947 5059 vir-

366 5106 543 5155 tutem
563 5106 824 5171 provocat
843 5097 1139 5169 appetitum
1163 5095 1398 5161 virtutis,
1428 5096 1541 5167 ipse
1562 5098 1718 5153 nobis
1738 5098 1949 5154 miseri-

367 5186 610 5246 corditer
635 5188 932 5251 ministrat,
960 5200 1123 5256 quam
1148 5186 1195 5242 si
1222 5188 1653 5256 concupiscimus
1696 5188 1767 5244 ab
1806 5189 1943 5258 ipso,

369 5279 464 5352 qui
486 5294 604 5336 eam
631 5278 801 5335 excoli
826 5276 1065 5349 praecipit
1089 5276 1421 5346 adjuvamur.

445 5388 597 5446 Sicut
647 5386 746 5441 Dei
775 5383 1056 5441 ministros.
1089 5387 1183 5443 Dei
1216 5389 1446 5444 ministri
1491 5388 1603 5447 Deo
1648 5391 1848 5447 debent
1895 5392 1948 5446 in

1970 3102 2015 3164 ί)
2042 3102 2212 3188 animi
2233 3130 2511 3189 fortitudo.

2024 3250 2031 3259 ~
2110 3222 2183 3279 In
2204 3225 2482 3279 suauitate.
2510 3221 2763 3280 Suavitas
2784 3233 2963 3281 autem
2986 3234 3091 3291 est,
3116 3226 3165 3282 si
3188 3225 3320 3281 nulli
3344 3242 3411 3282 ex
3433 3227 3618 3284 verbis

2040 3317 2241 3372 nostris
2268 3315 2680 3372 amaritudinem
2718 3332 3057 3389 genus-emus,
3104 3324 3163 3373 et
3204 3317 3334 3374 illud
3379 3317 3623 3388 ejusdem

2039 3407 2284 3479 Apostoli
2312 3407 2673 3479 eompleamus
2701 3426 2715 3463 :
2738 3407 2925 3488 Omnis
2959 3409 3281 3476 amaritudo,
3321 3421 3372 3465 et
3400 3410 3622 3476 clamor,

2038 3510 2088 3556 et
2111 3499 2433 3571 blasphemia
2475 3499 2694 3556 tollatur
2718 3519 2752 3555 α
2776 3501 2918 3557 vobis
2958 3518 3079 3556 cum
3118 3502 3262 3556 omni
3303 3502 3546 3569 malitia;
3568 3511 3625 3559 et

2022 3590 2287 3647 dicamus
2314 3590 2442 3647 illud
2487 3589 2778 3662 Sapientia
2825 3591 3193 3648 testimonium
3218 3609 3232 3646 :
3257 3590 3464 3648 Fauces
3505 3593 3625 3664 ejus

2042 3681 2367 3742 dulcedines,
2394 3691 2449 3737 et
2476 3683 2642 3738 totius
2661 3682 2937 3738 desiderii.

2113 3770 2181 3827 In
2213 3770 2418 3843 Spiritu
2444 3782 2646 3829 sancto.
2677 3771 2736 3829 id
2762 3780 2847 3828 est
2864 3780 2945 3837 ut,
2972 3771 3090 3829 haec
3130 3772 3409 3839 habentes,
3433 3774 3626 3845 dignos

2042 3880 2143 3921 nos
2166 3864 2498 3921 habitatione
2516 3862 2633 3933 ejus
2653 3864 2831 3920 cordis
2861 3864 3175 3920 sinceritate
3202 3862 3487 3921 faciamus.

2113 3953 2182 4009 In
2196 3954 2460 4011 alacritate
2484 3971 2591 4009 nou
2617 3954 2761 4025 (icta.
2792 3954 2945 4009 Tunc
2969 3969 3077 4009 non
3102 3955 3230 4010 ﬁcta
3252 3962 3338 4010 est
3362 3955 3623 4022 claritas,

2042 4045 2089 4101 si
2110 4044 2297 4101 omnia
2321 4060 2443 4114 quae
2462 4045 2618 4101 nobis
2630 4043 2746 4099 ﬁeri
2768 4044 3036 4109 volumus,
3050 4042 3173 4102 aliis
3194 4041 3474 4100 iaciamus.
3498 4042 3623 4101 Sic-

2045 4145 2105 4192 ut
2132 4136 2213 4192 ait
2233 4135 2509 4206 apostolus
2530 4133 2804 4193 Joannes:
2846 4134 2973 4190 Non
2993 4133 3293 4205 diligamus
3333 4134 3503 4198 uerbo,
3530 4151 3625 4190 nec

2012 4262 2017 4269 ς
2045 4224 2249 4297 lingua.
2276 4226 2367 4281 sed
2392 4242 2547 4297 epens
2570 4234 2621 4280 et
2644 4226 2881 4280 veritate.
2913 4224 2970 4279 lu
2997 4225 3101 4279 hoc
3123 4237 3338 4293 quoque
3362 4237 3469 4279 non
3496 4224 3622 4279 ﬁcta

2045 4324 2129 4371 est
2154 4316 2413 4381 charitas,
2445 4316 2491 4370 si
2516 4315 2714 4371 delicta
2742 4322 2800 4371 et
2829 4314 3018 4385 culpas
3056 4313 3288 4386 benigne
3327 4314 3520 4371 an‘ectu
3564 4316 3622 4370 in

2047 4401 2307 4459 fratribus
2330 4404 2680 4474 castigemus.
2925 4480 2931 4485 θ

2116 4492 2226 4562 (Ea:
2262 4493 2469 4564 Ambr.)
2511 4494 2707 4549 Totam
2741 4494 3164 4565 magnitudinem
3202 4501 3258 4549 et
3281 4492 3622 4550 altitudinem

2008 4644 2013 4649 ,
2046 4585 2351 4641 divinorum
2377 4585 2715 4655 eloquiorum
2752 4600 2943 4642 secura
2964 4587 3202 4655 possidet
3226 4586 3486 4650 charitas,
3513 4601 3618 4654 qua

2045 4678 2212 4733 Deum
2237 4678 2650 4748 proximumque
2670 4677 2965 4749 diligimus,
2988 4679 3105 4734 hac
3123 4679 3177 4735 in
3203 4678 3621 4734 adversitatibus

2024 4770 2260 4836 tolerat,
2289 4770 2344 4827 in
2370 4769 2827 4840 prosperitatibus
2845 4776 3133 4839 temperat,
3160 4769 3217 4831 in
3240 4769 3394 4825 duris
3414 4768 3623 4838 passio—

2045 4861 2206 4918 nihus
2234 4859 2410 4926 fortis,
2448 4861 2508 4925 in
2534 4860 2691 4925 bouis
2715 4860 2970 4929 operibus
2995 4858 3206 4941 hilaris,
3235 4858 3289 4914 in
3318 4858 3619 4914 tentatione

2047 4951 2343 5017 tutissima,
2376 4951 2519 5006 inter
2545 4964 2707 5005 veros
2732 4947 2931 5006 fratres
2962 4948 3253 5013 latissima.
3279 4948 3421 5004 inter
3453 4947 3621 5003 falsos

2004 5102 2009 5105 _
2045 5040 2462 5109 patientissima.

2122 5129 2186 5184 lu
2215 5129 2365 5183 verbo
2392 5128 2641 5183 veritatis.
2669 5127 2905 5184 Verbum
2933 5134 2990 5183 ct
3012 5127 3215 5182 veritas
3239 5124 3489 5183 Christus
3514 5137 3618 5189 est,

2045 5234 2210 5290 quem
2227 5226 2351 5288 apte
2377 5226 2436 5272 et
2453 5225 2820 5287 competenter
2843 5230 2910 5272 ex
2935 5216 3071 5287 lege,
3103 5216 3157 5270 in
3176 5216 3331 5281 cuius
3350 5217 3622 5289 mysteriis

2050 5308 2398 5365 absconditus
2420 5316 2525 5372 est,
2544 5306 2789 5378 proferre
2818 5308 3093 5364 debemus.

2121 5398 2192 5453 In
2222 5399 2409 5453 virtute
2433 5396 2552 5451 Dei.
2584 5396 2643 5451 ld
2670 5405 2778 5461 est,
2805 5396 2859 5450 in
2891 5400 3089 5451 virtute
3112 5391 3333 5462 Christi,
3364 5394 3624 5451 adversus

372 5479 629 5539 omnibus
659 5477 989 5544 ministrare,
1007 5486 1072 5533 'et
1091 5492 1253 5550 Opere
1274 5481 1525 5551 cognosci
1550 5481 1663 5535 veri
1691 5480 1787 5534 Dei
1832 5496 1952 5535 esse
2051 5486 2325 5542 diabolum
2353 5484 2690 5551 dimicemus,
2723 5484 2814 5554 qui
2854 5499 2953 5555 per
2983 5499 3132 5539 arma
3155 5484 3380 5556 justitize
3409 5492 3466 5541 et
3488 5483 3627 5557 legis

378 5572 640 5634 cultores,
666 5577 721 5624 et
746 5570 889 5625 sicut
915 5570 1003 5626 ille
1026 5588 1057 5627 a
1086 5572 1239 5628 malis
1270 5573 1474 5642 patitur
1500 5570 1881 5641 blasphemari,
1899 5579 1954 5629 et
2052 5577 2323 5634 diabolum
2351 5575 2646 5647 superavit.

380 5664 437 5720 in
457 5660 710 5731 presenti
738 5668 868 5728 Vlla,
901 5662 1063 5718 etiam
1087 5663 1312 5734 ingratis
1339 5676 1437 5717 sua
1461 5677 1569 5717 non
1597 5662 1824 5733 denegat
1858 5664 1952 5720 bc-

2126 5663 2231 5719 Pcr
2269 5681 2419 5720 arma
2447 5663 2673 5734 justitiaz
2710 5683 2741 5719 α
2776 5665 2974 5721 dextris
2996 5674 3041 5721 et
3084 5682 3117 5720 α
3150 5666 3395 5724 sinistris.
3422 5666 3620 5725 Omnes
