3946 6416
271 310 371 368 iii

1085 312 1604 373 COLLECTIONES
1642 313 1708 371 ΙΝ
1749 314 2127 374 EPISTOLAS
2165 317 2255 375 ET
2294 319 2707 377 EVANGELIA.

3434 322 3536 376 Ιὺί

266 416 836 495 enim(ExGreg.)qui
853 421 921 477 ad
938 422 1273 480 vitmaditum
1289 424 1713 490 tendimus,etex
1729 425 1856 481 dex-
1881 426 1933 487 Α
1958 442 2065 483 non
2110 436 2196 484 est
2244 431 2419 502 quasi.
2471 432 2588 488 Non
2629 433 2776 489 enim
2818 432 2956 490 dixit
2997 434 3327 508 Apostolus:
3363 435 3533 506 Quasi

268 521 357 569 tro
376 519 433 568 et
454 511 679 571 sinistro
696 512 868 571 latere
891 514 1091 571 habere
1114 530 1266 571 arma
1286 516 1567 572 debemus.
1590 515 1635 571 Α
1656 517 1851 574 dextro

268 601 434 676 igitur
456 617 609 657 arma
637 601 822 670 habet,
853 620 1013 677 quem
1042 616 1301 677 prospera
1324 622 1433 665 non
1461 594 1744 683 extollunt.
1769 607 1853 667 Ad

267 695 563 760 sinistram,
605 711 768 769 quem
798 696 1025 757 adversa
1052 714 1160 754 non
1178 752 1181 755 .
1199 697 1478 770 dejiciunt.
1511 698 1593 755 Ex
1621 707 1854 769 utraque

267 786 412 842 enim
432 794 590 858 parte
617 787 869 857 portabat
890 787 1090 845 Paulus
1118 805 1291 854 arma,
1320 804 1444 845 cum
1472 789 1711 845 diceret:
1745 788 1853 846 Per

265 890 418 929 arma
453 874 682 947 justitiat
708 892 740 930 a
779 876 978 935 dextris
1003 887 1052 931 et
1089 896 1122 932 a
1149 878 1402 944 sinistris,
1432 894 1524 949 per
1548 876 1772 948 gloriam
1801 885 1851 932 et

265 963 662 1034 ignobilitatem.
713 964 831 1020 Non
875 967 1022 1023 hunc
1062 968 1290 1037 adversa
1338 967 1699 1040 frangebant,
1742 984 1848 1023 non

265 1065 523 1125 prospera
546 1055 602 1111 in
627 1056 824 1113 mentis
852 1066 1065 1121 tumore
1089 1060 1466 1137 sublevabant.
1489 1060 1534 1115 A
1566 1060 1773 1117 dextris
1794 1069 1850 1117 et

266 1157 299 1197 a
326 1143 563 1200 sinistris
581 1146 829 1217 gestabat
849 1164 1023 1215 arma,
1051 1150 1142 1221 qui
1168 1159 1223 1206 et
1243 1152 1298 1206 in
1322 1152 1647 1209 adversitate
1669 1152 1844 1221 fortis,

264 1243 321 1292 et
364 1237 419 1292 in
461 1238 823 1315 prosperitate
871 1241 1090 1299 humilis
1126 1245 1497 1313 permanebat.
1555 1245 1622 1303 Ut
1650 1260 1779 1316 ergo
1812 1260 1844 1300 a

266 1331 474 1387 dextris
499 1342 557 1388 et
580 1348 611 1388 a
641 1333 878 1392 sinistris
907 1352 1058 1392 arma
1087 1347 1387 1410 gestemur,
1412 1356 1630 1410 semper
1654 1341 1847 1398 adesse

264 1420 466 1476 nostris
490 1421 761 1481 mentibus
785 1424 962 1491 debet,
990 1434 1045 1482 et
1083 1428 1137 1483 in
1173 1429 1416 1485 adversis
1439 1430 1655 1496 ﬁducia,
1697 1439 1754 1487 et
1789 1432 1843 1487 in

262 1509 535 1581 prosperis
572 1509 753 1565 timor.
800 1510 878 1569 Ne
921 1524 1013 1569 aut
1050 1517 1275 1573 adversa
1306 1518 1363 1573 in
1408 1519 1842 1588 desperationem
1890 1510 1893 1511 7

263 1599 616 1667 pertrahunt,
654 1609 748 1656 aut
786 1616 1046 1675 prospera
1090 1606 1332 1662 animum
1375 1607 1430 1662 in
1474 1609 1556 1665 sui
1587 1608 1842 1667 ﬁduciam

263 1686 539 1742 extollant.

1956 519 2274 589 gaudentes.

2024 606 2173 664 Sicut
2206 621 2430 681 egentes,
2460 617 2651 669 multos
2678 622 2850 668 autem
2886 608 3279 687 locupletantes.
3316 617 3380 674 in
3425 608 3532 672 hoc

1953 699 2070 772 ipso
2095 701 2238 771 quod
2269 718 2490 772 egemus
2520 718 2643 769 nos,
2665 704 2717 758 in
2750 705 2871 765 aliis
2895 706 3248 772 abundamus,
3279 707 3406 762 dum
3434 718 3535 778 per

1951 807 2051 846 nos
2090 791 2431 848 elcemosinaa
2473 793 2626 849 fiunt.
2659 794 2784 849 Sive
2827 797 3058 852 terrenis
3101 804 3352 868 egentes,
3396 796 3532 853 alios

1950 881 2263 938 coelestibus
2309 882 2539 940 facimus
2579 885 2875 955 locupletes
2919 905 2932 941 :
2971 888 3124 956 quasi
3175 887 3356 942 tristes
3401 887 3535 943 dicit

1950 982 2003 1029 et
2029 974 2168 1030 sicut
2207 984 2460 1046 egentes,
2492 983 2552 1031 ut
2593 977 2924 1043 ostenderet,
2965 978 3068 1033 ista
3092 991 3219 1033 vera
3253 979 3395 1033 mala
3423 994 3530 1034 non

1948 1080 2089 1132 esse,
2130 1064 2224 1120 sed
2262 1066 2417 1138 quasi
2462 1067 2686 1122 umbras
2730 1074 2785 1122 et
2819 1066 3083 1139 imagines
3112 1067 3427 1138 passionum
3461 1069 3548 1125 ad'

1947 1159 2407 1228 comparationem
2440 1159 2649 1231 praemii
2679 1159 3013 1230 sempiterni.

2021 1246 2292 1319 Tanquam
2314 1247 2447 1303 nihil
2473 1248 2739 1304 habentes.
2760 1250 2912 1305 Sicut
2933 1250 3063 1305 dicit
3082 1248 3367 1305 Salomon:
3394 1248 3532 1321 Ejus

1943 1338 2033 1408 qui
2057 1348 2130 1392 est
2153 1337 2346 1408 ﬁdelis,
2364 1346 2504 1392 totus
2525 1339 2752 1394 mundus
2778 1339 3082 1394 divitian
3101 1350 3197 1394 est.
3217 1340 3387 1394 Nemo
3408 1340 3531 1409 plus

1944 1426 2129 1493 habet,
2158 1430 2439 1499 quam°qui
2464 1429 2609 1485 nullo
2637 1431 2857 1502 indiget.
2889 1429 2985 1486 llle
3006 1430 3154 1487 nullo
3185 1430 3412 1503 indiget,
3435 1430 3530 1503 qui

1942 1525 2143 1589 praeter
2174 1520 2477 1575 necessaria
2499 1519 2632 1575 nihil
2664 1519 2913 1590 requirit.

2268 1646 2623 1717 evneum!
2653 1677 2938 1727 ιιι-πταίει,
2973 1677 3093 1718 ων.
3126 1676 3199 1717 tv.

334 1775 441 1832 Per
475 1778 699 1853 gloriam
716 1793 763 1843 et
786 1780 1187 1856 ignobilitatem.
1222 1787 1324 1858 (Ex
1354 1787 1614 1861 Primas.)
1640 1791 1698 1847 Id
1726 1800 1841 1860 est,
1874 1772 1920 1831 Β
2023 1810 2043 1843 ι
2082 1790 2283 1848 Ductus
2316 1800 2400 1847 est
2422 1789 2583 1848 Jesus
2605 1794 2659 1847 in
2682 1792 2954 1848 desertum
2983 1807 3013 1847 a
3037 1791 3263 1864 Spiritu,
3312 1800 3374 1848 ut
3406 1800 3527 1848 ten—

261 1885 362 1942 per
394 1871 617 1942 gloriam
662 1876 941 1944 virtutum,
981 1887 1034 1934 et
1064 1879 1457 1950 ignobilitatem
1485 1881 1840 1954 ﬂagellorum,

264 1964 663 2036 despectionum
694 1977 749 2025 et
777 1985 1079 2027 carcerum.

337 2052 445 2110 Per
487 2057 762 2128 infamiam
801 2070 849 2114 et
879 2060 1068 2116 bonam
1104 2066 1327 2133 famam.
1359 2062 1552 2121 Omnia
1593 2064 1710 2119 haec
1748 2080 1846 2137 per

262 2148 576 2219 patientiam
612 2151 893 2223 aequaliter
919 2153 1311 2224 suscipiamus,
1335 2171 1435 2211 nec
1465 2154 1728 2210 extollant
1747 2172 1845 2213 nos

264 2239 564 2308 laudantes,
603 2258 705 2299 nec
746 2242 1001 2312 dejiciaut
1051 2246 1418 2302 detrahentes.
1451 2245 1586 2313 Quia
1620 2261 1845 2305 necesse

262 2341 347 2389 est
391 2349 498 2389 non
546 2349 819 2404 nunquam
865 2344 1124 2406 utrosque
1166 2338 1406 2392 mentiri.
1459 2335 1569 2391 Nos
1599 2353 1728 2393 vero
1777 2337 1845 2393 ad

261 2423 649 2479 conscientiam
698 2424 1081 2497 respicientes,
1132 2442 1242 2482 non
1283 2425 1544 2482 debemus
1576 2427 1695 2498 plus
1724 2428 1845 2483 aliis

262 2515 330 2572 de
351 2516 510 2572 bonis
536 2518 736 2572 nostris
764 2535 928 2591 quam
954 2519 1110 2575 nobis
1141 2520 1271 2590 ipsis
1303 2521 1544 2576 credere.
1786 2508 1789 2515 ἴ

335 2604 406 2661 Ut
441 2606 738 2663 seductores
769 2617 818 2663 et
846 2627 1069 2665 veraces.
1104 2609 1283 2678 Quare
1323 2611 1670 2667 seductorcs?
1706 2611 1844 2681 Quia

266 2695 457 2753 docent
482 2696 755 2753 hominem
784 2698 1061 2769 despicere
1105 2699 1251 2770 quod
1298 2699 1496 2766 habet,
1539 2710 1595 2755 et
1624 2717 1845 2771 sperare

264 2787 405 2858 quod
432 2802 536 2841 non
566 2787 766 2842 habet:
808 2804 929 2859 quae
963 2789 1135 2845 oculis
1171 2789 1414 2859 exposita
1446 2798 1604 2853 sunt,
1637 2789 1845 2844 aversis

263 2886 320 2933 et
345 2876 611 2944 exclausis
640 2877 907 2942 sensibus,
950 2878 1264 2948 praeterire:
1314 2885 1370 2933 et
1405 2892 1523 2947 quse
1560 2876 1627 2932 ab
1670 2877 1842 2933 oculis

264 2978 470 3025 remota
500 2977 647 3035 sunt,
680 2967 1092 3039 inexplebilibus
1114 2968 1393 3024 desideriis
1430 2966 1722 3039 explicare.
1753 2966 1844 3023 Di-

263 3063 475 3117 cendo:
530 3060 841 3117 seductores
895 3068 952 3145 et
998 3076 1221 3116 veraces
1270 3061 1521 3131 exposuit
1561 3059 1839 3115 infamiam

1948 1901 1967 1935 s
2005 1889 2214 1937 taretur
2262 1897 2292 1935 a
2338 1880 2568 1937 diabolo.
2598 1883 2813 1940 Etcum
2836 1883 3137 1953 jejunasset
3165 1882 3524 1955 quadraginta

1949 1994 1968 2025 ι
2006 1973 2216 2038 diebus,
2243 1981 2298 2028 et
2321 1973 2677 2045 quadraginta
2709 1973 2980 2037 noctibus,
3010 1980 3198 2042 postea
3225 1971 3437 2028 csuriit.
3458 1974 3528 2029 Et

1948 2082 1967 2115 ‹
2002 2063 2267 2119 accedens
2302 2068 2560 2129 tentator,
2592 2062 2731 2118 dixit
2764 2063 2812 2118 ei
2842 2080 2855 2116 :
2899 2061 2955 2117 Si
2991 2061 3161 2117 Filius
3191 2063 3285 2118 Dei
3310 2079 3402 2129 es,
3440 2065 3529 2121 dic

1949 2172 1968 2206 ι
2004 2163 2064 2208 ιιι
2104 2154 2307 2226 lapides
2332 2155 2418 2210 isti
2445 2169 2615 2226 panes
2650 2153 2801 2207 llant.
2831 2152 2932 2220 Qui
2965 2154 3317 2224 respondens,
3351 2154 3524 2209 dixit:

1950 2265 1968 2298 ι
2007 2245 2280 2318 Scriptum
2308 2255 2422 2302 est:
2449 2245 2565 2300 Non
2594 2245 2645 2299 in
2677 2245 2789 2300 solo
2814 2258 2955 2313 pane
2980 2244 3114 2299 vivit
3140 2246 3319 2309 homo,
3352 2246 3446 2300 sed
3472 2245 3528 2300 in

1948 2354 1968 2388 ι
2006 2338 2152 2391 omni
2204 2337 2372 2392 verbo
2427 2336 2569 2407 quod
2607 2336 2851 2407 procedit
2887 2334 2954 2390 de
2983 2351 3079 2390 ore
3110 2335 3226 2392 Dei.
3259 2335 3409 2391 Tunc
3437 2351 3528 2391 ass

1950 2447 1969 2480 s
2005 2429 2235 2499 sumpsit
2260 2443 2385 2483 eum
2408 2426 2655 2483 diabolus
2679 2426 2731 2481 in
2756 2434 2999 2481 sanctam
3023 2426 3316 2490 civitatem,
3340 2434 3395 2481 et
3417 2434 3529 2481 sta-

1950 2539 1969 2572 ι
2008 2518 2111 2574 ῑιιὶι
2135 2535 2259 2575 eum
2292 2535 2455 2590 supra
2477 2516 2821 2590 pinnaculum
2852 2516 3058 2586 templi,
3094 2522 3148 2571 et
3176 2516 3310 2571 dixit
3340 2515 3430 2571 ei:
3469 2517 3529 2572 Si

1950 2629 1967 2661 ι
2003 2608 2175 2665 Filius
2220 2609 2314 2664 Dei
2362 2605 2452 2675 es,
2502 2609 2658 2664 mitte
2707 2615 2760 2663 te
2805 2608 3078 2662 deorsum.
3132 2607 3407 2680 Scriptum
3442 2616 3530 2664 est

1950 2719 1968 2752 ‹
2007 2700 2151 2755 enim
2178 2718 2190 2754 :
2229 2701 2364 2768 Quia
2390 2700 2595 2771 angelis
2620 2698 2732 2754 suis
2752 2697 3029 2752 mandavit
3054 2698 3119 2753 de
3145 2705 3223 2763 te,
3254 2698 3385 2753 etin
3412 2714 3529 2753 ma-

1950 2812 1969 2846 ‹
2008 2795 2166 2848 nibus
2193 2793 2381 2848 tollent
2422 2799 2508 2856 te,
2540 2804 2609 2845 ne
2637 2789 2775 2845 forte
2807 2788 3048 2844 offendas
3074 2788 3142 2844 ad
3169 2788 3398 2859 lapidem
3432 2805 3531 2860 pe-

1950 2903 1968 2935 s
2005 2884 2125 2939 dem
2169 2891 2342 2938 tuum.
2374 2881 2465 2936 Ait
2509 2880 2585 2935 illi
2625 2876 2821 2935 Iesus:
2852 2878 3087 2935 Rursum
3115 2880 3375 2951 scriptum
3403 2889 3524 2936 est:

1950 2993 1968 3025 s
1998 2971 2114 3029 Non
2138 2972 2375 3028 tentabis
2395 2970 2683 3026 Dominum
2710 2971 2881 3024 Deum
2902 2979 3073 3024 tuum.
3092 2969 3292 3024 Iterum
3319 2985 3530 3026 assum-

1950 3085 1969 3118 ς
2005 3066 2113 3137 psit
2144 3080 2268 3119 eum
2315 3063 2561 3119 diabolus
2592 3063 2644 3117 in
2672 3069 2909 3116 montem
2948 3062 3220 3116 excelsum
3253 3060 3429 3126 valde,
3471 3073 3530 3118 et

262 3162 318 3207 et
354 3153 550 3207 bonam
580 3150 800 3218 famam,
833 3134 960 3221 quia
1006 3152 1074 3207 ab
1116 3150 1234 3206 aliis
1260 3151 1592 3216 seductores,
1626 3152 1694 3206 ab
1722 3151 1841 3209 aliis
1868 3132 1913 3195 ε
1951 3175 1970 3207 ι
2005 3132 2243 3211 ostendit
2268 3154 2315 3209 ei
2344 3153 2524 3209 omnia
2555 3166 2716 3223 regna
2746 3149 2953 3215 mundi,
2975 3158 3029 3204 et
3060 3150 3285 3219 gloriam
3312 3166 3524 3218 eorum,

264 3258 416 3309 vero,
443 3258 550 3298 non
595 3241 767 3297 solum
816 3258 1054 3308 veraces,
1105 3243 1197 3299 sed
1238 3250 1294 3298 et
1326 3250 1547 3314 propter
1579 3243 1840 3299 virtutum

264 3346 451 3404 opera,
485 3331 556 3387 dii
587 3330 933 3387 vocabantur.
963 3330 1078 3387 Non
1120 3345 1249 3404 ergo
1278 3333 1506 3397 mirum,
1544 3333 1588 3388 si
1615 3332 1842 3404 apostoli

269 3425 581 3480 seductores
610 3423 950 3489 dicebantur,
979 3440 1099 3479 cum
1129 3423 1194 3479 de
1230 3423 1345 3494 ipso
1370 3423 1599 3478 Domino
1643 3423 1731 3477 alii
1765 3424 1845 3479 di-

268 3517 484 3581 cebant,
523 3517 643 3588 quia
683 3515 845 3571 bonus
875 3526 972 3584 est,
1008 3517 1101 3570 alii
1144 3516 1287 3584 Non,
1315 3516 1408 3571 sed
1433 3516 1632 3571 seducit
1662 3516 1844 3571 turbas

270 3603 456 3676 (Joan.
489 3608 608 3675 vn).

341 3694 488 3750 Sicut
520 3697 608 3768 qui
637 3696 799 3766 ignoti
825 3706 873 3751 et
914 3694 1125 3767 cogniti.
1153 3692 1325 3765 ignoti
1357 3695 1577 3765 quidem
1621 3695 1846 3768 perﬁdis

265 3792 318 3841 et
344 3785 588 3856 ingratis.
624 3784 835 3856 Cogniti
872 3792 1049 3841 autem
1081 3783 1327 3839 fidelibus
1358 3791 1521 3853 atque
1542 3783 1726 3851 justis.

317 3860 487 3929 Quasi
508 3868 804 3929 morientes,
835 3873 885 3919 et
910 3881 1026 3921 ecce
1080 3868 1320 3923 vivimus.
1360 3867 1477 3923 lioc
1511 3876 1617 3935 est,
1655 3882 1832 3940 usque

249 3955 318 4011 ad
353 3957 797 4028 desperationem
849 3960 976 4016 vita:
1005 3962 1405 4032 pervenientes,
1440 3962 1585 4018 sicut
1609 3963 1831 4034 quando

246 4050 522 4120 lapidatus
550 4050 852 4121 putabatur
887 4061 1160 4116 mortuus,
1202 4052 1293 4108 ille
1320 4064 1452 4107 vero
1508 4053 1753 4107 surrexit
1774 4059 1832 4108 et

250 4145 481 4201 docebat
513 4145 567 4199 iu
592 4143 799 4215 Lystris
825 4144 959 4215 (Act.
989 4144 1127 4215 le).

327 4239 389 4294 Ut
420 4241 729 4311 eastigatiet
763 4254 867 4295 non
900 4240 1230 4309 morti/itali.
1266 4238 1418 4295 Sicut
1445 4239 1707 4310 legimus:
1735 4238 1835 4295 Ca-

251 4335 456 4407 stigaus
480 4336 760 4405 castigavit
791 4350 872 4388 me
910 4336 1179 4395 Dominus,
1214 4343 1264 4388 et
1287 4334 1449 4387 morti
1482 4350 1585 4386 non
1606 4333 1835 4387 tradidit

254 4444 337 4482 me
375 4427 541 4503 (Paul.
576 4429 762 4501 cvi-1:).
792 4430 1066 4499 (Iast‘garu
1105 4428 1277 4488 enim.
1325 4435 1381 4481 et
1418 4427 1606 4483 verbis
1632 4436 1687 4482 et
1714 4436 1838 4482 ver-

252 4519 500 4585 beribus,
527 4520 781 4587 dicimus,
799 4520 942 4575 sicut
963 4519 1164 4573 Pilatus
1183 4518 1251 4572 de
1276 4519 1506 4579 Domino
1525 4516 1634 4571 ait:
1662 4516 1836 4571 Casti-

252 4626 439 4687 gatum
467 4631 584 4669 eum
612 4613 901 4677 dimittam,
925 4613 978 4668 id
1007 4621 1111 4679 est,
1131 4611 1455 4667 verberibus
1480 4610 1835 4681 llagcllatum.

332 4704 498 4771 Quasi
528 4707 721 4770 tristes,
745 4722 951 4778 semper
968 4718 1146 4760 autem
1168 4707 1477 4778 gaudentes.
1511 4703 1724 4759 Tristes
1750 4718 1834 4758 se-

258 4801 493 4857 veritate
530 4802 739 4868 vultus,
775 4801 941 4856 corde
975 4815 1106 4854 vero
1127 4800 1289 4854 etiam
1311 4800 1363 4853 in
1389 4797 1841 4853 tribulationibus

264 4898 363 4955 pro
392 4883 783 4941 munerationis
812 4882 1213 4956 exspectatione
1248 4883 1560 4954 gaudentes,
1578 4885 1843 4955 scriptum

263 4980 347 5026 est
386 4974 571 5029 enim:
628 4970 743 5028 Tris
768 4974 863 5029 itia
910 4983 1083 5029 vestra
1122 4981 1447 5028 convertetur
1491 4973 1546 5027 in
1589 4973 1843 5045 gaudium

264 5059 448 5133 (Ioan.
483 5060 619 5134 xvi).

335 5147 456 5221 (Ex
499 5151 713 5224 Ambr.)
762 5149 1017 5223 Quisquis
1051 5153 1319 5209 somnium
1368 5154 1607 5223 indicat,
1653 5156 1842 5212 addit:

265 5240 451 5309 Quasi.
504 5241 671 5310 Quasi
717 5243 1016 5315 loquebar,
1067 5244 1222 5317 quasi
1272 5245 1615 5315 cquitabam.
1670 5255 1844 5302 totum

264 5331 444 5402 quasi,
472 5332 561 5403 qui
595 5348 717 5389 cum
748 5332 1049 5405 vigilaverit
1075 5348 1181 5388 non
1209 5335 1413 5390 invenit
1438 5335 1579 5406 quod
1605 5335 1839 5391 videbat.

263 5416 447 5491 Itaque
478 5423 638 5477 modo
679 5423 771 5495 qui
819 5423 887 5478 ad
923 5423 1140 5479 laetitias
1174 5425 1463 5480 smculares
1497 5425 1685 5481 oculos
1717 5443 1845 5498 ape-

263 5511 429 5576 riunt,
462 5512 659 5568 transit
703 5515 867 5582 Quasi
908 5515 1170 5585 ipsorum,
1214 5523 1267 5571 et
1292 5516 1441 5571 venit
1467 5532 1654 5572 verum
1698 5518 1843 5588 ipso-

265 5617 403 5657 rum.
436 5602 600 5671 Quasi
630 5606 866 5676 ipsorum
894 5613 977 5661 est
1005 5605 1236 5662 felicitas
1259 5606 1461 5672 szccul‘,
1485 5622 1672 5662 verum
1701 5608 1843 5679 ipso—

269 5709 388 5750 rum
417 5686 574 5765 pmna
598 5703 697 5749 est.
730 5696 983 5751 Nostrum
1013 5697 1176 5764 Quasi
1208 5699 1423 5753 tristitia
1458 5705 1560 5763 est,
1589 5700 1840 5770 gaudium

1952 3266 1971 3299 ι
2008 3255 2063 3303 et
2088 3246 2228 3301 dixit
2268 3245 2385 3300 illi:
2425 3242 2551 3299 Haec
2580 3243 2761 3298 omnia
2807 3242 2905 3297 tibi
2948 3242 3105 3305 dabo,
3151 3242 3195 3295 si
3239 3242 3527 3311 procidens

1953 3358 1972 3391 ς
2007 3339 2319 3394 adoraveris
2347 3353 2453 3392 me.
2486 3337 2639 3391 Tunc
2670 3334 2807 3389 dixit
2829 3335 2879 3389 ei
2908 3333 3066 3389 Iesus
3103 3349 3117 3387 :
3156 3334 3322 3398 Vade,
3360 3333 3526 3390 Sata—

1934 3432 1972 3484 ἰ
2012 3448 2131 3488 nas.
2180 3430 2453 3500 Scriptum
2493 3436 2575 3483 est
2612 3428 2791 3482 enim:
2832 3426 3118 3481 Dominum
3164 3425 3331 3479 Deum
3378 3435 3526 3482 tuum

1957 3543 1975 3575 ι
2013 3524 2295 3589 adorabis,
2345 3530 2400 3577 et
2440 3519 2515 3575 illi
2556 3518 2653 3575 soli
2687 3521 2911 3575 servies.
2952 3517 3102 3572 Tunc
3144 3518 3360 3587 reliquit
3402 3534 3526 3574 eum

1954 3634 1972 3667 ι
2016 3615 2291 3679 dialolus,
2326 3623 2380 3670 et
2404 3627 2531 3669 ecce
2562 3611 2738 3685 angeli
2774 3618 3122 3666 accesserunt
3157 3618 3212 3664 et
3246 3610 3526 3665 ministra-

1952 3726 1970 3760 ι
2008 3708 2140 3763 bant
2166 3707 2235 3763 ei.
2269 3726 2288 3758 ι

2018 3799 2223 3853 Ductus
2254 3807 2327 3853 est
2354 3796 2511 3852 Iesus
2541 3796 2596 3851 in
2626 3796 2887 3850 desertum
2931 3812 2962 3848 α
2995 3793 3231 3864 Spiritu,
3257 3804 3313 3848 ut
3358 3803 3528 3849 lenta-

1949 3899 2094 3943 retur
2121 3907 2152 3942 a
2178 3888 2409 3943 diabolo.
2445 3886 2543 3961 (Ex
2583 3885 2834 3959 Gregor.)
2867 3884 3112 3941 Dubitari
3145 3903 3174 3941 a
3204 3887 3524 3957 quibusdam

1947 3977 2084 4034 solet
2107 3992 2134 4032 a
2160 3992 2266 4046 quo
2292 3977 2484 4047 spiritu
2507 3975 2579 4031 sit
2603 3972 2758 4030 Jesus
2782 3974 2975 4030 ductus
3004 3974 3058 4028 in
3085 3974 3379 4036 desertum,
3401 3991 3526 4045 pro-

1944 4078 2067 4140 pter
2090 4068 2194 4121 hoc
2225 4068 2366 4135 quod
2404 4064 2687 4121 subditur:
2730 4064 3023 4134 Assumpsit
3057 4079 3174 4117 eum
3204 4062 3444 4118 diabolus
3469 4065 3524 4119 in

1944 4166 2179 4212 sanctam
2203 4157 2484 4219 civitatem,
2503 4162 2555 4209 et
2578 4169 2825 4208 rursum:
2849 4152 3138 4222 Assuntpsit
3161 4166 3278 4205 eum
3299 4152 3353 4204 in
3376 4168 3526 4206 mon-

1946 4258 2046 4303 tem
2091 4246 2371 4301 excelsum.
2423 4245 2530 4300 Sed
2572 4242 2699 4298 vet‘e
2738 4251 2793 4298 et
2836 4245 3039 4312 absque
3079 4242 3182 4296 ulla
3224 4240 3524 4311 qutestionc

1945 4339 2329 4395 convenienter
2350 4336 2636 4405 accipitur,
2665 4341 2724 4388 ut
2749 4349 2779 4388 a
2806 4342 2994 4388 sancto
3017 4332 3218 4402 Spiritu
3253 4332 3307 4386 in
3336 4333 3520 4387 desur-

1945 4438 2058 4485 tum
2090 4430 2281 4485 (luctus
2304 4428 2574 4490 credatur,
2614 4433 2673 4479 ut
2703 4424 2811 4480 illic
2843 4438 2965 4479 eum
2994 4439 3124 4479 suus
3153 4422 3388 4493 Spiritus
3424 4424 3522 4477 (Zu-

1943 4528 2111 4584 ccret,
2141 4520 2229 4574 ubi
2262 4519 2404 4574 hunc
2441 4518 2507 4573 ad
2543 4516 2859 4572 tentandum
2887 4512 3108 4585 spiritus
3137 4513 3405 4582 malignus
3435 4515 3521 4569 in-

1944 4611 2172 4677 veniret,
2199 4610 2290 4666 sed
2320 4622 2448 4664 ecce
2473 4622 2594 4663 cum
2618 4606 2818 4661 dicitur
2841 4625 2853 4660 :
2884 4605 3025 4661 Deus
3047 4607 3210 4660 homo
3238 4604 3320 4660 vel
3346 4605 3400 4658 in
3427 4622 3522 4660 ex-

1944 4700 2145 4756 celsum
2176 4710 2413 4755 montem
2434 4740 2449 4767 ,
2478 4698 2561 4753 vel
2590 4699 2643 4753 in
2682 4706 2922 4753 sanctam
2953 4695 3223 4752 civitatem
3252 4711 3281 4750 a
3310 4697 3522 4752 diabolo

1944 4798 2275 4861 assumptus,
2304 4806 2457 4845 mens
2487 4787 2684 4861 refugit
2722 4787 2955 4843 humana
2976 4829 2991 4853 ,
3018 4789 3121 4843 hoc
3148 4787 3334 4842 audire
3362 4800 3522 4842 aures

1944 4890 2325 4952 expavescunt.
2380 4879 2480 4948 Qui
2529 4889 2709 4935 tanton
2752 4896 2857 4935 non
2891 4888 3009 4935 esse
3040 4878 3379 4934 incredibilia
3420 4879 3521 4933 ista

1946 4973 2311 5044 agnoscimus,
2349 4973 2397 5027 si
2423 4973 2475 5027 in
2506 4971 2595 5027 illo
2620 4979 2675 5026 et
2711 4971 2815 5025 alia
2846 4968 2985 5026 facta
3015 4985 3324 5042 pensamus.
3363 4969 3523 5026 Certe

1944 5064 2250 5133 iniquorum
2281 5064 2521 5119 omnium
2556 5062 2800 5118 diabolus
2824 5069 2906 5117 est
2943 5068 3125 5131 caput,
3168 5068 3223 5116 et
3247 5058 3406 5130 hujus
3435 5075 3524 5115 ca-

1943 5155 2069 5226 pitis
2106 5155 2347 5209 membra
2397 5162 2523 5209 sunt
2569 5168 2757 5208 omnes
2803 5152 2992 5222 iniqui.
3039 5151 3122 5205 An
3173 5166 3278 5206 non
3322 5149 3520 5205 diaboli

1946 5243 2245 5299 membrum
2292 5241 2542 5297 Pilatus?
2575 5257 2645 5297 an
2674 5258 2781 5297 non
2829 5240 3028 5297 diaboli
3073 5242 3313 5296 membra
3353 5238 3522 5293 Iudici

1944 5341 2351 5409 persequentes,
2383 5341 2437 5388 et
2460 5332 2656 5389 milites
2685 5331 3060 5403 cruciﬁgentes
3097 5330 3358 5387 fuerunt?
3382 5328 3523 5395 Quid

1942 5441 2073 5497 ergo
2101 5427 2321 5490 mirum,
2353 5424 2397 5480 si
2422 5439 2483 5480 se
2506 5424 2575 5479 ab
2613 5423 2703 5480 illo
2723 5423 2972 5493 permisit
3011 5424 3064 5478 in
3094 5429 3332 5477 montem
3375 5418 3518 5483 duci,

1944 5518 2036 5588 qui
2063 5534 2121 5573 se
2149 5516 2368 5588 pertulit
2390 5515 2553 5570 etiam
2582 5530 2613 5570 a
2649 5515 2909 5569 membris
2933 5514 3077 5568 illius
3097 5509 3374 5579 crucifigi?
3403 5506 3522 5563 Non

1946 5615 2029 5661 est
2051 5621 2179 5677 ergo
2209 5606 2487 5677 indignum
2525 5604 2875 5673 Redemptori
2904 5612 3109 5668 nostro,
3149 5602 3292 5673 quod
3327 5600 3521 5655 tentari

1947 5698 2145 5762 voluit,
2186 5698 2276 5767 qui
2327 5703 2548 5751 venerat
2581 5696 2775 5752 occidi.
2816 5694 3028 5750 Iustum
3061 5696 3259 5766 quippe
3284 5702 3425 5759 erat,
3464 5701 3521 5749 ut
