3946 6452
431 357 533 416 1'25

1727 349 2076 406 SMARAGDI
2110 345 2400 402 ABBATIS

3586 329 3691 393 121

429 475 508 528 sic
550 469 874 526 tentationcs
907 473 1125 522 nostras
1165 463 1278 519 suis
1322 461 1710 518 tentationibus
1735 461 2008 524 vinceret,
2039 465 2088 523 Α
2115 459 2362 513 subditur
2386 476 2398 511 :
2429 455 2569 523 Quia
2598 456 2864 512 recedente
2887 455 3097 510 diabolo
3119 453 3290 525 angeli
3319 453 3692 508 ministrabant

428 569 569 622 SlCUl
585 572 643 619 et
656 569 882 617 mortem
897 566 1141 614 nostram
1167 563 1392 612 venerat
1415 570 1512 610 sua
1538 562 1711 609 morte
1727 565 2000 623 superare.

430 657 537 713 Sed
567 654 843 710 sciendum
886 651 1043 706 nobis
1070 656 1176 714 est,
1206 647 1332 718 quia
1367 645 1543 701 tribus
1571 643 1745 700 modis
1780 642 2006 698 tentatio

429 748 636 816 agitur,
686 742 1048 815 suggestione,
1086 738 1462 801 delectatione,
1493 750 1784 800 consensu,
1818 745 1874 788 et
1907 750 2005 788 nos

429 856 548 894 cum
577 848 866 901 tentamur,
895 836 1211 906 plerumque
1239 835 1290 887 in
1312 831 1618 894 dilectione,
1648 839 1740 884 aut
1765 830 1926 884 etiam
1951 829 2004 882 in

429 945 695 986 consensu
728 930 983 993 labimur,
1023 929 1148 997 quia
1183 927 1248 980 de
1276 925 1455 979 carnis
1476 933 1698 992 peccato
1726 919 2006 992 propagati

417 1023 482 1076 .in
513 1023 668 1076 nobis
699 1021 829 1090 ipsis
856 1021 1021 1075 etiam
1045 1020 1298 1091 gerimus,
1322 1017 1462 1071 unde
1484 1014 1780 1072 certamina
1812 1013 2008 1068 tolera-

431 1128 571 1165 mus.
605 1112 746 1166 Deus
773 1127 921 1173 vero,
953 1111 1045 1179 qui
1076 1110 1129 1163 in
1162 1117 1314 1162 utero
1343 1106 1566 1176 virginis
1593 1105 1922 1166 incarnatus,
1953 1103 2006 1157 in

432 1203 688 1256 mundum
719 1201 833 1255 sine
857 1208 1076 1269 peccato
1105 1206 1357 1261 venerat,
1390 1195 1524 1251 nihil
1563 1195 2008 1251 contradictionis

432 1288 485 1342 in
509 1292 796 1360 semetipso
822 1291 1107 1353 tolerabat,
1126 1289 1320 1342 tentari
1338 1303 1465 1356 ergo
1492 1302 1589 1356 per
1609 1286 2006 1356 suggestionem

431 1381 623 1451 potuit,
657 1380 750 1434 sed
779 1381 895 1449 ejus
933 1387 1166 1434 mentem
1196 1378 1402 1448 peccati
1453 1376 1740 1431 delectatio
1766 1391 1870 1429 non
1896 1391 2009 1428 mo-

431 1471 649 1524 mordit.
676 1469 852 1538 Atque
874 1470 994 1524 ideo
1015 1469 1190 1524 omnis
1211 1468 1472 1523 diabolica
1495 1468 1586 1522 illa
1618 1468 1842 1523 tentatio
1879 1465 2010 1521 foris

430 1575 538 1612 non
565 1560 711 1613 intus
738 1558 866 1623 fuit;
894 1559 986 1613 sed
1013 1559 1055 1613 si
1085 1558 1260 1627 ipsum
1284 1557 1528 1612 ordinem
1557 1555 1873 1612 tentationis
1894 1555 2011 1625 ejus

431 1651 742 1721 aspicimus,
771 1665 1074 1720 pensemus,
1102 1657 1305 1720 quanta
1328 1650 1694 1720 magnitudine
1716 1665 1814 1705 nos
1836 1664 1867 1704 a
1891 1657 2009 1703 ten-

433 1744 636 1798 tatione
681 1743 992 1798 liberamur.
1037 1741 1306 1812 Antiquus
1345 1743 1520 1797 hostis
1550 1749 1738 1796 contra
1773 1742 2008 1812 primum

430 1834 724 1898 hominem,
755 1840 1034 1903 parentem
1067 1841 1332 1897 nostrum,
1364 1834 1416 1886 in
1457 1832 1627 1887 tribus
1666 1847 1724 1887 se
1758 1832 2012 1886 tentatio—

430 1925 588 1978 nibus
613 1924 802 1979 erexit.
829 1923 962 1990 Quia
993 1923 1135 1978 hunc
1166 1923 1416 1977 videlicet
1449 1923 1571 1992 gula
1592 1964 1607 1988 ,
1634 1939 1769 1977 vana
1804 1923 1974 1993 gloria
1996 1965 2011 1989 ,

430 2022 487 2068 et
514 2014 742 2067 avaritia
771 2013 1010 2074 tentavit,
1039 2013 1132 2068 sed
1157 2013 1413 2067 tentando
1439 2014 1739 2084 superavit,
1761 2013 1888 2083 quia
1911 2013 2013 2068 sibi

429 2118 554 2157 cum
581 2117 678 2172 per
699 2117 1021 2157 consensum
1051 2102 1302 2157 subdidit.
1339 2102 1414 2156 Ex
1454 2102 1580 2172 gula
1609 2102 1807 2173 quippe
1835 2110 2012 2157 tenta-

428 2195 526 2258 vit,
554 2211 678 2250 cum
707 2195 883 2248 cibum
914 2194 1042 2265 ligni
1078 2195 1300 2249 vetitum
1332 2194 1599 2258 ostendit,
1635 2202 1796 2263 atque
1828 2195 1892 2249 ad
1917 2210 2012 2249 co-

430 2286 754 2340 medendum
799 2285 988 2338 suasit.
1034 2284 1115 2340 Ex
1158 2301 1296 2338 vana
1341 2293 1520 2339 autem
1549 2284 1721 2354 gloria
1767 2285 2010 2350 tentavit,

431 2392 554 2430 cum
583 2376 815 2431 diceret:
837 2375 1002 2430 Eritis
1024 2376 1157 2430 sicut
1180 2375 1288 2429 Dii.
1320 2375 1385 2430 Et
1411 2391 1475 2430 ex
1503 2375 1750 2446 proiectu
1771 2377 2013 2431 avaritia:

431 2468 695 2533 tentavit,
738 2483 862 2522 cum
899 2467 1140 2521 diceret:
1184 2464 1419 2521 Scientes
1461 2463 1652 2519 bonum
1698 2477 1746 2520 et
1791 2465 2008 2520 malum.

428 2559 671 2614 Avaritia
701 2559 844 2613 enim
875 2574 980 2613 non
1008 2557 1179 2614 solum
1203 2558 1442 2628 pecunia:
1467 2565 1572 2624 est,
1599 2559 1691 2612 sed
1713 2559 1875 2613 etiam
1896 2559 2015 2612 alti-

430 2651 653 2705 tudinis.
679 2645 847 2705 Recte
865 2650 1008 2704 enim
1040 2650 1265 2703 avaritia
1291 2649 1516 2715 dicitur,
1550 2664 1671 2703 cum
1704 2664 1865 2718 supra
1897 2665 2013 2704 mo-

427 2743 561 2796 dum
584 2740 888 2796 sublimitas
928 2740 1182 2795 ambitur.
1227 2739 1281 2794 Si
1321 2740 1463 2795 enim
1486 2756 1590 2796 non
1619 2741 1687 2795 ad
1726 2739 2009 2794 avaritiam

431 2832 655 2888 honoris
675 2833 862 2902 rapina
887 2831 1203 2900 pertineret,
1229 2847 1568 2902 nequaquam
1592 2829 1789 2887 Paulus
1809 2832 1874 2887 de
1899 2832 2011 2888 uni-

429 2918 658 2993 genito!“
662 2922 752 2977 ilio
778 2923 1006 2988 diceret,
1049 2939 1151 2978 non
1203 2923 1443 2993 rapinam
1481 2921 1766 2977 arbitratus
1794 2932 1866 2978 est
1900 2939 2010 2978 esse

427 3028 484 3065 se
512 3011 763 3081 a'qualem
795 3011 922 3065 Deo.
956 3013 1013 3066 ln
1042 3013 1144 3067 hoc
1180 3027 1308 3083 ergo
1337 3013 1582 3068 diabolus
1607 3023 1888 3084 parentem
1915 3030 2011 3070 no-

428 3114 599 3156 strum
623 3102 691 3156 ad
721 3103 1026 3172 superbiam
1054 3105 1249 3168 traxit,
1283 3107 1428 3173 quod
1460 3120 1584 3160 eum
1624 3103 1690 3159 ad
1719 3105 2008 3160 avaritiam

428 3167 1068 3248 sublimitatisexcitavit.
1098 3191 1205 3249 Sed
1233 3167 1428 3263 quibus
1451 3196 1625 3250 modis
1653 3197 1885 3266 primum
1905 3197 2006 3251 ho-
2035 3167 2079 3229 C

429 3281 628 3334 minem
674 3283 889 3347 stravit,
929 3279 1132 3337 eisdem
1162 3285 1356 3350 modis,
1394 3285 1631 3339 secundo
1661 3286 1867 3340 homini
1892 3295 2009 3341 ten-

431 3380 564 3438 tato,
596 3375 898 3428 succubuit.
928 3373 1030 3429 Per
1052 3374 1228 3444 gulam
1256 3377 1451 3446 quippe
1479 3379 1707 3432 tentavit
1727 3394 1873 3444 eum,
1911 3379 2008 3448 qui

429 3461 560 3515 dicit
586 3479 598 3514 :
642 3461 738 3514 Dic
767 3472 820 3514 ut
841 3461 1040 3532 lapides
1063 3463 1149 3516 isti
1183 3481 1340 3533 panes
1368 3465 1519 3533 ﬁant.
1553 3466 1658 3521 Per
1681 3482 1875 3522 vanam
1900 3467 2008 3538 glo-

430 3551 566 3604 riam
602 3551 842 3612 tentavit,
873 3567 995 3606 cum
1034 3553 1193 3607 dicit:
1228 3550 1288 3607 Si
1329 3554 1473 3624 ﬁlius
1517 3555 1616 3609 Dei
1656 3573 1738 3620 es,
1784 3557 1930 3610 mitte
1961 3567 2010 3611 te

430 3643 692 3696 deorsum.
740 3642 842 3696 Per
888 3642 1235 3699 sublimitatis
1270 3645 1553 3700 avaritiam
1595 3647 1849 3712 tentavit,
1885 3663 2010 3701 cum

432 3748 595 3803 regna
622 3735 800 3788 omnia
829 3735 1011 3788 mundi
1033 3735 1289 3801 ostendit,
1318 3737 1534 3791 dicens:
1568 3736 1695 3792 Haec
1718 3739 1893 3791 omnia
1918 3735 2010 3791 tibi

429 3826 588 3891 dabo,
616 3827 662 3880 si
688 3828 958 3898 precidem
996 3828 1297 3884 adoraveris
1331 3847 1432 3884 me.
1470 3829 1576 3885 Sed
1601 3831 1803 3886 eisdem
1833 3831 2010 3887 modis

429 3937 458 3974 a
487 3922 722 3976 secundo
745 3923 957 3977 homine
980 3924 1234 3990 vincitur,
1249 3926 1444 3996 quibus
1469 3926 1706 3996 primum
1734 3927 2008 3982 hominem

429 4025 488 4066 se
515 4011 709 4068 vicisse
737 4011 1014 4083 gloriatur,
1043 4025 1102 4069 ut
1127 4031 1157 4069 a
1195 4017 1395 4072 nostris
1423 4017 1674 4072 cordibus
1706 4018 1826 4088 ipso
1860 4019 2008 4076 aditu

427 4113 619 4176 captus
666 4115 852 4171 exeat,
897 4123 1002 4177 quo
1038 4123 1135 4163 nos
1182 4109 1330 4164 aditu
1382 4109 1723 4164 intromissos
1772 4111 2005 4167 tenebat.

430 4196 538 4251 Sed
561 4205 641 4250 est
671 4197 832 4262 aliud,
861 4198 1056 4254 fratres
1086 4199 1412 4264 charissimi,
1440 4199 1581 4268 quod
1621 4200 1675 4254 in
1701 4201 1805 4256 hac
1829 4209 2008 4257 tenta-

429 4287 577 4340 tione
600 4287 875 4342 Dominica
904 4290 1248 4345 considerare
1273 4291 1581 4345 debeamus.
1606 4289 1740 4357 Quia
1770 4301 2008 4349 tentatus

429 4393 460 4428 a
490 4376 702 4429 diabolo
730 4377 1004 4442 Dominus,
1038 4380 1176 4434 sacri
1199 4379 1397 4449 eloquii
1423 4389 1691 4450 praecepta
1711 4383 2003 4451 respondit.

429 4467 497 4521 Et
518 4467 607 4534 qui
633 4483 696 4522 eo
717 4470 881 4524 ητις-ο
903 4471 1045 4539 quod
1067 4477 1206 4534 erat,
1233 4477 1553 4525 tentatorem
1582 4487 1737 4526 suum
1762 4488 2008 4544 mergere

429 4558 483 4609 in
511 4557 759 4625 abyssum
786 4567 1018 4628 poterat,
1045 4559 1296 4612 virtutem
1331 4573 1442 4612 suae
1478 4560 1732 4628 potentia:
1770 4577 1878 4616 non
1917 4576 2006 4619 os-

429 4646 618 4700 tendit.
650 4647 773 4702 Sola
797 4649 990 4704 divina:
1011 4648 1310 4718 Scripturte
1337 4657 1604 4720 praecepta
1631 4650 1800 4716 dedit,
1824 4660 2005 4721 quate-

428 4751 532 4791 nus
578 4751 689 4792 suae
733 4740 889 4794 nobis
931 4738 1204 4807 patientia:
1250 4739 1515 4808 praeberet
1557 4740 1884 4811 exemplum.
1933 4742 2004 4798 Ut

428 4828 639 4896 quoties
667 4844 698 4882 a
727 4829 908 4897 pravis
937 4827 1246 4882 hominibus
1274 4828 1476 4898 aliquid
1501 4831 1768 4900 patimur,
1801 4831 1870 4886 ad
1903 4834 2002 4887 do-

429 4919 660 4973 ctrinam
689 4921 1010 4983 excitemur,
1039 4919 1216 4988 potius
1246 4936 1404 4989 quam
1426 4923 1492 4976 ad
1521 4923 1832 4979 vindictam.
1864 4926 2002 4980 Pen-

429 5019 543 5086 sate
576 5017 774 5078 quanta
823 5017 906 5065 est
934 5009 1191 5078 patientia
1239 5011 1368 5074 Dei,
1418 5021 1616 5082 quanta
1663 5015 2000 5085 impatientia

431 5111 634 5156 nostra.
673 5102 780 5157 Nos
811 5104 856 5157 si
888 5102 1118 5172 injuriis,
1155 5111 1246 5157 aut
1283 5104 1460 5173 aliqua
1491 5105 1708 5162 lmsfone
1744 5124 2000 5179 provoca-

429 5211 569 5259 mur,
600 5193 781 5249 furore
813 5194 1076 5264 permoti,
1113 5203 1206 5249 aut
1251 5207 1510 5266 quantum
1547 5215 1832 5268 possumus
1877 5216 2003 5255 nos-

429 5285 685 5353 metipsos
715 5283 1042 5349 ulciscimur,
1063 5292 1157 5339 aut
1182 5286 1320 5356 quod
1350 5304 1457 5343 non
1483 5304 1770 5358 possumus
1807 5289 2002 5355 facere,

430 5377 721 5430 minamur.
769 5375 907 5430 Ecce
949 5376 1326 5434 adversitatem
1357 5381 1551 5436 diaboli
1588 5383 1847 5437 Dominus
1882 5397 2007 5451 per-

431 5466 573 5530 tulit,
605 5475 659 5520 et
694 5466 826 5520 nihil
871 5468 920 5521 ei
949 5468 1051 5523 nisi
1079 5475 1507 5529 mansuetudinis
1532 5476 1756 5530 verbum
1783 5489 2006 5543 respon-

431 5555 530 5609 dit.
568 5555 756 5609 Portat
773 5572 930 5626 quem
955 5562 1130 5629 puniri
1160 5573 1391 5633 poterat,
1415 5575 1476 5619 ut
1502 5567 1604 5621 hoc
1630 5567 1683 5619 in
1713 5566 1870 5621 laude
1891 5567 2006 5633 ejus

430 5646 598 5701 altius
638 5659 937 5717 cresceret,
981 5653 1025 5708 si
1055 5655 1263 5710 hostem
1293 5672 1448 5711 suum
1488 5673 1592 5712 non
1621 5657 2003 5726 extinguendo,

433 5737 526 5796 sed
555 5736 768 5795 interim
789 5743 1040 5812 patiendo
1061 5754 1358 5817 superaret.
1393 5747 1692 5802 Notandum
1716 5763 1842 5802 vero
1864 5750 2003 5818 quod

2107 547 2175 604 ei.
2215 549 2295 602 Ex
2321 561 2425 618 qua
2453 545 2662 617 re'quid
2690 542 2866 612 aliud,
2903 559 3067 615 quam
3090 544 3251 598 unius
3270 556 3518 612 persona
3545 551 3694 598 utra-

2107 653 2212 710 que
2238 645 2432 693 natura
2465 637 2786 693 ostenditur.
2814 637 2949 705 Quia
2977 647 3032 692 et
3059 639 3222 693 homo
3247 646 3332 694 est
3349 678 3365 703 ,
3390 650 3551 709 quem
3578 638 3695 692 dia-

2106 728 2263 785 bolus
2290 736 2484 795 tentat,
2507 736 2562 784 et
2644 723 2789 784 idem
2818 729 2934 799 ipse
2960 726 3220 784 Dominus
3247 737 3352 795 est,
3379 729 3465 784 cui
3498 726 3568 783 ab
3597 743 3706 783 auc

2107 820 2241 890 gulis
2269 821 2626 875 ministratur.
2658 820 3057 891 Cognoscamus
3081 823 3244 892 igitur
3273 821 3325 876 in
3355 837 3419 876 eo
3441 830 3700 876 naturam

2108 919 2370 976 nostram,
2403 911 2530 981 quia
2554 910 2658 965 nisi
2688 911 2831 965 hunc
2853 910 3100 965 diabolus
3126 910 3399 965 hominem
3425 917 3691 973 cerneret,

2108 1016 2213 1053 non
2253 1007 2503 1054 tentaret.
2538 1000 2876 1066 Veneremur
2910 1001 2965 1054 in
3012 999 3104 1054 illo
3148 999 3487 1054 divinitatem
3517 1014 3691 1064 suam,

2108 1091 2231 1158 quia
2262 1089 2363 1144 nisi
2389 1103 2551 1160 super
2584 1089 2764 1144 omnia
2799 1090 2941 1145 Deus
2965 1091 3243 1156 existeret,
3277 1091 3326 1146 ei
3355 1089 3502 1146 nullo
3533 1091 3695 1148 modo

2109 1179 2280 1248 angeli
2305 1179 2694 1234 ministrarent.

2183 1272 2248 1325 Et
2277 1288 2395 1326 cum
2429 1273 2725 1343 jejunasset
2751 1269 3103 1345 quadraginta
3129 1272 3308 1328 diebus
3354 1281 3408 1328 et
3467 1275 3701 1346 quadra-

2108 1365 2254 1434 ginta
2300 1363 2556 1417 noctibus.
2602 1364 2712 1420 Sed
2748 1365 2873 1434 quia
2904 1365 2992 1420 his
3032 1365 3220 1420 diebus
3270 1365 3698 1435 quadragesima:

2109 1453 2271 1507 lectio
2302 1455 2574 1524 congruit,
2607 1469 2731 1509 nam
2779 1453 3133 1525 quadraginta
3169 1456 3378 1510 dierum
3423 1455 3698 1510 abstinen-

2111 1546 2242 1599 tiam
2271 1547 2442 1600 nostri
2470 1545 2848 1616 Redemptoris
2883 1548 3218 1613 audivimus,
3267 1547 3358 1618 qui
3398 1549 3699 1618 quadrage-

2111 1639 2262 1693 simae
2309 1647 2520 1708 tempus
2551 1638 2900 1703 inchoamus,
2954 1639 3350 1695 discutiendum
3388 1640 3543 1695 nobis
3591 1649 3696 1704 est,

2111 1744 2210 1783 cur
2248 1731 2364 1784 haec
2407 1731 2527 1800 ipsa
2579 1731 2905 1785 abstinentia
2950 1747 3048 1802 per
3089 1732 3442 1802 quadraginta
3487 1732 3701 1787 dierum

2041 1819 2085 1877 B
2115 1835 2400 1876 numerum
2414 1820 2734 1877 custoditur.
2761 1821 2968 1892 Moyses
2991 1822 3157 1887 enim,
3172 1830 3231 1876 ut
3247 1821 3414 1893 legem
3430 1823 3704 1894 acciperet

2115 1911 2373 1974 secundo,
2405 1913 2594 1966 diebus
2623 1913 2976 1984 quadraginta
2995 1912 3276 1982 jcjunavit.
3309 1911 3490 1967 Helias
3517 1913 3570 1966 in
3601 1914 3700 1968 de-

2115 2009 2262 2057 serto
2285 2003 2642 2074 quadraginta
2670 2003 2860 2058 diebus
2874 2003 3151 2058 abstinuit.
3174 2004 3293 2073 Ipse
3315 2014 3504 2059 auctor
3521 2005 3704 2061 homi-

2114 2111 2265 2161 num,
2299 2097 2364 2150 ad
2393 2095 2640 2152 homines
2667 2099 2888 2152 veniens
2909 2140 2923 2164 ,
2955 2100 3310 2170 quadraginta
3348 2100 3536 2157 diebus
3579 2102 3704 2158 nul-

2111 2184 2223 2241 lum
2247 2190 2394 2243 omni
2419 2190 2578 2245 modo
2598 2191 2777 2245 cibum
2803 2193 3050 2262 sumpsit.
3080 2192 3190 2248 Nos
3216 2208 3428 2264 quoque
3451 2197 3505 2250 in
3527 2213 3704 2268 quan-

2112 2286 2226 2334 tum
2250 2296 2554 2350 possumus,
2572 2297 2750 2336 annuo
2772 2282 3196 2354 quadragesima:
3216 2293 3455 2356 tempore
3475 2301 3700 2342 carnem

2115 2379 2358 2428 nostram
2378 2389 2477 2443 per
2497 2375 2878 2430 abstinentiam
2901 2374 3136 2446 aﬂligere
3149 2391 3427 2432 conamur.
3443 2377 3553 2433 Cur
3566 2394 3704 2448 ergo

2112 2463 2168 2518 in
2211 2463 2536 2518 abstinentia
2565 2465 3031 2536 quadragenarius
3060 2483 3317 2522 numerus
3356 2469 3702 2524 custoditur?

2111 2555 2224 2610 Nisi
2259 2556 2387 2625 quia
2416 2557 2588 2611 virtus
2628 2555 2866 2628 decalogi
2907 2572 3003 2626 per
3045 2557 3214 2612 libros
3255 2568 3485 2628 quatuor
3521 2541 3703 2615 sancti

2109 2645 2382 2717 Evangelii
2429 2646 2703 2717 impletur.
2753 2648 3018 2704 Denarius
3051 2651 3252 2704 etenim
3281 2658 3475 2721 quater
3504 2651 3702 2707 ductus

2111 2738 2165 2792 in
2191 2737 2681 2808 quadragenarium
2710 2739 2913 2810 surgit,
2950 2739 3072 2810 quia
3107 2749 3236 2795 tunc
3266 2741 3504 2814 decalogi
3535 2758 3700 2797 man-

2111 2833 2236 2887 data
2264 2830 2602 2902 perlicimus,
2634 2847 2758 2888 cum
2795 2832 3040 2904 proiecto
3066 2843 3299 2903 quatuor
3327 2833 3494 2890 libros
3522 2836 3701 2890 sancti

2111 2920 2386 2992 Evangelii
2415 2921 2766 2978 custodimus.
2799 2922 2878 2977 Ex
2904 2938 3008 2993 qua
3043 2939 3102 2979 re
3131 2925 3320 2979 sentiri
3342 2934 3398 2980 et
3431 2924 3576 2980 aliud
3601 2941 3705 2996 po-

2111 3019 2235 3067 test.
2274 3010 2330 3066 ln
2361 3011 2464 3067 hoc
2504 3011 2650 3068 enim
2682 3013 2893 3068 mortali
2935 3029 3163 3085 corpore
3204 3032 3271 3070 ex
3317 3026 3550 3086 quatuor
3586 3017 3700 3072 elc-

2112 3103 2311 3159 mentis
2348 3104 2714 3169 subsistimus,
2757 3114 2813 3160 et
2843 3120 2938 3176 per
2978 3107 3280 3175 voluptates
3306 3107 3547 3178 ejusdem
3575 3125 3701 3164 cor-

2109 3195 2260 3264 poris
2289 3195 2573 3264 praeceptis
2601 3195 2896 3252 Dominicis
2922 3200 3272 3254 contraimus.
3302 3200 3576 3270 Praecepta
3605 3217 3702 3256 au-

2109 3295 2218 3342 tem
2245 3287 2527 3342 Dominica
2566 3303 2665 3358 per
2687 3289 2999 3360 decalogum
3030 3301 3156 3346 sunt
3177 3302 3417 3364 accepta.
3444 3293 3545 3362 Qui
3567 3311 3702 3368 ergo

2109 3396 2207 3451 per
2231 3380 2412 3436 carnis
2439 3379 2740 3446 desideria,
2783 3382 3026 3455 decalogi
3071 3385 3321 3440 mandata
3366 3387 3700 3457 contempsi-

2108 3487 2263 3535 mus,
2296 3471 2520 3541 dignum
2560 3480 2644 3528 est
2683 3481 2744 3526 ut
2792 3475 3038 3529 eamdem
3069 3490 3287 3531 carnem
3317 3477 3702 3547 quaterdecies

2110 3563 2425 3635 ailligamus.
2455 3564 2712 3632 Quamvis
2749 3566 2816 3620 de
2845 3566 2950 3621 hoc
2977 3569 3401 3637 quadragesimae
3428 3577 3696 3642 tempore,

2107 3665 2194 3712 est
2216 3658 2394 3714 adhuc
2422 3657 2568 3714 aliud
2593 3659 2736 3728 quod
2765 3660 2935 3728 possit
2959 3660 3202 3732 intelligi.
3247 3661 3292 3716 A
3321 3664 3580 3732 praesenti
3615 3671 3710 3719 et.

2109 3749 2258 3803 enim
2279 3748 2387 3814 die,
2403 3765 2572 3819 usque
2596 3750 2662 3804 ad
2691 3749 2966 3805 Paschalis
2986 3749 3346 3806 solemnitatis
3367 3753 3584 3820 gaudia,
3599 3767 3701 3808 sex

2107 3839 2458 3896 hebdomadas
2489 3840 2727 3900 veniunt.
2752 3841 2992 3908 Quarum
3027 3842 3276 3898 videlicet
3317 3843 3435 3898 dies
3460 3843 3702 3914 quadra-

2105 3931 2258 4002 ginta
2287 3939 2341 3989 et
2368 3931 2474 3988 duo
2504 3930 2659 3988 ﬁunt.
2695 3932 2778 3992 Ex
2823 3933 3037 4002 quibus,
3069 3933 3197 3987 dum
3241 3948 3334 3989 sex
3371 3933 3486 3989 dies
3513 3934 3701 3989 Domi-

2107 4023 2216 4081 nici
2243 4023 2571 4080 abstinentia
2599 4024 3014 4090 abstrahamur,
3041 4040 3152 4080 non
3183 4024 3306 4094 plus
3330 4025 3384 4080 in
3413 4025 3697 4082 abstinen-

2108 4115 2204 4181 tia,
2249 4130 2411 4186 quam
2439 4114 2657 4184 triginta
2684 4122 2739 4169 et
2763 4130 2860 4170 sex
2895 4115 3009 4170 dies
3037 4123 3340 4170 remanent.
3391 4115 3528 4169 Dum
3557 4130 3695 4172 vero

2106 4222 2205 4278 per
2229 4213 2502 4261 trecentos
2534 4213 2589 4259 et
2627 4205 2918 4275 sexaginta
2955 4205 3069 4260 dies
3099 4221 3274 4260 annus
3319 4205 3552 4270 ducitur,
3593 4221 3699 4262 nos

2108 4304 2289 4353 autem
2315 4312 2413 4367 per
2449 4296 2672 4366 triginta
2697 4303 2751 4350 et
2781 4311 2874 4350 sex
2907 4295 3221 4366 ailligimur',
3261 4295 3415 4365 quasi
3439 4295 3565 4349 anni
3596 4311 3698 4350 no-

2108 4387 2209 4443 stri
2239 4387 2476 4442 decimas
2506 4387 2617 4440 Deo
2646 4386 2856 4440 damus.
2900 4384 2971 4440 Ut
3013 4384 3102 4455 qui
3146 4383 3550 4454 nobismetipsis
3596 4399 3698 4454 per

2030 4508 2084 4569 D
2110 4482 2390 4544 acceptum
2419 4489 2620 4528 annum
2645 4472 3124 4537 viximus,auctori
3154 4482 3339 4526 nostro
3369 4487 3469 4526 nos
3492 4472 3545 4525 in
3575 4471 3696 4540 ejus

2110 4567 2333 4624 decimis
2358 4581 2457 4636 per
2493 4565 2876 4621 abstinentiam
2922 4563 3328 4619 mortificemur.
3374 4563 3546 4629 Unde,
3584 4562 3696 4617 fra-

2109 4665 2224 4712 tres
2245 4655 2572 4720 charissimi,
2617 4655 2760 4710 sicut
2792 4653 2990 4710 offerre
3026 4653 3078 4708 in
3106 4653 3222 4726 lege
3245 4653 3512 4724 jubemini
3547 4654 3697 4710 deci-

2107 4764 2226 4804 mas
2248 4763 2454 4814 rerum,
2487 4747 2561 4802 ita
2584 4747 2634 4802 ei
2667 4746 2862 4802 oll‘erre
2893 4747 3198 4802 contendite
3224 4754 3281 4801 et
3311 4748 3548 4824 decimas
3577 4748 3696 4802 die-

2106 4860 2248 4900 rum.
2283 4838 2670 4913 Unusquisque
2697 4841 2749 4896 in
2779 4849 3036 4911 quantum
3068 4841 3240 4896 virtus
3268 4839 3538 4910 suppetit,
3567 4855 3696 4894 car-

2105 4947 2229 4988 nem
2279 4939 2536 4997 maceret,
2588 4929 2812 4999 ejusque
2855 4929 3120 4985 desideria
3167 4929 3387 5000 ailligat,
3437 4929 3696 5000 concupi-

2102 5024 2341 5080 scentias
2366 5032 2550 5092 turpes
2575 5021 2882 5088 interﬁciat,
2933 5030 3026 5084 ut,
3075 5019 3229 5090 juxta
3275 5021 3428 5076 Pauli
3475 5035 3686 5082 vocem,

2104 5115 2283 5170 hostia
2310 5114 2432 5168 viva
2463 5113 2574 5168 fiat.
2607 5111 2794 5168 Hostia
2822 5113 3018 5183 quippe
3043 5121 3098 5168 et
3133 5103 3444 5168 immolatur
3483 5121 3538 5168 et
3566 5114 3688 5166 viva

2105 5213 2210 5270 est,
2240 5204 2455 5273 quando
2488 5211 2543 5258 et
2568 5203 2637 5257 ab
2666 5204 2770 5258 hac
2793 5204 2901 5258 vita
2938 5205 3099 5259 homo
3134 5218 3241 5258 non
3287 5202 3487 5266 deficit,
3521 5211 3578 5257 et
3607 5211 3692 5258 ta-

2108 5311 2230 5350 men
2255 5311 2315 5350 se
2337 5311 2369 5349 a
2392 5293 2700 5350 carnalibus
2723 5295 3008 5350 desideriis
3035 5295 3250 5350 occidit.
3273 5294 3413 5350 Caro
3440 5311 3538 5349 nos
3565 5295 3689 5350 lzeta

2112 5387 2278 5441 traxit
2303 5386 2372 5440 ad
2395 5385 2631 5455 culpam,
2651 5384 2850 5440 aﬁlicta
2876 5386 3102 5441 reducat
3127 5386 3195 5441 ad
3219 5387 3451 5440 veniam.
3483 5385 3692 5444 Auctor

2111 5479 2311 5533 etenim
2339 5478 2530 5534 mortis
2572 5485 2791 5544 nostrae,
2821 5494 2917 5550 per
2950 5477 3184 5534 fructum
3217 5480 3348 5551 ligni
3382 5480 3533 5535 vetiti
3565 5480 3690 5534 vita)

2111 5576 2377 5638 praecepta
2408 5576 2772 5637 transgressus
2799 5577 2901 5623 est.
2937 5568 3038 5636 Qui
3075 5584 3203 5641 ergo
3234 5587 3264 5624 a
3288 5571 3527 5639 paradisi
3559 5587 3692 5642 gau-

2112 5659 2216 5713 diis
2244 5674 2341 5728 per
2369 5659 2548 5714 cibum
2574 5658 2890 5725 cecidimus,
2915 5661 2983 5714 ad
3010 5661 3143 5724 haec,
3174 5661 3228 5715 in
3261 5671 3521 5731 quantum
3565 5677 3690 5731 pos-

2113 5767 2316 5816 sumus,
2345 5766 2440 5820 pcr
2471 5749 2850 5806 abstinentiam
2881 5768 3244 5822 rcsurgamus.
