3946 6432
291 360 385 419 ηε

1113 352 1636 413 COLLECTIONES
1673 352 1740 408 IN
1778 349 2159 409 EPISTULAS
2196 349 2284 407 ET
2322 350 2733 409 EVANGELIA.

3454 349 3556 406 i26

354 474 463 548 (Ea:
495 473 689 544 Beda.)
715 471 1078 542 Quadraginta
1099 479 1278 525 autem
1298 470 1416 525 dies
1436 476 1493 525 et
1516 475 1722 531 metes,
1744 465 1863 533 qui—
1890 468 1941 528 Α
1965 462 2324 533 promissione
2356 462 2652 530 reﬁcimur,
2689 462 2781 527 hic
2812 478 2921 520 non
2937 472 3271 534 opponentes
3301 478 3415 530 cor,
3445 463 3558 519 illic

287 570 388 626 bus
405 581 528 622 eum
551 574 747 629 tentat,
768 573 939 619 totum
961 563 1122 632 huius
1137 563 1321 619 saeculi
1339 570 1550 632 tempus
1570 560 1867 622 insinuant,

289 661 482 735 quiuis
514 660 760 715 membra
805 658 923 729 eius
939 697 956 723 ,
1000 656 1255 713 videlicet
1285 662 1533 712 sanctam
1568 652 1873 708 Ecclesium

291 761 499 807 tentare
525 763 801 821 nunquam
826 747 1061 803 desistit.
1099 745 1236 813 Quia
1262 746 1519 801 nimirum
1550 741 1875 813 quadripar-

294 842 420 898 titus
442 850 532 897 est
563 840 816 904 mundus,
840 840 893 893 in
922 854 1031 907 quo
1053 837 1282 892 Domino
1304 835 1648 889 famulantur.
1675 832 1874 887 Decem

294 948 422 988 vero
444 934 580 988 'sunt
621 936 909 1002 praecepta,
958 942 1059 997 per
1105 938 1337 996 quorum
1376 922 1779 979 observantiam
1817 921 1872 976 in

296 1030 311 1080 t
337 1023 521 1078 omine
543 1020 885 1084 famulantes,
924 1026 1113 1075 contra
1141 1016 1312 1070 hostis
1340 1012 1596 1069 indefessi
1626 1010 1874 1066 militiam

294 1123 591 1177 certamus;
622 1110 816 1166 Ducem
864 1117 1045 1164 autem
1080 1107 1472 1178 quaterducta,
1514 1103 1873 1175 quadraginta

294 1206 523 1269 faciunt,
550 1204 774 1272 ideoque
803 1209 976 1256 totum
1025 1199 1231 1255 militia
1254 1206 1453 1252 nostra:
1486 1202 1718 1264 tempus,
1748 1204 1875 1264 apte

295 1292 723 1366 quadragenario
756 1290 969 1346 dierum
1000 1304 1063 1345 ac
1103 1290 1341 1343 noctium
1379 1300 1604 1347 numero
1630 1286 1876 1354 conlpre-

295 1386 565 1442 henditur.
593 1384 902 1455 Baptizatus
926 1395 1056 1451 ergo
1089 1380 1347 1436 Dominus
1396 1378 1684 1447 expellitur
1705 1393 1737 1430 a
1765 1376 1877 1446 spis-

296 1477 405 1533 ritu
433 1476 486 1530 in
513 1476 786 1530 desertum
807 1482 866 1528 et
893 1479 1187 1527 tentatnr‘a
1225 1470 1458 1535 Satana,
1487 1476 1549 1523 ut
1567 1467 1873 1538 exetnplum

294 1569 423 1623 vita:
466 1566 578 1623 suis
612 1562 861 1621 ﬁdelibus
887 1562 1160 1633 prtebeat,
1192 1562 1283 1631 qui
1324 1568 1450 1632 post
1490 1567 1775 1628 acceptam
1818 1557 1875 1612 in

297 1659 567 1729 baptismo
594 1657 967 1713 remissionem
1001 1661 1381 1725 peccatorum,
1430 1666 1539 1705 non
1584 1650 1756 1706 solum
1802 1647 1875 1704 ad

295 1748 596 1805 exercenda
623 1761 789 1818 opera
813 1746 1100 1810 virtutum,
1121 1756 1311 1798 verum
1334 1741 1508 1797 etiam
1544 1741 1612 1796 ad
1637 1740 1875 1796 toleran-

1971 562 2256 627 pascentes
2290 569 2507 612 rursum
2532 570 2646 610 cor.
2676 555 2810 611 ltem
2828 556 3180 629 Augustinus.
3211 555 3365 613 Sicut
3389 572 3556 615 unutn

1972 652 2029 702 et
2060 645 2170 701 duo
2197 652 2255 701 et
2282 653 2395 701 tres
2427 653 2483 701 et
2514 656 2777 716 quatuor,
2825 646 2985 702 simul
3023 648 3216 704 decem
3261 646 3432 714 ﬁunt,
3474 647 3562 703 sic

1974 749 2145 789 unum
2162 740 2220 790 et
2251 734 2360 790 duo
2384 741 2440 790 et
2475 742 2587 790 tres
2621 742 2680 790 et
2722 744 2977 805 quamor,
3015 746 3212 808 quater
3239 736 3401 797 ducta
3425 751 3562 807 qua-

1974 825 2222 896 draginta
2251 823 2477 891 faciunt.
2523 823 2618 883 Sic
2655 834 2841 882 autem
2868 829 3247 898 quaternarius
3274 842 3557 896 numerus,

1975 923 2124 971 recte
2164 915 2435 988 signiﬁcat
2476 931 2674 987 corpus
2694 958 2710 983 ,
2736 926 2963 988 propter
2988 927 3221 989 quatuor
3248 920 3562 976 notissimas

1973 1017 2216 1074 naturas,
2238 1009 2436 1079 quibus
2454 1016 2688 1073 constat,
2712 1007 2937 1073 siccam,
2955 1009 3255 1076 humidam,
3284 1009 3561 1082 frigidam,

1972 1097 2239 1153 callidam.
2290 1098 2357 1152 Et
2386 1098 2513 1169 quia
2542 1099 2851 1170 progressio
2889 1097 2949 1153 fit
2980 1114 3012 1154 a
3043 1108 3246 1169 puncto
3283 1115 3457 1170 usque
3496 1101 3565 1156 ad

1971 1187 2381 1261 longitudinem,
2411 1199 2462 1245 et
2494 1206 2525 1244 a
2551 1189 2888 1262 longitudine
2910 1207 3082 1260 usque
3102 1191 3169 1247 ad
3198 1191 3561 1257 latitudinem,

1973 1281 2106 1338 etab
2117 1282 2400 1338 altitudine
2414 1282 2481 1337 ad
2493 1283 2820 1338 soliditatem
2833 1285 3096 1355 corporis,
3107 1300 3227 1354 quae
3239 1300 3427 1341 rursus
3440 1300 3568 1355 qua-

1973 1375 2213 1433 ternario
2233 1391 2460 1432 numero
2480 1376 2846 1445 continentur,
2867 1394 2976 1435 non
2999 1377 3232 1434 absurde
3252 1377 3568 1448 intelligitur

1974 1464 2438 1539 quadragenarius
2456 1482 2715 1523 numerus
2737 1467 3086 1539 temporalem
3106 1468 3565 1538 dispensationem

1973 1555 2298 1628 signiﬁcare.
2329 1572 2451 1627 quae
2469 1572 2570 1629 pro
2594 1556 2770 1613 salute
2796 1566 2981 1614 nostra
3002 1566 3156 1630 gesta
3176 1566 3281 1624 est,
3309 1575 3436 1614 cum
3461 1560 3571 1615 Do-

1972 1647 2155 1715 minus
2182 1663 2380 1720 corpus
2406 1650 2724 1721 assumpsit,
2747 1660 2801 1706 et
2828 1651 3116 1707 visibiliter
3141 1652 3451 1709 hominibus
3474 1667 3579 1724 ap-

1972 1753 2167 1811 parere
2215 1737 2469 1810 dignatus
2500 1747 2604 1795 est.
2658 1739 2833 1797 Unum
2882 1756 3014 1812 ergo
3041 1749 3098 1796 et
3144 1742 3251 1798 duo
3283 1752 3339 1798 et
3367 1750 3481 1798 tres
3512 1751 3568 1798 et

300 1841 425 1894 t'am
470 1846 692 1909 propter
708 1862 715 1863 ί
731 1836 995 1908 justitiam
1042 1833 1475 1904 persecutionem
1522 1838 1652 1887 sunt
1696 1830 1875 1886 accin-
1897 1827 1949 1888 Β
1977 1837 2231 1901 quatuor,
2258 1844 2379 1900 quae
2399 1829 2709 1901 significant
2728 1829 3042 1887 Creatorem
3064 1847 3162 1902 per
3187 1833 3310 1897 tria,
3336 1841 3392 1889 et
3414 1849 3568 1889 crea-

298 1930 479 2002 gendi.
511 1929 725 1986 Secedit
738 1928 894 1984 enim
922 1927 977 1982 in
1004 1927 1302 1991 desertum,
1330 1933 1392 1980 at
1424 1939 1525 1981 nos
1550 1924 1763 1987 doceat,
1786 1937 1877 1978 re

301 2025 444 2081 lictis
467 2023 652 2078 mundi
692 2018 959 2077 illecebris
978 2027 1035 2076 et
1056 2019 1321 2075 societate
1337 2026 1650 2087 pravorum,
1678 2013 1877 2071 divinis

298 2131 403 2187 per
442 2114 622 2170 omnia
665 2113 869 2168 servire
898 2111 1186 2166 mandatis.
1234 2110 1497 2165 Tentatnr
1532 2107 1810 2164 solitarius
1846 2121 1876 2159 a

300 2205 537 2270 diabolo,
560 2213 624 2260 ut
650 2204 805 2260 nobis
832 2202 1089 2262 insinuet.
1132 2202 1259 2271 quia
1292 2212 1514 2264 omnes,
1562 2199 1655 2269 qui
1693 2197 1881 2270 volunt

300 2299 389 2369 pie
411 2300 592 2353 vivens
618 2298 673 2353 in
696 2297 833 2366 ipso,
868 2295 1301 2366 persecutionem
1323 2294 1625 2364 patiantur,
1665 2290 1879 2361 etquis

298 2400 403 2458 per
428 2387 627 2442 multas
657 2386 1031 2441 tribulationes
1075 2391 1290 2454 Oportet
1335 2398 1434 2438 nos
1470 2383 1677 2437 intrare
1703 2382 1757 2435 in
1794 2395 1881 2436 re-

303 2493 471 2549 gnum
505 2476 621 2534 Dei.
652 2477 916 2532 Tentatur
942 2475 1301 2546 quadraginta
1337 2473 1525 2529 diebus
1564 2480 1622 2528 et
1650 2472 1881 2542 quadra.

306 2569 453 2639 ginta
477 2568 745 2631 noctibus,
768 2573 828 2620 ut
853 2565 1053 2621 indicet
1078 2564 1227 2635 quia,
1252 2563 1491 2634 quandiu
1524 2561 1615 2618 hic
1638 2561 1881 2615 viventes

308 2661 537 2717 Domino
567 2660 850 2722 servimus,
896 2659 1008 2713 sive
1038 2671 1296 2728 prospera
1320 2656 1702 2721 blandiantur,
1736 2654 1880 2725 quod

304 2752 378 2806 ad
405 2751 521 2806 dies
545 2751 798 2819 pertinet,
821 2763 915 2805 seu
937 2765 1037 2805 nos
1057 2750 1284 2804 adversa
1304 2746 1523 2813 feriant,
1545 2747 1688 2817 quod
1709 2746 1882 2801 noctis

310 2843 496 2915 ﬁgurae
523 2843 803 2916 congruit,
855 2858 1069 2914 semper
1110 2840 1512 2898 ambulantibus
1540 2840 1594 2894 in
1621 2839 1739 2910 lege
1770 2838 1881 2895 De:

310 2934 441 2989 mini
473 2934 614 2990 adsit
662 2941 776 2989 toto
815 2935 947 2989 orbe
970 2918 1333 2997 adversarius,
1362 2931 1454 3000 qui
1488 2929 1595 2985 iter
1639 2935 1883 2985 nostrum

310 3023 568 3078 tentando
592 3023 848 3092 impedire
874 3037 979 3078 non
1005 3030 1199 3079 cessat.

380 3113 493 3186 (Ea:
514 3113 777 3170 dlubrum
804 3111 1074 3185 Jejunavit
1108 3115 1387 3180 Dominus,
1424 3128 1552 3169 cum
1578 3120 1882 3169 tentaretur

1977 1930 2154 1976 turam
2182 1935 2279 1989 per
2304 1928 2534 1990 septem,
2569 1935 2856 1985 numerum
2878 1920 3248 1988 hebdomadis,
3278 1937 3375 1993 per
3401 1938 3568 1994 quam

1976 2019 2155 2068 motus
2193 2012 2380 2069 mundi
2407 2011 2721 2078 revolvitur,
2752 2022 2946 2082 quater
2975 2012 3197 2078 ducta,
3220 2012 3272 2068 id
3316 2021 3423 2079 est,
3468 2030 3571 2084 per

1977 2119 2174 2175 corpus
2209 2103 2579 2175 tempm‘aliter
2604 2104 3000 2169 demonstrata,
3026 2102 3161 2159 ﬁunt
3187 2105 3566 2176 quadraginta.

1976 2195 2114 2251 Nam
2140 2196 2282 2251 inter
2302 2206 2537 2267 quatuor
2564 2203 2618 2251 et
2638 2203 2831 2266 quater
2861 2196 2964 2251 hoc
2993 2196 3241 2263 interest,
3273 2197 3416 2268 quod
3435 2212 3571 2268 qua-

1978 2295 2100 2343 tuor
2129 2287 2184 2342 in
2213 2295 2359 2342 statu
2390 2294 2536 2350 sunt,
2567 2294 2760 2356 quater
2788 2285 2842 2339 in
2878 2294 3047 2340 motu.
3078 2284 3222 2357 Ergo
3259 2286 3401 2341 sicut
3435 2302 3570 2356 qua-

1980 2387 2102 2433 tuor
2131 2378 2442 2434 referuntur
2468 2376 2536 2433 ad
2567 2391 2794 2448 corpus,
2828 2376 2902 2431 ita
2941 2384 3135 2445 quater
3159 2374 3469 2431 referuntur
3501 2377 3569 2432 ad

1980 2479 2231 2540 tempus,
2292 2468 2707 2541 insinuaturque
2758 2476 3159 2522 sacramentum
3213 2466 3572 2536 corporaliter

1979 2573 2209 2634 gestum,
2242 2571 2461 2632 propter
2497 2576 2592 2616 eos
2632 2559 2724 2631 qui
2760 2573 3046 2628 corporum
3087 2573 3272 2613 amore
3308 2557 3568 2629 implicati

1980 2661 2168 2717 erant,
2219 2661 2274 2708 et
2316 2653 2650 2723 temporibus
2686 2652 2907 2708 subditi.
2940 2650 3411 2724 Quadragenarius
3441 2669 3572 2725 ergo

1981 2756 2264 2810 numerus,
2292 2750 2352 2798 ut
2379 2743 2582 2799 dictum
2624 2750 2739 2809 est,
2781 2742 3132 2812 temporalem
3161 2742 3332 2812 ipsam
3364 2741 3582 2812 dispen-

1983 2836 2270 2900 sationem,
2301 2850 2408 2890 non
2438 2834 2733 2906 incongrue
2758 2832 3066 2905 signiﬁcare
3094 2831 3353 2888 creditur.
3378 2832 3444 2888 Et
3465 2831 3578 2887 for-

1984 2932 2127 2982 tasse
2158 2926 2262 2981 hoc
2285 2934 2388 2990 est,
2417 2927 2543 2997 quia
2576 2925 2935 2998 quadraginta
2980 2924 3097 2992 dics
3130 2924 3391 2980 Dominus
3426 2924 3575 2996 jeju-

1983 3017 2152 3081 navit,
2179 3017 2360 3071 saeculi
2384 3015 2564 3089 hujus,
2595 3016 2737 3086 quod
2772 3023 2920 3070 motu
2961 3029 3248 3084 corporum
3275 3023 3331 3069 et
3359 3023 3573 3085 tempo-

1985 3106 2137 3164 ribus
2163 3110 2359 3179 agitur,
2389 3106 2678 3164 ostendens
2705 3108 2963 3179 inopiam.

311 3175 439 3258 ante
465 3210 717 3268 mortem,
737 3175 1069 3259 cibo'adhuc
1105 3175 1383 3275 indigens.
1420 3203 1763 3281 Manducavit
1790 3216 1886 3257 au-
1911 3175 1956 3239 δ
2059 3175 2250 3257 Postea
2288 3202 2492 3255 esuriit.
2540 3200 2639 3271 (Ex
2675 3175 2860 3273 Beda.)
2906 3199 3057 3267 Quod
3102 3187 3291 3255 autem
3312 3198 3575 3254 Dominus

311 3301 423 3348 tem
449 3301 506 3348 et
531 3293 687 3358 bibit,
708 3308 832 3347 cum
854 3294 1249 3363 gioriilcaretur
1266 3302 1390 3364 post
1407 3294 1882 3360 resurrectionem,

304 3383 422 3451 jam
463 3385 585 3441 cibo
624 3399 730 3439 non
758 3384 1021 3456 indigens.
1070 3384 1172 3441 llic
1212 3386 1359 3441 enim
1400 3385 1720 3441 ostendebat
1741 3384 1796 3440 in
1827 3396 1886 3440 se

313 3463 559 3533 nostrum
576 3476 839 3544 laborem,
862 3477 971 3533 illic
986 3485 1167 3533 autem
1190 3478 1244 3532 in
1280 3478 1437 3534 nobis
1464 3478 1616 3534 suam
1641 3476 1889 3533 consola-

315 3567 539 3633 tionem,
568 3567 930 3640 quadragenis
951 3568 1142 3625 diebus
1160 3577 1449 3639 utrumque
1466 3566 1747 3625 deﬁniens.
1771 3568 1888 3636 Quo

314 3672 541 3716 nomen
567 3660 988 3734 quadragesima:
1011 3659 1171 3730 huius
1202 3661 1382 3718 saeculi
1421 3662 1712 3734 signincari
1742 3662 1891 3717 vide-

316 3759 406 3806 tur
447 3765 745 3807 excursus:
798 3752 851 3806 in
883 3753 968 3806 his
993 3752 1087 3822 qui
1117 3761 1378 3808 vocantur
1420 3764 1520 3822 per
1560 3752 1786 3823 gratiam
1822 3750 1889 3806 ad

312 3856 462 3907 eum,
488 3842 721 3913 quinon
758 3843 908 3898 venit
938 3842 1109 3911 legem
1152 3842 1378 3905 solvere,
1426 3841 1523 3897 sed
1571 3840 1887 3910 adimplere.

317 3932 769 4004 Dem-namque
788 3941 1061 4005 praeoptat
1082 3942 1207 3989 sunt
1231 3932 1383 4005 legis.
1405 3930 1523 3987 Jam
1540 3932 1720 4006 gratia
1734 3931 1892 3988 Cbri¢

310 4023 389 4081 sti
417 4023 608 4080 diﬂ'usa
636 4038 734 4096 per
756 4025 1039 4090 mundum,
1065 4032 1122 4080 et
1141 4024 1568 4094 quadripartitus
1606 4030 1692 4078 est
1736 4036 1894 4077 mun-

316 4116 440 4181 dus,
481 4125 538 4171 et
580 4116 765 4173 decem
808 4116 1215 4187 quadruplicata
1263 4116 1617 4187 quadraginta
1664 4115 1888 4171 faciunt.

319 4205 582 4272 Quoniam
606 4207 700 4277 qui
726 4207 988 4278 redempti
1017 4217 1144 4262 sunt
1162 4222 1191 4261 a
1223 4204 1468 4270 Domino,
1499 4206 1568 4262 de
1584 4202 1894 4277 regionibus

320 4300 668 4370 congregavit
693 4313 816 4365 eos,
848 4300 915 4355 ab
942 4299 1163 4355 Oriente
1190 4305 1247 4355 et
1272 4295 1579 4362 Occidente,
1624 4298 1694 4352 ab
1728 4296 1895 4366 Aqui-

319 4389 443 4445 lene
482 4396 542 4445 et
580 4389 737 4444 mari.
782 4387 1041 4457 Jejunans
1084 4387 1264 4459 itaque
1303 4388 1661 4460 quadraginta
1703 4386 1894 4443 diebus

321 4493 446 4539 ante
465 4490 691 4538 mortem
713 4483 915 4549 carnis,
941 4482 1089 4539 velut
1106 4482 1335 4538 clamat:
1360 4481 1625 4537 Abstinere
1646 4498 1733 4537 eos
1749 4499 1781 4536 a
1802 4482 1892 4536 de-

319 4572 528 4630 sideriis
573 4574 732 4645 liujtts
773 4573 972 4629 seculi.
1011 4574 1340 4630 Mantineam
1381 4581 1563 4629 autem
1599 4580 1658 4629 et
1700 4573 1893 4630 bibens

319 4666 672 4738 quadraginta
692 4666 882 4723 diebus
900 4674 1025 4737 post
1044 4667 1497 4723 resurrectionem
1521 4666 1721 4732 carnis,
1748 4665 1895 4721 velut

321 4758 622 4815 clamabat:
651 4756 788 4815 Ecce
812 4775 909 4831 ego
933 4759 1195 4815 vobiscum
1213 4775 1331 4814 sum
1352 4775 1515 4832 Itaque
1537 4759 1610 4815 ad
1646 4776 1892 4815 comm-

321 4853 603 4909 utationem
648 4851 829 4907 seculi
871 4850 1083 4924 (Matth.
1115 4850 1347 4924 ultimo).
1392 4850 1661 4923 Jejunium
1693 4852 1892 4925 quippe

321 4946 487 5002 estin
511 4945 852 5001 tribulatione
877 4945 1207 5000 certaminis.
1237 4944 1500 5011 Quoniam
1529 4946 1620 5015 qui
1649 4944 1700 4999 in
1722 4956 1893 5015 agone

320 5046 425 5105 est,
443 5038 512 5093 ab
532 5038 785 5093 omnibus
806 5037 1083 5093 abstinens
1099 5045 1200 5093 est.
1216 5035 1383 5093 Cibus
1407 5047 1588 5093 autem
1604 5038 1657 5093 in
1682 5052 1776 5108 spe
1800 5052 1896 5108 pa-

328 5126 421 5193 cis,
440 5140 563 5198 qua
584 5126 823 5197 perfecta
845 5143 952 5183 non
980 5129 1104 5194 erit,
1132 5127 1234 5182 nisi
1259 5143 1380 5183 cum
1400 5143 1600 5198 corpus
1622 5136 1894 5193 nostrum,

318 5218 474 5289 cujus
503 5227 879 5288 exspectamus
906 5218 1327 5287 redemptionem
1358 5217 1592 5273 induerit
1614 5217 1894 5272 immorta-

320 5306 555 5374 litatem,
585 5308 729 5378 quod
774 5309 1009 5363 nondum
1057 5307 1405 5378 adipiscendo
1435 5306 1758 5379 gloriamur,
1798 5306 1895 5361 sed

319 5399 588 5470 sperando
607 5399 721 5470 iam
744 5400 1047 5469 poscimur,
1095 5396 1385 5469 utrumque
1415 5397 1705 5470 Apostolus
1732 5398 1892 5455 simul

319 5505 419 5547 nos
439 5502 601 5564 agere
622 5491 883 5557 ostendit,
910 5491 1095 5547 dicens
1119 5504 1136 5544 :
1174 5488 1277 5559 Spe
1302 5490 1584 5560 gaudentes
1602 5529 1617 5553 ,
1645 5489 1698 5543 in
1728 5488 1892 5543 tribu-

318 5580 514 5638 latione
555 5583 827 5652 patientes.
861 5581 1142 5652 Tanquam
1174 5581 1317 5637 aliud
1345 5587 1492 5637 esset
1517 5581 1569 5634 in
1607 5580 1758 5645 cibo,
1790 5578 1893 5635 hoc

319 5674 374 5730 in
393 5674 618 5747 jejunio.
647 5674 818 5731 Simul
846 5675 990 5730 enim
1027 5688 1150 5730 cum
1178 5673 1321 5728 viam
1346 5670 1555 5727 Domini
1588 5670 1887 5740 carpimus,

318 5774 371 5821 et
410 5783 440 5821 a
473 5769 709 5823 vanitate
751 5766 1030 5838 praesentis
1078 5765 1256 5821 eundi
1290 5764 1615 5835 ieiunamus,
1641 5772 1695 5818 et
1724 5762 1888 5817 futuri

1984 3292 2373 3347 consummatis
2394 3290 2584 3360 jejunii
2617 3291 2828 3357 diebus,
2861 3290 3074 3356 esuriit,
3110 3306 3233 3346 cum
3270 3290 3335 3346 de
3385 3288 3570 3361 Moyse

1984 3381 2071 3437 vel
2114 3381 2262 3436 Helia
2300 3381 2673 3451 jejunantibus
2713 3381 2846 3437 nihil
2877 3381 2985 3436 tale
3021 3382 3094 3437 sit
3122 3381 3405 3451 scriptum,
3453 3380 3576 3435 ideo

1986 3472 2194 3531 factum
2216 3482 2323 3542 est,
2355 3491 2423 3530 ne
2448 3475 2517 3530 ab
2546 3489 2611 3530 eo
2644 3472 2900 3530 tentando
2935 3488 3137 3545 pavens
3167 3473 3337 3529 hostis
3361 3473 3578 3546 aufuge-

1987 3575 2094 3633 ret,
2108 3581 2267 3637 quem
2289 3574 2410 3622 cum
2430 3573 2508 3620 tot
2530 3566 2696 3638 signis
2715 3565 3028 3622 cmlestibus
3051 3572 3437 3636 praeconatum,
3461 3574 3574 3620 tum

1987 3659 2152 3714 etiam
2196 3657 2331 3713 viris
2371 3657 2858 3723 excellentissimis,
2906 3658 2961 3713 in
3010 3656 3332 3712 abstinendo
3371 3655 3581 3712 videret

1987 3757 2279 3821 aquatum.
2356 3749 2545 3805 Esurit
2565 3750 2711 3805 enim
2742 3732 2962 3806 humilis
2987 3748 3130 3805 Deus
3152 3748 3336 3817 homo,
3372 3762 3441 3804 ne
3472 3747 3577 3803 ini-

1992 3843 2132 3901 mieo
2158 3843 2480 3909 innotescat,
2497 3842 2759 3917 sublimis
2785 3842 2949 3899 homo
2974 3843 3137 3899 Deus.
3163 3840 3318 3899 Sicut
3347 3842 3492 3898 enim
3523 3844 3579 3899 in

1991 3936 2346 4009 quadraginta
2384 3937 2593 3993 dierum
2636 3934 2844 4007 jejunio
2869 3951 3033 3993 verus
3076 3951 3197 3993 esse
3235 3935 3378 3992 Deus
3414 3951 3580 4007 appa-

1990 4030 2122 4096 ruit,
2148 4031 2228 4087 sic
2261 4031 2313 4085 in
2345 4030 2527 4086 esurie
2553 4046 2716 4086 verus
2736 4043 2860 4086 esse
2885 4029 3188 4086 credendus
3212 4036 3298 4085 est
3323 4029 3505 4085 homo.

2064 4124 2137 4178 Et
2162 4124 2416 4178 accedens
2457 4132 2714 4189 tentatur,
2751 4122 2888 4177 dixit
2929 4121 2978 4175 ei
3003 4135 3022 4173 :
3063 4120 3124 4177 Si
3168 4119 3341 4175 Filius
3380 4120 3477 4175 Dei
3500 4136 3578 4176 es.

1992 4214 2266 4283 Qtueritur
2287 4255 2302 4280 ,
2333 4228 2441 4283 qua
2488 4229 2652 4268 causa
2699 4213 3069 4268 mstimavcrat
3096 4226 3217 4266 eum
3248 4211 3444 4266 Filium
3483 4211 3579 4268 Dei

1990 4321 2132 4362 esse.
2164 4305 2429 4361 Nimirum
2459 4304 2804 4375 permittente
2825 4303 2959 4369 Deo,
2980 4304 3228 4358 audierat
3250 4303 3471 4359 Patrem
3498 4306 3579 4359 dis-

1990 4406 2205 4454 centem
2232 4415 2246 4451 :
2280 4393 2381 4451 Hic
2401 4407 2476 4452 est
2503 4394 2679 4450 Filius
2698 4412 2843 4450 incus
2878 4394 3123 4460 dilectus,
3148 4395 3263 4451 sive
3292 4395 3413 4451 ideo
3450 4399 3580 4466 quia

1997 4490 2050 4545 in
2079 4489 2356 4560 prophetis
2382 4505 2507 4545 eum
2534 4488 2913 4558 prophetatum
2948 4494 3195 4543 noverat.
3240 4486 3349 4558 (Ea:
3394 4487 3581 4559 Vulg.)

1996 4582 2203 4652 Quaerit
2232 4589 2468 4637 tentatur
2484 4579 2628 4650 quod
2650 4594 2758 4634 non
2781 4579 3090 4634 merebatur
3109 4593 3421 4647 agnoscere.
3450 4578 3585 4646 Ejus

1998 4690 2235 4747 namque
2261 4674 2569 4731 veneranda
2606 4670 2880 4737 uativitas,
2916 4671 3005 4727 vix
3045 4679 3175 4727 tunc
3207 4672 3395 4742 paucis
3425 4673 3584 4729 inno-

2000 4770 2125 4837 tuit,
2148 4768 2345 4842 quibus
2372 4777 2557 4824 tamen
2582 4766 2698 4837 ipse
2722 4764 2963 4821 revelare
2989 4764 3245 4835 dignatus
3276 4772 3379 4821 est.
3423 4764 3586 4821 Prin-

1997 4861 2170 4932 cipem
2195 4876 2326 4917 vero
2348 4858 2512 4929 hujus
2535 4857 2716 4914 saeculi
2743 4856 3025 4914 latuerunt
3042 4856 3147 4912 ista
3171 4857 3275 4912 tria
3295 4859 3582 4928 mysteria,

1994 4953 2052 5011 id
2078 4961 2164 5009 est
2186 4952 2491 5023 virginitas,
2521 4957 2712 5020 pertus
2747 4958 2804 5004 et
2830 4949 3035 5019 passio.
3066 4947 3176 5021 (Ea:
3197 4949 3390 5021 Beda.)
3429 4951 3584 5006 Anti-

1998 5058 2140 5113 quos
2163 5040 2338 5097 hostis
2362 5038 2779 5109 Redemptorem
2796 5038 3021 5093 humani
3049 5039 3264 5110 generis
3288 5039 3583 5097 debellato-

1998 5147 2114 5188 rem
2141 5146 2299 5187 suum
2321 5131 2380 5186 in
2410 5130 2673 5189 mundum
2699 5128 2913 5184 venisse
2936 5130 3209 5200 cognovit,
3239 5130 3381 5185 unde
3404 5138 3462 5187 et
3484 5147 3584 5203 per

1998 5224 2283 5279 obsessum
2302 5220 2577 5277 hominem
2595 5220 2761 5276 dixit:
2788 5219 2929 5287 Quid
2949 5221 3099 5276 nobis
3124 5232 3171 5276 et
3191 5223 3305 5287 tibi,
3332 5221 3441 5277 Fili
3462 5223 3580 5290 Dei,

2001 5312 2184 5366 venisti
2222 5311 2325 5365 huc
2350 5351 2366 5376 ,
2411 5319 2535 5365 ante
2578 5319 2780 5380 tempus
2818 5318 3057 5383 torquere
3103 5328 3218 5369 nos.
3269 5312 3371 5380 Qui
3401 5322 3581 5371 tamen

1996 5401 2168 5471 prius,
2192 5415 2314 5455 cum
2335 5399 2479 5454 hunc
2496 5398 2809 5469 passibilem
2828 5408 3100 5468 cerneret,
3122 5417 3242 5458 cum
3263 5416 3423 5471 posse
3438 5418 3587 5460 mou-

2000 5489 2127 5544 talia
2154 5489 2361 5560 perpeti
2382 5488 2691 5545 humanitas
2706 5488 2999 5556 videretur,
3018 5506 3178 5546 omne
3202 5491 3346 5560 quod
3366 5490 3436 5549 de
3461 5491 3583 5563 eius

1998 5580 2280 5636 divinitate
2305 5579 2614 5652 suspicatus
2639 5587 2724 5635 est
2743 5621 2758 5647 ,
2786 5580 2837 5638 ei
2865 5579 3011 5637 fastu
3077 5596 3188 5638 sua:
3227 5584 3495 5652 superbia:
3521 5585 3580 5647 in

1997 5672 2215 5726 dubium
2245 5672 2413 5726 venit.
2462 5670 2605 5726 Nihil
2651 5671 2850 5742 quippe
2890 5673 2994 5727 nisi
3022 5674 3311 5745 superbum
3338 5674 3576 5745 sapiens,

1997 5764 2120 5819 dum
2149 5778 2270 5818 esse
2303 5763 2447 5818 hunc
2488 5763 2744 5819 humilem
2786 5765 3080 5835 conspicit,
3120 5763 3286 5821 Deum
3330 5782 3451 5823 esse
3474 5767 3581 5824 du-
