3946 6420
437 337 539 392 127

1710 339 2057 397 SMARAGDI
2096 339 2386 398 ABBATIS

3604 359 3709 414 128

435 451 652 518 ὺῑιεινὶῑ,
702 450 843 505 unde
870 458 924 505 et
952 451 1018 502 ad
1047 451 1402 507 tentationum
1442 465 1500 505 se
1539 463 1856 522 argumenta
1881 469 2012 508 con-
2043 455 2088 512 Α
2120 450 2399 504 Dominum
2426 452 2593 506 Deum
2613 464 2779 509 tuum.
2822 457 2922 526 (Ex
2950 458 3124 531 llier.)
3155 460 3344 517 Falsas
3375 463 3443 518 de
3459 464 3707 540 Scriptu-

435 551 685 686 veiiiim
712 632 929 701 lapides.
961 632 1061 701 (Ex
1096 629 1342 701 Hieron.)
1378 595 1648 687 Esurienti
1671 647 1907 703 congrue
1925 635 2008 687 di-

433 723 601 776 citur:
630 722 724 776 Dic
747 731 803 775 ut
823 722 1024 792 lapides
1047 723 1134 775 isti
1163 737 1322 791 panes
1341 721 1491 790 ﬁant.
1520 721 1625 777 Sed
1653 723 1862 777 duobus
1882 737 2008 776 con-

434 812 614 866 trariis
643 812 1108 876 teneris,diabole.
1145 812 1200 866 Si
1231 813 1298 866 ad
1325 813 1607 880 imperium
1637 815 1752 882 ejus
1782 824 2006 883 possunt

431 897 634 966 lapides
676 912 848 966 panes
888 897 1042 960 ﬁeri,
1089 912 1218 968 ergo
1264 896 1463 952 frustra
1499 907 1676 953 tentas
1723 915 1878 962 eum,
1911 902 2004 970 qui

431 997 594 1040 tanta:
612 988 867 1056 potentiae
891 998 992 1041 est.
1019 987 1113 1041 Sin
1140 998 1318 1042 autem
1347 1004 1452 1042 non
1477 997 1652 1059 potest
1673 989 1868 1045 facere.
1895 990 2006 1045 fru-

429 1087 542 1132 stra
573 1079 667 1133 Dei
699 1079 864 1132 lilium
891 1080 1202 1148 suspicaris.

504 1187 607 1254 Qui
639 1189 949 1258 respondens
992 1191 1106 1242 ait:
1140 1188 1400 1258 Scriptum
1447 1199 1523 1244 est
1554 1206 1572 1244 :
1606 1189 1728 1245 Non
1773 1193 1827 1248 in
1869 1212 2003 1264 pane

429 1278 540 1333 solo
570 1281 694 1334 vivit
734 1281 918 1344 homo.
953 1280 1044 1334 sed
1075 1282 1130 1333 in
1160 1282 1300 1334 omni
1330 1281 1480 1334 verbo
1513 1283 1653 1352 quod
1677 1286 1910 1353 procedit
1939 1287 2002 1342 de

430 1387 517 1423 ore
538 1370 653 1423 Dei.
677 1369 1063 1424 Testimonium
1086 1371 1152 1424 de
1174 1371 1584 1427 Deuteronomio
1605 1384 1875 1445 sumptum
1897 1386 1998 1433 est.

426 1460 446 1514 1
469 1461 551 1515 leo
579 1470 754 1516 autem
787 1464 863 1516 sic
890 1463 1167 1531 respondit
1196 1463 1474 1528 Dominus,
1505 1466 1628 1534 quia
1654 1470 2000 1538 praepositum

426 1552 474 1604 ci
512 1559 629 1606 erat
677 1552 977 1606 humilitate
1007 1553 1276 1607 diabolum
1304 1554 1522 1610 vincere
1569 1571 1678 1610 non
1727 1560 1997 1627 potentia,

426 1643 692 1712 simulque
724 1644 1218 1708 animadvertendo,
1247 1647 1388 1715 quod
1419 1647 1522 1701 nisi
1539 1645 1785 1718 jejunare
1813 1653 2005 1722 carpis-

426 1742 507 1786 set
533 1734 820 1797 Dominus,
868 1737 1107 1790 tentandi
1148 1736 1360 1790 occasio
1389 1751 1493 1790 non
1531 1737 1722 1792 fuisset
1762 1739 1997 1805 diabolo,

2113 542 2190 595 ris
2215 542 2412 597 diaboli
2447 546 2697 616 sagittas,
2731 551 2874 605 veris
2902 549 3308 623 Scripturarum
3344 557 3546 630 frangit
3589 564 3706 634 cly-

2107 637 2244 705 peis.
2277 637 2343 690 Et
2369 639 2661 694 notandum
2687 642 2832 709 quod
2871 647 3177 702 necessaria
3220 649 3530 706 testimonia
3557 653 3701 709 Deu—

2109 728 2395 781 teronomii
2423 736 2632 784 tantum
2662 732 2965 800 protulerit.
2989 744 3049 790 ut
3073 739 3324 794 secundm
3352 740 3487 811 legis
3509 758 3699 800 sacra-

2106 825 2288 870 menta
2327 826 2675 873 monstraret.

2177 905 2286 975 (Ex
2316 906 2477 978 Aug.)
2525 907 2648 962 Non
2682 912 2926 976 tentabis,
2973 913 3165 982 inquit,
3204 915 3490 973 Dominum
3526 919 3696 976 Deum

2105 1003 2274 1049 tuum.
2321 995 2722 1068 Suggerebatur
2745 1003 2890 1057 enim
2921 1011 3175 1074 tauquam
3205 1006 3433 1075 homini,
3457 1021 3520 1065 ut
3542 1012 3698 1082 signo

2105 1084 2283 1154 aliquo
2317 1087 2642 1155 exploraret,
2683 1091 2797 1162 ipse
2835 1103 3071 1163 quantus
3107 1105 3275 1162 esset,
3305 1098 3358 1153 id
3385 1109 3489 1166 est,
3525 1117 3692 1172 quam

2103 1173 2329 1228 multum
2357 1177 2498 1246 apud
2528 1177 2697 1234 Deum
2724 1191 2928 1250 posset,
2959 1183 3102 1254 quod
3126 1185 3318 1242 vitidse
3351 1186 3410 1242 ﬁt
3438 1203 3562 1245 cum
3607 1191 3700 1254 ﬁt.

2101 1264 2336 1331 pertinet
2361 1281 2594 1336 namque
2620 1269 2686 1323 ad
2712 1286 2898 1326 sanam
2925 1273 3247 1341 doctrinam,
3280 1280 3496 1346 quando
3523 1282 3692 1338 habet

2101 1354 2242 1423 quod
2264 1353 2426 1410 iaciat
2443 1357 2622 1424 homo,
2652 1375 2755 1415 non
2782 1369 2988 1418 tentare
3014 1364 3300 1421 Dominum
3317 1367 3483 1424 Deum
3507 1385 3692 1426 suum.

2171 1441 2375 1498 Iterum
2416 1450 2699 1518 assumpsit
2739 1466 2855 1505 eum
2884 1451 3126 1508 diabolus
3159 1455 3217 1509 in
3244 1467 3470 1512 montem
3509 1459 3686 1514 excel—

2101 1549 2216 1588 sum
2244 1535 2411 1590 ualde.
2451 1537 2711 1596 Excelsus
2735 1557 2889 1598 mons
2913 1543 3130 1610 dicitur,
3163 1548 3288 1616 quia
3321 1548 3376 1602 in
3407 1565 3476 1606 eo
3498 1552 3690 1608 diabo-

2098 1618 2184 1679 lus
2217 1624 2468 1692 vincitur,
2499 1638 2554 1684 et
2580 1629 2697 1698 ejus
2734 1631 2806 1687 ibi
2838 1633 3044 1689 calcata
3073 1646 3130 1691 et
3154 1636 3396 1706 subjecta
3427 1641 3686 1711 superbia

2101 1721 2323 1769 stt-amr.
2374 1716 2585 1783 Aliter,
2635 1721 2879 1778 excelsus
2924 1739 3078 1781 mons
3123 1729 3430 1795 superbiam
3481 1730 3686 1787 diaboli

425 1826 717 1880 secundum
763 1826 891 1880 illud
918 1845 930 1880 :
974 1824 1116 1892 Fili,
1147 1828 1394 1881 accedens
1434 1829 1502 1881 ad
1541 1831 1838 1886 servitutem
1881 1803 1997 1898 Dei,
2031 1803 2075 1862 Β
2103 1803 2390 1873 “summu
2441 1807 2693 1898 ⁰ί³δ⁰¹¹³⁸
2713 1811 2910 1868 ducere
2935 1828 3060 1869 eum
3086 1814 3305 1872 Iesum“
3341 1819 3411 1874 ad
3439 1829 3677 1886 monws’

422 1931 662 1983 pra’para
704 1915 932 1968 animam
962 1924 1105 1968 tuam
1137 1916 1205 1968 ad
1250 1918 1606 1971 tentationem.
1651 1917 1757 1974 Sed
1792 1929 1849 1975 et
1888 1923 2002 1993 ipsa

424 2005 704 2072 responsio
750 2003 1048 2058 Salvatoris
1107 2006 1381 2060 hominem
1429 2007 1593 2063 fuisse
1648 2011 1878 2076 indicat,
1909 2015 2001 2084 qui

423 2102 660 2148 tentatus
681 2102 782 2148 est.
808 2093 864 2148 Si
886 2095 1006 2163 quis
1030 2109 1159 2165 ergo
1184 2111 1288 2149 non
1319 2099 1552 2153 vescitur
1572 2101 1737 2156 verbo
1761 2101 1878 2167 Dei,
1901 2105 2002 2160 iste

423 2199 532 2238 non
559 2185 694 2238 vivit

495 2295 603 2368 (Ea:
632 2295 806 2368 Δηώ.)
857 2298 933 2352 Ita
973 2298 1116 2353 enim
1145 2299 1405 2354 domitam
1437 2301 1620 2357 docuit
1647 2320 1764 2359 esse
1791 2316 2007 2376 oporte-

423 2405 482 2442 re
520 2389 865 2459 cupiditatem
909 2391 1216 2460 voluptatis,
1267 2401 1327 2446 ut
1370 2410 1468 2449 nec
1510 2394 1652 2451 fame
1699 2399 1997 2453 cedendum

423 2479 509 2539 sit,
559 2478 908 2547 quamobrem
947 2481 1191 2550 quisquis
1227 2482 1370 2536 intus
1407 2484 1500 2537 Dei
1528 2487 1691 2540 verbo
1733 2489 1994 2556 pascitur,

422 2585 527 2624 non
560 2571 754 2638 quaerit
787 2570 839 2625 in
871 2571 973 2624 ista
1002 2587 1186 2626 eremo
1217 2572 1560 2643 voluptatem.

480 2677 625 2732 Tunc
653 2680 930 2749 assumpsit
952 2697 1067 2734 eum
1091 2681 1329 2736 diabolus
1362 2683 1414 2736 in
1453 2695 1686 2738 sanctam
1715 2687 1991 2752 civitatem,

419 2779 468 2821 et
497 2771 678 2822 statuit
705 2787 821 2823 eum
855 2786 1010 2840 super
1034 2771 1372 2841 pinnaculum
1408 2775 1605 2844 templi,
1644 2786 1691 2830 et
1721 2777 1855 2831 dixit
1898 2780 1946 2832 ei
1972 2794 1991 2832 :

422 2861 484 2914 Si
513 2859 684 2915 Filius
718 2861 815 2916 Dei
845 2880 898 2916 es
929 2864 1069 2917 mitte
1094 2876 1142 2918 te
1176 2865 1437 2920 deorsum.
1480 2867 1593 2922 Vox
1622 2870 1820 2926 diaboli
1849 2888 1993 2927 sem-

424 2964 523 3017 per
551 2965 738 3005 omnes
767 2951 1013 3006 deorsum
1037 2953 1232 3008 cadere
1255 2955 1381 3010 vult.

2103 1903 2162 1946 ut
2184 1908 2280 1963 per
2306 1910 2441 1965 quos
2467 1897 2580 1968 ipse
2619 1911 2920 1969 corruerat,
2965 1905 3131 1960 etiam
3177 1909 3357 1963 caeteri
3395 1920 3676 1968 corruant.

2100 1980 2356 2038 Dominus
2384 1985 2452 2039 ad
2475 1986 2696 2043 humilia
2725 1989 3022 2057 descendit,
3049 2001 3109 2048 ut
3134 1995 3407 2052 diabolum
3448 1999 3671 2054 humili-

2101 2078 2210 2126 tate
2239 2084 2537 2142 superaret.

2170 2163 2240 2217 Et
2265 2167 2485 2220 ostendit
2513 2170 2560 2222 ei
2587 2173 2762 2226 omnia
2794 2190 2951 2244 regna
2980 2177 3187 2242 mundi,
3219 2186 3324 2234 etc.
3378 2179 3572 2236 Omnia
3603 2184 3686 2238 vi-

2097 2240 2291 2308 delicet
2325 2258 2720 2329 desiderabilia,
2747 2240 2866 2334 qua;
2893 2265 2947 2320 in
2990 2282 3124 2323 auro
3152 2240 3206 2325 et
3231 2281 3456 2341 argento
3493 2275 3685 2344 lapidi-

2095 2341 2196 2397 bus
2235 2345 2440 2414 clectis,
2488 2358 2544 2404 et
2582 2353 2820 2410 vestibus
2867 2357 3116 2425 pretiosis
3155 2362 3523 2430 continentur,
3548 2341 3683 2422 sive

2095 2435 2412 2504 simpliciter
2445 2441 2838 2512 accipiendum,
2865 2448 3010 2516 quod
3038 2458 3183 2506 totus
3218 2454 3450 2512 mundus
3494 2459 3565 2512 ab
3610 2473 3683 2515 eo

2095 2524 2150 2580 in
2176 2537 2449 2584 monrento
2468 2531 2614 2587 visus
2637 2535 2726 2589 sit.

2167 2615 2232 2671 Et
2265 2618 2488 2689 gloriam
2511 2639 2712 2679 eorum.
2759 2625 2942 2683 Gloria
2975 2633 3180 2697 mundi,
3212 2647 3332 2702 quas
3359 2651 3482 2691 cum
3515 2653 3679 2694 mu-

2092 2710 2161 2766 do
2185 2714 2526 2780 praeteritum
2555 2726 2657 2782 est,
2684 2718 2738 2774 in
2766 2729 2950 2777 monte
2978 2731 3033 2777 et
3055 2724 3110 2780 in
3138 2727 3423 2796 supercilio
3453 2728 3682 2787 deruun-

2091 2811 2312 2859 stratur.

2159 2895 2229 2950 Et
2269 2897 2405 2952 dixit
2438 2899 2517 2953 illi
2543 2915 2562 2953 .'
2583 2899 2715 2956 Haec
2738 2905 2914 2959 omnia
2949 2906 3041 2961 tibi
3067 2907 3222 2973 dabo,
3250 2911 3297 2964 si
3323 2912 3514 2968 cadens
3537 2915 3679 2969 ado-

2089 2987 2284 3040 raoeris
2317 3003 2419 3041 me.
2472 2989 2572 3060 (Es
2607 2989 2780 3063 Hier.)
2824 2993 3096 3066 Arrogans
3133 3007 3188 3052 et
3214 3002 3479 3070 superbus
3506 3005 3675 3059 etiam

490 3056 599 3128 (Ex
622 3056 804 3129 Fulg.)
843 3060 900 3114 In
946 3071 1186 3118 sanctam
1223 3065 1496 3120 civitatem
1533 3067 1868 3126 Hierusalem
1906 3075 1989 3130 di-
2025 3151 2056 3157 _
2088 3076 2191 3132 hoc
2218 3077 2286 3133 de
2302 3056 2566 3146 iactantia
2597 3056 2853 3151 loquitur,
2881 3056 2992 3142 non
3021 3089 3166 3157 quod
3211 3056 3427 3147 inltoto

415 3148 507 3202 cit.
550 3148 896 3206 Pinnaculum
924 3167 1056 3223 ergo
1089 3154 1266 3224 templi
1295 3157 1450 3210 sedes
1478 3167 1598 3212 erat
1622 3160 1899 3218 doctorum
1931 3165 1984 3220 in
2014 3151 2058 3212 C
2088 3167 2285 3224 habeat
2321 3148 2684 3239 potestatem;
2700 3183 2794 3229 aut
2825 3148 2885 3232 ut
2912 3148 3081 3248 possit
3109 3181 3289 3236 omnia
3319 3197 3484 3253 regna
3515 3185 3668 3251 dare,

416 3238 592 3294 medio
643 3241 821 3309 templi
869 3242 1125 3306 tabulata,
1173 3259 1236 3298 ac
1276 3258 1373 3313 per
1413 3245 1514 3300 hoc
1561 3259 1800 3318 apparet,
1845 3253 1989 3322 quod

415 3329 578 3382 etiam
611 3331 662 3382 in
695 3330 824 3385 locis
850 3333 1054 3387 sanctis
1082 3333 1320 3388 diabolus
1347 3335 1651 3392 insidietur.
1705 3341 1811 3396 Sed
1840 3359 1988 3412 quae-

416 3418 522 3472 stio
561 3419 756 3483 oritur,
797 3421 1062 3490 quomodo
1103 3423 1154 3477 in
1195 3422 1410 3480 deserto
1450 3430 1774 3486 tentationes
1833 3432 1987 3492 facta;

415 3511 686 3576 dicuntur,
714 3526 832 3566 cum
856 3511 956 3565 ista
987 3521 1041 3567 et
1071 3514 1122 3568 in
1148 3525 1334 3570 sancta
1357 3518 1574 3574 civitate
1599 3531 1654 3577 et
1681 3539 1842 3592 supra
1868 3527 1986 3596 pin-

414 3600 666 3656 nacuium
721 3602 902 3670 templi
949 3602 1090 3657 facta
1141 3614 1380 3660 testetur.
1439 3609 1542 3663 Alii
1589 3613 1733 3666 enim
1777 3615 1981 3681 dicunt,

414 3693 557 3761 quod
577 3701 784 3748 aeterm
809 3693 862 3747 in
889 3709 1091 3760 eremo,
1121 3696 1221 3750 ista
1260 3698 1312 3751 in
1344 3699 1674 3757 Hierusalem
1709 3706 1781 3759 sit
1815 3705 1982 3773 facta,

411 3784 502 3842 alii
532 3784 715 3838 dicunt
743 3783 884 3854 quod
913 3794 967 3840 et
993 3786 1094 3842 ista
1135 3787 1187 3842 in
1223 3804 1405 3846 eremo
1440 3790 1603 3848 fuerit
1650 3798 1832 3852 animo
1873 3807 1976 3854 tan

415 3884 528 3930 tum
559 3885 794 3932 ostensa.

483 3983 749 4054 Scriptum
781 3997 857 4041 est
892 3989 1049 4053 enim,
1095 3993 1218 4061 quia
1249 3995 1446 4065 angelis
1473 3998 1584 4052 suis
1621 4000 1886 4054 mandauit
1916 4000 1982 4056 de

431 4087 502 4139 te,
525 4087 574 4131 et
595 4079 646 4130 in
667 4079 904 4133 manibus
933 4080 1115 4135 tollant
1149 4092 1215 4137 te.
1257 4085 1356 4150 (Ex
1383 4086 1556 4144 llier.)
1599 4089 1724 4144 Hmc
1764 4106 1869 4145 non
1915 4093 1981 4147 de

409 4167 646 4232 Christo,
669 4168 760 4224 sed
786 4168 852 4223 de
880 4170 986 4226 alio
1015 4173 1132 4227 viro
1155 4185 1360 4241 sancto,
1389 4179 1670 4246 prophetia
1701 4189 1802 4234 03‘.
1845 4181 1980 4237 Male

408 4272 536 4329 ergo
563 4259 945 4328 interpretatur
971 4263 1216 4321 diabolus
1231 4267 1566 4338 Scripturas,
1597 4279 1742 4326 certe
1785 4273 1849 4328 de
1885 4290 1981 4330 an—

407 4348 647 4418 gelorum
676 4351 891 4417 auxilio,
921 4355 1074 4422 quasi
1107 4356 1174 4410 ad
1199 4357 1473 4412 inﬁrmum
1503 4359 1756 4429 loquitur,
1796 4366 1863 4420 de
1895 4368 1978 4422 sui

406 4441 824 4505 conculcatione,
855 4445 1006 4513 quasi
1034 4447 1418 4517 tergiversatur
1455 4459 1616 4516 tacet,
1653 4455 1778 4522 quia
1814 4457 1881 4511 de
1918 4474 1975 4513 se

403 4529 662 4597 scriptum
684 4545 802 4584 esse
825 4535 1130 4603 cognoscit:
1151 4533 1320 4606 Super
1340 4539 1572 4606 aspidem
1596 4551 1644 4594 et
1673 4542 1972 4619 basiliscum

405 4619 714 4687 ambulabis,
741 4632 789 4675 et
823 4625 1150 4680 conculcabis
1184 4627 1381 4684 leonem
1409 4640 1456 4683 et
1478 4629 1774 4689 draconem.

477 4729 583 4801 (Ex
611 4731 782 4805 Cass.)
835 4735 1025 4792 Omnia
1049 4739 1153 4794 ista
1191 4741 1408 4796 nomina
1436 4744 1649 4802 diabolo
1673 4762 1973 4819 congruen-

403 4826 486 4872 ter
514 4829 782 4888 aptantur.
817 4823 975 4894 Aspis
999 4835 1105 4890 est,
1137 4829 1263 4881 dum
1298 4832 1506 4885 occulta
1534 4837 1786 4902 percutit.
1829 4839 1974 4896 Basi-

401 4909 584 4977 liscus,
613 4929 732 4968 eum
757 4916 936 4985 palam
963 4933 1166 4972 venena
1189 4922 1522 4978 disseminat.
1565 4926 1675 4982 Leo
1702 4930 1827 4984 dum
1848 4949 1970 5000 per-

399 5003 642 5070 sequitur
682 5006 1011 5063 innocentes.
1050 5009 1224 5064 Draco
1265 5027 1388 5065 cum
1431 5015 1758 5086 negligentes
1807 5021 1968 5094 impia

399 5091 678 5151 ferocitate
713 5098 954 5167 deglntit.
995 5099 1192 5152 Verum
1226 5100 1344 5156 huic
1374 5106 1552 5160 omnia
1595 5108 1826 5177 glorioso
1870 5091 1968 5169 ad-

399 5193 558 5240 ventu
577 5185 784 5241 Domini
803 5189 1028 5257 pedibus
1050 5189 1215 5257 ipsius
1239 5203 1500 5260 prostrata
1517 5197 1825 5265 iacuerunt.

470 5297 552 5351 Ne
581 5299 715 5368 forte
749 5299 985 5369 oﬁ‘endas
1019 5302 1088 5354 ad
1116 5301 1338 5371 lapidem
1375 5311 1553 5379 pedem
1581 5323 1746 5370 tuum.
1784 5319 1839 5373 ld
1883 5330 1968 5376 est

397 5405 464 5444 ne
490 5391 544 5445 in
569 5391 763 5463 legem,
792 5407 911 5462 quae
937 5393 988 5447 in
1022 5395 1243 5464 lapideis
1270 5401 1463 5458 tabulis
1494 5408 1693 5477 scripta
1740 5412 1961 5467 videba-

395 5488 502 5555 tur,
520 5481 838 5545 incurreret,
879 5484 1030 5553 cujus
1073 5497 1294 5542 venerat
1317 5491 1701 5560 plenitudinem
1747 5502 1966 5559 salutari

394 5567 698 5639 integritate
728 5571 948 5627 ﬁrmari.

465 5679 550 5733 Ait
582 5680 658 5734 illi
684 5680 838 5741 Iesus
861 5697 878 5736 .'
903 5683 1102 5743 Rursus
1145 5692 1391 5763 scriptum
1437 5706 1509 5750 est
1535 5712 1550 5748 :
1586 5699 1700 5754 Non
1742 5704 1960 5760 tentabis

2089 3258 2185 3313 sed
2230 3261 2504 3316 suadendo
2551 3270 2608 3317 et
2651 3276 2968 3335 arroganter
3013 3269 3130 3325 hzec
3171 3270 3426 3341 loquitur.
3475 3275 3543 3329 Et
3582 3277 3674 3331 hic

2084 3351 2387 3406 ostenditur
2465 3355 2608 3422 quod
2648 3359 2824 3414 omnis
2870 3360 3187 3418 ambitiosus
3233 3366 3430 3422 cadens
3480 3369 3671 3425 diabo-

2085 3436 2195 3492 lum
2245 3439 2454 3496 adorat.
2514 3441 2785 3511 Quaeritur
2830 3465 2930 3505 cur
2965 3451 3024 3506 in
3072 3453 3264 3508 ordine
3311 3459 3667 3514 tentationum

2083 3526 2366 3586 Mattlueus
2411 3532 2690 3605 Lucaeque
2735 3537 3087 3596 discordant?
3131 3542 3259 3598 Sine
3315 3546 3479 3602 dubio
3533 3548 3669 3604 Mat-

2082 3618 2254 3674 thteus
2281 3622 2524 3678 ordinem
2566 3627 2880 3686 tentationis
2917 3630 3046 3686 Ada:
3068 3673 3083 3698 ,
3129 3633 3302 3690 Lucas
3331 3652 3461 3694 vero
3500 3640 3667 3695 histo-

2081 3711 2176 3768 riae
2200 3713 2442 3770 ordinem
2465 3726 2681 3774 secutus
2705 3729 2810 3776 est.

2157 3807 2300 3865 Tum:
2320 3809 2446 3863 dicit
2471 3813 2518 3864 ei
2537 3811 2692 3866 Iesus
2714 3827 2733 3864 :
2766 3811 2929 3880 Vade,
2954 3815 3200 3871 Satanas.
3241 3817 3379 3886 Non,
3415 3829 3476 3876 ut
3507 3823 3667 3892 pleri-

2077 3916 2184 3971 que
2221 3910 2432 3973 putant,
2460 3904 2648 3960 eadem
2677 3905 2990 3964 Satanas‘et
3011 3911 3286 3980 apostolus
3318 3912 3510 3970 Petrus
3539 3932 3667 3972 sen-

2079 3991 2246 4045 tentia
2275 3993 2718 4050 condemnantur.
2769 3996 2930 4054 Petro
2951 4000 3092 4054 enim
3125 4001 3322 4057 dicitur
3352 4021 3365 4056 :
3399 4006 3546 4061 Vade
3572 4023 3661 4063 re-

2079 4085 2183 4144 tro,
2214 4079 2434 4146 Satana,
2482 4083 2534 4137 id
2581 4093 2682 4151 est,
2727 4101 2953 4156 sequere
2997 4104 3101 4150 me,
3135 4091 3228 4160 qui
3265 4096 3572 4151 contrarius
3601 4113 3664 4153 es

2077 4167 2337 4224 voluntati
2365 4187 2520 4237 mem,
2551 4173 2638 4228 hic
2673 4190 2801 4230 vero
2830 4179 2996 4241 audit,
3027 4180 3182 4245 vade,
3214 4179 3433 4246 Satana,
3464 4194 3518 4239 et
3550 4202 3659 4241 non

2078 4258 2126 4311 ei
2155 4258 2354 4314 dicitur
2382 4271 2552 4329 retro,
2582 4273 2642 4318 ut
2669 4267 3020 4322 subaudiatur
3049 4270 3102 4324 in
3129 4272 3306 4341 ignem
3337 4285 3622 4331 :eternum.

2150 4347 2412 4420 Scriptum
2440 4362 2515 4406 est
2535 4355 2694 4419 enim,
2722 4355 2999 4412 Dominum
3022 4359 3189 4415 Deum
3211 4372 3357 4418 tuum
3384 4366 3656 4433 adorabis,

2077 4451 2124 4494 et
2153 4442 2231 4495 illi
2249 4444 2348 4497 soli
2378 4448 2587 4500 servies.
2638 4449 2832 4504 Dicens
2855 4451 3100 4509 diabolus
3123 4453 3416 4524 Salvatori,
3445 4460 3490 4513 si
3527 4478 3658 4530 pro-

2079 4531 2255 4585 ridens
2286 4533 2584 4591 adoraturi:
2624 4555 2725 4604 me,
2763 4554 2795 4594 e
2830 4543 3104 4598 contrario
3139 4547 3309 4612 audit,
3350 4549 3492 4618 quod
3540 4552 3658 4622 ipse

2077 4621 2249 4690 magis
2276 4624 2501 4680 adorare
2525 4643 2645 4682 eum
2672 4629 2866 4690 debeat
2897 4633 3179 4692 Dominum
3203 4645 3259 4692 et
3278 4639 3445 4694 Deum
3472 4621 3651 4697 suum.

2077 4709 2278 4778 Quzcrit
2315 4713 2453 4769 forte
2495 4718 2704 4788 aliquis.
2731 4726 3000 4790 quomodo
3045 4731 3347 4794 conveniat,
3391 4735 3530 4802 quod
3565 4737 3658 4791 hic

2074 4805 2381 4874 prmcipitur
2408 4807 2633 4864 Domino
2672 4813 2768 4866 soli
2799 4816 3162 4884 serviendum,
3192 4823 3432 4890 Apostoli
3461 4829 3652 4888 verbo.

2073 4890 2163 4959 qui
2207 4893 2352 4959 dicit,
2396 4895 2503 4950 Sed
2540 4915 2634 4967 per
2675 4900 2980 4958 charitatem
3022 4910 3205 4962 servite
3253 4912 3491 4968 invicem.
3541 4915 3653 4973 Sed

2068 4979 2194 5035 huic
2221 4981 2375 5037 facile
2395 4984 2594 5042 Graeca:
2615 4987 2830 5057 linguze,
2854 5008 2920 5047 ex
2953 5009 3058 5062 qua
3081 4998 3360 5068 scriptura:
3389 5003 3649 5059 translata

2067 5081 2152 5125 est
2189 5075 2340 5144 origo
2379 5076 2661 5144 satisfacit,
2705 5081 2758 5134 in
2789 5098 2893 5151 qua
2934 5088 3168 5143 servitus
3210 5090 3420 5147 duobus
3471 5095 3650 5150 modis

2070 5177 2136 5215 ac
2163 5163 2372 5219 diversa
2403 5167 2792 5237 signiﬁcatione
2814 5175 2950 5229 solet
2968 5180 3243 5247 appellari.
3275 5183 3477 5239 Dicitur
3499 5189 3648 5243 enim

2069 5250 2273 5324 λατρία,
2302 5255 2499 5310 dicitur
2527 5266 2582 5312 et
2610 5258 2829 5326 δουλεία,
2850 5266 2941 5319 sed
2965 5267 3162 5324 δουλεία
3191 5271 3507 5345 intelligitur
3531 5294 3650 5333 ser-

2071 5344 2212 5398 vitus
2241 5349 2559 5414 communis,
2596 5351 2699 5406 hoc
2727 5363 2829 5418 est,
2856 5357 2968 5412 sive
2997 5359 3107 5414 Deo
3143 5362 3257 5417 sive
3291 5344 3494 5424 homini
3530 5369 3650 5424 sive

2069 5433 2290 5489 cuilibet
2324 5452 2504 5490 rerum
2534 5447 2738 5494 naturze
2768 5445 3025 5513 exhibita,
3075 5465 3105 5502 a
3134 5466 3238 5519 qua
3267 5454 3432 5510 etiam
3455 5465 3512 5511 et
3531 5474 3649 5512 ser-

2068 5539 2186 5588 vus,
2221 5525 2272 5580 id
2300 5536 2400 5591 est,
2435 5528 2607 5590 δούλος
2633 5530 2817 5588 Graece
2841 5553 3032 5594 nomen
3059 5545 3299 5612 accepit:
3341 5548 3526 5623 λατρία
3547 5567 3645 5606 au-

2069 5621 2175 5667 tem
2224 5625 2446 5672 vocatur
2483 5619 2714 5674 servitus
2739 5621 2847 5688 illa,
2876 5643 2994 5696 qua:
3022 5632 3121 5685 soli
3152 5619 3446 5694 divinitatis
3473 5641 3643 5696 cultui
