3946 6442
241 290 340 345 129

1056 285 1572 344 COLLECTIONES
1607 287 1674 342 IN
1724 284 2102 343 EPlSTOLAS
2139 284 2227 341 ET
2267 286 2677 344 EVANGELIA.

3404 293 3508 352 tuo

233 416 289 462 et
331 402 630 459 idololatra:
667 409 1062 470 nuncupantur,
1102 403 1157 457 hi
1194 404 1285 472 qui
1315 405 1504 468 vitam,
1535 420 1725 474 preces
1773 413 1828 459 et
1855 407 1903 466 Α
1933 418 2182 472 namque,
2221 413 2276 458 et
2313 406 2638 476 turpiloquia
2677 413 2732 461 et
2771 406 3073 463 scurrilitas
3112 415 3167 462 et
3211 407 3414 464 ludicra
3454 419 3514 468 et

236 494 528 560 sacriﬁcia,
557 509 680 564 quze
706 494 796 547 uni
827 494 936 547 Deo
971 494 1267 550 debuerant
1301 496 1460 552 idolis
1488 498 1824 566 impendunt.

235 586 496 642 Jubemur
518 598 650 654 ergo
672 598 771 653 per
793 583 1118 638 charitatem
1151 585 1360 641 servire
1393 586 1646 651 invicem,
1682 587 1827 655 quod

236 687 317 734 est
373 677 563 733 Graece
590 675 860 732 δουλεύειν.
891 674 1156 730 Jubemur
1181 676 1275 730 uni
1296 677 1406 732 Deo
1426 677 1649 742 servire,
1682 678 1826 748 quod

236 777 318 825 est
351 768 542 824 Graece
579 769 860 846 λατρεύειν,
891 766 1032 820 unde
1060 765 1259 820 dicitur
1289 775 1344 820 et
1371 767 1446 820 illi
1472 766 1570 821 soli
1596 767 1822 832 servies,

235 861 379 932 quod
398 867 482 915 est
511 859 700 914 Graece
726 859 1045 935 λατρεύσεις.
1085 858 1153 912 Et
1180 859 1376 913 iterum
1405 873 1421 912 :
1450 858 1562 912 Nos
1585 860 1723 913 enim
1744 877 1829 913 su-

235 967 352 1004 mus
376 949 706 1003 circumcisio
730 949 919 1018 spiritu
943 946 1055 1001 Deo
1066 949 1343 1002 seruientes
1362 945 1530 1018 (Phil.
1556 947 1664 1014 in),
1681 950 1827 1018 quod

235 1047 319 1094 est
341 1045 394 1094 in
415 1038 605 1094 Cresco
628 1040 974 1113 λατρεύοντες.

309 1128 453 1183 Tunc
476 1128 683 1198 reliquit
709 1145 827 1182 eum
859 1129 1120 1192 diabolus,
1156 1136 1205 1182 et
1239 1144 1355 1182 ecce
1382 1128 1568 1199 Angeli
1597 1147 1826 1184 accesse-

239 1231 363 1275 runt
390 1231 438 1275 et
466 1220 833 1274 ministrabant
860 1221 926 1274 ei.
957 1220 1057 1290 (Ex
1083 1220 1256 1291 Hier.)
1283 1221 1546 1276 Praecedit
1575 1224 1824 1288 tentatio,

235 1321 297 1368 ut
331 1321 591 1382 sequatur
627 1313 876 1366 victoria.
922 1311 1110 1382 Angeli
1154 1312 1484 1378 ministrant,
1516 1320 1576 1366 ut
1604 1313 1826 1369 victoris

235 1403 470 1474 dignitas
499 1401 900 1472 comprobetur.

874 1554 1190 1594 CONCOBDIA.

306 1668 533 1724 lstarum
571 1670 800 1724 duarum
829 1679 886 1724 et
915 1670 966 1722 in
998 1678 1120 1724 actu
1144 1669 1500 1739 jejuniorum,
1527 1681 1582 1728 et
1605 1674 1659 1728 in
1689 1684 1826 1729 tem-

1930 492 2098 547 multa
2124 493 2458 562 stultiloquia
2485 504 2802 550 nascuntur.

2000 584 2108 655 (Ea:
2146 582 2412 656 Cassiod.)
2452 586 2545 640 Est
2587 596 2641 641 et
2681 587 2784 640 alia
2822 586 3106 644 fornicatio
3147 588 3403 658 pessima,
3449 591 3517 647 de

1927 691 2035 745 qua
2061 692 2161 732 nos
2184 678 2332 732 omni
2364 679 2524 732 modo
2544 680 2802 733 convenit
2820 681 3113 736 abstinere.
3161 681 3255 737 Illa
3283 683 3513 748 scilicet,

1927 766 1994 820 de
2019 780 2124 834 qua
2149 767 2434 821 Psalmista
2469 769 2546 822 ait
2570 783 2584 820 :
2609 766 2900 826 Perdidisti
2930 787 3105 826 omnes
3129 772 3221 840 qui
3247 772 3517 842 fornican—

1925 866 2014 909 tur
2055 856 2150 910 abs
2189 867 2237 910 te
2281 856 2452 927 (Psal.
2495 871 2640 912 Lm!
2667 858 2705 929 ).
2748 859 3027 916 Fornicari
3069 877 3103 916 a
3143 863 3372 919 Domino
3409 873 3512 929 est,

1925 946 2142 1014 quando
2167 945 2490 1002 adulterinis
2520 948 2942 1018 agitationibus
2970 951 3038 1004 ab
3061 948 3179 1017 ejus
3209 967 3392 1018 amore
3423 969 3517 1007 ca-

1926 1044 2010 1089 sto
2032 1035 2331 1103 deviamus,
2355 1047 2411 1093 et
2439 1038 2718 1095 luxuriam
2741 1040 2922 1096 saeculi
2944 1053 3339 1111 praeponentes,
3379 1061 3518 1115 pra:-

1924 1134 2206 1195 ceptorum
2237 1128 2541 1183 caelestium
2582 1145 2688 1185 non
2731 1131 3023 1201 recipimus
3057 1133 3410 1204 disciplinam,
3456 1146 3514 1191 ct

1923 1219 2186 1288 quidquid
2217 1229 2490 1289 postremo
2522 1231 2710 1277 contra
2738 1223 3059 1279 catholicam
3096 1224 3255 1280 fidem
3276 1226 3518 1282 creditur

1923 1310 2401 1378 pollutissensibus
2434 1312 2754 1368 fornicatur.

1999 1399 2066 1456 Ut
2099 1404 2230 1457 sciat
2259 1405 2611 1476 unusquisque
2629 1395 2798 1459 “suum
2826 1423 2914 1462 vas
2939 1407 3205 1478 possidere
3230 1410 3286 1463 in
3313 1410 3513 1464 sancti-

1930 1491 2178 1561 ﬁcatione
2211 1504 2258 1548 et
2285 1495 2502 1550 honore.
2545 1496 2672 1562 Vas,
2705 1497 2759 1552 id
2793 1507 2896 1563 est,
2921 1514 3117 1568 corpus
3153 1515 3309 1556 suum
3350 1516 3518 1557 unus—

1927 1581 2156 1652 quisque
2179 1592 2389 1640 castum
2415 1587 2682 1641 servando
2705 1587 2814 1644 Deo
2837 1588 3139 1644 sanctificat
3167 1598 3223 1646 et
3264 1591 3511 1649 honoret.

1925 1669 2060 1737 Quia
2097 1671 2212 1725 sine
2238 1673 2559 1728 castimonia
2587 1691 2747 1729 nemo
2777 1677 2978 1732 videbit
3005 1679 3194 1733 Deum.

233 1770 364 1825 pore
392 1761 818 1831 quadragesimae
845 1777 1081 1832 congrua
1107 1771 1162 1816 et
1184 1763 1499 1832 perspicua,
1535 1765 1822 1822 manifesta
1852 1753 1898 1810 B
2000 1760 2122 1815 Non
2140 1761 2192 1815 in
2219 1765 2462 1832 passione
2487 1764 2757 1831 desiderii,
2781 1767 2914 1820 sicut
2934 1778 2981 1822 et
3022 1779 3193 1838 gentes
3225 1787 3337 1841 qua
3367 1773 3515 1843 igno-

236 1849 298 1904 flt
331 1854 622 1908 concordia
652 1853 965 1909 lectionum.

457 2013 782 2069 DOMINICA
830 2013 1044 2069 PRIMA
1088 2014 1322 2072 MENSE
1361 2018 1594 2076 PRIMO.

421 2139 678 2180 EPISTOLA
721 2140 882 2180 BEATI
915 2142 1070 2180 PAULI
1103 2141 1359 2183 Δροδτοω
1387 2145 1550 2184 ιιιιιιλ
1581 2146 1648 2184 AD

625 2209 1157 2263 rnesssnomcnnsss,
1192 2214 1309 2255 car.
1344 2215 1417 2254 tv.

309 2325 328 2361 ι
350 2305 624 2378 Rogamus
649 2322 745 2362 vos
795 2317 849 2363 et
884 2307 1235 2364 obsecramus
1264 2310 1318 2364 in
1373 2310 1600 2365 Domino
1655 2309 1781 2365 Jcsu
1809 2352 1824 2375 ,

239 2417 258 2449 ι
278 2407 338 2453 ut
371 2400 822 2468 quemadmodum
867 2402 1154 2471 accepistis
1180 2418 1210 2456 a
1241 2404 1396 2458 nobis
1432 2405 1702 2472 quomodo
1729 2420 1826 2460 vos

240 2500 523 2561 «oporteat
571 2491 848 2547 ambulare
898 2499 954 2547 et
1003 2492 1216 2563 placere
1254 2495 1386 2559 Deo,
1415 2495 1494 2549 sic
1543 2503 1599 2550 et
1639 2495 1828 2549 ambu-

241 2584 406 2639 cletis
444 2593 504 2639 ut
548 2585 832 2640 abundetis
879 2585 1072 2656 magis.
1122 2584 1287 2642 Scitis
1319 2587 1461 2641 enim
1512 2602 1631 2656 qua:
1684 2602 1808 2656 prai-

243 2695 260 2727 ι
279 2686 435 2746 cepta
462 2677 698 2732 dederim
728 2678 882 2733 vobis
907 2693 1005 2748 per
1039 2679 1326 2735 Dominum
1357 2679 1562 2735 Iesum.
1593 2681 1720 2736 Haec
1744 2688 1828 2734 est

243 2785 262 2818 ι
279 2767 423 2822 enim
442 2767 690 2822 voluntas
708 2767 804 2823 Dei
823 2767 1176 2823 sanctificatio
1195 2777 1396 2832 vestra,
1429 2778 1488 2823 ut
1511 2769 1828 2824 abstineatis

244 2871 379 2912 avos
413 2871 443 2911 a
486 2855 860 2923 fornicatione,
900 2865 960 2912 ut
992 2857 1130 2912 sciat
1171 2858 1544 2927 unusquisque
1583 2866 1825 2912 vestrum

243 2965 436 3006 «suum
474 2965 571 3004 vas
606 2950 883 3020 possidere
920 2949 973 3003 in
1009 2948 1439 3006 sanctificatione
1490 2957 1548 3003 et
1597 2949 1825 3014 honore,

243 3062 263 3096 ί
283 3060 387 3098 non
408 3045 462 3099 iu
484 3045 736 3114 passione
753 3044 1030 3110 desiderii,
1046 3044 1192 3100 sicut
1222 3052 1278 3098 et
1308 3051 1498 3114 gentes
1522 3059 1643 3114 quae
1673 3044 1822 3115 igno-

1927 1852 2113 1905 rabant
2146 1852 2332 1906 Deum.
2374 1853 2453 1908 Ac
2476 1854 2520 1908 si
2552 1855 2757 1910 diceret
2780 1871 2794 1910 :
2818 1855 3006 1912 Videte
3026 1874 3093 1912 ne
3123 1868 3178 1914 et
3205 1876 3302 1916 vos
3332 1862 3514 1916 nimia:

1933 1951 1987 1996 et
2026 1943 2394 2000 immoderata:
2432 1945 2641 2000 libidini
2675 1947 2993 2013 servientes,
3034 1950 3236 2006 similes
3257 1953 3508 2022 gentibus

1927 2032 2066 2095 sitis,
2092 2049 2211 2104 quae
2239 2035 2406 2090 Deum
2436 2045 2734 2092 amatorem
2761 2039 3029 2093 castitatis
3063 2040 3329 2110 ignorant.

1998 2123 2066 2177 Et
2108 2141 2170 2178 ne
2207 2127 2324 2197 quis
2359 2127 2804 2197 supergrediatur,
2844 2146 3008 2200 neque
3049 2131 3418 2186 circumveniat
3459 2135 3512 2188 in

1925 2216 2129 2284 negotio
2157 2215 2374 2285 fratrem
2405 2234 2582 2271 suum.
2619 2218 2699 2274 Ac
2727 2219 2771 2273 si
2806 2219 2967 2282 dicat,
3003 2236 3072 2276 ue
3119 2223 3240 2292 quis
3273 2233 3514 2278 vestrum

1923 2313 2048 2375 post
2098 2306 2347 2362 devotam
2387 2324 2451 2364 ex
2495 2324 2762 2366 consensu
2811 2311 3198 2367 continentiam
3239 2314 3358 2385 pari
3393 2331 3510 2378 suo,

1925 2397 2103 2468 aliqua
2131 2399 2591 2456 circumventione
2614 2401 2722 2454 vim
2761 2400 2960 2457 inferre
2986 2404 3205 2470 nitatur,
3237 2405 3350 2461 sive
3383 2423 3518 2475 quo-

1924 2489 2056 2546 libet
2083 2492 2320 2562 negotio,
2349 2492 2469 2562 quis
2494 2492 2722 2547 alterum
2749 2491 2980 2548 fraudet.

1998 2579 2262 2646 Quoniam
2282 2583 2473 2637 vindex
2507 2591 2582 2637 est
2611 2581 2865 2640 Dominus
2887 2584 2952 2638 de
2983 2585 3066 2639 Itis
3090 2585 3346 2650 omnibus,
3379 2588 3512 2640 sicut

1923 2673 2266 2743 prtediximus
2289 2685 2336 2729 et
2359 2675 2622 2746 testiﬁcati
2653 2693 2854 2732 sumus.
2908 2677 3025 2734 Non
3056 2678 3226 2734 solum
3257 2680 3322 2736 de
3349 2679 3516 2736 forni-

1925 2763 2136 2818 catione
2173 2772 2228 2818 et
2258 2765 2470 2834 publica
2520 2769 2872 2837 turpitudine,
2910 2769 3003 2824 sed
3043 2771 3206 2825 etiam
3229 2771 3296 2826 de
3342 2778 3518 2826 trans-

1925 2857 2204 2926 gressione
2231 2858 2408 2912 omnis
2427 2858 2553 2914 boni
2576 2861 2849 2930 praepositi
2870 2862 3064 2917 vindex
3087 2870 3171 2916 est
3189 2863 3349 2918 Deus.
3379 2863 3515 2928 Quia

1926 2947 2120 3002 melius
2141 2957 2224 3002 est
2252 2964 2358 3003 non
2397 2965 2615 3016 vovere,
2653 2966 2816 3021 quam
2860 2961 2982 3021 post
3024 2962 3205 3007 votum
3248 2954 3512 3022 promissa

1931 3053 2036 3092 non
2067 3039 2310 3094 reddere.

245 3154 264 3188 ι
286 3144 409 3190 rant
440 3105 626 3190 Deum.
687 3136 754 3191 Et
791 3151 859 3191 ne
883 3105 1482 3206 quis'supergrediatur
1513 3105 1822 3204 n-equevcir-
1849 3105 1894 3168 (ί
1998 3125 2121 3182 Non
2153 3129 2290 3181 enim
2315 3133 2512 3185 vocavit
2548 3148 2640 3186 nos
2673 3131 2814 3184 Deus
2852 3134 2907 3186 in
2944 3132 3298 3198 immunditia,
3329 3133 3420 3187 sed
3459 3136 3514 3192 in

153 3283 164 3294 ν
245 3243 264 3276 s
283 3225 587 3280 cumveniat
614 3226 666 3279 in
701 3227 917 3296 negotio
946 3225 1171 3282 fratrem
1205 3240 1383 3290 suum,
1413 3225 1671 3294 quoniam
1699 3225 1821 3280 vin-

246 3334 264 3366 ο
285 3316 386 3371 dex
411 3325 497 3371 est
521 3309 781 3370 Dominus
810 3316 984 3371 dehis
1003 3317 1276 3380 omnibus,
1307 3315 1454 3370 sicut
1473 3313 1825 3384 praediximus

250 3413 463 3475 «vobis,
501 3421 557 3466 et
590 3410 862 3465 testificati
897 3425 1107 3475 sumus.
1161 3408 1277 3465 Non
1319 3409 1462 3464 enim
1494 3407 1708 3463 vocavit
1725 3422 1825 3464 nos

247 3523 264 3554 ι
285 3505 426 3558 Deus
455 3502 508 3556 in
543 3501 961 3566 immunditiam,
991 3501 1084 3556 sed
1109 3500 1168 3555 in
1194 3499 1698 3556 sanctificationem.
1729 3517 1747 3552 ι

310 3592 577 3663 Rogamus
636 3607 724 3645 vos
763 3601 810 3646 et
869 3592 1198 3646 obsecramus
1241 3592 1294 3646 in
1329 3589 1555 3645 Domino
1587 3589 1741 3655 Iesu,
1767 3599 1825 3650 ut

239 3683 676 3755 quemadmodum
701 3683 971 3754 accepistis
1005 3701 1038 3736 a
1069 3683 1235 3748 nobis,
1264 3684 1523 3754 quomodo
1558 3701 1647 3740 vos
1679 3701 1828 3754 Opor-

240 3785 343 3830 teat
380 3773 671 3840 ambulare,
700 3774 775 3829 sic
815 3784 863 3828 et
911 3775 1212 3830 ambuletis.
1252 3775 1353 3845 (Ex
1401 3773 1656 3844 Primas.)
1698 3774 1828 3829 Post

241 3867 452 3922 laudem
480 3875 535 3921 et
556 3865 979 3921 consolationem
1008 3863 1194 3936 incipit
1221 3865 1548 3930 exhortatio,
1579 3879 1642 3920 ac
1669 3865 1714 3920 si
1745 3866 1823 3920 di-

241 3967 416 4024 ceret,
440 3973 537 4013 vos
588 3958 782 4027 quibus
827 3956 1076 4012 Christus
1100 3956 1188 4010 via
1213 3963 1317 4022 est,
1350 3956 1526 4028 dignis
1549 3972 1671 4012 cum
1706 3971 1823 4011 am-

240 4048 487 4105 bulantes
514 4047 798 4118 sequimini
826 4046 1120 4118 gressibus,
1155 4045 1207 4102 id
1240 4055 1344 4111 est,
1369 4047 1824 4112 mansuetudinis,

241 4140 545 4205 cbaritatis,
573 4139 917 4205 humilitatis,
939 4138 1260 4195 obedientise
1287 4148 1343 4193 et
1375 4140 1528 4210 pacis
1553 4139 1824 4194 omnium-

242 4246 347 4302 que
375 4231 656 4286 virtutum.

314 4317 383 4374 Ut
419 4320 692 4375 abundetis
731 4319 918 4390 magis.
959 4317 1092 4386 Quia
1140 4331 1263 4372 cum
1306 4324 1467 4372 :etate
1502 4317 1624 4371 fidei
1667 4317 1826 4372 debet

243 4412 428 4486 augeri
461 4411 738 4483 profectus
774 4411 1055 4476 virtutum,
1097 4409 1240 4465 sicut
1277 4425 1400 4464 cum
1445 4417 1603 4464 aetate
1645 4410 1826 4464 carnis

244 4505 396 4560 cibus
433 4504 631 4560 crescit
665 4511 720 4559 et
757 4503 1016 4558 studium.

316 4594 475 4650 Scitis
497 4595 636 4649 enim
656 4610 773 4666 qua:
809 4602 1067 4664 prcrcepta
1093 4592 1326 4647 dederim
1356 4591 1502 4647 vobis
1529 4609 1621 4662 per
1649 4591 1828 4646 Domi-

245 4704 369 4741 num
389 4685 594 4741 Iesum.
631 4685 688 4740 ld
707 4692 810 4751 est,
838 4686 1156 4740 exhortatus
1179 4699 1299 4739 sum
1329 4700 1444 4751 vos,
1484 4685 1690 4740 servire
1719 4686 1828 4741 Deo

242 4781 366 4835 vivo
406 4789 464 4834 et
503 4794 664 4844 vero,
711 4787 768 4832 et
809 4786 1130 4848 exspectare
1177 4777 1344 4832 filium
1394 4775 1510 4845 eius
1547 4777 1612 4831 de
1649 4778 1827 4843 caelis,

243 4887 406 4942 quem
435 4872 716 4926 suscitavit
753 4885 818 4926 ex
857 4870 1086 4925 mortuis
1108 4868 1315 4935 Jesum,
1363 4869 1454 4940 qui
1493 4869 1693 4937 eripuit
1731 4886 1831 4927 nos

243 4964 312 5017 ab
341 4963 418 5017 ira
442 4971 690 5026 ventura,
718 4969 822 5016 etc.

319 5054 450 5108 "(rc
471 5063 546 5108 est
571 5052 812 5108 voluntas
846 5052 943 5107 Dei
969 5051 1318 5121 sanctiﬁcatio
1349 5062 1537 5113 vestra,
1579 5060 1635 5104 ut
1671 5050 1833 5106 absti-

245 5149 412 5203 neatis
438 5163 527 5202 vos
560 5164 592 5200 a
628 5146 990 5216 fornicatione.
1029 5144 1399 5200 Sanctificatio
1429 5144 1576 5199 enim
1611 5144 1679 5198 ab
1715 5159 1832 5198 om-

246 5239 303 5295 ni
341 5237 731 5294 ineontinentia
759 5245 978 5292 revocat
1004 5237 1394 5292 Christianum.
1437 5235 1829 5290 lncontinentia

248 5338 430 5383 autem
458 5342 564 5382 non
593 5326 806 5397 expedit
824 5334 1072 5381 sanctum
1091 5323 1292 5381 Christi
1315 5339 1511 5394 corpus
1530 5326 1828 5394 adtingere,

247 5419 485 5474 innxime
514 5431 636 5471 cum
663 5424 720 5471 et
753 5416 963 5488 Moyses
998 5414 1212 5471 Iudaeos
1245 5415 1592 5471 sanctificare
1621 5416 1830 5482 volens,

247 5511 505 5583 populum
544 5516 716 5564 totum
774 5511 842 5564 ab
879 5511 1024 5564 omni
1064 5509 1264 5564 femina
1299 5508 1617 5578 praeceperit
1660 5508 1834 5561 conti-

251 5617 402 5658 nere.
435 5600 538 5670 Qui
574 5601 722 5656 enim
755 5617 785 5655 a
820 5601 1176 5658 fornicatione
1214 5615 1272 5656 se
1306 5600 1559 5665 abstinet,
1591 5613 1619 5652 a
1653 5598 1837 5654 multis

252 5713 309 5753 se
360 5698 471 5751 Deo
527 5693 811 5764 adjuvante
869 5694 1011 5749 vitiis
1063 5693 1306 5747 retrahit.
1361 5694 1438 5747 De
1483 5691 1840 5749 fornicatione

1925 3217 2361 3287 sanctiﬁcatione.
2413 3219 2590 3274 Etiam
2615 3220 2781 3274 nimia
2805 3221 3190 3276 incontinentia
3209 3230 3386 3291 potest
3407 3224 3478 3278 im
3499 3253 3513 3263 -

1925 3309 2204 3365 munditias
2232 3311 2505 3382 imputari,
2538 3327 2658 3382 quae
2687 3327 2885 3382 corpus
2913 3311 3112 3366 Christi
3143 3314 3402 3368 audenter
3430 3330 3515 3369 ac-

1925 3403 2030 3475 cipi
2059 3419 2162 3460 non
2194 3406 2479 3475 permittit.
2538 3405 2690 3472 Quod
2718 3414 2897 3461 autem
2932 3407 3082 3472 dicit,
3114 3407 3207 3462 sed
3239 3409 3291 3462 in
3323 3411 3517 3464 sancti-

1925 3496 2179 3553 ﬁcatione
2220 3498 2273 3553 in
2314 3499 2532 3555 Christo
2570 3499 2735 3566 Jcsu,
2787 3516 2851 3557 ac
2893 3502 2936 3556 si
2986 3502 3175 3557 dicat:
3209 3500 3300 3558 Sic
3337 3505 3515 3560 vocati

1925 3589 2078 3654 estis,
2104 3596 2162 3642 ut
2181 3591 2428 3659 exemplo
2447 3591 2648 3646 Christi
2673 3592 2883 3658 vivatis,
2917 3593 3011 3664 qui
3031 3593 3174 3647 enim
3193 3594 3349 3649 habet
3378 3596 3518 3651 hanc

1927 3693 2075 3748 spem
2101 3681 2405 3736 sanctificat
2435 3699 2513 3748 se,
2544 3684 2683 3738 sicut
2713 3692 2767 3738 et
2810 3683 2899 3739 ille
2935 3693 3155 3742 sanctus
3181 3695 3281 3740 est.
3336 3686 3517 3743 Estote

1927 3783 2055 3841 ergo
2077 3773 2268 3838 sancti,
2293 3775 2416 3845 quia
2441 3785 2488 3828 et
2511 3791 2603 3846 ego
2633 3785 2846 3830 sanctus
2874 3793 3013 3844 sum,
3046 3777 3174 3832 dicit
3201 3777 3476 3835 Dominus.

2252 3925 2593 3966 EVANGELIUI
2633 3925 2914 3974 ΙΛἸἽΊΙΕΙ,
2958 3927 3076 3966 CAP.
3107 3928 3193 3966 ιν.

2003 4061 2023 4094 ι
2052 4045 2314 4116 Egressus
2349 4045 2508 4103 Jesus
2543 4048 2767 4104 secessit
2807 4049 2859 4105 in
2899 4059 3081 4122 partes
3116 4047 3241 4119 Tyri
3276 4061 3330 4104 et
3363 4048 3517 4108 Sido.

1933 4149 1952 4182 s
1972 4133 2074 4188 nis.
2112 4133 2174 4187 Et
2201 4149 2325 4190 ecce
2349 4137 2544 4192 mulier
2564 4137 2865 4193 Chananzea
2887 4158 2916 4196 a
2940 4140 3134 4194 finibus
3155 4137 3259 4194 illis
3279 4157 3514 4213 egressa,

1932 4241 1952 4274 ι
1971 4222 2248 4290 clamavit,
2272 4222 2458 4280 dicens
2483 4227 2533 4281 ei
2559 4246 2570 4280 :
2595 4227 2850 4284 Miserere
2876 4233 3000 4297 mei,
3032 4233 3274 4299 Domine,
3303 4235 3373 4288 fili
3407 4237 3515 4290 Da-

1933 4331 1952 4364 ι
1972 4313 2080 4378 vid,
2108 4313 2213 4369 filia
2247 4331 2364 4369 mea
2393 4317 2534 4371 male
2558 4333 2588 4370 a
2616 4317 2880 4376 datmonio
2902 4332 3148 4378 vexatur.
3176 4324 3278 4392 Qui
3298 4343 3403 4384 non
3425 4341 3516 4382 reo

1935 4423 1954 4456 ι
1975 4407 2190 4477 spondit
2215 4407 2264 4462 ei
2289 4406 2543 4471 verbum,
2574 4414 2629 4463 et
2658 4411 2975 4468 accedentes
2996 4414 3240 4486 discipuli
3263 4416 3400 4486 ejus,
3431 4434 3517 4473 ro—

1941 4515 1959 4549 ι
1982 4499 2180 4568 gahant
2227 4515 2374 4566 eum,
2424 4499 2666 4555 dicentes
2700 4518 2713 4556 τ
2746 4500 2966 4557 Dimitte
2994 4519 3140 4570 eam,
3166 4507 3290 4576 quia
3319 4507 3519 4563 clamat

1939 4606 1959 4640 ι
1979 4599 2101 4659 post
2128 4606 2246 4646 nos.
2270 4591 2386 4661 lpse
2409 4601 2590 4647 autem
2619 4594 2949 4664 respondens
2985 4595 3077 4649 ait.
3098 4595 3214 4652 Non
3245 4613 3362 4652 sum
3389 4599 3520 4654 mis-

1941 4696 1960 4728 ι
1981 4695 2073 4735 sus
2099 4683 2202 4736 nisi
2234 4685 2300 4738 ad
2329 4699 2458 4738 oves
2480 4697 2598 4754 tmte
2614 4685 2893 4754 perierunt
2913 4686 3103 4741 domus
3123 4687 3304 4742 lsrael.
3337 4689 3405 4743 At
3429 4689 3517 4745 illa

1944 4791 1961 4825 ι
1981 4773 2128 4826 venit
2147 4781 2201 4827 et
2223 4774 2468 4828 adoravit
2491 4789 2614 4828 eum
2653 4776 2839 4831 dicens
2865 4793 2876 4830 :
2901 4775 3146 4841 Domine,
3178 4777 3367 4845 adjuva
3407 4794 3514 4833 me.

1943 4885 1962 4918 ι
1983 4867 2086 4933 Qui
2116 4866 2444 4934 respondens
2472 4865 2547 4918 ait
2570 4885 2581 4919 :
2604 4863 2722 4921 Non
2746 4875 2828 4921 est
2855 4867 3056 4921 bonum
3087 4883 3299 4922 sumere
3323 4883 3518 4938 panem

1931 4946 2211 5013 ditiorum
2251 4964 2306 5010 et
2345 4957 2560 5011 mittere
2597 4955 2842 5011 canibus.
2891 4956 2959 5010 At
2997 4957 3083 5012 illa
3125 4959 3259 5012 dixit
3285 4975 3296 5012 :
3321 4957 3515 5025 Etiam,

1939 5067 1958 5100 ‹
1979 5049 2224 5114 Domine,
2260 5063 2382 5103 nam
2408 5057 2463 5102 ct
2495 5048 2674 5103 catelli
2703 5048 2867 5103 edunt
2898 5047 2965 5104 de
2992 5050 3146 5104 micis
3181 5063 3297 5120 quae
3321 5050 3521 5106 cadunt

1939 5141 2044 5196 «de
2095 5153 2282 5194 mensa
2330 5139 2670 5193 dominorum
2709 5153 2950 5194 suorum.
3000 5139 3150 5194 Tunc
3191 5141 3522 5211 respondens

1940 5251 1958 5284 ι
1977 5231 2133 5287 Jesus
2154 5229 2230 5283 ait
2254 5230 2330 5284 illi
2355 5245 2369 5283 :
2393 5228 2436 5285 Ο
2461 5229 2892 5300 muliertmagna
2918 5237 3000 5284 est
3031 5230 3160 5285 fides
3185 5237 3292 5294 tua,
3313 5231 3405 5284 flat
3426 5230 3519 5284 tibi

1943 5338 1961 5371 ι
1983 5319 2122 5374 sicut
2141 5317 2245 5380 vis,
2273 5325 2326 5369 et
2349 5322 2536 5370 sanata
2566 5324 2651 5369 est
2674 5315 2781 5369 filia
2804 5313 2918 5383 ejus
2942 5331 3007 5370 ex
3039 5316 3126 5370 illa
3153 5317 3308 5371 hora.
3331 5334 3348 5367 ι

2011 5411 2265 5481 Egressus
2303 5408 2424 5461 inde
2452 5406 2629 5471 Jesus,
2659 5408 2866 5460 secessit
2898 5407 2951 5459 in
2989 5415 3163 5477 partes
3189 5405 3313 5476 Tyri
3350 5414 3398 5457 et
3433 5403 3521 5459 Si-

1941 5503 2112 5556 donis.
2153 5501 2251 5570 (Ex
2283 5499 2454 5568 llier.)
2487 5497 2692 5553 Scribis
2722 5506 2776 5552 et
2805 5497 3093 5552 Phariszeis
3124 5489 3526 5551 calumniatori-

1942 5596 2042 5650 bus
2069 5593 2340 5648 derelictis
2365 5592 2760 5663 transgreditur
2784 5591 2836 5644 in
2863 5600 3044 5659 partes
3060 5589 3182 5661 Tyri
3207 5597 3260 5644 et
3281 5587 3522 5654 Sidonis,

1945 5697 2003 5743 ut
2037 5687 2230 5757 Tyrios
2261 5685 2618 5754 Sidoniosque
2648 5691 2878 5738 curaret.
