3946 6442
421 277 522 335 i3!

1636 255 1986 320 SMARAGDI
2021 254 2314 315 ABBATIS

3569 254 3678 309 153

488 384 687 442 Mulier
707 391 882 439 autem
907 380 1209 437 Chaunum
1229 373 1494 449 egreditur
1511 371 1578 428 de
1595 371 1789 442 ﬁnibus
1829 369 2004 441 pristi-
2027 373 2077 434 Α
2104 381 2290 423 rerum
2312 364 2482 421 edunt
2506 362 2708 429 catelli,
2736 361 2859 432 quia
2879 358 3129 449 conversi
3151 360 3222 416 ad
3241 358 3407 419 lidetn
3428 362 3682 431 gentiles,

419 480 503 535 uis
557 478 811 543 clamans,
861 482 919 529 ut
951 472 1080 543 ﬁlia?
1132 447 1367 541 impetret
1414 467 1713 525 mam.
1757 461 1997 519 Observa
2100 472 2209 512 non
2236 457 2431 511 litteras
2451 453 2795 524 superﬁciem
2820 452 2873 507 in
2890 447 3203 543 scripturis,
3231 450 3327 507 sed
3355 451 3687 543 spiritalium

418 570 565 642 quod
584 570 641 624 in
667 540 854 637 quinto
881 540 1092 621 decimo
1117 560 1257 625 loco,
1288 557 1400 613 ﬁlia
1423 554 1727 612 Chaunum
1755 559 1996 607 sanatur.
2100 543 2387 642 nwdullam
2413 540 3056 642 quam-bonis
3080 540 3588 642 actilnmproﬁcere
3604 545 3685 599 vi-

492 678 751 735 liserere

422 788 458 827 α
484 769 747 825 dmin
776 774 1016 822 secatur.
1064 762 1194 818 inde
1233 774 1364 816 vero
1407 756 1559 814 novit
1604 768 1800 811 vocare
1835 750 2004 809 ﬁlium

424 858 613 921 David,
636 871 758 927 qua:
781 868 1003 927 egressa
1026 854 1141 925 jam
1162 850 1340 907 ﬁxerat
1364 848 1432 904 de
1460 845 1655 902 ﬁnibus
1681 843 1817 908 suis,
1843 848 1899 896 et
1918 854 2007 897 er—

428 961 613 1002 rorem
637 946 906 1017 Tyrorum
926 958 993 998 sc
1016 939 1360 997 Sidoniorum
1383 935 1487 992 loci
1526 949 1593 989 ac
1621 931 1743 988 ﬁdei
1770 943 2009 986 commu-

424 1038 631 1094 tatione
658 1036 955 1092 dimiserat.
988 1032 1122 1088 Filia
1151 1045 1272 1087 mea
1301 1028 1443 1085 male
1465 1024 1733 1082 «lanionia
1754 1028 2003 1078 vexatur.

428 1130 543 1201 Ego
581 1128 748 1185 ﬁliam
786 1125 1043 1181 Ecclesia:
1086 1129 1218 1194 puto
1253 1120 1465 1175 animas
1503 1130 1623 1172 esse
1650 1111 2007 1176 credentium,

432 1234 555 1289 quae
579 1218 722 1273 male
748 1233 779 1271 a
807 1215 1071 1270 daemonio
1104 1212 1465 1275 vexabantur,
1504 1207 1817 1277 ignorantes
1848 1214 2009 1256 crea-

432 1321 628 1375 torem,
658 1317 713 1363 et
745 1306 1037 1362 adorantes
1059 1303 1313 1374 lapidem.
1723 1298 1729 1303 ’

505 1418 611 1485 Qui
656 1433 761 1473 non
804 1414 1066 1486 respondit
1119 1413 1168 1468 ei
1207 1412 1438 1466 verbum.
1490 1408 1611 1464 Non
1653 1406 1721 1463 de
1761 1402 2013 1475 superbia

431 1509 768 1574 Pbarisaica,
802 1521 905 1563 nec
934 1507 999 1562 de
1026 1503 1340 1560 Scribarum
1362 1498 1670 1572 supercilio,
1693 1495 1795 1552 sed
1809 1509 1878 1549 ne
1900 1494 2017 1564 ipse

431 1598 715 1657 sententia
740 1612 851 1654 suae
877 1597 1150 1651 videretur
1177 1592 1504 1655 contrarius,
1537 1603 1638 1660 per
1659 1600 1821 1658 quam
1839 1584 2017 1656 jusse-

433 1699 557 1746 rat:
584 1690 642 1745 ln
679 1690 823 1744 viam
861 1686 1123 1759 gentium,
1161 1700 1229 1740 ne
1270 1682 1536 1747 abieritis,
1577 1687 1633 1736 et
1673 1680 1731 1733 in
1772 1677 2017 1733 civitates

436 1781 901 1838 Samaritanorum
940 1794 1008 1833 ne
1042 1776 1377 1832 intraveritis
1412 1772 1628 1848 (Matth.
1658 1771 1737 1843 ι).
1792 1768 2020 1825 Nolebat

433 1873 580 1929 enim
607 1870 953 1927 occasionem
978 1867 1461 1924 calumniatoribus
1500 1865 1663 1929 dare,
1696 1860 2023 1932 perfectam-

433 1977 539 2034 que
560 1961 788 2018 salutem
817 1961 1055 2032 gentium
1077 1957 1348 2028 passionis
1366 1964 1423 2012 et
1441 1951 1861 2011 resurrectionis
1886 1959 2023 2007 tem-

434 2069 567 2127 pore
590 2052 927 2109 reservabat.

511 2143 581 2199 Et
610 2144 910 2198 accedentes
938 2140 1182 2211 discipuli
1211 2139 1351 2210 ejus,
1380 2137 1634 2208 rogabant
1673 2150 1809 2196 eum,
1849 2133 2025 2186 dicen-

442 2243 521 2289 tes
547 2247 567 2286 .'
588 2232 804 2287 Dimitte
823 2246 959 2296 eam,
987 2230 1109 2301 quia
1131 2228 1323 2283 clamat
1347 2235 1461 2297 post
1486 2242 1599 2279 nos.
1641 2221 1897 2291 Discipuli
1933 2218 2024 2274 illo

438 2323 619 2379 adhuc
665 2330 907 2392 tempore
935 2321 1192 2392 mysteria
1215 2318 1425 2373 Domini
1456 2316 1780 2381 nescientes,
1815 2313 1897 2367 vel
1922 2311 2024 2366 mi-

437 2413 734 2473 sericordia
754 2412 1033 2477 commoti,
1060 2412 1324 2482 rogabant
1342 2423 1437 2480 pro
1449 2407 1754 2463 Chananzna
1775 2403 2020 2467 muliere,

438 2522 603 2579 quam
629 2506 768 2561 alter
788 2503 1133 2576 Evangelista
1164 2502 1635 2575 Syrophmnissam
1661 2500 1911 2571 appellat,
1939 2496 2023 2552 vel

442 2595 852 2667 importunitate
878 2592 996 2663 ejus
1020 2607 1210 2649 carere
1232 2594 1531 2663 cupientes,
1558 2592 1685 2662 quia
1714 2606 1822 2646 non
1842 2597 1902 2644 ut
1924 2588 2026 2643 cle-

442 2693 704 2750 mentem,
752 2683 848 2740 sed
897 2691 961 2739 ut
1010 2683 1205 2739 durum
1248 2683 1519 2739 medicum
1565 2681 1810 2738 crebrius
1852 2678 2024 2736 incla-

437 2784 640 2832 maret.

517 2868 641 2941 Ipse
660 2878 837 2923 autem
870 2866 1186 2939 respondens
1228 2867 1303 2921 ait
1328 2879 1347 2918 :
1388 2865 1512 2921 Non
1550 2880 1666 2921 sum
1706 2866 1895 2919 missus
1924 2863 2025 2917 nisi

438 2961 511 3017 ad
544 2976 662 3016 oves
687 2977 805 3033 qua:
824 2961 1089 3031 perierunt
1108 2959 1295 3014 domus
1323 2959 1515 3014 Israel.
1556 2956 1671 3013 Non
1701 2957 1844 3029 quod
1872 2964 1927 3012 et
1955 2954 2025 3011 ad

439 3062 628 3124 gentes
661 3068 768 3107 non
793 3052 992 3107 missus
1027 3052 1119 3117 sit,
1152 3052 1247 3107 sed
1277 3052 1511 3122 primum
1536 3052 1605 3105 ad
1632 3050 1795 3107 Israel
1826 3050 2026 3107 missus
2052 3067 2096 3131 (ς

437 3143 529 3211 sit,
554 3149 614 3198 ut
636 3142 741 3198 illis
774 3158 880 3198 non
911 3142 1302 3214 recipientibus
1339 3140 1710 3213 Evangelium,
1742 3138 1891 3211 juste
1928 3140 2027 3225 ﬁe-

441 3242 529 3292 ret
554 3234 620 3290 ad
648 3242 836 3307 gentes
861 3233 1287 3305 transmigratio.

515 3349 579 3403 At
608 3346 704 3403 illa
723 3349 861 3403 uenit
884 3358 935 3405 et
961 3347 1198 3402 adorauit
1214 3364 1331 3402 eum
1347 3346 1524 3402 dicens
1550 3364 1565 3402 :
1591 3346 1837 3415 Domine,
1863 3347 2027 3419 adju-

438 3455 503 3496 ea
557 3454 661 3491 me.
708 3436 842 3493 Mira
893 3437 995 3491 sub
1040 3452 1272 3508 persona
1322 3436 1569 3493 mulieris
1619 3435 2027 3504 Chananitidis,

439 3526 698 3583 Ecclesiae
729 3525 884 3591 ﬁdes,
919 3524 1200 3596 patientia,
1233 3524 1526 3591 humilitas,
1560 3524 1907 3598 prtedicatur.
1942 3524 2031 3583 Fi-

443 3616 562 3681 des,
592 3630 699 3686 qua
724 3614 1016 3670 crediderit
1039 3614 1218 3670 sanari
1239 3630 1394 3685 posse
1420 3613 1583 3671 ﬁliam
1606 3632 1759 3671 suam
1784 3635 1797 3669 :
1824 3615 2032 3687 patien—

440 3704 538 3769 tia,
585 3718 692 3774 qua
740 3704 899 3761 toties
936 3712 1243 3777 contempta
1292 3705 1344 3760 in
1382 3706 1635 3777 precibus
1676 3714 2026 3777 perseverat:

404 3794 739 3858 ‘bumilitas,
783 3810 889 3866 qua
925 3811 985 3852 se
1017 3794 1209 3852 catulis
1238 3807 1539 3868 comparat.
1595 3796 1641 3854 Ο
1676 3799 1817 3853 mira
1847 3813 2029 3853 rerum

439 3885 743 3952 conversio,
769 3885 938 3942 Israel
971 3887 1243 3956 quondam
1269 3887 1435 3953 ﬁlius,
1463 3904 1563 3944 nos
1605 3902 1788 3952 canes,
1825 3902 1927 3958 pro
1952 3887 2030 3942 di-

440 3977 700 4033 versitate
728 3976 851 4035 ﬁdei
890 3979 1024 4033 ordo
1057 3980 1335 4055 nominum
1370 3986 1752 4035 commutatur.
1803 3977 1889 4034 De
1927 3977 2033 4035 illis

439 4078 627 4141 postea
659 4069 855 4126 dicitur
877 4086 891 4125 :
913 4068 1379 4127 Circumdederunt
1409 4090 1492 4126 me
1508 4089 1664 4127 canes
1683 4071 1834 4127 multi
1855 4070 2027 4143 (Psal.

442 4158 581 4233 nt),
612 4170 662 4215 et
688 4160 853 4216 videte
883 4178 1062 4227 canes,
1094 4162 1259 4216 videte
1289 4161 1455 4217 malos
1494 4162 1760 4233 operarios
1805 4158 2028 4234 (Philip.

441 4251 546 4325 in).
603 4252 680 4307 De
709 4251 867 4308 nobis
895 4261 1100 4320 autem,
1127 4254 1194 4309 ad
1227 4255 1442 4325 pietatis
1471 4253 1702 4325 gratiam
1727 4253 2027 4321 conversis,

443 4341 611 4396 dicit:
640 4340 705 4396 Et
733 4341 867 4396 alias
905 4358 1021 4397 oves
1044 4342 1230 4408 habeo,
1254 4359 1371 4414 qua:
1395 4359 1500 4396 non
1527 4352 1646 4396 sunt
1669 4358 1732 4397 ea:
1760 4342 1856 4396 hoc
1883 4341 2027 4408 ovili,

445 4432 495 4486 et
526 4430 647 4486 illas
677 4442 876 4503 oportet
905 4448 986 4488 me
1014 4433 1297 4497 adducere,
1322 4442 1370 4486 et
1400 4448 1573 4487 uocem
1608 4448 1773 4487 meam
1815 4420 2030 4489 audient

445 4521 625 4593 (locu.
650 4521 729 4595 ι).
762 4521 829 4577 Et
864 4522 985 4578 ﬁlire
1009 4542 1022 4577 :
1048 4521 1208 4578 Fides
1237 4531 1326 4577 tua
1361 4531 1414 4577 te
1436 4520 1639 4577 salvam
1668 4521 1817 4577 fecit.

518 4634 622 4700 Qui
644 4635 960 4707 respondens
984 4636 1058 4690 ait
1078 4647 1101 4688 :
1126 4635 1250 4690 Non
1282 4645 1355 4690 est
1392 4635 1586 4689 bonum
1611 4651 1815 4690 sumere
1846 4652 2033 4706 partem

443 4727 675 4799 filiorum
700 4737 748 4782 et
776 4730 978 4785 mittere
1015 4728 1253 4793 canibus,
1299 4735 1355 4795 at
1383 4726 1476 4781 illa
1503 4726 1636 4781 dixit
1657 4743 1676 4781 :
1700 4725 1900 4791 Etiam,
1926 4726 2035 4783 Do-

445 4818 600 4882 mine,
631 4833 755 4873 nam
791 4827 840 4872 et
884 4816 1061 4872 catelli
1093 4815 1253 4870 edunt
1297 4815 1361 4870 de
1406 4816 1557 4871 micis
1595 4831 1714 4888 quia
1748 4815 1946 4881 cadunt
1971 4816 2036 4871 de

445 4923 624 4967 mensa
665 4906 999 4965 doctrinarum
1045 4921 1283 4960 suorum.
1340 4904 1647 4967 Notandum
1694 4919 1827 4962 sane
1888 4906 2035 4978 quod

446 4998 674 5069 mystice
720 4997 961 5067 loquitur
997 4995 1228 5051 credens
1265 5011 1335 5050 ex
1373 4996 1624 5067 gentibus
1662 4997 1877 5053 mulier.
1928 4997 2032 5067 Qui

444 5089 625 5145 catelli
679 5089 780 5145 sub
821 5104 1021 5161 mensa
1059 5088 1345 5143 comedunt
1386 5090 1452 5144 de
1503 5089 1657 5145 micis
1699 5092 2033 5159 puerorum?

447 5178 630 5235 Mensa
668 5181 866 5250 quippe
904 5186 988 5234 est
1012 5178 1291 5247 Scriptura
1339 5188 1548 5243 sancta,
1590 5195 1708 5249 qua:
1750 5180 1904 5235 nobis
1938 5195 2033 5250 pa»

446 5284 569 5325 nem
597 5271 720 5324 vitae
743 5269 1035 5331 ministrat,
1064 5266 1194 5320 hinc
1216 5268 1414 5322 etenim
1445 5269 1574 5323 dicit
1615 5270 1856 5326 Ecclesia
1881 5284 1896 5323 :
1922 5267 2032 5323 Pa-

447 5359 575 5421 rasti
597 5359 653 5412 in
684 5365 960 5427 conspectu
986 5371 1100 5409 meo
1141 5372 1373 5412 mensam
1403 5358 1650 5413 adversus
1690 5376 1775 5413 eos
1808 5359 1897 5431 qui
1933 5360 2030 5413 tri—

446 5447 630 5511 lmlaut
652 5462 733 5500 me
755 5443 928 5519 (Psal.
955 5443 1113 5517 xm).
1158 5445 1307 5501 Mica:
1333 5464 1623 5518 puerorum
1659 5450 1870 5504 interna
1904 5456 2033 5503 sunt

448 5537 704 5610 mysteria
716 5535 1141 5605 Seripturarum,
1175 5538 1370 5606 quibus
1396 5540 1681 5594 humilium
1707 5540 1885 5594 solent
1914 5555 2033 5595 cor-

450 5616 519 5681 da
546 5624 715 5680 reﬁci.
752 5623 868 5680 Non
895 5640 1022 5692 ergo
1044 5638 1277 5695 crustas,
1308 5631 1402 5685 sed
1430 5632 1600 5686 micas
1630 5631 1697 5685 de
1732 5645 1871 5701 pane.
1902 5647 2033 5702 pue-

786 675 906 744 ηιιε.
946 674 1190 738 Domus.
1224 670 1305 741 ﬁ“
1339 667 1530 732 David.
1558 664 1674 735 θειία
1701 679 1818 719 πιθα
1864 661 2003 716 mu
2100 632 3689 744 {MPFWW???EP‘1€£“BE§“§ES§?‘?2’TL9ET

2104 728 2289 784 verbis
2312 727 2456 782 sacri
2498 725 2701 797 eloquii
2749 723 3026 783 humiliter
3071 721 3275 783 subditi
3317 723 3391 778 ad
3414 723 3690 794 implenda

2104 822 2710 888 quaprmccptasunt,
2755 810 3693 887 cunctamieordiseteorperis

2105 905 2280 963 oﬁicia
2308 907 2640 975 subponunt,
2667 912 2935 975 quatenus
2960 902 3032 959 ad
3054 901 3325 974 speranda
3348 918 3475 973 qua
3504 918 3539 961 ι
3579 904 3694 960 Do-

2106 999 2255 1053 mino
2283 997 2549 1068 promissa
2576 1004 2703 1051 sunt
2734 995 2955 1066 praemia
2982 995 3041 1053 in
3060 994 3251 1060 uinus,
3281 996 3479 1055 merita
3502 1009 3568 1050 se
3590 995 3693 1051 de-

2105 1088 2234 1145 bitae
2258 1086 2578 1142 humilitatis
2603 1087 2835 1156 erigant.

2184 1176 2327 1232 Tunc
2353 1175 2666 1243 respondens
2688 1175 2848 1232 Iesus
2874 1177 2949 1231 ait
2973 1175 3053 1231 illi
3067 1176 3146 1233 :0
3170 1176 3381 1233 mulier!
3402 1192 3595 1246 magna
3618 1182 3694 1229 est

2111 1266 2242 1337 fides
2267 1276 2381 1333 tua,
2405 1266 2503 1335 ﬁat
2527 1266 2621 1321 tibi
2647 1267 2782 1322 sicut
2806 1267 2903 1333 vis,
2934 1276 2987 1323 et
3014 1277 3207 1323 sanata
3227 1277 3304 1323 cst
3324 1267 3441 1337 ﬁlia
3459 1265 3602 1321 illius
3629 1280 3698 1317 es

2110 1356 2206 1410 illa
2240 1357 2389 1411 hora.
2437 1355 2668 1426 Propter
2695 1372 2948 1430 magnam
2988 1358 3179 1425 matris
3210 1357 3372 1417 ﬁdem
3401 1356 3567 1411 ﬁliam
3599 1355 3700 1408 de-

2114 1448 2287 1502 seruit
2311 1448 2657 1502 daemonium.
2708 1447 2811 1504 Ubi
2840 1448 2998 1503 datur
3026 1449 3330 1520 exemplum
3355 1446 3699 1503 catecbizan—

2117 1540 2168 1597 di
2196 1538 2448 1601 infantes.
2476 1540 2603 1610 quia
2634 1539 2883 1596 videlicet
2902 1555 3002 1611 per
3029 1538 3188 1596 ﬁdem
3208 1549 3265 1596 et
3299 1538 3697 1595 confessionem

2117 1638 2402 1701 parentum
2427 1632 2482 1691 in
2506 1631 2794 1701 baptismo,
2822 1631 3121 1687 liberantur
3147 1647 3181 1685 a
3220 1629 3437 1686 diabolo
3463 1628 3697 1701 parvuli.

2044 1725 2093 1785 Β
2119 1722 2211 1792 qui
2269 1722 2500 1781 necdum
2528 1736 2626 1792 per
2654 1735 2714 1777 se
2750 1735 2965 1790 sapere,
3000 1721 3084 1777 vel
3130 1720 3335 1791 aliquid
3372 1733 3533 1791 agere
3570 1717 3700 1774 boui

2116 1818 2347 1880 possunt
2368 1820 2463 1865 aut
2485 1809 2631 1865 mali.

2191 1920 2299 1994 (Ex
2324 1919 2514 1993 Beda.)
2550 1921 2748 1995 Typice
2775 1930 2955 1978 autem
2982 1922 3176 1978 mulier
3200 1924 3315 1979 btec
3336 1922 3573 1994 gentilis,
3603 1920 3703 1976 sed

2120 2027 2241 2066 cum
2278 2011 2383 2067 ﬁde
2414 1998 2483 2067 ad
2521 2010 2807 2067 Dominum
2846 2015 3066 2069 veniens
3111 2013 3409 2068 Ecclesium
3454 2012 3704 2083 designat

2121 2103 2187 2155 de
2200 2101 2448 2171 gentibus
2457 2102 2767 2167 collectam;
2789 2118 2911 2173 quin
2930 2103 3293 2159 etChananaea
3315 2116 3559 2168 vocatur,
3572 2105 3701 2173 quia

2120 2192 2236 2248 zelo
2262 2191 2386 2247 ﬁdei
2408 2204 2675 2247 commota
2704 2195 2772 2249 ad
2802 2194 3086 2249 Dominum
3112 2195 3357 2260 veniens,
3385 2194 3524 2250 idola
3553 2195 3706 2249 dere

2118 2284 2295 2354 liquit.
2338 2284 2593 2341 Chanaan
2617 2295 2797 2342 autem
2843 2287 2991 2343 zelus
3025 2288 3428 2357 interpretatur,
3456 2301 3578 2356 qua
3605 2298 3707 2355 pro

2122 2375 2229 2430 ﬁlia
2270 2377 2601 2433 daemoniaca
2652 2379 2938 2435 Dominum
2979 2388 3154 2451 rogat,
3196 2394 3321 2435 cum
3357 2395 3455 2450 pro
3491 2379 3705 2449 populis

2120 2469 2255 2534 suis,
2300 2471 2529 2527 necdum
2553 2468 2920 2537 credentibus,
2958 2482 3016 2527 ut
3045 2482 3101 2527 et
3137 2472 3238 2543 ipsi
3263 2488 3294 2527 a
3317 2473 3527 2529 diabolo
3556 2470 3708 2526 frau-

2122 2559 2279 2615 dibus
2311 2561 2691 2627 absolvantur,
2723 2576 2971 2632 supernae
3006 2564 3191 2633 pietati
3218 2562 3499 2633 supplicat.
3550 2561 3708 2629 Quod

2120 2664 2253 2706 vero
2277 2651 2428 2721 prius
2449 2666 2557 2707 non
2580 2655 2854 2723 respondit
2876 2655 2927 2709 ei
2958 2654 3236 2717 Dominus,
3259 2652 3528 2726 signiﬁcat
3563 2653 3707 2723 quod

2122 2741 2216 2797 illo
2234 2742 2289 2797 in
2319 2758 2484 2798 carne
2504 2754 2794 2814 praesente,
2825 2754 3015 2817 gentes
3033 2760 3143 2802 non
3172 2746 3459 2801 audierunt
3478 2746 3707 2824 verbum

2122 2848 2191 2890 ex
2223 2848 2319 2890 ore
2352 2835 2503 2906 ejus;
2546 2838 2692 2906 quod
2730 2847 2911 2893 autem
2944 2836 3173 2909 apostoli
3213 2838 3399 2893 dicunt
3440 2828 3707 2893 Domino:

2121 2925 2344 2980 Dimitte
2362 2942 2498 2992 eam,
2532 2927 2585 2981 id
2609 2937 2715 2994 est,
2743 2930 2956 3000 suscipe
2976 2943 3164 3000 preces
3192 2928 3329 2999 ejus,
3360 2928 3485 2999 quia
3508 2928 3710 2983 clamat

2126 3025 2250 3089 post
2278 3031 2399 3084 nos,
2424 3018 2713 3090 signiﬁcat,
2743 3022 2884 3091 quod
2904 3030 3025 3093 post
3050 3022 3501 3077 resurrectionem
3526 3034 3711 3076 ascen-

2127 3108 2443 3179 sionemque
2473 3108 2685 3165 Domini
2710 3112 2934 3168 audiens
2967 3112 3405 3183 prmdicationem
3434 3112 3710 3182 apostoli»

2128 3216 2282 3271 rum,
2311 3212 2372 3258 ut
2404 3206 2774 3272 exaudiretur,
2809 3207 3094 3263 clamabat.
3144 3206 3301 3276 Quod
3332 3222 3458 3264 vero
3488 3209 3569 3263 de
3592 3207 3711 3263 ﬁni—
3782 3238 3799 3253 -

2129 3296 2230 3351 bus
2270 3298 2383 3352 suis
2411 3312 2684 3369 egressam
2721 3313 2842 3353 eam
2882 3298 3018 3353 dicit
3046 3298 3347 3365 Matthmus,
3380 3299 3485 3354 hoc
3512 3300 3707 3368 signat,

2128 3392 2273 3461 quod
2296 3392 2370 3447 illi
2396 3392 2569 3448 solum
2593 3391 2822 3447 ﬁdeliter
2841 3407 2905 3447 ac
2926 3400 3070 3447 recte
3088 3393 3505 3463 properantibus
3527 3401 3709 3458 orant,

2129 3485 2221 3554 qui
2242 3485 2447 3553 priscas
2468 3499 2577 3539 sua:
2604 3484 2840 3556 perﬁdia
2865 3485 3171 3541 mansiones
3192 3485 3520 3556 relinquunt,
3550 3493 3712 3555 atque

2130 3573 2185 3626 in
2211 3572 2431 3628 domum
2463 3574 2694 3641 Domini,
2722 3573 2970 3629 videlicet
2992 3575 3310 3642 Ecclesiam,
3344 3577 3429 3647 pia
3464 3591 3523 3631 se
3551 3577 3714 3631 devo-

2132 3663 2279 3717 tione
2305 3662 2665 3718 transierunt.

2532 3786 2866 3875 nouimus
2911 3817 3275 3877 menum

2224 3965 2416 4007 LECTIO
2435 3967 2609 4007 EPIST.
2635 3966 2795 4008 ΒΣΔΤῘ
2819 3970 2969 4009 PAULI
2993 3969 3245 4011 Αροετοιι
3260 3972 3327 4010 AD
3352 3969 3618 4022 EPIIESIOS,

2779 4059 2972 4099 CAPITB
3013 4060 3065 4100 ν.

2209 4192 2228 4224 ι
2255 4173 2442 4230 Estole
2479 4166 2781 4230 imitatores
2813 4175 2929 4241 Dei,
2962 4176 3103 4232 sicut
3138 4176 3228 4232 ﬁlii
3267 4179 3593 4239 charissim.
3648 4181 3717 4237 Et

2138 4284 2159 4317 ι
2177 4266 2449 4321 ambulato
2472 4267 2527 4321 in
2548 4266 3017 4333 dilectione,th
3034 4278 3090 4324 et
3115 4268 3361 4329 Christus
3378 4270 3570 4329 dilexit
3593 4287 3713 4336 nos,

2140 4377 2159 4408 ι
2181 4368 2237 4415 et
2263 4359 2481 4417 tradidit
2505 4359 2853 4429 semetipsum
2880 4374 2977 4430 pro
2997 4360 3176 4425 nobis;
3203 4361 3533 4423 oblationem
3549 4370 3607 4419 et
3625 4364 3721 4420 bo-

2139 4468 2158 4500 σ
2179 4450 2337 4504 stiam
2359 4449 2469 4505 Deo
2489 4451 2542 4504 in
2561 4451 2782 4506 odorem
2803 4452 3103 4511 suavitatis.
3134 4452 3444 4511 Fornicntio
3459 4463 3643 4513 autem
3663 4464 3720 4510 et

2144 4561 2161 4594 ι
2179 4543 2359 4599 omnis
2401 4543 2763 4608 immunditia,
2789 4553 2882 4601 aut
2910 4544 3161 4608 avaritia,
3184 4560 3292 4603 nec
3320 4545 3632 4601 nominetur
3660 4546 3719 4600 in

2142 4653 2161 4685 ι
2184 4635 2356 4698 vobis,
2389 4633 2530 4688 sicut
2555 4634 2713 4690 decet
2732 4643 2948 4691 sanctos
2983 4635 3102 4700 Dei,
3139 4646 3230 4690 aut
3277 4637 3577 4705 turpitudo,
3624 4647 3717 4698 aut

2131 4742 2162 4801 ι
2183 4723 2592 4792 stultiloquium,
2617 4732 2713 4778 aut
2739 4724 3039 4783 scurrilitas
3058 4740 3200 4795 quin,
3225 4726 3301 4787 ad,
3323 4741 3443 4785 rem
3467 4742 3571 4782 non
3596 4742 3724 4797 per-

2128 4835 2165 4883 Α
2190 4817 2342 4883 tinet,
2357 4816 2452 4873 sed
2473 4817 2649 4886 magis
2665 4817 2958 4888 gratiarum
2967 4818 3128 4877 actio.
3158 4817 3275 4875 Hoc
3296 4827 3478 4878 autem
3498 4820 3719 4886 scitote,

2137 4925 2156 4960 ι
2179 4906 2538 4979 intclligentes
2557 4909 2701 4976 quod
2725 4909 2901 4964 omnis
2921 4907 3235 4973 fornicator,
3265 4918 3362 4965 aut
3372 4908 3719 4977 inmundus,

2141 5006 2275 5051 eaut
2312 5012 2529 5062 avarus,
2566 4997 2708 5066 quod
2744 5007 2829 5053 est
2865 4998 3131 5059 idolorum
3179 5000 3432 5062 servitus,
3469 5002 3719 5058 non‘ba-

2128 5107 2160 5147 ,ι
2181 5088 2273 5143 bet
2318 5088 2688 5143 baereditatem
2732 5088 2787 5142 in
2827 5104 2994 5160 regno
3032 5088 3236 5147 Christi
3271 5098 3329 5147 et
3367 5091 3484 5153 Dei.
3548 5092 3723 5151 Nemo

2140 5196 2160 5228 ι
2183 5192 2277 5232 vos
2305 5178 2528 5237 seducat
2551 5177 2802 5233 inanibus
2828 5179 3028 5245 verbis,
3058 5188 3282 5251 propter
3309 5182 3426 5241 haec
3450 5183 3598 5239 enim
3628 5197 3722 5236 ve-

2136 5286 2160 5337 t
2182 5269 2261 5323 nit
2301 5268 2385 5323 ira
2424 5268 2520 5323 Dei
2549 5268 2606 5323 in
2640 5268 2782 5325 ﬁlios
2812 5266 3143 5331 diﬁidentiasl
3198 5271 3372 5333 Nolite
3410 5289 3542 5344 ergo
3577 5274 3722 5331 eﬁici

2144 5376 2163 5408 ι
2184 5356 2476 5427 participes
2513 5373 2721 5413 conum.
2768 5358 2949 5423 Eratis
2979 5359 3263 5429 aliquando
3290 5365 3545 5429 tenebm,
3574 5379 3725 5425 nunc

2145 5464 2163 5497 ι
2186 5456 2365 5501 autem
2387 5446 2477 5501 lux
2508 5448 2562 5501 in
2591 5437 2840 5515 Domino,
2872 5457 2933 5503 ut
2962 5450 3056 5504 lilii
3086 5450 3221 5506 lucis
3241 5452 3350 5507 ami
3369 5452 3531 5515 triste.
3582 5454 3724 5511 Fru-

2144 5547 2304 5593 sctns
2327 5540 2471 5594 enim
2506 5539 2639 5594 lucis
2668 5549 2772 5605 est,
2811 5542 3036 5597 inomni
3064 5542 3306 5600 bonitate
3342 5543 3631 5613 etjustitia
3664 5528 3725 5604 et

2143 5649 2163 5681 ‹
2183 5635 2430 5687 veritate.
2462 5651 2483 5685 ι
