3946 6460
155 1697 157 1699 ι
245 1656 466 1712 hostiam
503 1653 633 1716 Deo,
673 1651 728 1705 in
759 1647 971 1703 odorem
992 1645 1287 1700 suavitatis.
1320 1643 1419 1712 (Ex
1446 1638 1692 1712 Hieron.)
1721 1638 1822 1707 Qui

239 323 334 379 l3?)
1051 309 1562 371 COLLECTIONES
1599 305 1665 365 IN
1702 298 2083 361 EPiSTOLAS
2119 298 2208 356 ET
2245 296 2632 357 EVANGELIA
3385 292 3488 350 iiii

302 435 479 489 Estote
499 432 789 486 imitatores
809 427 923 494 Dei,
943 429 1076 484 sicut
1102 426 1200 499 [itii
1221 423 1536 482 charissimi.
1563 421 1664 492 (Ex
1689 421 1812 472 lfle-
1839 418 1886 476 Α
1914 415 2041 468 salsi
2089 414 2227 482 apud
2255 411 2502 466 homines
2538 407 2886 478 appellamur.
2936 403 3100 460 Decet
3149 404 3292 460 enim
3339 403 3496 461 Chri-

236 525 374 598 ron.)
402 523 518 578 Non
553 521 698 578 enim
721 528 851 591 puto
889 519 1031 590 quod
1057 497 1109 572 in
1137 519 1350 572 caneris
1373 526 1589 583 quoque
1608 552 1623 576 ,
1661 523 1808 578 τινες
1913 503 2073 560 stiani
2103 517 2406 558 sermonem
2433 500 2546 556 sale
2565 514 2686 555 esse
2705 498 3003 564 conditum,
3025 506 3086 552 ut
3104 497 3337 569 gratiam
3355 498 3498 568 apud

179 644 196 662 ο
240 593 446 686 cunque
473 615 616 669 Deus
646 611 876 676 fecerit,
915 611 1076 666 homo
1100 623 1224 664 eum
1248 615 1432 677 posset
1456 604 1689 667 imitari,
1718 599 1812 654 sed
1913 595 2198 650 audientes
2222 593 2438 648 habeat.

240 707 382 763 verbi
410 720 602 770 causa,
644 710 706 758 ut
733 716 840 772 quo
868 700 1027 756 modo
1056 698 1145 754 ille
1182 704 1266 753 est
1287 696 1527 752 clemens
1547 734 1562 758 ,
1591 701 1648 746 et
1677 690 1815 762 pluit

241 813 394 868 super
436 798 610 852 bonos
633 801 692 850 et
716 791 910 856 malos,
941 790 1021 846 sic
1043 789 1208 844 etiam
1238 801 1339 842 nos
1381 785 1679 840 bonitatem
1719 795 1816 835 no-

241 896 405 944 strain
438 899 603 956 super
627 897 817 940 omnes
841 880 1090 937 homines
1116 875 1472 932 effundamus.
1503 871 1656 940 Quod
1690 883 1816 924 cum

241 973 545 1040 fecerimus,
564 973 768 1029 erimus
791 970 884 1025 filii
913 966 1114 1032 dilecti,
1137 967 1250 1022 sive
1272 964 1440 1035 ipsius
1467 960 1652 1026 Pauli,
1679 959 1814 1025 sive,

241 1065 382 1138 quod
411 1065 602 1120 melius
632 1071 784 1134 puto,
809 1061 926 1115 Dei.

1986 705 2102 759 Hoc
2131 713 2307 758 autem
2329 703 2512 757 scitote
2551 700 2913 770 intelligentes,
2958 699 3097 770 quod
3122 700 3291 753 omnis
3333 697 3500 768 forni-

1915 804 2084 861 cator,
2115 803 2207 848 aut
2232 791 2555 856 immundus,
2595 799 2689 843 aut
2713 805 2927 854 avarus,
2953 787 3094 860 quod
3135 797 3208 842 est
3237 786 3500 841 idolorum

1914 890 2158 953 seruitus,
2204 902 2307 940 non
2345 884 2499 939 habet
2531 882 2888 938 Iuereditatem
2925 882 2982 934 in
3015 897 3172 950 regno
3214 877 3408 934 Christi
3453 892 3508 935 et

1915 981 2034 1036 Dei.
2065 980 2368 1035 Notandum
2396 977 2540 1047 quod
2565 991 2660 1031 sex
2682 975 2830 1029 vitiis
2857 987 3018 1043 supra
3046 972 3331 1042 prohibitis
3351 1012 3365 1037 ,
3399 969 3508 1026 for-

1916 1062 2212 1133 nicatione,
2242 1065 2605 1130 immunditia,
2637 1063 2886 1129 avaritia,
2928 1063 3292 1132 turpitudine,
3329 1061 3508 1116 stulti-

1915 1161 2118 1232 loquio,
2151 1157 2478 1214 scurrilitate
2500 1197 2514 1222 ,
2542 1171 2686 1210 nunc
2715 1162 2919 1209 tantum
2954 1153 3057 1207 tria
3083 1152 3360 1223 posuerit,
3391 1151 3506 1206 for-

1917 1252 2282 1314 nicationem,
2333 1245 2764 1311 immunditiam,
2814 1244 3130 1309 avaritiam,
3174 1245 3370 1312 quibus
3414 1244 3508 1313 qui

1919 1343 2084 1399 fuerit
2109 1340 2398 1405 obnoxius,
2425 1338 2796 1394 haereditatem
2824 1338 2877 1391 in
2904 1352 3070 1406 regno
3097 1335 3296 1391 Christi
3324 1343 3380 1390 et
3410 1335 3508 1389 Dei

1920 1433 2123 1488 habere
2169 1446 2274 1485 non
2320 1429 2512 1499 possit.
2565 1427 2622 1482 Si
2665 1429 2810 1482 enim
2857 1427 3201 1496 stultiloquus
3237 1438 3289 1482 et
3319 1442 3507 1482 scurra

1922 1525 2081 1580 alieni
2109 1532 2343 1580 essenta
2372 1537 2540 1593 regno
2569 1521 2686 1586 Dei,
2711 1523 2979 1592 quomodo
3005 1529 3118 1577 tres
3143 1537 3278 1592 quos
3304 1523 3511 1593 specia-

1922 1617 2048 1671 liter
2093 1629 2430 1686 separamus,
2478 1613 2754 1668 videretur
2781 1615 3047 1669 sententia
3075 1629 3196 1670 esse
3240 1615 3511 1682 crudelis,

1925 1722 2032 1762 non
2062 1705 2344 1777 ignoscere
2375 1703 2731 1759 imbecillitati
2763 1702 3067 1775 fragilitatis
3094 1707 3362 1773 humanae,
3389 1723 3515 1763 cum

310 1175 417 1251 (Ea:
446 1175 702 1248 Primos.)
727 1173 1031 1228 imitatione
1055 1171 1200 1225 enim
1227 1183 1332 1223 non
1368 1175 1558 1222 natura
1601 1164 1691 1218 filii
1723 1163 1816 1218 Dei

243 1286 446 1336 sumus,
476 1269 617 1324 sicut
642 1267 718 1320 ait
743 1264 1023 1320 Salvator:
1059 1259 1126 1314 Ut
1164 1260 1280 1315 sitis
1307 1258 1407 1328 ﬁlii
1439 1255 1619 1309 Patris
1640 1253 1817 1319 vestri,

245 1365 331 1434 qui
358 1363 412 1417 in
439 1360 580 1415 cazlis
605 1366 682 1413 est
712 1355 928 1429 (Matth.
959 1369 988 1406 v
1013 1353 1054 1426 ).

314 1475 381 1529 Et
414 1471 678 1528 ambulate
713 1470 769 1522 in
795 1467 1092 1530 dilectione,
1120 1466 1254 1520 sicut
1283 1473 1330 1518 et
1362 1459 1602 1516 Chris’us
1637 1459 1820 1514 dilexit

245 1585 356 1632 nos,
386 1576 434 1620 et
461 1561 679 1618 tradidit
709 1559 1039 1630 semetipsum
1071 1573 1167 1627 pro
1204 1555 1370 1619 nobis,
1415 1551 1728 1606 oblationem
1773 1559 1822 1604 et

245 1762 340 1818 pro
369 1745 595 1800 aliorum
620 1739 794 1796 salute
817 1751 990 1808 usque
1023 1736 1091 1790 ad
1119 1733 1434 1804 sanguinem
1470 1740 1658 1786 contra
1695 1745 1824 1800 pec-

247 1853 422 1900 catum
447 1839 687 1903 dimicat,
710 1835 783 1890 ita
807 1841 870 1889 ut
888 1842 941 1888 et
965 1831 1201 1886 animam
1225 1843 1376 1884 suam
1399 1826 1581 1881 tradat
1601 1839 1700 1894 pro
1719 1822 1820 1887 eis,

249 1937 352 1991 iste
379 1931 612 1988 ambulat
637 1929 690 1984 in
717 1925 1001 1991 charitate,
1033 1923 1250 1977 imitans
1284 1918 1582 1982 Christum,
1610 1914 1701 1986 qui
1728 1927 1827 1969 nos

249 2026 302 2081 in
338 2032 543 2080 tantum
585 2019 786 2081 dilexit,
825 2024 887 2070 ut
933 2027 1149 2070 crucem
1191 2026 1290 2083 pro
1331 2009 1506 2064 salute
1545 2006 1828 2062 hominum

249 2117 572 2180 sustineret,
617 2110 882 2182 quomodo
910 2107 1052 2163 enim
1085 2104 1174 2160 ille
1213 2102 1438 2158 tradidit
1477 2098 1828 2169 semetipsum

248 2227 345 2284 pro
373 2208 546 2272 nobis,
573 2207 650 2260 sic
674 2213 729 2259 et
757 2203 868 2273 ipse
895 2215 995 2271 pro
1031 2197 1228 2268 quibus
1252 2201 1431 2266 potest
1473 2191 1707 2248 libenter
1731 2204 1828 2244 oc-

251 2279 530 2366 cumbens,
548 2295 846 2353 imitabitur
865 2306 1011 2358 eum,
1025 2289 1119 2360 qui
1141 2287 1468 2344 oblationem
1495 2292 1551 2339 et
1569 2279 1826 2344 hostiam,

253 2395 304 2450 in
331 2393 550 2449 odorem
583 2386 860 2444 suavitatis
885 2399 944 2439 se
970 2381 1117 2437 Patri
1141 2379 1381 2441 tradidit,
1408 2375 1499 2432 fiet
1521 2375 1688 2430 etiam
1710 2372 1828 2444 ipse

253 2485 452 2542 oblatio
475 2491 528 2538 et
553 2479 731 2536 hostia
758 2475 936 2532 Deoin
963 2474 1184 2529 odorem
1214 2468 1516 2526 suavitatis.

324 2591 630 2649 Fornicatio
651 2594 906 2652 autem,et
929 2583 1094 2638 omnis
1115 2579 1450 2635 immunditia
1473 2587 1563 2632 aut
1584 2575 1832 2640 avaritia,

257 2702 348 2740 nec
378 2682 673 2737 nominetur
697 2678 751 2731 in
773 2675 931 2741 vobis,
963 2674 1096 2728 sicut
1137 2671 1278 2725 decet
1309 2679 1537 2722 sanctos.
1571 2664 1685 2720 Nisi
1717 2665 1836 2736 phi-

257 2775 602 2844 iosopborum
633 2768 848 2838 quidam
877 2764 1100 2837 cynicus
1125 2761 1462 2825 exstitisset,
1499 2758 1591 2828 qui
1619 2758 1838 2813 doceret

257 2881 473 2924 omnem
501 2861 860 2918 titillationem
897 2856 1074 2912 carnis
1121 2863 1177 2909 et
1221 2852 1420 2907 fluxum
1466 2849 1688 2906 seminis
1730 2864 1834 2902 non

259 2955 557 3020 vitandum,
587 2965 860 3020 nunquam
884 2954 1102 3003 sanctus
1128 2943 1438 3014 Apostolus,
1484 2939 1728 2994 scribens
1771 2940 1839 2991 ad

263 3047 542 3121 Ephesios,
574 3045 640 3100 ad
669 3039 1079 3098 fornicationem
1106 3038 1269 3092 etiam
1304 3048 1520 3091 omnem
1549 3030 1840 3086 immundi-

263 3117 393 3199 tiam
423 3138 743 3212 copulasset,
771 3143 828 3191 et
855 3135 922 3190 ad
950 3129 1345 3187 immunditiam
1368 3125 1640 3198 junxissct
1665 3123 1841 3178 avari-
1869 3117 1913 3180 C

266 3236 415 3290 tiam.
436 3231 553 3286 Non
579 3231 740 3293 hanc,
770 3224 908 3296 quod
935 3221 1191 3288 pecunias
1213 3219 1458 3290 cupimus
1487 3228 1841 3287 congregare,

263 3327 358 3384 sed
388 3325 554 3388 illam,
582 3322 647 3376 de
676 3336 778 3391 qua
806 3330 969 3386 supra
996 3313 1262 3376 diximus:
1307 3309 1388 3364 Ne
1416 3305 1846 3378 sapergrcdiatur

266 3432 456 3472 avarus
478 3413 534 3467 in
555 3410 760 3482 negotio
779 3408 996 3479 fratrem
1022 3421 1176 3459 suum
1201 3401 1251 3476 (1
1277 3400 1428 3457 Thes.
1456 3400 1552 3467 iv),
1581 3397 1632 3451 id
1663 3407 1764 3461 est,
1791 3394 1843 3449 in

267 3503 518 3563 adulterii
562 3500 856 3572 negotium,
908 3496 1050 3567 quod
1094 3502 1178 3549 est
1214 3488 1539 3548 insatiabilis
1584 3503 1683 3561 per
1733 3501 1850 3541 om-

267 3599 357 3653 nia
391 3593 775 3666 turpitudinum
813 3589 1157 3658 iasciviaaque
1195 3585 1503 3648 discursus,
1547 3581 1688 3652 quod
1716 3595 1847 3636 con-

269 3696 525 3763 gruenter
558 3692 614 3741 et
641 3681 988 3754 turpitudinis
1022 3677 1350 3751 generaliter
1376 3674 1573 3745 accipit
1597 3688 1815 3729 nomen.

342 3797 734 3869 Stultiloquium
756 3804 846 3848 aut
869 3791 1165 3847 scurrilitas
1184 3829 1201 3856 ,
1228 3804 1346 3861 qua
1375 3786 1446 3842 ad
1471 3803 1578 3841 rem
1605 3801 1709 3840 non
1734 3800 1854 3855 per-

272 3894 456 3948 tinent.
487 3886 890 3956 Stultiloquium
914 3898 1036 3939 esse
1056 3881 1287 3946 aestimo,
1311 3894 1419 3935 non
1445 3877 1620 3934 solum
1664 3891 1852 3931 eorum

275 3982 367 4055 qui
402 3981 580 4051 aliqua
616 3985 843 4033 narrant
871 3975 1066 4045 turpia,
1096 3980 1158 4028 ut
1187 3972 1357 4026 risum
1387 3975 1673 4033 moveant,
1697 3975 1754 4022 et
1779 3966 1858 4021 fa-

278 4075 466 4130 tuitate
513 4070 782 4133 simulata,
815 4068 988 4138 magis
1025 4066 1254 4121 illudant
1283 4063 1384 4128 eis,
1414 4061 1614 4133 quibus
1640 4060 1859 4130 placere

278 4166 611 4231 desiderant,
662 4162 756 4218 sed
784 4162 949 4216 etiam
995 4174 1184 4216 eorum
1230 4156 1322 4227 qui
1375 4155 1648 4226 sapientes
1677 4152 1858 4209 saeculi

278 4267 557 4333 putantur,
578 4264 632 4311 et
656 4255 722 4310 de
751 4254 911 4309 rebus
933 4251 1171 4324 physicis
1193 4249 1550 4319 disputantes,
1575 4245 1762 4300 dicunt
1803 4257 1862 4298 se

282 4364 477 4406 arenas
503 4348 763 4409 littorum,
790 4351 970 4416 guttas
997 4341 1208 4406 oceani,
1233 4339 1493 4395 caelorum
1522 4337 1720 4406 spatia,
1752 4343 1862 4390 ter-

283 4457 466 4512 rteque
490 4447 748 4510 punctum
770 4435 972 4505 liquido
998 4431 1494 4502 comprehendisse.
1522 4429 1668 4486 Inter
1689 4427 1864 4484 stulti-

284 4533 524 4604 loquium
553 4538 735 4586 autem
781 4536 840 4584 et
865 4526 1248 4583 scurrilitatem
1270 4565 1285 4591 ,
1306 4523 1410 4579 hoc
1437 4523 1683 4586 interest,
1719 4521 1863 4591 quod

286 4623 676 4693 stultiloquium
712 4621 843 4676 nihil
891 4621 942 4674 in
989 4634 1048 4674 se
1080 4619 1294 4690 sapiens
1324 4617 1506 4683 habet,
1563 4615 1866 4672 scurrilitas

287 4733 422 4775 vero
466 4717 533 4772 de
557 4715 807 4786 prudenti
836 4721 1015 4768 mente
1052 4712 1363 4774 descendit,
1403 4717 1458 4766 et
1485 4709 1731 4765 consulto
1773 4725 1870 4778 ap-

288 4811 426 4882 petit
450 4808 719 4880 quaedam,
749 4805 833 4860 vel
859 4807 1062 4859 urbana
1092 4805 1278 4869 verba,
1307 4801 1394 4857 vel
1418 4802 1620 4857 rustica
1641 4841 1659 4866 ,
1679 4799 1764 4855 vel
1793 4800 1868 4853 fa-

291 4909 432 4965 ceta,
466 4913 586 4970 qua:
607 4913 705 4953 nos
725 4895 1120 4966 iocularitatem
1143 4894 1253 4950 alio
1277 4893 1444 4949 verbo
1470 4905 1754 4962 possumus
1777 4906 1873 4961 ap-

290 4991 519 5062 pellare,
544 4997 606 5044 ut
635 4988 804 5042 risum
831 4993 1047 5042 moveat
1073 4983 1438 5040 audientibus.
1469 4983 1670 5038 Verum
1698 4982 1816 5036 haec
1844 4997 1875 5034 a

293 5082 500 5138 sanctis
522 5080 656 5134 viris
692 5079 906 5149 penitus
933 5076 1298 5147 propellenda,
1329 5074 1524 5143 quibus
1551 5073 1721 5144 magis
1748 5087 1879 5127 con-

297 5175 448 5231 venit
493 5173 712 5245 lugere:
753 5171 903 5228 Beati
946 5171 1084 5226 enim
1119 5169 1211 5241 qui
1251 5167 1452 5239 lugent,
1498 5167 1746 5238 quoniam
1780 5165 1879 5232 ipsi

300 5263 730 5320 consolabuntur.

375 5356 479 5413 Sed
500 5357 666 5428 magis
688 5355 978 5428 gratiarum
1005 5356 1160 5410 actio.
1175 5353 1395 5422 Quaerat
1414 5352 1612 5422 aliquis
1631 5355 1684 5407 et
1705 5352 1876 5407 dicat:

303 5447 431 5519 quid
457 5446 561 5502 sibi
589 5447 702 5501 vult
725 5455 848 5517 post
882 5447 1290 5502 fornicationem
1330 5445 1656 5516 prohibitam
1695 5452 1749 5500 et
1775 5444 1880 5498 im-

307 5539 644 5604 munditiam,
673 5548 976 5608 cmteraque
997 5538 1147 5603 vitia,
1179 5539 1473 5609 gratiarum
1498 5537 1674 5591 actio?
1699 5536 1755 5590 in
1781 5537 1884 5592 hoc

307 5628 426 5686 loco
453 5645 560 5684 nou
593 5629 693 5684 ista
718 5637 804 5683 est
828 5629 1124 5692 nominata,
1152 5629 1306 5699 juxta
1349 5642 1514 5698 quam
1541 5627 1746 5695 gratias
1772 5627 1885 5698 agi-

312 5737 429 5777 mus
472 5722 618 5788 Deo,
645 5721 738 5778 sed
763 5722 915 5794 juxta
950 5736 1113 5792 quam
1144 5723 1388 5792 gratiam,
1435 5721 1550 5776 sive
1575 5720 1803 5792 gratiosi
1831 5727 1887 5776 et

1927 1800 2088 1856 etiam
2116 1813 2215 1870 per
2236 1797 2420 1868 jocum
2445 1813 2544 1853 nos
2571 1797 2713 1853 dicta
2749 1799 3087 1855 damnarent.
3139 1801 3240 1868 Qui
3285 1803 3428 1857 enim
3460 1803 3515 1856 in

1929 1904 2181 1946 scrinone
2201 1904 2306 1943 non
2337 1889 2502 1944 labitu
2513 1905 2554 1955 r,
2573 1889 2847 1958 perfectus
2875 1898 2958 1945 est
2984 1891 3083 1954 vir,
3102 1893 3349 1962 quamvis
3371 1893 3515 1948 enim

1930 1979 2129 2049 aliquis
2175 1994 2205 2032 a
2255 1977 2649 2043 fornicatione,
2697 1977 3033 2032 immunditia
3087 1988 3246 2050 atque
3293 1979 3516 2034 lascivia

1931 2070 2142 2125 alienus
2173 2070 2277 2133 sit,
2325 2080 2506 2124 tamen
2551 2070 2596 2124 si
2641 2070 2985 2140 stultiloquus
3013 2078 3068 2126 et
3102 2087 3294 2126 scurra
3333 2071 3515 2138 fuerit,

1931 2177 2037 2216 non
2065 2160 2270 2215 tenebit
2294 2175 2416 2215 eum
2448 2159 2654 2223 locum,
2700 2173 2861 2230 quem
2901 2175 3252 2230 possessurus
3278 2173 3425 2228 erat,
3471 2164 3517 2219 si

1933 2253 2050 2307 haec
2079 2251 2207 2306 vitia
2241 2267 2348 2305 non
2374 2251 2619 2305 haberet.
2657 2251 3001 2322 Respondeat
3032 2252 3170 2322 quis,
3199 2263 3348 2320 esto,
3385 2256 3520 2310 stul-

1933 2343 2250 2412 tiloquium,
2284 2342 2588 2398 scurrilitas
2621 2358 2727 2397 non
2766 2343 3016 2398 eumdem
3051 2343 3254 2399 habent
3289 2354 3518 2411 reatum,

1933 2447 2102 2504 quem
2139 2432 2456 2498 fornicatio,
2490 2433 2829 2488 immunditia
2865 2439 2920 2487 et
2965 2435 3225 2500 avaritia,
3281 2437 3527 2506 nunquid

1933 2540 2039 2580 non
2066 2532 2122 2578 et
2150 2524 2543 2594 turpitudinem
2591 2539 2712 2578 cum
2747 2524 2936 2612 tribus
2973 2525 3160 2579 debuit
3205 2526 3527 2582 nominare?

1933 2614 2014 2669 Ad
2045 2615 2190 2685 quod
2213 2614 2522 2680 dicendum,
2549 2615 2935 2684 turpitudinem
2963 2615 3050 2680 hic
3079 2617 3384 2688 significare
3407 2620 3528 2674 abs—

1937 2705 2155 2760 condita
2187 2707 2593 2777 cogitationum,
2627 2719 2748 2761 cum
2779 2705 3184 2762 inflammantur
3212 2724 3404 2764 sensus
3432 2725 3530 2764 no-

1937 2796 2037 2851 stri
2061 2797 2129 2851 ad
2154 2795 2455 2858 libidinem,
2499 2804 2554 2851 et
2590 2798 2772 2852 carnis
2807 2797 3116 2852 titillatione
3149 2800 3330 2853 anima
3359 2800 3532 2870 ignita

1941 2887 2310 2953 succenditur,
2334 2895 2391 2942 et
2415 2888 2764 2943 nihilominus
2790 2888 2887 2942 Dei
2913 2889 3106 2944 timore
3135 2897 3189 2944 et
3223 2892 3419 2946 mentis
3437 2892 3529 2962 ju-

1940 2976 2084 3034 dicio
2103 2978 2432 3033 refrenatur.
2467 2978 2707 3048 Denique
2745 2981 2910 3034 etiam
2936 2997 3097 3052 supra
3127 2984 3330 3052 absque
3361 2986 3533 3054 turpi-

1947 3068 2132 3123 tudine
2179 3069 2283 3122 tria
2331 3069 2537 3138 pariter
2585 3069 2910 3140 appellavit,
2961 3071 3182 3126 dicens:
3227 3070 3534 3128 Fornicatio

1944 3171 2116 3214 autem
2141 3168 2190 3215 et
2214 3161 2383 3214 omnis
2412 3160 2746 3214 immunditia
2773 3169 2820 3214 et
2845 3161 3092 3225 avaritia,
3121 3178 3212 3214 nec
3238 3163 3539 3216 nominetur

1947 3253 2003 3305 in
2032 3251 2193 3315 vobis,
2223 3259 2278 3306 et
2307 3251 2561 3320 deinceps
2587 3268 2604 3303 :
2638 3249 2932 3320 Turpitudo
2975 3267 3093 3304 cum
3124 3252 3449 3324 stultiloquio
3487 3265 3538 3309 et

1947 3343 2264 3398 scurrilitate
2295 3352 2568 3396 numerata
2612 3351 2720 3408 est,
2761 3349 2816 3396 et
2844 3341 3114 3412 quomodo
3145 3342 3537 3414 stultiloquium

1950 3441 2006 3488 et
2030 3433 2355 3498 scurrilitas,
2379 3433 2458 3487 sic
2477 3439 2533 3486 et
2561 3433 2664 3486 ista
2693 3431 2970 3502 turpitudo
2999 3446 3103 3486 non
3131 3432 3329 3501 perdit,
3355 3447 3455 3487 nec
3483 3433 3540 3488 in

1950 3533 2275 3597 perpetuum
2299 3522 2536 3578 excludit
2558 3537 2588 3574 a
2621 3534 2809 3592 regno.
2839 3519 3150 3576 Invenimus
3177 3522 3230 3575 in
3259 3521 3392 3577 locis
3418 3522 3539 3593 plu-

1951 3618 2108 3672 rimis
2129 3617 2514 3688 prophetarum
2539 3613 2897 3669 idololatriam
2926 3613 3340 3670 fornicationem
3364 3617 3546 3687 appel-

1951 3707 2155 3764 latam:
2199 3705 2651 3770 Fornicabantur,
2683 3705 2878 3775 inquit,
2905 3716 3020 3777 post
3049 3704 3193 3759 idola
3219 3724 3337 3773 sua,
3367 3717 3415 3761 et
3439 3710 3546 3779 spi-

1955 3801 2060 3854 ritu
2082 3797 2448 3869 fornicationis
2471 3797 2673 3851 seducti
2699 3805 2822 3850 sunt
2847 3794 3020 3862 (Osce
3043 3797 3139 3870 tv).
3158 3796 3343 3853 Potest
3365 3801 3560 3870 itaque-

1956 3889 2314 3945 foruicatioet
2337 3903 2500 3958 super
2522 3887 2823 3942 idololatria
2853 3888 3098 3961 intelligi.
3122 3889 3180 3944 Si
3203 3906 3331 3946 vero
3352 3907 3550 3950 avarus

1959 3979 2048 4037 ille
2078 3981 2355 4051 accipitur,
2389 3979 2480 4050 qui
2527 3979 2812 4050 pecuniam
2863 3989 3139 4052 utcunque
3178 3984 3546 4053 conquirens,

1960 4086 2210 4126 nummos
2238 4083 2340 4140 per
2364 4069 2446 4125 fas
2467 4077 2522 4123 et
2549 4071 2704 4126 nefas
2734 4071 2934 4126 habere
2971 4071 3276 4139 desiderat,
3305 4074 3405 4130 iste
3433 4076 3549 4131 ido-

1960 4158 2155 4215 lolatra
2202 4158 2254 4212 in
2301 4173 2366 4212 eo
2401 4167 2520 4223 est,
2564 4159 2690 4228 quia
2732 4159 3066 4228 sculpturam
3126 4161 3295 4230 ipsius
3339 4167 3548 4221 nummi

1965 4252 2114 4318 colit,
2147 4260 2204 4307 et
2226 4253 2374 4307 idola
2399 4254 2452 4306 in
2499 4267 2562 4306 ea
2607 4253 2791 4307 caelata
2826 4263 3137 4309 veneratur.
3169 4254 3240 4311 Ut
3271 4259 3550 4314 voracium

1963 4345 2100 4399 deus
2138 4351 2330 4398 venter
2367 4351 2486 4408 est,
2527 4345 2600 4398 ita
2631 4345 2947 4414 cupidorum
2998 4363 3211 4417 quoque
3250 4349 3552 4420 justissime

1966 4437 2192 4506 pecunia
2222 4436 2357 4490 deus
2397 4435 2503 4490 dici
2545 4442 2743 4505 potest.
2797 4435 3026 4492 Maxime
3055 4453 3178 4493 cum
3207 4440 3260 4495 in
3302 4441 3408 4497 alio
3434 4443 3559 4500 loco

1970 4530 2258 4601 Apostolus
2305 4530 2656 4600 cupiditatem
2703 4529 3059 4586 idololatriam
3086 4544 3261 4590 vocet.
3311 4536 3394 4592 Ad
3439 4539 3559 4596 hmc

1970 4623 2262 4678 videndum
2309 4623 2437 4692 quid
2489 4623 2692 4678 sentire
2743 4623 2973 4678 voluerit
3019 4625 3242 4682 dicens:
3285 4627 3342 4684 In
3389 4645 3562 4702 regno

1972 4714 2173 4770 Christi
2203 4723 2259 4769 et
2286 4714 2405 4780 Dei,
2436 4723 2746 4769 utrumnam
2782 4715 2926 4770 aliud
2979 4732 3206 4788 regnum
3235 4717 3434 4775 Christi
3465 4723 3558 4788 sit,

1973 4806 2118 4862 aliud
2148 4806 2266 4872 Dei,
2294 4821 2363 4860 an
2396 4806 2535 4861 idem
2565 4822 2788 4876 regnum
2821 4807 2891 4863 sit
2926 4807 3105 4864 Patris
3131 4817 3185 4864 et
3212 4809 3354 4865 Filii.
3385 4811 3452 4866 Et
3480 4814 3560 4868 si-

1975 4897 2198 4969 quidem
2224 4897 2486 4952 dixisset:
2521 4897 2574 4952 in
2599 4913 2764 4970 regno
2788 4897 2911 4953 Filii
2937 4909 2992 4954 et
3021 4899 3216 4964 Patris,
3249 4917 3345 4972 per
3365 4902 3564 4959 Filium

1977 4989 2287 5042 veniremus
2329 4987 2398 5041 ad
2427 4987 2669 5053 Patrem,
2703 4995 2758 5042 et
2787 4985 2916 5044 licet
2951 4998 3094 5044 esset
3124 4991 3408 5047 diversitas
3437 5009 3566 5064 per-

1981 5094 2271 5141 sonarum,
2320 5086 2500 5132 tamen
2548 5085 2694 5133 esset
2745 5079 3086 5148 regnantium
3134 5097 3240 5135 uta
3288 5079 3568 5151 maiestas.

1982 5169 2138 5224 Nune
2185 5184 2316 5225 vero
2360 5185 2482 5225 cum
2532 5171 2770 5226 dixerit:
2806 5169 2864 5224 in
2903 5187 3072 5241 regno
3095 5173 3302 5229 Christi
3348 5185 3402 5229 et
3442 5176 3572 5239 Dei,

1985 5263 2160 5332 ipsum
2190 5261 2476 5316 Dominum
2512 5270 2565 5316 et
2594 5261 2868 5318 Christum
2919 5262 3313 5334 intelligamus,
3363 5269 3486 5336 quia
3516 5278 3570 5322 et

1985 5369 2108 5408 cum
2139 5352 2424 5407 tradiderit
2453 5367 2677 5423 regnum
2703 5351 2813 5408 Deo
2843 5361 2897 5408 et
2919 5351 3090 5421 Patri,
3123 5371 3229 5411 non
3268 5355 3373 5410 erit
3413 5355 3578 5411 Pater

1988 5447 2171 5503 omnia
2204 5447 2256 5501 in
2284 5446 2552 5510 omnibus,
2581 5447 2674 5502 sed
2703 5447 2844 5501 Deus
2869 5447 3051 5502 omnia
3083 5448 3138 5502 in
3169 5447 3436 5504 omnibus.
3473 5448 3575 5504 Ubi

1992 5547 2172 5592 autem
2199 5537 2342 5592 Deus
2367 5544 2483 5602 est,
2513 5544 2620 5590 tam
2658 5536 2820 5592 Pater
2848 5551 3009 5606 quam
3043 5537 3206 5593 Filius
3238 5537 3457 5610 intelligi
3482 5554 3578 5609 po.

1992 5640 2117 5687 test.
2139 5630 2311 5686 Porro
2335 5630 2480 5699 quod
2509 5629 2575 5685 de
2594 5628 2754 5684 Patre
2780 5640 2834 5683 et
2861 5628 3000 5685 Filio
3028 5630 3274 5696 dicimus,
3303 5631 3405 5686 hoc
3438 5629 3579 5686 idem

1994 5733 2049 5780 et
2075 5723 2139 5777 de
2169 5729 2358 5777 sancto
2392 5720 2596 5791 Spiritu
2627 5721 2938 5777 sentiamus.
