3946 6414
402 302 506 360 ίδες

1678 282 2031 345 εωιιΑσυι
2066 279 2358 339 A‘BBATIS

3557 266 3666 324 538

475 418 646 475 Nemo
673 433 760 471 vos
782 412 1005 484 decipiat
1028 409 1274 466 inanibus
1311 406 1497 462 verbis.
1537 405 1714 459 Verba
1739 417 1860 473 quae
1886 400 1982 455 de—
2007 398 2057 458 A
2089 412 2109 447 ι
2142 396 2227 451 cio
2248 393 2531 462 damonis,
2558 391 2803 465 proiecto
2821 397 3070 484 pervenit
3086 388 3155 484 ad
3177 401 3272 444 vos
3296 398 3523 484 regnum
3546 384 3666 439 Dei.

405 512 612 583 cipiunt
638 516 798 577 atque
823 503 1186 574 supplantant,
1213 499 1393 554 inania
1422 504 1549 553 sunt
1572 504 1627 551 et
1654 509 1848 558 vacua,
1866 506 1988 563 qua

404 615 536 655 vero
577 597 842 653 aediﬁcant
887 593 1166 649 audientes
1186 631 1204 659 ,
1247 589 1404 660 plena
1424 629 1440 656 ,
1485 586 1762 645 cumulata
1783 625 1797 651 ,
1852 598 1985 640 con-

409 691 677 759 i'ertaque.

481 779 703 850 Propter
723 779 836 832 haec
859 777 997 831 enim
1023 775 1158 830 venit
1184 774 1268 827 ira
1288 772 1388 826 Dei
1421 771 1480 825 in
1503 769 1643 839 ﬁlios
1662 766 1985 838 diﬁentic.

408 868 725 926 Diﬁidentite
745 866 840 921 ﬁlii
864 865 947 922 sic
962 864 1237 926 dicuntur,
1263 860 1536 931 quomodo
1552 858 1651 913 ﬁlii
1671 852 1991 927 perditionis

410 969 466 1016 et
492 956 884 1020 fornicationis,
907 948 965 1009 et
990 952 1086 1007 ﬁlii
1116 951 1303 1007 mortis
1329 958 1383 1007 et
1404 948 1500 1004 ﬁlii
1518 948 1797 1019 gehennae,
1811 952 1867 998 et
1888 958 1991 998 eae-

412 1058 526 1106 tera
549 1048 637 1105 his
655 1045 873 1110 similia,
897 1058 1019 1113 qua:
1044 1044 1099 1098 in
1124 1040 1290 1097 variis
1316 1038 1722 1108 Scripturarum
1749 1034 1885 1090 locis
1909 1032 1993 1087 in-

413 1138 599 1194 venire
624 1134 877 1207 perfacile
899 1139 1003 1188 est.
1542 1176 1549 1181 ,

486 1227 664 1283 Nolite
689 1241 809 1295 ergo
854 1222 982 1294 «ﬁci
1006 1220 1286 1290 participes
1323 1233 1524 1273 eorum.
1567 1214 1846 1282 Particeps
1876 1211 1994 1267 sive

415 1316 804 1387 compartieeps
839 1312 901 1367 ﬁt
923 1310 1230 1367 diﬁidentize
1256 1308 1513 1372 ﬁliorum,
1546 1306 1639 1377 qui
1669 1305 1724 1358 in
1752 1301 1997 1359 fornica-

417 1409 563 1463 tione
589 1414 646 1461 et
668 1402 1007 1461 inmunditia
1034 1408 1090 1456 et
1111 1400 1166 1454 in
1190 1398 1437 1462 avaritia,
1461 1404 1687 1467 propter
1705 1408 1831 1465 quae
1846 1391 1996 1446 venit

418 1499 497 1553 ira
525 1497 618 1552 Dei
648 1509 811 1564 super
829 1493 968 1549 ﬁlios
991 1490 1317 1555 diﬁidentiaz,
1342 1488 1633 1559 reperitur,
1647 1494 1704 1542 et
1722 1484 1995 1555 particeps

421 1587 636 1657 quidem
664 1599 851 1639 eorum
874 1590 960 1638 est
978 1622 994 1647 ,
1022 1580 1092 1635 ab
1126 1595 1193 1636 eo
1219 1579 1361 1648 quod
1386 1578 1739 1648 participatur
1767 1582 1827 1629 et
1846 1589 1997 1631 eom-

2096 504 2117 537 ι
2151 486 2285 541 Cum
2312 483 2470 541 fortis
2489 492 2732 539 armatus
2765 482 3005 539 custodit
3026 481 3222 535 atrium
3245 492 3421 540 suum,
3451 476 3507 533 in
3532 491 3674 546 pace

2096 592 2116 627 ι
2147 583 2275 631 sunt
2296 576 2477 631 omnia
2506 589 2627 644 quas
2659 573 2917 643 possidet.
2964 566 3022 625 Si
3060 577 3239 622 autem
3269 566 3463 622 fortior
3486 580 3555 621 eo
3579 580 3677 621 sn-
3731 584 3747 601 -

2094 683 2114 717 ι
2151 664 2474 734 perveniens
2496 667 2691 717 vicerit
2726 676 2850 716 eum
2869 702 2883 725 ,
2913 659 3166 713 universa
3195 672 3349 711 arma
3371 655 3492 725 eius
3520 654 3677 711 aufe-

2095 775 2116 809 r
2152 765 2257 820 ret,
2280 756 2336 810 in
2362 757 2557 825 quibus
2580 752 2901 815 conﬁdebat,
2930 759 2986 807 et
3010 750 3185 821 spolia
3215 751 3336 820 ejus
3359 750 3674 804 distribuat.

2097 862 2118 896 ι
2152 845 2255 913 Qui
2279 860 2384 899 non
2409 854 2492 900 est
2515 854 2747 907 mecum,
2784 843 3071 897 adversum
3096 853 3186 894 me
3208 845 3324 903 est,
3354 847 3409 895 et
3437 839 3529 908 qui
3565 852 3677 893 non

2097 957 2117 990 ι
2151 937 2358 1007 colligit
2381 951 2614 999 mecum,
2648 934 2926 1005 dispergit.
2955 931 3091 986 Cum
3118 931 3426 986 immundus
3453 931 3680 1000 spiritus

2098 1047 2117 1081 ι
2152 1028 2347 1083 exierit
2388 1028 2457 1082 ab
2501 1027 2750 1091 homine,
2798 1025 3038 1079 ambulat
3076 1038 3178 1093 per
3219 1024 3334 1077 loca
3378 1023 3677 1094 inaquosa,

2097 1135 2118 1171 ς
2146 1133 2398 1188 quarens
2424 1117 2687 1186 requiem,
2709 1123 2765 1171 et
2792 1130 2903 1170 non
2928 1114 3213 1169 inveniens
3232 1155 3248 1180 ,
3271 1114 3442 1169 dicit:
3478 1114 3666 1170 Bever

2100 1226 2120 1260 ι
2152 1208 2311 1264 tarin
2335 1208 2552 1263 domum
2583 1220 2761 1262 meam
2789 1204 2932 1262 unde
2960 1204 3126 1260 exivi.
3166 1204 3231 1259 Et
3271 1219 3397 1260 cum
3430 1205 3681 1266 venerit.

2101 1316 2119 1349 ι
2158 1298 2393 1352 inveniet
2434 1310 2553 1352 eam
2598 1297 2777 1367 scapis
2810 1294 3145 1352 mandatam.
3184 1295 3254 1350 Et
3284 1304 3415 1351 tunc
3451 1297 3603 1353 vadit
3626 1305 3686 1352 et

2101 1407 2120 1442 ‹
2156 1389 2382 1445 assumit
2411 1397 2616 1459 septem
2640 1388 2776 1445 alios
2812 1388 3035 1459 spiritus
3062 1403 3246 1445 secum
3274 1389 3566 1460 nequiores
3597 1404 3681 1444 sc.

2103 1503 2120 1537 ι
2156 1483 2225 1539 Et
2253 1483 2481 1554 ingressi
2501 1482 2746 1540 habitant
2768 1482 2860 1540 ibi.
2879 1482 2948 1538 Et
2975 1482 3113 1540 ﬁunt
3131 1482 3423 1541 novissima
3443 1483 3686 1539 hominis

2104 1591 2124 1627 ι
2160 1574 2302 1629 illius
2324 1573 2507 1646 pejora
2527 1573 2818 1644 prioribus.
2847 1572 3073 1629 Factum
3096 1582 3181 1630 est
3204 1582 3387 1631 autem
3413 1589 3539 1629 cum
3565 1575 3685 1633 hate

422 1680 731 1735 munionem
781 1677 945 1731 habet
990 1673 1256 1729 malorum
1299 1685 1551 1741 operum,
1604 1667 2000 1738 eomparticepa
2030 1732 2071 1741 _
2107 1682 2126 1717 ι
2164 1664 2391 1729 diceret,
2420 1665 2684 1722 extollens
2714 1682 2899 1723 vocem
2925 1667 3168 1737 quaedam
3193 1667 3388 1723 mulier
3407 1670 3473 1725 dc
3500 1668 3687 1732 turba.

420 1786 552 1826 vero
583 1770 629 1823 is
654 1765 969 1838 appellatur,
998 1763 1089 1833 qui
1117 1778 1238 1817 cum
1277 1760 1400 1815 aliis
1421 1769 1507 1815 est
1530 1760 1820 1831 particeps.

490 1860 669 1915 Eratis
696 1859 834 1913 enim
864 1856 1149 1927 aliquando
1170 1853 1417 1916 teneone,
1448 1870 1587 1908 nunc
1614 1861 1791 1907 autem
1819 1850 1916 1907 ius
1945 1851 2002 1907 in

420 1950 665 2005 Domino.
692 1946 827 2007 Cum
851 1952 1074 2017 propter
1099 1944 1359 1999 malitiam
1394 1942 1630 1998 tenebrae
1656 1948 2003 2006 vocarentur,

424 2043 495 2097 ad
516 2041 736 2097 meliora
755 2024 1023 2104 conversi,
1042 2051 1187 2092 nunc
1207 2035 1299 2091 lux
1321 2034 1659 2106 appellantur
1680 2034 1735 2089 in
1751 2032 2002 2090 Domine.

426 2130 613 2186 Omnis
642 2128 785 2184 enim
813 2127 904 2196 qui
931 2134 1187 2198 operatur
1211 2124 1437 2189 malum,
1463 2123 1577 2181 odit
1606 2122 1801 2186 lucem,
1828 2122 1895 2179 de
1916 2122 2003 2193 ju-

424 2222 527 2278 stis
551 2220 770 2277 dicitur:
806 2218 964 2274 Nune
985 2226 1161 2273 autem
1191 2216 1287 2273 tua:
1309 2217 1365 2275 in
1388 2214 1636 2271 Domino.
1663 2214 2007 2270 Tenebrosus

426 2321 511 2369 est
535 2321 590 2368 et
615 2312 755 2367 ﬁlius
792 2310 968 2366 noctis
991 2317 1157 2379 atque
1197 2307 1580 2371 tcuebrarum,
1625 2301 1719 2374 qui
1750 2310 2008 2374 operatur

427 2402 654 2467 malum,
683 2400 774 2470 qui
803 2414 931 2454 vero
955 2405 1218 2469 operatur
1243 2396 1530 2452 veritatem
1556 2402 1611 2451 et
1631 2394 1689 2450 in
1714 2395 1890 2451 lucem
1915 2408 2007 2449 ve-

428 2491 508 2545 nit
535 2489 621 2544 lux
650 2497 810 2544 estet
839 2487 983 2544 ﬁlius
1007 2486 1148 2543 lucis
1173 2494 1230 2541 et
1251 2484 1376 2541 diei.

504 2575 573 2631 Ut
594 2576 692 2646 ﬁlii
718 2575 852 2630 lucis
875 2573 1160 2630 ambulate.
1192 2572 1251 2631 Si
1281 2575 1424 2631 Deus
1452 2573 1542 2630 lux
1581 2582 1744 2631 estet
1768 2573 2008 2630 tenebrae

432 2682 541 2721 non
585 2672 712 2720 sunt
746 2665 802 2719 in
847 2678 936 2730 eo,
963 2662 1059 2719 ﬁlii
1089 2663 1228 2720 lucis
1252 2672 1399 2731 sunt,
1428 2679 1660 2729 necnon,
1689 2664 1737 2721 si
1763 2654 2010 2720 Christus

432 2756 523 2811 lux
552 2770 680 2810 vera
705 2761 806 2820 est,
835 2753 930 2810 ﬁlii
954 2769 1166 2826 quoque
1193 2752 1331 2824 ejus,
1373 2754 1443 2810 ad
1485 2770 1622 2824 quos
1644 2753 1902 2824 loquitur,
1926 2752 2009 2808 di-

433 2861 565 2902 cens
601 2865 614 2900 :
654 2844 836 2901 Filioli
881 2846 1013 2910 mei,
1060 2845 1231 2900 adhuc
1277 2845 1540 2901 modicum
1584 2844 1849 2899 vobiscum
1890 2859 2008 2901 sum

433 2937 615 3015 (Joan.
680 2939 804 3008 ru),
846 2936 941 2991 ﬁlii
969 2951 1099 2992 vero
1124 2936 1261 2993 lucis
1287 2945 1444 3003 sunt,
1490 2953 1559 2993 ex
1588 2953 1698 3008 quo
1738 2936 2009 3008 colligitur

432 3031 652 3093 eosdem
700 3028 838 3085 lilios
876 3042 995 3084 esse
1023 3026 1120 3083 Dei
1156 3028 1327 3098 patris
1343 3067 1360 3095 ,
1396 3028 1487 3098 qui
1523 3036 1657 3095 sunt
1678 3027 1778 3085 ﬁlii
1807 3026 2007 3084 Christi

433 3119 581 3178 Jesu.

506 3209 737 3265 Fructus
757 3210 893 3270 enim
915 3218 990 3265 est
1018 3208 1244 3275 lucta,et
1261 3217 1475 3264 uetera.
1503 3208 1779 3280 Siquidem
1801 3208 2011 3265 [ructas

435 3301 572 3359 lucis
597 3317 703 3356 non
725 3300 897 3356 solum
925 3309 1011 3356 est
1038 3301 1094 3355 in
1123 3301 1362 3355 bonitate
1381 3341 1396 3363 ,
1428 3299 1523 3356 sed
1549 3301 1603 3357 in
1631 3299 1847 3369 iustitia
1871 3310 1931 3356 et
1956 3300 2010 3356 in

434 3390 686 3454 veritate,
715 3390 808 3445 ubi
839 3390 1021 3460 itaque
1067 3389 1282 3446 bonitas
1310 3398 1413 3455 est,
1446 3390 1518 3445 ibi
1556 3399 1611 3447 et
1630 3390 1883 3462 justitia:
1919 3390 2011 3448 ubi

429 3480 663 3551 iustitia,
704 3482 778 3537 ibi
826 3492 1219 3551 consequenter
1256 3490 1312 3538 et
1355 3482 1574 3537 veritas.
1613 3483 1770 3553 Apud
1810 3483 2013 3538 bonum

437 3587 567 3642 ergo
591 3571 793 3628 Christi
820 3572 1055 3645 Patrem,
1080 3581 1142 3628 ut
1161 3574 1261 3644 ipsi
1285 3589 1499 3644 quoque
1514 3575 1771 3639 fatentur,
1785 3581 1843 3630 et
1864 3573 2016 3630 boui-

440 3670 524 3717 tas
549 3671 633 3718 est
660 3671 714 3716 et
740 3662 938 3737 veritas
958 3680 973 3716 :
996 3662 1086 3718 ubi
1111 3672 1292 3719 autem
1322 3665 1535 3723 bonitas
1551 3673 1608 3721 et
1630 3666 1850 3731 veritas,
1872 3663 2016 3736 apud

430 3750 637 3831 ipsum,
675 3758 730 3806 et
756 3765 863 3806 non
893 3751 1037 3822 apud
1055 3752 1237 3818 alium,
1270 3762 1331 3809 ut
1356 3770 1499 3813 nunc
1522 3754 1813 3827 Apostolus
1835 3754 2013 3820 docet,

434 3837 642 3909 iustitia
686 3849 788 3895 est.
830 3838 1097 3913 intelligat
1133 3858 1351 3915 quoque
1375 3845 1613 3905 Marcion
1644 3847 1820 3917 ipsum
1859 3845 2017 3902 Chi-io

441 3936 585 3983 stum
625 3925 942 3995 bonitatem,
979 3930 1263 3987 veritatem
1309 3940 1364 3987 et
1401 3932 1667 4003 justitiam
1692 3934 2013 4004 nuncupari.

442 4017 746 4075 nouitatem
771 4017 825 4073 in
855 4033 942 4085 eo,
972 4021 1113 4089 quod
1138 4037 1244 4077 non
1270 4024 1566 4085 secundum
1596 4039 1782 4094 opera,
1811 4024 1908 4081 sed
1930 4040 2019 4082 se—

443 4110 674 4164 cundum
695 4108 1118 4168 misericordiam
1135 4113 1227 4170 det
1246 4115 1474 4186 gratiam
1495 4117 1839 4174 metientibus
1853 4118 2013 4184 inse;

436 4197 644 4267 justitia
664 4201 720 4255 in
741 4220 827 4268 eo,
855 4202 978 4257 dum
1004 4203 1288 4274 unicuique
1310 4206 1559 4261 retribuit
1577 4206 1724 4278 quod
1744 4220 2015 4276 meretur;

443 4309 604 4367 porro
663 4295 884 4361 veritas,
933 4297 1060 4353 dum
1119 4298 1235 4369 ipse
1284 4300 1432 4356 solus
1501 4316 1696 4359 causas
1737 4313 2017 4360 creatura-

445 4400 564 4439 tum
591 4386 827 4441 omnium
861 4403 1150 4460 rerumque
1171 4394 1469 4463 cognoscit.

819 4492 1154 4536 EVANCSLIUI
1194 4497 1364 4548 ωσι,
1405 4499 1523 4539 CAP.
1562 4500 1637 4540 XI.

521 4584 539 4619 ι
576 4565 706 4622 Erat
737 4566 894 4625 Jesus
917 4570 1138 4639 ejicieus
1162 4573 1508 4640 daamonium,
1538 4590 1594 4634 et
1615 4577 1743 4633 illud
1762 4587 1883 4634 erat
1899 4595 2019 4634 mm

338 4728 355 4749 ³
453 4680 473 4714 r
508 4670 638 4717 tum.
670 4661 883 4718 Etcum
914 4663 1166 4734 ejecisset
1191 4667 1538 4736 dzemonium,
1565 4669 1777 4727 locutus
1800 4680 1885 4727 est
1907 4688 2022 4728 mu-

454 4771 472 4803 ι
506 4760 608 4818 tus,
636 4762 689 4807 et
715 4755 990 4812 admiratae
1018 4768 1147 4814 sunt
1165 4761 1352 4814 turbae.
1382 4759 1611 4827 Quidam
1641 4771 1819 4817 autem
1847 4778 1914 4818 ex
1943 4765 2021 4820 eis

454 4860 473 4894 ‹
507 4843 753 4901 dixerunt
781 4865 793 4900 :
829 4845 886 4903 in
914 4847 1213 4904 Beelzebub
1240 4850 1485 4921 principe
1521 4852 1901 4909 damoniorum
1924 4854 2022 4923 ejio

454 4948 473 4982 ε
512 4932 585 4986 cit
617 4933 899 4990 dzemonia.
943 4936 1010 4991 Et
1053 4922 1145 4992 alii
1190 4945 1497 5002 tentantes,
1535 4939 1749 5010 signum
1789 4943 1857 4998 de
1886 4922 2025 5001 ctelo

456 5039 475 5071 ι
513 5024 823 5092 quaerebant
854 5026 922 5079 ab
944 5040 1028 5081 eo.
1056 5024 1174 5097 Ipse
1200 5036 1380 5089 autem
1422 5038 1479 5082 ut
1504 5030 1640 5086 vidit
1672 5033 2027 5103 cogitationes

458 5129 479 5163 ‹
511 5128 718 5180 eorum,
746 5114 885 5178 dixit
915 5117 1031 5172 eis:
1071 5115 1242 5172 Omne
1266 5132 1489 5187 regnum
1514 5120 1567 5175 in
1598 5136 1655 5176 se
1682 5122 1853 5192 ipsum
1886 5125 2026 5179 divi-

456 5221 475 5255 ι
512 5219 631 5259 sum
669 5204 1031 5269 desolabitur,
1063 5216 1118 5263 et
1163 5208 1355 5263 domus
1382 5224 1543 5281 supra
1580 5211 1799 5269 domum
1848 5217 2025 5272 cadet.

458 5312 476 5346 ι
514 5294 571 5351 Si
601 5304 781 5350 autem
806 5304 860 5351 et
887 5295 1118 5351 Satanas
1162 5297 1215 5352 iu
1254 5299 1489 5370 seipsum
1527 5303 1733 5360 divisus
1756 5315 1857 5371 est,
1896 5324 2024 5378 quo-

459 5401 476 5434 r
513 5383 671 5439 modo
698 5383 864 5437 stabit
894 5399 1117 5455 regnent
1144 5385 1299 5455 ejus?
1334 5390 1459 5459 quia
1486 5392 1701 5451 dicitis:
1739 5396 1793 5451 In
1819 5397 2027 5453 Beelze-

459 5492 477 5526 ι
516 5472 623 5529 bub
645 5473 839 5544 ejicere
854 5489 938 5529 me
954 5474 1234 5533 dmtuouia.
1252 5479 1308 5535 Si
1324 5491 1505 5538 autem
1532 5500 1630 5555 ego
1653 5487 1705 5541 in
1730 5488 2025 5545 Beelzebub

461 5582 478 5615 ι
513 5562 671 5631 ejieio
706 5563 987 5628 daemonia,
1022 5567 1112 5622 lilii
1159 5573 1321 5628 vestri
1361 5574 1415 5628 in
1455 5590 1561 5644 quo
1602 5576 1868 5645 ejiciunt?
1906 5581 2028 5636 l..'eo

460 5669 478 5704 ι
514 5653 613 5720 ipsi
640 5652 846 5723 judices
874 5658 1035 5711 vestri
1068 5669 1239 5745 erunt.
1267 5661 1434 5719 Porro
1460 5665 1503 5720 si
1534 5666 1589 5721 in
1620 5667 1785 5738 digito
1813 5668 1905 5724 Dei
1933 5672 2027 5742 eji-

2027 1732 2075 1792 B
2109 1775 2129 1811 ι
2167 1756 2305 1814 dixit
2340 1757 2415 1812 illi
2443 1775 2456 1812 ε
2494 1758 2693 1813 Beatus
2719 1766 2910 1814 venter
2932 1732 3023 1829 qui
3049 1766 3101 1813 te
3130 1759 3399 1829 portavit,
3437 1765 3491 1813 et
3518 1757 3690 1819 ubera,

2108 1870 2127 1904 ι
2164 1866 2285 1923 qua:
2313 1852 2527 1911 suxisti.
2556 1851 2628 1905 At
2656 1850 2745 1906 ille
2773 1851 2925 1907 dixit.
2954 1849 3205 1919 Quiuimo
3228 1890 3245 1915 ,
3280 1849 3425 1907 beati
3460 1850 3554 1920 qui
3584 1865 3687 1905 an-

2110 1961 2129 1996 c
2162 1941 2317 1999 diunt
2340 1942 2564 1997 verbum
2590 1941 2687 1997 Dei
2708 1949 2765 1997 et
2787 1940 3100 1998 custodiunt
3122 1939 3274 1994 illud.
3312 1958 3327 1992 ι
3568 2008 3571 2009 γ
3678 2006 3687 2013 ἡ

2173 2032 2307 2088 Erat
2329 2030 2486 2087 Iesus
2504 2032 2721 2104 ejiciens
2742 2030 3080 2094 (immanium,
3103 2038 3150 2083 et
3174 2027 3307 2082 illud
3328 2037 3438 2081 erat
3459 2038 3693 2105 mutum,

2104 2133 2156 2179 et
2201 2140 2320 2179 cum
2358 2123 2592 2194 ejeeiaset
2637 2122 2994 2183 damoniam,
3039 2118 3244 2174 locutus
3292 2126 3366 2172 cst
3403 2129 3613 2183 mutus,
3640 2128 3688 2172 et

2102 2216 2381 2272 admirata
2415 2224 2537 2270 sunt
2580 2214 2765 2269 turba'.
2810 2213 2911 2281 (Ex
2954 2210 3140 2281 Beda.)
3187 2208 3560 2264 Dzemouiacus
3588 2208 3692 2283 iste

2104 2305 2245 2375 apud
2281 2303 2611 2369 Matthteum,
2662 2318 2767 2358 non
2809 2302 2983 2359 solum
3028 2308 3238 2364 mutus,
3285 2299 3379 2354 sed
3411 2308 3467 2355 et
3511 2314 3692 2357 caecus

2104 2395 2271 2452 fuisse
2301 2403 2573 2450 narratur.
2605 2395 2942 2467 Curatusque
2970 2394 3169 2448 dicitur
3194 2407 3224 2445 a
3250 2391 3501 2454 Domino,
3529 2389 3601 2445 ita
3630 2398 3691 2445 ut

2104 2484 2417 2557 loqueretur
2439 2494 2496 2540 et
2529 2486 2756 2543 videret.
2785 2484 2912 2540 Tria
2957 2499 3087 2554 ergo
3116 2484 3268 2551 signa
3307 2479 3467 2536 simul
3497 2480 3551 2534 in
3581 2496 3693 2535 uno

2106 2575 2326 2633 homine
2346 2583 2655 2646 perpetrata
2679 2584 2823 2631 sunt.
2842 2572 3027 2629 Caecus
3046 2572 3210 2638 videt,
3228 2578 3411 2627 mutus
3431 2569 3691 2642 loquitur,

2106 2683 2389 2741 possessus
2412 2684 2443 2723 a
2466 2668 2730 2724 dmmonio
2760 2666 3037 2722 liberatur.
3063 2651 3216 2732 Quod
3239 2672 3295 2719 et
3320 2671 3449 2719 tunc
3473 2663 3695 2734 quidem

2109 2756 2399 2817 carnaliter
2423 2757 2623 2815 factum
2654 2766 2756 2824 est,
2803 2757 2898 2813 sed
2938 2764 2992 2812 et
3030 2753 3270 2826 quotidie
3310 2750 3612 2825 completur
3638 2753 3693 2809 in

2109 2853 2460 2909 conversione
2480 2846 2833 2911 credentium.
2851 2857 2911 2903 ut
2930 2847 3153 2920 expulso
3172 2847 3405 2919 primum
3428 2846 3692 2912 daemone,

2109 2942 2235 2999 ﬁdei
2262 2942 2446 2998 lumen
2473 2942 2753 3013 aspiciant,
2795 2939 2986 2996 deinde
3017 2940 3084 2995 ad
3110 2936 3298 2995 laudes
3326 2938 3421 2993 Dei
3458 2936 3693 2993 tacentia

2112 3035 2265 3107 prius
2290 3049 2386 3090 ora
2412 3033 2684 3089 laxentur.

2185 3124 2415 3192 Quidam
2442 3133 2616 3179 autem
2643 3141 2708 3179 ea:
2734 3124 2814 3179 his
2844 3124 3092 3179 dixerunt
3116 3138 3134 3175 :
3162 3121 3229 3178 In
3252 3119 3536 3177 Beelzebub
3558 3120 3699 3193 prin-

2113 3215 2224 3289 cipe
2246 3208 2627 3270 dmoniorum
2672 3214 2814 3286 ejicit
2854 3216 3135 3270 (immania.
3165 3210 3539 3287 (Erilliorum)
3578 3206 3696 3268 Non

2114 3308 2231 3364 htec
2254 3306 2418 3378 aliqui
2445 3306 2510 3362 de
2541 3307 2718 3372 turba,
2754 3307 2847 3362 sed
2875 3306 3120 3379 phariscei
3147 3305 3618 3380 calumniabantur
3645 3310 3700 3359 et

2115 3397 2346 3465 scribis,
2400 3398 2540 3454 sicut
2585 3397 2675 3453 alii
2730 3398 3089 3469 Evangelistze
3147 3407 3434 3452 testantur.
3502 3394 3700 3452 Turbis

2115 3486 2313 3559 quippe
2333 3528 2347 3553 ,
2377 3503 2498 3558 qute
2524 3488 2700 3543 minus
2724 3489 2948 3545 eruditae
2977 3487 3298 3543 videbantur
3316 3529 3329 3551 ,
3362 3485 3456 3545 Dei
3485 3502 3702 3560 semper

2116 3574 2259 3633 facta
2285 3577 2623 3645 mirantibus,
2654 3578 2728 3634 illi
2756 3590 2963 3645 contra,
2987 3576 3072 3634 vel
3093 3594 3291 3650 negare
3317 3577 3450 3645 bare,
3473 3578 3557 3634 vel
3578 3595 3702 3652 qua:

2116 3680 2315 3740 negare
2343 3669 2718 3739 nequiverant,
2751 3658 2969 3726 sinistra
3004 3671 3447 3742 interpretatione
3476 3686 3702 3742 perver-

2117 3766 2232 3814 tere
2255 3758 2594 3825 laborabant,
2623 3760 2777 3830 quasi
2803 3775 2913 3816 non
2942 3761 3057 3818 haec
3095 3760 3424 3829 divinitatis,
3455 3758 3553 3817 sed
3593 3778 3701 3818 lm-

2117 3850 2302 3907 mundl
2328 3851 2552 3922 spiritus
2571 3858 2736 3923 opera
2758 3850 3005 3910 fuissent.
3028 3853 3152 3910 Ideo
3176 3855 3229 3910 in
3258 3852 3584 3920 Beelzebub,
3610 3856 3702 3927 qui

2118 3941 2250 3996 deus
2285 3950 2403 3997 erat
2430 3942 2697 3999 Accaron.
2727 3943 2861 3999 Nam
2900 3944 3022 4000 Beel
3054 3945 3267 4015 quidem
3295 3946 3407 4016 ipse
3441 3954 3526 4001 est
3550 3946 3700 4001 Baal.

2114 4033 2307 4088 ‘Zebub
2352 4041 2563 4098 autem,
2606 4049 2790 4089 musca
2822 4045 3064 4090 vocatur.
3107 4035 3216 4091 Nec
3255 4032 3409 4106 juxta
3456 4036 3704 4107 quaedam

2116 4116 2374 4180 mendosa
2418 4124 2775 4195 exemplaria,
2811 4124 3036 4181 llittera
3065 4125 3149 4182 vel
3188 4125 3225 4181 ἀ
3269 4127 3323 4181 in
3361 4126 3466 4182 line
3493 4118 3580 4182 est
3607 4143 3707 4182 no-

2119 4214 2281 4269 minis
2299 4214 2545 4283 legcnda,
2563 4215 2657 4271 sed
2675 4215 2724 4269 ι.
2741 4215 3042 4271 Beelzebub
3066 4230 3198 4288 ergo
3215 4216 3345 4271 Baal
3368 4230 3703 4285 muscarum,

2121 4305 2174 4360 id
2201 4314 2301 4369 est,
2335 4307 2420 4360 vir
2440 4316 2776 4371 muscarum,
2804 4307 2920 4361 sive
2940 4304 3144 4362 habens
3170 4322 3404 4371 muscas,
3437 4308 3709 4378 interpre-

2122 4400 2289 4449 tatur.
2334 4393 2419 4450 Ob
2466 4395 2654 4450 sordes
2680 4396 2931 4452 videlicet
2978 4397 3303 4453 immolatitii
3341 4400 3585 4462 cruoris.
3633 4414 3703 4455 ex

2120 4483 2275 4553 cujus
2306 4486 2659 4556 spurcissimo
2683 4488 2789 4542 ritu
2816 4488 2901 4544 vel
2930 4490 3146 4546 nomine
3168 4492 3467 4561 principem
3494 4491 3702 4548 daemo-

2123 4575 2336 4630 niorum
2364 4577 2837 4647 cognominabant.

2201 4666 2267 4719 Et
2295 4666 2387 4721 alii
2412 4676 2690 4735 tentantes,
2719 4669 2923 4740 signum
2951 4670 3017 4725 de
3045 4670 3171 4725 coelo
3196 4672 3499 4742 quarebant
3526 4673 3592 4728 ab
3621 4692 3707 4730 eo.

2125 4754 2227 4827 (Ex
2256 4755 2446 4828 Beda.)
2478 4757 2573 4812 Vel
2600 4756 2655 4812 in
2685 4772 2890 4813 morem
2921 4758 3113 4827 lleiitn,
3160 4762 3336 4832 ignem
3381 4762 3449 4817 de
3491 4762 3709 4821 sublimi

2127 4846 2314 4902 venire
2342 4847 2653 4918 cupiebant,
2673 4850 2757 4903 vel
2778 4849 2833 4905 in
2856 4850 3257 4906 similitudinem
3287 4851 3557 4909 Samuelis
3575 4862 3713 4910 tem-

2122 4955 2255 5011 pore
2278 4943 2467 4997 testivo
2493 4943 2702 5013 mugire
2725 4945 2987 5007 tonitrua,
3021 4959 3313 5001 coruscare
3344 4944 3573 5018 fulgura,
3609 4948 3711 5003 im-

2127 5034 2253 5089 bres
2278 5047 2458 5099 ruere,
2487 5034 2640 5102 quasi
2672 5049 2777 5089 non
2823 5036 3034 5104 possint
3070 5043 3123 5091 et
3160 5036 3263 5090 alia
3284 5037 3626 5093 calumniari
3655 5049 3713 5095 et

2126 5126 2329 5193 dicere,
2358 5138 2429 5181 ‘ex
2462 5127 2691 5183 occultis
2721 5136 2777 5183 et
2814 5130 2981 5185 variis
3011 5130 3155 5185 aeris
3186 5132 3528 5202 passionibus
3560 5135 3709 5189 acci-

2129 5220 2293 5275 disse.
2340 5218 2409 5273 At
2448 5227 2501 5273 tu
2547 5220 2637 5290 qui
2675 5220 3026 5277 calumniaris
3071 5238 3134 5278 ea
3168 5238 3288 5293 quze
3334 5225 3505 5279 oculis
3535 5225 3707 5294 videS,

2129 5326 2292 5367 manu
2322 5319 2504 5375 tenes,
2535 5312 2770 5368 utilitate
2797 5316 2985 5379 sentis,
3016 5314 3145 5385 quid
3192 5312 3325 5372 iacis
3366 5318 3431 5372 de
3468 5319 3555 5373 his
3588 5332 3711 5389 qua:

2130 5401 2199 5456 de
2225 5400 2363 5456 caelo
2386 5401 2678 5457 venerint?
2706 5404 2888 5471 utique
2931 5405 3302 5476 respondebis,
3334 5417 3386 5463 et
3430 5423 3617 5481 magos
3651 5411 3711 5466 in

2131 5488 2369 5560 Egypto
2388 5489 2555 5542 multa
2581 5490 2735 5560 signa
2768 5490 2961 5548 fecisse
2987 5494 3052 5548 de
3073 5493 3422 5564 cmlo(Exod.
3448 5511 3548 5562 vn,
3566 5497 3709 5571 vm).

2205 5580 2324 5651 Ipse
2352 5590 2527 5634 autem
2552 5590 2611 5634 tu
2642 5582 2769 5635 vidit
2812 5584 3150 5655 cogitationes
3177 5603 3355 5642 eorum
3377 5630 3391 5653 ,
3431 5586 3565 5643 dixit
3594 5591 3669 5645 eis
3691 5606 3712 5644 :

2136 5671 2301 5726 Omne
2332 5685 2545 5739 regnum
2574 5671 2627 5724 in
2654 5672 2878 5741 seipsum
2907 5674 3127 5729 divisum
3174 5676 3515 5748 desolabitnr,’
3545 5690 3591 5735 ct
3615 5680 3712 5736 tio-
