3946 6448
279 362 374 420 157

1081 362 1599 418 COLLECTIONES
1637 360 1702 416 IN
1741 358 2120 417 EPISTOLAS
2159 359 2244 415 ET
2287 335 2700 416 EVANGEIJA.

3438 361 3540 419 158

278 491 392 528 mus
418 488 578 545 supra
601 471 810 526 danaum
838 470 1006 525 cadet.
1043 468 1156 525 Non
1188 472 1256 525 ad
1292 472 1464 537 dicta,
1496 471 1590 526 sed
1617 470 1683 525 ad
1712 473 1859 541 cogi-
1887 482 1932 537 Α
1962 472 2124 525 veniet
2155 471 2295 526 vobis
2324 489 2536 543 regnum
2568 471 2685 536 Dei,
2717 472 2844 526 illud
2875 473 3103 528 sublime
3137 473 3366 541 solium,
3403 480 3547 533 unde

279 569 388 617 tata
416 560 716 631 respondit,
747 569 804 614 ut
828 560 908 614 vel
938 560 1015 615 sic
1047 559 1500 630 compellerentur
1523 561 1743 615 credere
1766 575 1854 630 po-

278 653 458 708 tentiae
501 651 654 721 ejus,
702 651 794 722 qui
823 652 1004 706 cordis
1047 653 1264 706 videbat
1309 653 1540 708 occulta.
1585 653 1643 708 Si
1679 661 1858 707 autem

274 757 432 799 omne
480 757 710 812 regnum
744 757 800 796 in
831 742 1011 811 seipso
1055 743 1287 797 divisum
1318 743 1680 808 desolabitnr,
1728 759 1858 815 ergo

275 834 448 890 Patris
474 841 532 890 et
557 833 678 888 Filii
707 840 763 888 et
792 832 1027 904 Spiritus
1057 833 1231 887 sancti
1273 847 1496 904 regnum
1526 844 1630 887 non
1661 843 1746 888 est
1771 835 1856 888 di-

271 927 479 991 visum,
528 915 681 996 quod
717 925 835 980 sine
875 923 982 978 ulla
1018 924 1480 988 contradictione,
1523 940 1628 979 non
1674 923 1856 995 aliquo

271 1020 502 1090 impulsu
527 1016 898 1082 desolandum,
925 1015 1020 1071 sed
1044 1025 1245 1070 aeterna
1273 1024 1360 1070 est
1384 1015 1682 1071 stabilitate
1709 1033 1858 1070 man-

269 1126 461 1167 surum

338 1201 398 1258 Si
432 1211 606 1257 autem
629 1210 678 1256 et
702 1200 931 1257 Satanas
957 1202 1012 1255 in
1040 1200 1314 1270 semetipso
1342 1200 1540 1255 divisus
1577 1211 1673 1268 est,
1716 1219 1851 1274 quo-

259 1281 422 1348 ‘modo
448 1291 607 1346 stabit
636 1307 850 1362 regnum
877 1291 1040 1361 ipsius
1064 1292 1090 1344 Ρ
1123 1292 1248 1361 quia
1279 1290 1452 1344 dicitis
1483 1291 1537 1345 in
1562 1290 1850 1346 Beelzebub

263 1385 453 1455 ejicere
479 1401 561 1438 me
589 1384 870 1438 daamonia.
916 1383 1031 1438 Hoc
1061 1384 1269 1450 dicens,
1309 1399 1375 1439 ex
1418 1399 1606 1439 eorum
1633 1386 1849 1442 confes-

265 1477 417 1531 sione
442 1474 659 1530 volebat
680 1473 926 1545 intelligi;
956 1475 1099 1544 quod
1125 1476 1179 1529 in
1202 1491 1327 1531 eum
1351 1492 1456 1531 non
1479 1477 1766 1543 credendo,
1794 1480 1848 1534 in

263 1578 432 1632 regno
460 1563 654 1618 diaboli
684 1577 802 1618 esse
824 1562 1131 1631 elegissent,
1169 1565 1313 1634 quod
1342 1565 1528 1636 utique
1557 1569 1847 1623 adversum

261 1669 322 1708 se
347 1654 579 1708 divisum
605 1661 749 1708 stare
783 1667 891 1708 non
928 1661 1133 1723 posset.
1167 1653 1382 1725 Eligant
1428 1671 1558 1726 ergo
1585 1656 1848 1713 Pharisaei

261 1746 408 1817 quod
433 1745 733 1811 voluerint,
764 1746 808 1800 si
849 1745 1080 1802 Satanas
1123 1745 1361 1802 Satanan
1395 1765 1502 1804 non
1541 1760 1720 1820 potest
1747 1752 1846 1822 eji-

1959 559 2195 616 Joannes
2234 562 2446 618 aiebat:
2496 562 2857 617 Paenitentiam
2905 566 3063 634 agite,
3110 568 3546 640 appropinquabtt

1959 651 2094 705 enim
2124 668 2337 722 regnum
2363 651 2630 710 caelorum.

2028 739 2158 793 Cum
2187 741 2338 807 fortis
2359 751 2594 796 armatus
2617 744 2844 797 custodit
2875 746 3068 799 atrium
3105 762 3258 802 suum
3277 791 3292 815 ,
3323 752 3377 804 in
3419 766 3546 822 pace

1957 836 2076 881 sunt
2101 831 2277 883 omnia
2308 847 2426 901 qua:
2448 832 2695 900 possidet.
2733 832 2951 888 Fortem
2999 836 3294 905 diabolum,
3342 841 3541 896 atrium

1955 935 2085 976 vero
2114 922 2256 978 illius
2285 915 2564 992 mundum,
2591 929 2681 996 qui
2712 928 2765 982 in
2795 929 3030 1002 maligno
3054 934 3263 1006 positus
3299 946 3411 1001 est,
3451 955 3544 1009 ap-

1954 1012 2148 1081 pellat,
2200 1014 2254 1068 in
2301 1006 2408 1086 quo
2450 1032 2622 1086 usque
2652 1008 2719 1074 ad
2751 1020 3053 1077 Salvatoris
3083 1024 3372 1094 adventum
3405 1006 3547 1084 male

1951 1113 2146 1172 pacato
2173 1106 2478 1174 potiebatur
2516 1108 2766 1179 imperio,
2799 1113 2924 1182 quia
2973 1113 3026 1168 in
3072 1116 3327 1172 cordibus
3357 1118 3547 1174 inﬁde-

1953 1195 2082 1250 lium
2105 1238 2118 1261 ,
2151 1198 2269 1253 sine
2297 1199 2404 1254 ulla
2443 1203 2872 1260 contradictione
2903 1207 3252 1276 quiescebat,
3301 1212 3446 1267 unde
3490 1223 3544 1269 et

1951 1287 2078 1342 alibi
2103 1289 2357 1360 princeps
2375 1293 2561 1347 mundi
2586 1303 2828 1362 vocatur,
2856 1298 3070 1355 dicente
3091 1300 3353 1357 Domino:
3392 1303 3542 1361 Venit

1951 1381 2088 1434 enim
2112 1382 2350 1454 princeps
2381 1386 2593 1451 mundi,
2635 1398 2684 1441 et
2722 1389 2780 1443 in
2820 1406 2902 1443 me
2931 1391 3062 1446 nihil
3098 1394 3320 1450 inveniet
3353 1395 3540 1467 (Joan.

1952 1470 2086 1541 XIV),
2118 1481 2172 1527 et
2203 1473 2429 1529 iterum:
2458 1475 2617 1531 Nunc
2636 1479 2876 1550 princeps
2903 1483 3087 1536 mundi
3112 1485 3352 1551 ejicietur
3371 1489 3539 1558 foras,

1950 1558 2017 1614 de
2045 1574 2151 1629 qua
2184 1561 2274 1615 hic
2299 1561 2562 1631 ejectione
2586 1566 2948 1639 subjungitur.

2023 1648 2086 1705 Si
2108 1660 2282 1705 autem
2307 1652 2496 1723 fortior
2528 1654 2621 1709 illo
2649 1659 3018 1727 superveniens
3045 1649 3220 1717 vicerit
3243 1681 3385 1730 eum,
3413 1669 3537 1721 uni-

1950 1758 2098 1796 versa
2127 1759 2278 1798 arma
2303 1744 2418 1814 ejus
2444 1744 2666 1816 auferet,
2691 1747 2746 1802 in
2769 1749 2959 1819 quibus
2981 1752 3273 1821 conﬁdebat
3301 1766 3348 1808 et
3371 1757 3538 1826 spolia

259 1852 407 1901 cere,
433 1836 567 1891 nihil
597 1845 783 1891 contra
805 1836 1090 1892 Dominum
1109 1878 1124 1902 ,
1153 1838 1295 1908 quod
1324 1839 1566 1896 dicerent
1602 1841 1844 1900 invenire

1951 1829 2061 1900 ejus
2089 1823 2381 1886 distribuet.
2411 1832 2489 1888 De
2517 1835 2695 1905 seipso
2720 1837 2916 1908 quippe
2943 1839 3201 1909 loquitur,
3245 1823 3404 1913 quozl‘
3423 1863 3536 1902 non

198 1981 202 1984 .
258 1937 571 1998 potuerunt,
603 1927 649 1983 si
674 1937 852 1982 autem
879 1937 1078 1998 potest,
1110 1931 1279 1986 multo
1309 1933 1483 2004 magis
1511 1935 1612 1989 sibi
1637 1937 1845 2007 prospi-

257 2021 426 2086 ciant,
455 2030 510 2075 et
534 2021 790 2076 recedant
819 2022 886 2077 de
911 2037 1076 2092 regno
1104 2023 1221 2093 ejus
1239 2065 1254 2090 ,
1293 2027 1438 2096 quod
1469 2027 1755 2084 adversum
1786 2044 1844 2085 se

256 2110 491 2166 divisum
538 2120 685 2168 stare
725 2129 832 2169 non
864 2123 1061 2185 potest.
1113 2117 1171 2170 ιιι
1220 2132 1328 2187 quo
1371 2127 1552 2174 autem
1581 2120 1844 2178 Dominus

254 2201 507 2258 Christus
527 2202 707 2272 ejiciat
729 2206 1018 2274 dazmoncs,
1038 2223 1104 2263 ne
1125 2209 1514 2266 daemoniorum
1543 2213 1842 2286 principem

252 2296 592 2364 existiment,
623 2301 905 2356 attendant
927 2303 1069 2373 quod
1098 2306 1342 2376 sequitur
1367 2325 1381 2360 :

327 2389 387 2444 Si
413 2401 586 2446 autem
612 2409 704 2464 ego
725 2395 778 2449 in
804 2395 1088 2451 Beelzebub
1120 2400 1274 2470 ejicio
1313 2402 1575 2459 dannonia
1594 2445 1609 2470 ,
1639 2405 1740 2476 ﬁlii
1764 2425 1844 2463 re-

248 2484 351 2537 stri
393 2486 446 2537 in
484 2502 587 2555 quo
631 2486 845 2556 ejiciunt
871 2488 897 2541 ?
931 2487 1060 2546 Ideo
1103 2491 1203 2561 ipsi
1238 2490 1446 2562 judices
1483 2498 1640 2551 vestri
1667 2511 1840 2553 erunt.

249 2576 403 2629 Dixit
433 2577 535 2632 hoc
560 2577 745 2647 utique
766 2578 834 2633 de
851 2579 1128 2651 discipulis
1154 2583 1288 2649 suis,
1316 2583 1460 2641 illius
1489 2588 1666 2658 populi
1694 2589 1843 2658 ﬁliis,

246 2668 346 2738 qui
397 2677 546 2723 certe
595 2669 842 2740 discipuli
896 2671 1107 2728 Domini
1156 2672 1282 2729 Jesu
1331 2674 1536 2732 Christi
1571 2679 1710 2735 bene
1740 2681 1842 2736 sibi

247 2759 457 2814 conscii
483 2759 718 2828 fuerant,
749 2763 884 2818 nihil
911 2777 970 2819 se
995 2765 1258 2820 malorum
1283 2767 1482 2823 artium
1506 2784 1537 2824 a
1564 2769 1709 2826 bono
1734 2771 1844 2827 Ma-

245 2850 428 2921 gistro
449 2851 718 2916 didicisse,
743 2862 804 2908 ut
829 2853 882 2908 in
902 2855 1147 2926 principe
1174 2857 1562 2914 dwmoniorum
1584 2860 1845 2930 ejicerent

243 2942 542 2997 daemones.
570 2941 716 3006 Ideo,
733 2941 928 3012 inquit,
952 2945 1053 3015 ipsi
1073 2945 1277 3017 judices
1308 2958 1462 3002 erunt
1491 2950 1666 3004 vestri.
1692 2951 1840 3019 ldeo,

242 3031 458 3103 inquit,
491 3034 589 3104 ipsi
620 3034 875 3106 ignobilia
914 3044 970 3090 et
994 3039 1414 3108 contemplibilia
1450 3039 1609 3110 hujus
1630 3043 1836 3109 mundi,

241 3129 305 3183 ln
333 3127 529 3196 quibus
549 3141 656 3181 non
687 3126 981 3183 artiﬁciosa
1013 3129 1341 3201 malignitas,
1373 3133 1466 3187 sed
1495 3141 1682 3188 sancta
1710 3135 1838 3189 sim-

237 3219 466 3288 plicitas
493 3231 612 3273 mea
639 3228 863 3288 apparet
885 3260 900 3284 ,
944 3219 1045 3290 ipsi
1080 3228 1245 3277 testes
1269 3225 1403 3291 mei,
1427 3223 1640 3293 judices
1669 3226 1836 3282 vestri

237 3314 427 3362 erunt.
451 3305 642 3372 Aliter,
661 3306 801 3363 ﬁlios
823 3306 1152 3377 Judzeorum,
1172 3314 1471 3368 exorcistas
1492 3317 1670 3384 gentis
1693 3317 1837 3373 illius

237 3415 309 3453 ex
341 3413 496 3454 more
525 3397 822 3470 signiﬁcat,
855 3401 947 3470 qui
993 3403 1059 3458 ad
1105 3404 1504 3462 invocationem
1547 3409 1838 3478 ejiciebant

237 3492 544 3554 daemones,
575 3498 628 3545 et
650 3501 891 3546 coarctat
916 3508 1008 3548 eos
1034 3495 1455 3567 interrogatione
1477 3500 1749 3568 prudenti,
1777 3510 1838 3555 ut

236 3576 614 3630 conﬁteantur
638 3575 874 3647 Spiritus
900 3579 1071 3634 sancti
1103 3590 1246 3636 esset
1272 3583 1451 3651 opus?
1484 3583 1636 3652 Quod
1666 3586 1711 3640 si
1742 3601 1837 3642 ex-

236 3667 447 3738 pulsio,
479 3666 672 3736 inquit,
717 3668 1017 3722 daemonum
1057 3669 1111 3724 in
1159 3670 1282 3727 ﬁlils
1328 3674 1546 3736 vestris,
1577 3674 1688 3730 Deo
1727 3691 1834 3731 non

234 3759 584 3814 (temonibus
611 3758 925 3828 deputatur,
971 3776 1138 3831 quare
1182 3763 1234 3817 in
1273 3779 1359 3817 me
1395 3764 1534 3818 idem
1563 3781 1697 3836 opus
1727 3779 1833 3821 non

233 3853 497 3905 eamdem
545 3850 740 3906 habeat
799 3860 1049 3913 causam?
1081 3854 1221 3926 Ergo
1271 3856 1369 3925 ipsi
1412 3857 1623 3927 judices
1667 3861 1833 3914 vestri

231 3954 428 4007 erunt,
454 3959 558 4000 non
583 3954 872 4014 potestate,
901 3947 992 4002 sed
1020 3950 1444 4017 comparatione,
1477 3951 1602 4005 dum
1635 3952 1708 4006 illi
1740 3968 1834 4007 ex-

231 4034 550 4106 pulsionem
581 4035 882 4090 daemonum
923 4035 1048 4092 Deo
1076 4038 1376 4109 assignant,
1408 4055 1504 4094 vos
1533 4040 1835 4096 Beelzebub

229 4127 478 4199 principi
507 4129 913 4184 daemoniorum.

315 4220 492 4274 Porro
515 4222 560 4275 si
585 4221 638 4275 in
666 4220 828 4291 digito
861 4220 958 4275 Dei
983 4222 1136 4292 ejicio
1159 4223 1442 4289 dminonia,
1470 4225 1699 4295 profecto
1725 4243 1838 4297 per-

227 4313 381 4366 venit
409 4312 462 4365 in
493 4329 578 4366 vos
610 4330 824 4384 regnum
858 4315 972 4369 Dei.
1004 4316 1109 4370 Iste
1137 4324 1221 4371 est
1253 4315 1484 4386 digitus,
1517 4334 1675 4387 quem
1708 4330 1836 4373 cen-

227 4403 471 4456 ﬁtentur
497 4413 551 4458 et
581 4405 746 4476 magi,
777 4405 868 4475 qui
899 4414 1085 4461 contra
1116 4405 1351 4477 Moysem
1381 4417 1436 4463 et
1469 4408 1652 4464 Aaron
1680 4411 1835 4481 signa

225 4496 544 4561 faciebant,
574 4495 854 4553 dicentes:
895 4498 1100 4570 Digitus
1127 4501 1223 4555 Dei
1246 4511 1320 4556 est
1341 4503 1436 4557 iste
1462 4501 1659 4576 (Exod.
1690 4505 1835 4579 vtn),

221 4605 354 4660 quo
382 4596 437 4642 et
465 4585 656 4643 tabulae
692 4589 916 4661 lapide
962 4594 1177 4662 scriptae
1217 4602 1344 4647 sunt
1369 4594 1422 4648 in
1459 4606 1644 4651 mente
1681 4595 1831 4652 Sina.

222 4682 417 4753 Igitur
443 4695 633 4736 manus
660 4689 715 4736 et
754 4684 1057 4750 brachium,
1087 4683 1179 4738 Dei
1212 4685 1380 4741 Filius
1405 4695 1507 4752 est,
1539 4696 1594 4743 et
1638 4687 1838 4761 digitus

220 4773 387 4842 ejus,
417 4781 501 4827 est
532 4773 766 4844 Spiritus
796 4786 1032 4838 sanctus,
1070 4776 1250 4833 Patris
1290 4787 1344 4834 et
1368 4779 1489 4834 Filii
1518 4788 1572 4835 et
1603 4779 1837 4851 Spiritus

219 4864 424 4920 sancti
457 4881 561 4920 una
594 4867 894 4921 substantia
922 4875 1022 4920 est.
1069 4866 1185 4922 Non
1217 4876 1267 4922 te
1298 4869 1628 4924 scandalizet
1667 4885 1839 4926 mem—

218 4961 472 5015 brorum
514 4957 876 5027 inzeqnalitas,
909 4976 1032 5015 cum
1082 4960 1312 5016 :ediﬁeet
1350 4963 1530 5018 unitas
1568 4966 1834 5034 corporis.

215 5051 443 5114 Aliter,
474 5050 672 5121 digitus
703 5050 800 5105 Dei
827 5060 1056 5107 vocatur
1083 5054 1318 5122 Spiritus
1349 5063 1589 5122 sanctus,
1617 5065 1840 5128 propter

213 5141 596 5216 partitionem
629 5143 912 5211 donorum,
960 5161 1081 5216 qua:
1126 5146 1178 5201 in
1217 5162 1282 5202 eo
1321 5147 1522 5202 dantur
1547 5150 1840 5219 unicuique

211 5233 498 5306 propria,
549 5233 662 5289 sive
707 5234 984 5290 hominum
1005 5277 1020 5303 ,
1071 5238 1185 5293 sive
1215 5239 1561 5308 angelorum,
1596 5243 1648 5295 in
1680 5243 1838 5297 nullis

206 5327 392 5381 extim
423 5324 681 5380 membris
715 5327 916 5383 nostris
952 5329 1128 5399 magis
1169 5337 1392 5399 apparet
1422 5332 1639 5400 partitio
1674 5348 1835 5403 qnam

210 5420 276 5472 in
321 5415 534 5487 digitis.
560 5414 714 5483 Quod
747 5424 928 5472 autem
953 5417 1110 5484 dixit,
1137 5419 1385 5488 pervenit
1412 5421 1464 5474 in
1487 5435 1582 5476 vos
1610 5437 1832 5493 regnum

210 5509 368 5571 Dei,
393 5523 617 5578 regnum
651 5507 744 5562 Dei
779 5523 922 5562 nunc
963 5509 1128 5575 dicit,
1151 5525 1260 5579 quo
1289 5510 1618 5566 damnantur
1646 5513 1792 5583 impii
1818 5555 1832 5577 ,

203 5613 274 5658 et
311 5617 350 5654 ει
396 5598 671 5664 ﬁdelibus,
719 5599 788 5655 de
828 5601 1066 5671 peccatis
1111 5603 1224 5657 suis
1267 5603 1641 5672 paenitentiam
1692 5621 1835 5660 nunc

205 5692 552 5766 agentibus,
579 5700 956 5748 secernuntur.
986 5692 1178 5758 Aliter,
1206 5708 1430 5764 regnum
1462 5694 1557 5748 Dei
1587 5695 1836 5750 Christus

206 5797 313 5843 est
346 5826 364 5848 ,
397 5784 462 5837 de
494 5798 602 5854 quo
641 5782 769 5837 alibi
798 5800 810 5836 :
855 5782 1091 5854 Regnum
1135 5783 1235 5838 Dei
1275 5786 1413 5841 intra
1447 5803 1535 5841 ros
1569 5798 1676 5852 est,
1722 5789 1836 5842 sive

656 5874 933 5934 PATBOL.
973 5874 1099 5936 Cll.

1944 1923 2198 1978 concordi
2245 1922 2408 1978 fallax
2451 1927 2796 1996 Operatione,
2834 1933 3288 2000 quemadmodum
3325 1936 3537 1992 calum-

1946 2010 2252 2076 niabantur,
2286 2015 2381 2069 sed
2427 2014 2638 2072 fortiori
2685 2021 2928 2089 potentia
2965 2022 3159 2090 victor,
3205 2025 3454 2083 homines
3504 2045 3536 2083 a

1944 2101 2211 2159 daemonio
2235 2103 2514 2161 liberaret.
2562 2106 2728 2163 Arma
2759 2110 2813 2164 in
2853 2114 3051 2181 quibus
3084 2115 3224 2172 male
3260 2117 3416 2174 fortis
3446 2120 3534 2175 ille

1945 2193 2273 2261 conﬁdebat,
2326 2197 2458 2268 qua!
2495 2200 2661 2254 sunt?
2709 2202 2965 2271 nequitiae
3012 2205 3305 2274 spiritales.
3353 2209 3534 2280 Spolia

1944 2299 2076 2340 vero
2115 2287 2233 2357 ejus
2275 2288 2375 2359 ipsi
2411 2291 2658 2347 homines
2686 2302 2813 2348 sunt
2851 2296 2920 2350 ab
2947 2310 3012 2351 eo
3047 2297 3278 2370 decepti,
3309 2317 3430 2372 quze
3458 2305 3538 2359 vi.

1945 2386 2064 2432 ctor
2088 2378 2338 2436 Christus
2363 2382 2660 2449 distribuit,
2691 2387 2835 2454 quod
2859 2395 2944 2442 est
2969 2388 3178 2460 insigne
3199 2393 3533 2462 trinmphan~

1945 2470 2046 2535 tis,
2091 2471 2216 2540 quia
2247 2473 2515 2541 captivam
2555 2475 2761 2531 ducens
2795 2478 3185 2547 captivitatem,
3218 2482 3368 2537 dedit
3395 2485 3534 2540 dona

1945 2560 2274 2626 hominibus,
2311 2563 2572 2632 quosdam
2597 2567 2816 2635 quidem
2855 2570 3160 2638 apostolos,
3210 2572 3346 2630 alios
3369 2590 3536 2630 evan-

1945 2651 2196 2722 gelistas,
2230 2654 2329 2710 hos
2355 2657 2651 2726 prophetas
2675 2696 2689 2723 ,
2738 2657 2856 2714 illos
2898 2669 3144 2731 pastores
3180 2663 3440 2722 ordinans
3479 2675 3535 2723 et

1944 2741 2216 2800 doctores.

2014 2834 2123 2907 (Ea:
2144 2836 2334 2910 Beda.)
2361 2839 2533 2896 Intrat
2560 2855 2691 2914 ergo
2724 2843 2778 2899 in
2805 2844 3022 2901 domum
3055 2847 3232 2918 fortis,
3264 2851 3316 2908 id
3343 2862 3448 2920 est,
3480 2855 3534 2910 in

1946 2925 2050 2980 hoc
2102 2927 2361 2982 saeculum
2407 2932 2753 2998 mortalium,
2828 2936 2931 2991 sub
2978 2947 3248 3003 potestate
3303 2944 3532 3011 diaboli,

1943 3027 2205 3088 quantum
2249 3021 2317 3076 ad
2353 3022 2524 3092 ipsam
2569 3034 2800 3082 mortem
2847 3031 3104 3098 pertinet,
3154 3036 3528 3093 censtltutum.

1945 3107 2021 3162 De
2049 3108 2165 3178 ipso
2193 3111 2392 3181 quippe
2429 3114 2690 3184 scriptum
2719 3125 2840 3170 est:
2881 3120 3024 3187 quod
3067 3131 3389 3191 potestatem
3435 3129 3533 3184 ha-

1867 3182 1913 3244 C
1943 3200 2071 3254 heat
2098 3203 2309 3258 mortis.
2330 3204 2501 3259 Intrat
2523 3182 2654 3277 ergo
2677 3182 3099 3280 domum-fortis,
3129 3215 3183 3271 id
3206 3225 3311 3283 est,
3349 3218 3402 3273 in
3433 3182 3532 3278 suo

1941 3293 2218 3350 dominatu
2257 3295 2508 3352 habentis
2549 3312 2719 3368 genus
2757 3299 3086 3369 humanum,
3129 3312 3185 3360 et
3218 3307 3370 3377 prius
3418 3311 3534 3366 alli-

1941 3397 2034 3459 gat
2058 3402 2202 3458 eum,
2227 3391 2281 3447 id
2305 3402 2408 3456 est,
2436 3393 2553 3462 ejus
2597 3405 2812 3451 coercet
2855 3404 2910 3450 et
2935 3398 3152 3454 cohibet
3177 3409 3529 3471 potestatem.

1939 3478 2233 3537 Potestatis
2284 3498 2393 3538 sua:
2441 3483 2763 3541 fortioribus
2794 3487 3045 3553 vinculis,
3087 3490 3168 3547 sic
3207 3494 3370 3564 eripit
3399 3511 3527 3550 vasa

1940 3573 2078 3644 ejus,
2127 3589 2464 3646 quascunque
2500 3578 2908 3648 prtedestinavit
2938 3581 3172 3652 eripere,
3215 3584 3284 3638 ab
3312 3585 3431 3656 ejus
3467 3586 3532 3641 li-

1938 3665 2136 3720 berans
2164 3675 2456 3737 potestate,
2486 3677 2547 3722 ut
2575 3669 2666 3724 illo
2692 3685 2797 3725 non
2836 3671 3183 3741 impediente,
3217 3677 3442 3732 credant
3475 3679 3530 3733 in

1939 3758 2102 3814 istum
2133 3760 2305 3816 libera
2330 3763 2628 3819 voluntate.

2011 3852 2116 3918 Qui
2146 3870 2251 3909 non
2280 3864 2356 3909 est
2390 3869 2616 3923 mecum,
2651 3857 2926 3914 adversum
2965 3877 3047 3916 me
3083 3871 3181 3929 est,
3221 3873 3271 3918 et
3304 3865 3396 3935 qui
3425 3883 3530 3922 non

1939 3943 2137 4015 colligit
2171 3959 2404 4010 mecum,
2448 3948 2723 4019 dispergit.
2766 3949 2866 4022 (Ex
2919 3951 3166 4025 Hieron.)
3215 3953 3332 4009 Non
3378 3965 3534 4026 putet

1939 4039 2223 4110 quisquam
2275 4040 2343 4095 de
2385 4041 2658 4098 haereticis
2703 4051 2758 4096 et
2805 4043 3190 4112 schismaticis,
3219 4062 3528 4118 quanquam

1939 4139 1992 4184 et
2034 4132 2108 4184 ita
2151 4146 2217 4185 ex
2258 4131 2530 4201 superﬂuo
2570 4133 2740 4202 possit
2788 4134 3035 4206 intelligi,
3086 4137 3178 4191 sed
3224 4153 3292 4192 ex
3339 4153 3531 4194 conse-

1938 4222 2229 4291 quentibus
2272 4232 2529 4293 textaque
2558 4225 2844 4288 sermonis,
2875 4225 2942 4280 ad
2969 4227 3238 4282 diabolum
3271 4228 3524 4285 refertur.

1939 4313 2005 4367 Et
2031 4313 2173 4382 quod
2203 4328 2309 4368 non
2339 4315 2549 4384 possint
2575 4329 2738 4384 opera
2771 4312 3072 4371 Salvatoris
3101 4316 3369 4375 Belzelruh
3400 4337 3529 4392 ope-

1941 4405 2090 4459 ribus
2113 4405 2416 4477 comparari
2447 4423 2458 4458 :
2490 4405 2579 4459 ille
2603 4405 2755 4476 cupit
2781 4407 2992 4462 animas
3024 4409 3304 4465 hominum
3341 4419 3528 4469 tenere

1941 4495 2204 4565 captivas,
2256 4495 2519 4550 Dominus
2573 4495 2808 4551 liberare
2852 4513 2864 4549 :
2910 4497 3000 4552 ille
3045 4500 3302 4570 praedicat
3359 4503 3525 4568 idola,

1943 4588 2030 4644 hic
2063 4589 2225 4643 unius
2250 4588 2346 4642 Dei
2381 4588 2672 4645 notitiam:
2710 4588 2800 4644 ille
2836 4589 3004 4644 trahit
3045 4589 3112 4645 ad
3149 4592 3304 4650 vitia,
3333 4593 3422 4649 hic
3459 4598 3526 4650 ad

1935 4680 2168 4735 virtutes
2198 4689 2439 4736 revocat.

2009 4770 2140 4825 Cum
2171 4771 2476 4827 immundus
2504 4773 2720 4844 spiritus
2745 4775 2911 4828 exiret
2935 4773 3000 4829 de
3028 4775 3257 4840 homine,
3286 4776 3529 4831 ambula-

1940 4863 2026 4917 bat
2051 4879 2144 4934 per
2177 4861 2293 4918 loca
2324 4863 2603 4935 inaqnosa.
2650 4862 2912 4930 Quamvis
2953 4865 3272 4934 simpliciter
3302 4867 3524 4939 intelligi

1940 4955 2132 5025 possit,
2163 4954 2450 5009 Dominum
2498 4956 2614 5009 haec
2659 4955 2728 5008 ad
2755 4954 3159 5010 distinctionem
3203 4971 3426 5011 suorum
3473 4967 3528 5012 et

1943 5049 2161 5104 Satanre
2184 5063 2428 5118 operum,
2459 5047 2786 5117 adjunxisse.
2818 5047 2970 5115 Quod
2997 5049 3207 5104 scilicet
3241 5049 3354 5119 ipse
3380 5066 3526 5106 sem-

1942 5159 2038 5212 per
2064 5142 2266 5213 polluta
2298 5142 2583 5205 mundare,
2613 5139 2846 5195 Satanas
2872 5153 3001 5195 vero
3030 5141 3283 5195 mundata
3315 5143 3529 5212 gravia-

1942 5235 2092 5289 ribus
2137 5232 2356 5288 festinet
2408 5231 2778 5286 contaminare
2823 5232 3104 5297 sordibus,
3149 5241 3324 5286 tamen
3371 5241 3427 5286 et
3463 5235 3530 5286 de

1941 5325 2197 5381 hmretico
2225 5323 2499 5395 quolibet,
2532 5322 2615 5377 vel
2653 5322 3004 5378 schismatico
3023 5365 3036 5387 ,
3067 5323 3150 5377 vel
3181 5324 3344 5378 etiam
3387 5322 3530 5377 malo

1945 5419 2212 5475 catholico
2236 5425 2416 5489 potest
2452 5434 2557 5474 non
2587 5418 3038 5474 inconvenienter
3063 5419 3256 5490 accipi.
3289 5418 3364 5472 De
3397 5431 3526 5486 quo,

1944 5521 2188 5585 tempore
2223 5513 2587 5582 baptismatis,
2631 5514 2853 5583 spiritus
2893 5513 3220 5574 immundus,
3252 5509 3341 5580 qui
3377 5510 3532 5580 prius

1946 5605 1998 5658 in
2038 5619 2104 5658 co
2132 5604 2494 5669 habitaverat,
2526 5604 2592 5658 ad
2620 5603 3018 5658 confessionem
3063 5599 3346 5658 catholica:
3380 5599 3529 5666 ﬁdei,

1944 5695 2470 5751 abrenuntiationem
2503 5695 2953 5759 conversationis,
2984 5693 3262 5763 ejiciatur;
3303 5690 3534 5762 locaque

1948 5789 2208 5858 inaqnosa
2256 5796 2530 5859 peragret,
2578 5787 2630 5841 id
2658 5795 2764 5852 cst,
2814 5789 2978 5842 corda
3019 5784 3278 5850 ﬁdelium,
3328 5799 3449 5855 quae
3501 5800 3531 5839 a

3101 5879 3140 5941 5
