  <div class='ocr_page' id='page_1' title='image "/cluster/home/n/w/nwhite01/storage/ocr_20150623/102/umn.31951002477395f/077.png"; bbox 0 0 3946 6494; ppageno 0'>
   <div class='ocr_carea' id='block_1_1' title="bbox 452 337 561 395">
    <p class='ocr_par' dir='ltr' id='par_1_1' title="bbox 452 337 561 395">
     <span class='ocr_line' id='line_1_1' title="bbox 452 337 561 395; baseline -0.018 0"><span class='ocrx_word' id='word_1_1' title='bbox 452 337 561 395; x_wconf 64' lang='grc'><strong>’139</strong></span> 
     </span>
    </p>
   </div>
   <div class='ocr_carea' id='block_1_2' title="bbox 1738 334 2410 395">
    <p class='ocr_par' dir='ltr' id='par_1_2' title="bbox 1738 334 2410 395">
     <span class='ocr_line' id='line_1_2' title="bbox 1738 334 2410 395; baseline -0.006 0"><span class='ocrx_word' id='word_1_2' title='bbox 1738 335 2088 395; x_wconf 73' lang='lat' dir='ltr'><strong>SMARAGDI</strong></span> <span class='ocrx_word' id='word_1_3' title='bbox 2122 334 2410 393; x_wconf 77' lang='lat' dir='ltr'><strong>ABBATIS</strong></span> 
     </span>
    </p>
   </div>
   <div class='ocr_carea' id='block_1_3' title="bbox 3619 339 3726 399">
    <p class='ocr_par' dir='ltr' id='par_1_3' title="bbox 3619 339 3726 399">
     <span class='ocr_line' id='line_1_3' title="bbox 3619 339 3726 399; baseline -0.019 -1"><span class='ocrx_word' id='word_1_4' title='bbox 3619 339 3726 399; x_wconf 70' lang='lat' dir='ltr'><strong>MO</strong></span> 
     </span>
    </p>
   </div>
   <div class='ocr_carea' id='block_1_4' title="bbox 459 438 3728 525">
    <p class='ocr_par' dir='ltr' id='par_1_4' title="bbox 459 438 3728 525">
     <span class='ocr_line' id='line_1_4' title="bbox 459 438 3728 525; baseline 0.001 -17"><span class='ocrx_word' id='word_1_5' title='bbox 459 455 688 510; x_wconf 89' lang='lat' dir='ltr'><strong>mollitie</strong></span> <span class='ocrx_word' id='word_1_6' title='bbox 727 452 880 507; x_wconf 69' lang='lat' dir='ltr'><strong>llum</strong></span> <span class='ocrx_word' id='word_1_7' title='bbox 926 451 1269 523; x_wconf 68' lang='lat' dir='ltr'><strong>cogitationis</strong></span> <span class='ocrx_word' id='word_1_8' title='bbox 1313 461 1608 525; x_wconf 83' lang='lat' dir='ltr'><strong>expurgata</strong></span> <span class='ocrx_word' id='word_1_9' title='bbox 1637 454 1764 521; x_wconf 93' lang='lat' dir='ltr'><strong>sint,</strong></span> <span class='ocrx_word' id='word_1_10' title='bbox 1816 452 2044 510; x_wconf 88' lang='lat' dir='ltr'><strong>callidus</strong></span> <span class='ocrx_word' id='word_1_11' title='bbox 2070 453 2122 514; x_wconf 77' lang='grc' dir='ltr'>Α</span> <span class='ocrx_word' id='word_1_12' title='bbox 2147 448 2289 504; x_wconf 92' lang='lat' dir='ltr'><strong>illius</strong></span> <span class='ocrx_word' id='word_1_13' title='bbox 2316 447 2495 525; x_wconf 81' lang='lat' dir='ltr'><strong>populi</strong></span> <span class='ocrx_word' id='word_1_14' title='bbox 2526 445 2707 519; x_wconf 82' lang='lat' dir='ltr'><strong>pejora</strong></span> <span class='ocrx_word' id='word_1_15' title='bbox 2736 448 3029 519; x_wconf 80' lang='lat' dir='ltr'><strong>prioribus.</strong></span> <span class='ocrx_word' id='word_1_16' title='bbox 3063 438 3229 505; x_wconf 57' lang='lat' dir='ltr'><strong>[fulto</strong></span> <span class='ocrx_word' id='word_1_17' title='bbox 3257 449 3402 505; x_wconf 91' lang='lat' dir='ltr'><strong>enim</strong></span> <span class='ocrx_word' id='word_1_18' title='bbox 3432 466 3576 507; x_wconf 90' lang='lat' dir='ltr'><strong>nunc</strong></span> <span class='ocrx_word' id='word_1_19' title='bbox 3609 469 3728 511; x_wconf 85' lang='lat' dir='ltr'><strong>ma-</strong></span> 
     </span>
    </p>
   </div>
   <div class='ocr_carea' id='block_1_5' title="bbox 460 545 2039 617">
    <p class='ocr_par' dir='ltr' id='par_1_5' title="bbox 460 545 2039 617">
     <span class='ocr_line' id='line_1_5' title="bbox 460 545 2039 617; baseline 0 -15"><span class='ocrx_word' id='word_1_20' title='bbox 460 547 743 603; x_wconf 81' lang='lat' dir='ltr'><strong>insidiator</strong></span> <span class='ocrx_word' id='word_1_21' title='bbox 774 545 1041 615; x_wconf 88' lang='lat' dir='ltr'><strong>exploret,</strong></span> <span class='ocrx_word' id='word_1_22' title='bbox 1070 545 1116 603; x_wconf 86' lang='lat' dir='ltr'><strong>si</strong></span> <span class='ocrx_word' id='word_1_23' title='bbox 1154 557 1294 615; x_wconf 85' lang='lat' dir='ltr'><strong>quos</strong></span> <span class='ocrx_word' id='word_1_24' title='bbox 1327 545 1403 602; x_wconf 85' lang='lat' dir='ltr'><strong>ibi</strong></span> <span class='ocrx_word' id='word_1_25' title='bbox 1439 547 1583 602; x_wconf 78' lang='lat' dir='ltr'><strong>forte</strong></span> <span class='ocrx_word' id='word_1_26' title='bbox 1613 562 1741 604; x_wconf 89' lang='lat' dir='ltr'><strong>suos</strong></span> <span class='ocrx_word' id='word_1_27' title='bbox 1783 547 2039 617; x_wconf 71' lang='lat' dir='ltr'><strong>nequitiae</strong></span> 
     </span>
    </p>
   </div>
   <div class='ocr_carea' id='block_1_6' title="bbox 458 637 1663 711">
    <p class='ocr_par' dir='ltr' id='par_1_6' title="bbox 458 637 1663 711">
     <span class='ocr_line' id='line_1_6' title="bbox 458 637 1663 711; baseline 0.003 -20"><span class='ocrx_word' id='word_1_28' title='bbox 458 652 676 708; x_wconf 84' lang='lat' dir='ltr'><strong>gressus</strong></span> <span class='ocrx_word' id='word_1_29' title='bbox 713 637 875 711; x_wconf 88' lang='lat' dir='ltr'><strong>ﬁgere</strong></span> <span class='ocrx_word' id='word_1_30' title='bbox 903 638 1104 707; x_wconf 92' lang='lat' dir='ltr'><strong>possit,</strong></span> <span class='ocrx_word' id='word_1_31' title='bbox 1136 638 1231 693; x_wconf 88' lang='lat' dir='ltr'><strong>sed</strong></span> <span class='ocrx_word' id='word_1_32' title='bbox 1259 638 1399 694; x_wconf 89' lang='lat' dir='ltr'><strong>bene</strong></span> <span class='ocrx_word' id='word_1_33' title='bbox 1427 638 1663 695; x_wconf 86' lang='lat' dir='ltr'><strong>dicitur:</strong></span> 
     </span>
    </p>
   </div>
   <div class='ocr_carea' id='block_1_7' title="bbox 534 733 2040 806">
    <p class='ocr_par' dir='ltr' id='par_1_7' title="bbox 534 733 2040 806">
     <span class='ocr_line' id='line_1_7' title="bbox 534 733 2040 806; baseline 0 -18"><span class='ocrx_word' id='word_1_34' title='bbox 534 733 787 801; x_wconf 71' lang='lat' dir='ltr'><strong>Qutrrens</strong></span> <span class='ocrx_word' id='word_1_35' title='bbox 827 735 1079 806; x_wconf 82' lang='lat' dir='ltr'><strong>requiem,</strong></span> <span class='ocrx_word' id='word_1_36' title='bbox 1121 743 1171 793; x_wconf 88' lang='lat' dir='ltr'><strong>et</strong></span> <span class='ocrx_word' id='word_1_37' title='bbox 1208 751 1315 794; x_wconf 76' lang='lat' dir='ltr'><strong>non</strong></span> <span class='ocrx_word' id='word_1_38' title='bbox 1354 735 1638 791; x_wconf 74' lang='lat' dir='ltr'><strong>inveniens.</strong></span> <span class='ocrx_word' id='word_1_39' title='bbox 1681 734 1818 803; x_wconf 92' lang='lat' dir='ltr'><strong>Quia</strong></span> <span class='ocrx_word' id='word_1_40' title='bbox 1860 741 2040 790; x_wconf 85' lang='lat' dir='ltr'><strong>castas</strong></span> 
     </span>
    </p>
   </div>
   <div class='ocr_carea' id='block_1_8' title="bbox 460 822 2041 895">
    <p class='ocr_par' dir='ltr' id='par_1_8' title="bbox 460 822 2041 895">
     <span class='ocr_line' id='line_1_8' title="bbox 460 822 2041 895; baseline -0.001 -17"><span class='ocrx_word' id='word_1_41' title='bbox 460 831 669 881; x_wconf 83' lang='lat' dir='ltr'><strong>mentes</strong></span> <span class='ocrx_word' id='word_1_42' title='bbox 710 822 991 895; x_wconf 76' lang='lat' dir='ltr'><strong>cﬁ‘ugiens,</strong></span> <span class='ocrx_word' id='word_1_43' title='bbox 1033 824 1092 883; x_wconf 82' lang='lat' dir='ltr'><strong>in</strong></span> <span class='ocrx_word' id='word_1_44' title='bbox 1130 823 1248 880; x_wconf 84' lang='lat' dir='ltr'><strong>solo</strong></span> <span class='ocrx_word' id='word_1_45' title='bbox 1272 822 1518 881; x_wconf 83' lang='lat' dir='ltr'><strong>diabolus</strong></span> <span class='ocrx_word' id='word_1_46' title='bbox 1553 823 1716 879; x_wconf 88' lang='lat' dir='ltr'><strong>corde</strong></span> <span class='ocrx_word' id='word_1_47' title='bbox 1750 836 2041 894; x_wconf 85' lang='lat' dir='ltr'><strong>pravorum</strong></span> 
     </span>
    </p>
   </div>
   <div class='ocr_carea' id='block_1_9' title="bbox 459 910 2042 984">
    <p class='ocr_par' dir='ltr' id='par_1_9' title="bbox 459 910 2042 984">
     <span class='ocr_line' id='line_1_9' title="bbox 459 910 2042 984; baseline 0.002 -20"><span class='ocrx_word' id='word_1_48' title='bbox 459 911 692 981; x_wconf 83' lang='lat' dir='ltr'><strong>gratiam</strong></span> <span class='ocrx_word' id='word_1_49' title='bbox 727 912 830 977; x_wconf 84' lang='lat' dir='ltr'><strong>sibi</strong></span> <span class='ocrx_word' id='word_1_50' title='bbox 869 919 1049 984; x_wconf 88' lang='lat' dir='ltr'><strong>potest</strong></span> <span class='ocrx_word' id='word_1_51' title='bbox 1087 913 1334 973; x_wconf 82' lang='lat' dir='ltr'><strong>invenire</strong></span> <span class='ocrx_word' id='word_1_52' title='bbox 1368 914 1627 984; x_wconf 82' lang='lat' dir='ltr'><strong>quietem.</strong></span> <span class='ocrx_word' id='word_1_53' title='bbox 1676 910 1830 971; x_wconf 85' lang='lat' dir='ltr'><strong>Unde</strong></span> <span class='ocrx_word' id='word_1_54' title='bbox 1853 913 1922 968; x_wconf 88' lang='lat' dir='ltr'><strong>de</strong></span> <span class='ocrx_word' id='word_1_55' title='bbox 1950 911 2042 968; x_wconf 89' lang='lat' dir='ltr'><strong>illo</strong></span> 
     </span>
    </p>
   </div>
   <div class='ocr_carea' id='block_1_10' title="bbox 460 1000 2043 1074">
    <p class='ocr_par' dir='ltr' id='par_1_10' title="bbox 460 1000 2043 1074">
     <span class='ocr_line' id='line_1_10' title="bbox 460 1000 2043 1074; baseline -0.003 -14"><span class='ocrx_word' id='word_1_56' title='bbox 460 1002 723 1067; x_wconf 81' lang='lat' dir='ltr'><strong>Dominus</strong></span> <span class='ocrx_word' id='word_1_57' title='bbox 747 1021 761 1057; x_wconf 88' lang='lat'><strong>:</strong></span> <span class='ocrx_word' id='word_1_58' title='bbox 786 1000 895 1060; x_wconf 85' lang='lat' dir='ltr'><strong>Sub</strong></span> <span class='ocrx_word' id='word_1_59' title='bbox 916 1004 1123 1071; x_wconf 82' lang='lat' dir='ltr'><strong>umbra,</strong></span> <span class='ocrx_word' id='word_1_60' title='bbox 1150 1003 1347 1074; x_wconf 84' lang='lat' dir='ltr'><strong>inquit,</strong></span> <span class='ocrx_word' id='word_1_61' title='bbox 1385 1004 1581 1059; x_wconf 83' lang='lat' dir='ltr'><strong>dormit</strong></span> <span class='ocrx_word' id='word_1_62' title='bbox 1622 1004 1678 1058; x_wconf 81' lang='lat' dir='ltr'><strong>in</strong></span> <span class='ocrx_word' id='word_1_63' title='bbox 1718 1011 1914 1065; x_wconf 79' lang='lat' dir='ltr'><strong>secreto</strong></span> <span class='ocrx_word' id='word_1_64' title='bbox 1952 1017 2043 1056; x_wconf 84' lang='lat' dir='ltr'><strong>ca-</strong></span> 
     </span>
    </p>
   </div>
   <div class='ocr_carea' id='block_1_11' title="bbox 372 1090 2044 1165">
    <p class='ocr_par' dir='ltr' id='par_1_11' title="bbox 372 1090 2044 1165">
     <span class='ocr_line' id='line_1_11' title="bbox 372 1090 2044 1165; baseline -0.001 -18"><span class='ocrx_word' id='word_1_65' title='bbox 372 1101 383 1111; x_wconf 84' lang='lat'><strong>‘</strong></span> <span class='ocrx_word' id='word_1_66' title='bbox 461 1091 607 1161; x_wconf 78' lang='lat' dir='ltr'><strong>lanii,</strong></span> <span class='ocrx_word' id='word_1_67' title='bbox 635 1103 687 1149; x_wconf 87' lang='lat' dir='ltr'><strong>et</strong></span> <span class='ocrx_word' id='word_1_68' title='bbox 715 1095 772 1150; x_wconf 76' lang='lat' dir='ltr'><strong>in</strong></span> <span class='ocrx_word' id='word_1_69' title='bbox 801 1093 930 1151; x_wconf 80' lang='lat' dir='ltr'><strong>locis</strong></span> <span class='ocrx_word' id='word_1_70' title='bbox 949 1094 1283 1153; x_wconf 69' lang='lat' dir='ltr'><strong>[tranantibus</strong></span> <span class='ocrx_word' id='word_1_71' title='bbox 1310 1093 1455 1165; x_wconf 82' lang='lat' dir='ltr'><strong>(Job.</strong></span> <span class='ocrx_word' id='word_1_72' title='bbox 1486 1094 1607 1163; x_wconf 79' lang='lat' dir='ltr'><strong>xL);</strong></span> <span class='ocrx_word' id='word_1_73' title='bbox 1642 1094 1699 1152; x_wconf 77' lang='lat' dir='ltr'><strong>in</strong></span> <span class='ocrx_word' id='word_1_74' title='bbox 1722 1090 1937 1158; x_wconf 79' lang='lat' dir='ltr'><strong>umbra,</strong></span> <span class='ocrx_word' id='word_1_75' title='bbox 1962 1091 2044 1146; x_wconf 86' lang='lat' dir='ltr'><strong>vi-</strong></span> 
     </span>
    </p>
   </div>
   <div class='ocr_carea' id='block_1_12' title="bbox 447 1173 2043 1254">
    <p class='ocr_par' dir='ltr' id='par_1_12' title="bbox 447 1173 2043 1254">
     <span class='ocr_line' id='line_1_12' title="bbox 447 1173 2043 1254; baseline 0 -15"><span class='ocrx_word' id='word_1_76' title='bbox 447 1173 659 1245; x_wconf 60' lang='lat' dir='ltr'><strong>idelieet</strong></span> <span class='ocrx_word' id='word_1_77' title='bbox 684 1185 998 1242; x_wconf 77' lang='lat' dir='ltr'><strong>tenebrosae</strong></span> <span class='ocrx_word' id='word_1_78' title='bbox 1022 1185 1385 1245; x_wconf 79' lang='lat' dir='ltr'><strong>conscientias</strong></span> <span class='ocrx_word' id='word_1_79' title='bbox 1409 1205 1421 1240; x_wconf 91' lang='lat'><strong>:</strong></span> <span class='ocrx_word' id='word_1_80' title='bbox 1446 1186 1501 1240; x_wconf 88' lang='lat' dir='ltr'><strong>in</strong></span> <span class='ocrx_word' id='word_1_81' title='bbox 1528 1185 1758 1249; x_wconf 79' lang='lat' dir='ltr'><strong>calamo,</strong></span> <span class='ocrx_word' id='word_1_82' title='bbox 1788 1184 1881 1254; x_wconf 87' lang='lat' dir='ltr'><strong>qui</strong></span> <span class='ocrx_word' id='word_1_83' title='bbox 1911 1182 2043 1239; x_wconf 81' lang='lat' dir='ltr'><strong>foris</strong></span> 
     </span>
    </p>
   </div>
   <div class='ocr_carea' id='block_1_13' title="bbox 445 1260 2043 1341">
    <p class='ocr_par' dir='ltr' id='par_1_13' title="bbox 445 1260 2043 1341">
     <span class='ocr_line' id='line_1_13' title="bbox 445 1260 2043 1341; baseline 0.001 -10"><span class='ocrx_word' id='word_1_84' title='bbox 445 1275 688 1341; x_wconf 84' lang='lat' dir='ltr'><strong>:nitidus,</strong></span> <span class='ocrx_word' id='word_1_85' title='bbox 714 1276 864 1333; x_wconf 84' lang='lat' dir='ltr'><strong>intus</strong></span> <span class='ocrx_word' id='word_1_86' title='bbox 890 1287 975 1332; x_wconf 83' lang='lat' dir='ltr'><strong>est</strong></span> <span class='ocrx_word' id='word_1_87' title='bbox 1002 1291 1226 1341; x_wconf 84' lang='lat' dir='ltr'><strong>vacuus,</strong></span> <span class='ocrx_word' id='word_1_88' title='bbox 1257 1260 1620 1334; x_wconf 86' lang='lat' dir='ltr'><strong>simulatrices</strong></span> <span class='ocrx_word' id='word_1_89' title='bbox 1647 1295 1660 1331; x_wconf 91' lang='lat'><strong>:</strong></span> <span class='ocrx_word' id='word_1_90' title='bbox 1704 1277 1761 1333; x_wconf 90' lang='lat' dir='ltr'><strong>in</strong></span> <span class='ocrx_word' id='word_1_91' title='bbox 1786 1276 1920 1333; x_wconf 89' lang='lat' dir='ltr'><strong>locis</strong></span> <span class='ocrx_word' id='word_1_92' title='bbox 1941 1277 2043 1333; x_wconf 80' lang='lat' dir='ltr'><strong>hu-</strong></span> 
     </span>
    </p>
   </div>
   <div class='ocr_carea' id='block_1_14' title="bbox 443 1366 1900 1439">
    <p class='ocr_par' dir='ltr' id='par_1_14' title="bbox 443 1366 1900 1439">
     <span class='ocr_line' id='line_1_14' title="bbox 443 1366 1900 1439; baseline -0.001 -16"><span class='ocrx_word' id='word_1_93' title='bbox 443 1366 754 1435; x_wconf 73' lang='lat' dir='ltr'><strong>:mentibus,</strong></span> <span class='ocrx_word' id='word_1_94' title='bbox 786 1367 1013 1425; x_wconf 85' lang='lat' dir='ltr'><strong>lascivas</strong></span> <span class='ocrx_word' id='word_1_95' title='bbox 1035 1367 1333 1439; x_wconf 75' lang='lat' dir='ltr'><strong>mollesque</strong></span> <span class='ocrx_word' id='word_1_96' title='bbox 1358 1376 1570 1424; x_wconf 82' lang='lat' dir='ltr'><strong>mentes</strong></span> <span class='ocrx_word' id='word_1_97' title='bbox 1601 1367 1900 1424; x_wconf 78' lang='lat' dir='ltr'><strong>insinuans.</strong></span> 
     </span>
    </p>
   </div>
   <div class='ocr_carea' id='block_1_15' title="bbox 530 1457 2043 1523">
    <p class='ocr_par' dir='ltr' id='par_1_15' title="bbox 530 1457 2043 1523">
     <span class='ocr_line' id='line_1_15' title="bbox 530 1457 2043 1523; baseline 0.002 -11"><span class='ocrx_word' id='word_1_98' title='bbox 530 1458 668 1512; x_wconf 83' lang='lat' dir='ltr'><strong>Dicit</strong></span> <span class='ocrx_word' id='word_1_99' title='bbox 693 1472 712 1511; x_wconf 92' lang='lat'><strong><em>:</em></strong></span> <span class='ocrx_word' id='word_1_100' title='bbox 733 1457 984 1515; x_wconf 73' lang='lat' dir='ltr'><strong>Revertar</strong></span> <span class='ocrx_word' id='word_1_101' title='bbox 1019 1459 1076 1515; x_wconf 82' lang='lat' dir='ltr'><strong>in</strong></span> <span class='ocrx_word' id='word_1_102' title='bbox 1106 1460 1319 1523; x_wconf 83' lang='lat' dir='ltr'><strong>domum</strong></span> <span class='ocrx_word' id='word_1_103' title='bbox 1355 1476 1525 1519; x_wconf 89' lang='lat' dir='ltr'><strong>meam</strong></span> <span class='ocrx_word' id='word_1_104' title='bbox 1563 1460 1704 1516; x_wconf 80' lang='lat' dir='ltr'><strong>unde</strong></span> <span class='ocrx_word' id='word_1_105' title='bbox 1739 1460 1896 1521; x_wconf 63' lang='lat' dir='ltr'><strong>caici.</strong></span> <span class='ocrx_word' id='word_1_106' title='bbox 1947 1458 2043 1515; x_wconf 83' lang='lat' dir='ltr'><strong>Ti-</strong></span> 
     </span>
    </p>
   </div>
   <div class='ocr_carea' id='block_1_16' title="bbox 458 1546 2045 1620">
    <p class='ocr_par' dir='ltr' id='par_1_16' title="bbox 458 1546 2045 1620">
     <span class='ocr_line' id='line_1_16' title="bbox 458 1546 2045 1620; baseline 0.001 -18"><span class='ocrx_word' id='word_1_107' title='bbox 458 1546 687 1604; x_wconf 88' lang='lat' dir='ltr'><strong>mendns</strong></span> <span class='ocrx_word' id='word_1_108' title='bbox 727 1556 813 1604; x_wconf 91' lang='lat' dir='ltr'><strong>est</strong></span> <span class='ocrx_word' id='word_1_109' title='bbox 861 1550 965 1605; x_wconf 91' lang='lat' dir='ltr'><strong>iste</strong></span> <span class='ocrx_word' id='word_1_110' title='bbox 1012 1549 1343 1617; x_wconf 78' lang='lat' dir='ltr'><strong>versiculus,</strong></span> <span class='ocrx_word' id='word_1_111' title='bbox 1399 1565 1508 1606; x_wconf 91' lang='lat' dir='ltr'><strong>non</strong></span> <span class='ocrx_word' id='word_1_112' title='bbox 1554 1550 1935 1620; x_wconf 84' lang='lat' dir='ltr'><strong>exponendas,</strong></span> <span class='ocrx_word' id='word_1_113' title='bbox 1975 1563 2045 1605; x_wconf 91' lang='lat' dir='ltr'><strong>ne</strong></span> 
     </span>
    </p>
   </div>
   <div class='ocr_carea' id='block_1_17' title="bbox 457 1638 2045 1710">
    <p class='ocr_par' dir='ltr' id='par_1_17' title="bbox 457 1638 2045 1710">
     <span class='ocr_line' id='line_1_17' title="bbox 457 1638 2045 1710; baseline -0.001 -15"><span class='ocrx_word' id='word_1_114' title='bbox 457 1638 617 1709; x_wconf 88' lang='lat' dir='ltr'><strong>culpa</strong></span> <span class='ocrx_word' id='word_1_115' title='bbox 662 1654 828 1710; x_wconf 88' lang='lat' dir='ltr'><strong>quam</strong></span> <span class='ocrx_word' id='word_1_116' title='bbox 868 1640 923 1701; x_wconf 89' lang='lat' dir='ltr'><strong>in</strong></span> <span class='ocrx_word' id='word_1_117' title='bbox 966 1641 1124 1700; x_wconf 88' lang='lat' dir='ltr'><strong>nobis</strong></span> <span class='ocrx_word' id='word_1_118' title='bbox 1167 1640 1494 1697; x_wconf 83' lang='lat' dir='ltr'><strong>exstinctam</strong></span> <span class='ocrx_word' id='word_1_119' title='bbox 1540 1640 1919 1708; x_wconf 81' lang='lat' dir='ltr'><strong>credebamus,</strong></span> <span class='ocrx_word' id='word_1_120' title='bbox 1946 1653 2045 1710; x_wconf 88' lang='lat' dir='ltr'><strong>per</strong></span> 
     </span>
    </p>
   </div>
   <div class='ocr_carea' id='block_1_18' title="bbox 462 1729 2037 1802">
    <p class='ocr_par' dir='ltr' id='par_1_18' title="bbox 462 1729 2037 1802">
     <span class='ocr_line' id='line_1_18' title="bbox 462 1729 2037 1802; baseline 0 -16"><span class='ocrx_word' id='word_1_121' title='bbox 462 1729 727 1786; x_wconf 88' lang='lat' dir='ltr'><strong>incuriam</strong></span> <span class='ocrx_word' id='word_1_122' title='bbox 757 1744 857 1786; x_wconf 87' lang='lat' dir='ltr'><strong>nos</strong></span> <span class='ocrx_word' id='word_1_123' title='bbox 882 1740 1140 1787; x_wconf 87' lang='lat' dir='ltr'><strong>vacantes</strong></span> <span class='ocrx_word' id='word_1_124' title='bbox 1170 1731 1460 1802; x_wconf 80' lang='lat' dir='ltr'><strong>opprimat.</strong></span> <span class='ocrx_word' id='word_1_125' title='bbox 2030 1765 2037 1772; x_wconf 95' lang='lat'><em>-</em></span> 
     </span>
    </p>
   </div>
   <div class='ocr_carea' id='block_1_19' title="bbox 526 1817 2038 1892">
    <p class='ocr_par' dir='ltr' id='par_1_19' title="bbox 526 1817 2038 1892">
     <span class='ocr_line' id='line_1_19' title="bbox 526 1817 2038 1892; baseline -0.001 -16"><span class='ocrx_word' id='word_1_126' title='bbox 526 1819 599 1876; x_wconf 82' lang='lat' dir='ltr'><strong>Et</strong></span> <span class='ocrx_word' id='word_1_127' title='bbox 628 1837 746 1875; x_wconf 87' lang='lat' dir='ltr'><strong>cum</strong></span> <span class='ocrx_word' id='word_1_128' title='bbox 770 1821 985 1890; x_wconf 80' lang='lat' dir='ltr'><strong>venerit,</strong></span> <span class='ocrx_word' id='word_1_129' title='bbox 1009 1820 1204 1881; x_wconf 76' lang='lat' dir='ltr'><strong>invenit</strong></span> <span class='ocrx_word' id='word_1_130' title='bbox 1229 1821 1400 1892; x_wconf 86' lang='lat' dir='ltr'><strong>scapis</strong></span> <span class='ocrx_word' id='word_1_131' title='bbox 1422 1819 1751 1879; x_wconf 72' lang='lat' dir='ltr'><strong>mandatam.</strong></span> <span class='ocrx_word' id='word_1_132' title='bbox 1788 1817 1909 1877; x_wconf 78' lang='lat' dir='ltr'><strong>Hoc</strong></span> <span class='ocrx_word' id='word_1_133' title='bbox 1933 1826 2038 1887; x_wconf 73' lang='lat' dir='ltr'><strong>est,</strong></span> 
     </span>
    </p>
   </div>
   <div class='ocr_carea' id='block_1_20' title="bbox 458 1911 2041 1986">
    <p class='ocr_par' dir='ltr' id='par_1_20' title="bbox 458 1911 2041 1986">
     <span class='ocr_line' id='line_1_20' title="bbox 458 1911 2041 1986; baseline -0.002 -17"><span class='ocrx_word' id='word_1_134' title='bbox 458 1913 634 1985; x_wconf 83' lang='lat' dir='ltr'><strong>gratia</strong></span> <span class='ocrx_word' id='word_1_135' title='bbox 672 1912 1015 1984; x_wconf 82' lang='lat' dir='ltr'><strong>baptismatis</strong></span> <span class='ocrx_word' id='word_1_136' title='bbox 1063 1928 1096 1970; x_wconf 86' lang='lat' dir='ltr'><strong>a</strong></span> <span class='ocrx_word' id='word_1_137' title='bbox 1134 1920 1482 1986; x_wconf 76' lang='lat' dir='ltr'><strong>peccatorum</strong></span> <span class='ocrx_word' id='word_1_138' title='bbox 1528 1912 1650 1968; x_wconf 89' lang='lat' dir='ltr'><strong>labe</strong></span> <span class='ocrx_word' id='word_1_139' title='bbox 1697 1911 2041 1981; x_wconf 74' lang='lat' dir='ltr'><strong>castigatam,</strong></span> 
     </span>
    </p>
   </div>
   <div class='ocr_carea' id='block_1_21' title="bbox 454 1998 2040 2075">
    <p class='ocr_par' dir='ltr' id='par_1_21' title="bbox 454 1998 2040 2075">
     <span class='ocr_line' id='line_1_21' title="bbox 454 1998 2040 2075; baseline -0.001 -16"><span class='ocrx_word' id='word_1_140' title='bbox 454 2003 551 2059; x_wconf 81' lang='lat' dir='ltr'><strong>sed</strong></span> <span class='ocrx_word' id='word_1_141' title='bbox 585 2002 733 2061; x_wconf 85' lang='lat' dir='ltr'><strong>nulla</strong></span> <span class='ocrx_word' id='word_1_142' title='bbox 769 2003 899 2067; x_wconf 84' lang='lat' dir='ltr'><strong>boni</strong></span> <span class='ocrx_word' id='word_1_143' title='bbox 947 2004 1132 2075; x_wconf 82' lang='lat' dir='ltr'><strong>operis</strong></span> <span class='ocrx_word' id='word_1_144' title='bbox 1174 2003 1446 2060; x_wconf 87' lang='lat' dir='ltr'><strong>industria</strong></span> <span class='ocrx_word' id='word_1_145' title='bbox 1484 2002 1831 2059; x_wconf 84' lang='lat' dir='ltr'><strong>cumulatam.</strong></span> <span class='ocrx_word' id='word_1_146' title='bbox 1884 1998 2040 2059; x_wconf 81' lang='lat' dir='ltr'><strong>Unde</strong></span> 
     </span>
    </p>
   </div>
   <div class='ocr_carea' id='block_1_22' title="bbox 454 2090 2039 2162">
    <p class='ocr_par' dir='ltr' id='par_1_22' title="bbox 454 2090 2039 2162">
     <span class='ocr_line' id='line_1_22' title="bbox 454 2090 2039 2162; baseline -0.001 -13"><span class='ocrx_word' id='word_1_147' title='bbox 454 2091 595 2149; x_wconf 88' lang='lat' dir='ltr'><strong>bene</strong></span> <span class='ocrx_word' id='word_1_148' title='bbox 618 2091 903 2151; x_wconf 71' lang='lat' dir='ltr'><strong>Mattbteus</strong></span> <span class='ocrx_word' id='word_1_149' title='bbox 927 2092 1069 2151; x_wconf 88' lang='lat' dir='ltr'><strong>hanc</strong></span> <span class='ocrx_word' id='word_1_150' title='bbox 1095 2093 1317 2149; x_wconf 88' lang='lat' dir='ltr'><strong>domum</strong></span> <span class='ocrx_word' id='word_1_151' title='bbox 1344 2100 1649 2159; x_wconf 83' lang='lat' dir='ltr'><strong>vacantem,</strong></span> <span class='ocrx_word' id='word_1_152' title='bbox 1678 2090 1858 2162; x_wconf 86' lang='lat' dir='ltr'><strong>scopis</strong></span> <span class='ocrx_word' id='word_1_153' title='bbox 1882 2105 2039 2147; x_wconf 82' lang='lat' dir='ltr'><strong>mun-</strong></span> 
     </span>
    </p>
   </div>
   <div class='ocr_carea' id='block_1_23' title="bbox 455 2181 2039 2255">
    <p class='ocr_par' dir='ltr' id='par_1_23' title="bbox 455 2181 2039 2255">
     <span class='ocr_line' id='line_1_23' title="bbox 455 2181 2039 2255; baseline -0.004 -13"><span class='ocrx_word' id='word_1_154' title='bbox 455 2185 641 2243; x_wconf 87' lang='lat' dir='ltr'><strong>datam</strong></span> <span class='ocrx_word' id='word_1_155' title='bbox 682 2191 847 2255; x_wconf 83' lang='lat' dir='ltr'><strong>atque</strong></span> <span class='ocrx_word' id='word_1_156' title='bbox 882 2194 1136 2246; x_wconf 87' lang='lat' dir='ltr'><strong>ornatam</strong></span> <span class='ocrx_word' id='word_1_157' title='bbox 1182 2184 1317 2241; x_wconf 90' lang='lat' dir='ltr'><strong>dicit</strong></span> <span class='ocrx_word' id='word_1_158' title='bbox 1360 2183 1636 2241; x_wconf 78' lang='lat' dir='ltr'><strong>inventam</strong></span> <span class='ocrx_word' id='word_1_159' title='bbox 1670 2202 1683 2237; x_wconf 91' lang='lat'><strong>:</strong></span> <span class='ocrx_word' id='word_1_160' title='bbox 1724 2181 2039 2239; x_wconf 81' lang='lat' dir='ltr'><strong>mandatam</strong></span> 
     </span>
    </p>
   </div>
   <div class='ocr_carea' id='block_1_24' title="bbox 454 2275 2037 2347">
    <p class='ocr_par' dir='ltr' id='par_1_24' title="bbox 454 2275 2037 2347">
     <span class='ocr_line' id='line_1_24' title="bbox 454 2275 2037 2347; baseline 0 -16"><span class='ocrx_word' id='word_1_161' title='bbox 454 2275 706 2333; x_wconf 76' lang='lat' dir='ltr'><strong>videlicet</strong></span> <span class='ocrx_word' id='word_1_162' title='bbox 733 2292 766 2335; x_wconf 83' lang='lat' dir='ltr'><strong>a</strong></span> <span class='ocrx_word' id='word_1_163' title='bbox 790 2276 940 2335; x_wconf 78' lang='lat' dir='ltr'><strong>vitiis</strong></span> <span class='ocrx_word' id='word_1_164' title='bbox 964 2276 1212 2347; x_wconf 83' lang='lat' dir='ltr'><strong>pristinis</strong></span> <span class='ocrx_word' id='word_1_165' title='bbox 1235 2290 1338 2346; x_wconf 89' lang='lat' dir='ltr'><strong>per</strong></span> <span class='ocrx_word' id='word_1_166' title='bbox 1362 2276 1713 2345; x_wconf 84' lang='lat' dir='ltr'><strong>baptismum,</strong></span> <span class='ocrx_word' id='word_1_167' title='bbox 1751 2282 2037 2331; x_wconf 84' lang='lat' dir='ltr'><strong>vacantem</strong></span> 
     </span>
    </p>
   </div>
   <div class='ocr_carea' id='block_1_25' title="bbox 455 2361 2040 2437">
    <p class='ocr_par' dir='ltr' id='par_1_25' title="bbox 455 2361 2040 2437">
     <span class='ocr_line' id='line_1_25' title="bbox 455 2361 2040 2437; baseline -0.004 -14"><span class='ocrx_word' id='word_1_168' title='bbox 455 2382 487 2423; x_wconf 88' lang='lat' dir='ltr'><strong>a</strong></span> <span class='ocrx_word' id='word_1_169' title='bbox 508 2366 665 2425; x_wconf 85' lang='lat' dir='ltr'><strong>bonis</strong></span> <span class='ocrx_word' id='word_1_170' title='bbox 691 2366 903 2423; x_wconf 85' lang='lat' dir='ltr'><strong>actibus</strong></span> <span class='ocrx_word' id='word_1_171' title='bbox 929 2382 1028 2436; x_wconf 90' lang='lat' dir='ltr'><strong>per</strong></span> <span class='ocrx_word' id='word_1_172' title='bbox 1055 2365 1467 2437; x_wconf 66' lang='lat' dir='ltr'><strong>negligentiam,</strong></span> <span class='ocrx_word' id='word_1_173' title='bbox 1492 2372 1741 2421; x_wconf 82' lang='lat' dir='ltr'><strong>ornatam</strong></span> <span class='ocrx_word' id='word_1_174' title='bbox 1770 2361 2040 2419; x_wconf 80' lang='lat' dir='ltr'><strong>simulatis</strong></span> 
     </span>
    </p>
   </div>
   <div class='ocr_carea' id='block_1_26' title="bbox 454 2456 1252 2528">
    <p class='ocr_par' dir='ltr' id='par_1_26' title="bbox 454 2456 1252 2528">
     <span class='ocr_line' id='line_1_26' title="bbox 454 2456 1252 2528; baseline 0 -18"><span class='ocrx_word' id='word_1_175' title='bbox 454 2456 749 2519; x_wconf 85' lang='lat' dir='ltr'><strong>virtutibus</strong></span> <span class='ocrx_word' id='word_1_176' title='bbox 772 2471 871 2527; x_wconf 89' lang='lat' dir='ltr'><strong>per</strong></span> <span class='ocrx_word' id='word_1_177' title='bbox 897 2456 1252 2528; x_wconf 82' lang='lat' dir='ltr'><strong>bypocrisim.</strong></span> 
     </span>
    </p>
   </div>
   <div class='ocr_carea' id='block_1_27' title="bbox 524 2541 2036 2617">
    <p class='ocr_par' dir='ltr' id='par_1_27' title="bbox 524 2541 2036 2617">
     <span class='ocr_line' id='line_1_27' title="bbox 524 2541 2036 2617; baseline -0.003 -16"><span class='ocrx_word' id='word_1_178' title='bbox 524 2546 596 2602; x_wconf 86' lang='lat' dir='ltr'><strong>Et</strong></span> <span class='ocrx_word' id='word_1_179' title='bbox 630 2557 755 2605; x_wconf 82' lang='lat' dir='ltr'><strong>tunc</strong></span> <span class='ocrx_word' id='word_1_180' title='bbox 776 2546 920 2607; x_wconf 79' lang='lat' dir='ltr'><strong>vadit</strong></span> <span class='ocrx_word' id='word_1_181' title='bbox 954 2555 1005 2609; x_wconf 86' lang='lat' dir='ltr'><strong>et</strong></span> <span class='ocrx_word' id='word_1_182' title='bbox 1038 2546 1259 2605; x_wconf 73' lang='lat' dir='ltr'><strong>assunrit</strong></span> <span class='ocrx_word' id='word_1_183' title='bbox 1287 2554 1483 2617; x_wconf 80' lang='lat' dir='ltr'><strong>septem</strong></span> <span class='ocrx_word' id='word_1_184' title='bbox 1517 2542 1652 2599; x_wconf 88' lang='lat' dir='ltr'><strong>alios</strong></span> <span class='ocrx_word' id='word_1_185' title='bbox 1686 2541 1905 2615; x_wconf 81' lang='lat' dir='ltr'><strong>spiritus</strong></span> <span class='ocrx_word' id='word_1_186' title='bbox 1941 2558 2036 2597; x_wconf 81' lang='lat' dir='ltr'><strong>ue-</strong></span> 
     </span>
    </p>
   </div>
   <div class='ocr_carea' id='block_1_28' title="bbox 452 2636 2039 2719">
    <p class='ocr_par' dir='ltr' id='par_1_28' title="bbox 452 2636 2039 2719">
     <span class='ocr_line' id='line_1_28' title="bbox 452 2636 2039 2719; baseline -0.004 -18"><span class='ocrx_word' id='word_1_187' title='bbox 452 2642 662 2713; x_wconf 72' lang='lat' dir='ltr'><strong>quiores</strong></span> <span class='ocrx_word' id='word_1_188' title='bbox 689 2658 765 2706; x_wconf 85' lang='lat' dir='ltr'><strong>se,</strong></span> <span class='ocrx_word' id='word_1_189' title='bbox 787 2650 835 2701; x_wconf 80' lang='lat' dir='ltr'><strong>et</strong></span> <span class='ocrx_word' id='word_1_190' title='bbox 863 2641 1088 2712; x_wconf 79' lang='lat' dir='ltr'><strong>ingressi</strong></span> <span class='ocrx_word' id='word_1_191' title='bbox 1111 2640 1351 2719; x_wconf 75' lang='lat' dir='ltr'><strong>habitant</strong></span> <span class='ocrx_word' id='word_1_192' title='bbox 1373 2640 1467 2696; x_wconf 92' lang='lat' dir='ltr'><strong>ibi.</strong></span> <span class='ocrx_word' id='word_1_193' title='bbox 1496 2639 1602 2696; x_wconf 89' lang='lat' dir='ltr'><strong>Per</strong></span> <span class='ocrx_word' id='word_1_194' title='bbox 1629 2645 1839 2709; x_wconf 87' lang='lat' dir='ltr'><strong>septem</strong></span> <span class='ocrx_word' id='word_1_195' title='bbox 1866 2636 2039 2697; x_wconf 82' lang='lat' dir='ltr'><strong>malos</strong></span> 
     </span>
    </p>
   </div>
   <div class='ocr_carea' id='block_1_29' title="bbox 453 2729 2040 2804">
    <p class='ocr_par' dir='ltr' id='par_1_29' title="bbox 453 2729 2040 2804">
     <span class='ocr_line' id='line_1_29' title="bbox 453 2729 2040 2804; baseline 0.001 -16"><span class='ocrx_word' id='word_1_196' title='bbox 453 2732 680 2803; x_wconf 78' lang='lat' dir='ltr'><strong>spiritus</strong></span> <span class='ocrx_word' id='word_1_197' title='bbox 710 2733 963 2789; x_wconf 74' lang='lat' dir='ltr'><strong>universa</strong></span> <span class='ocrx_word' id='word_1_198' title='bbox 993 2732 1127 2789; x_wconf 90' lang='lat' dir='ltr'><strong>vitia</strong></span> <span class='ocrx_word' id='word_1_199' title='bbox 1178 2732 1446 2804; x_wconf 78' lang='lat' dir='ltr'><strong>designat.</strong></span> <span class='ocrx_word' id='word_1_200' title='bbox 1482 2731 1870 2800; x_wconf 81' lang='lat' dir='ltr'><strong>Quemcunque</strong></span> <span class='ocrx_word' id='word_1_201' title='bbox 1889 2729 2040 2789; x_wconf 85' lang='lat' dir='ltr'><strong>enim</strong></span> 
     </span>
    </p>
   </div>
   <div class='ocr_carea' id='block_1_30' title="bbox 451 2821 2035 2897">
    <p class='ocr_par' dir='ltr' id='par_1_30' title="bbox 451 2821 2035 2897">
     <span class='ocr_line' id='line_1_30' title="bbox 451 2821 2035 2897; baseline -0.002 -18"><span class='ocrx_word' id='word_1_202' title='bbox 451 2834 579 2896; x_wconf 83' lang='lat' dir='ltr'><strong>post</strong></span> <span class='ocrx_word' id='word_1_203' title='bbox 601 2824 869 2897; x_wconf 89' lang='lat' dir='ltr'><strong>baptisma</strong></span> <span class='ocrx_word' id='word_1_204' title='bbox 900 2825 1016 2882; x_wconf 87' lang='lat' dir='ltr'><strong>sive</strong></span> <span class='ocrx_word' id='word_1_205' title='bbox 1040 2825 1284 2897; x_wconf 78' lang='lat' dir='ltr'><strong>pravitas</strong></span> <span class='ocrx_word' id='word_1_206' title='bbox 1315 2824 1595 2889; x_wconf 62' lang='lat' dir='ltr'><strong>haeretica,</strong></span> <span class='ocrx_word' id='word_1_207' title='bbox 1632 2837 1727 2879; x_wconf 85' lang='lat' dir='ltr'><strong>seu</strong></span> <span class='ocrx_word' id='word_1_208' title='bbox 1764 2821 2035 2881; x_wconf 85' lang='lat' dir='ltr'><strong>mundana</strong></span> 
     </span>
    </p>
   </div>
   <div class='ocr_carea' id='block_1_31' title="bbox 452 2912 2036 2988">
    <p class='ocr_par' dir='ltr' id='par_1_31' title="bbox 452 2912 2036 2988">
     <span class='ocr_line' id='line_1_31' title="bbox 452 2912 2036 2988; baseline 0 -17"><span class='ocrx_word' id='word_1_209' title='bbox 452 2915 719 2986; x_wconf 78' lang='lat' dir='ltr'><strong>cupiditas</strong></span> <span class='ocrx_word' id='word_1_210' title='bbox 754 2917 1013 2988; x_wconf 88' lang='lat' dir='ltr'><strong>arripuit,</strong></span> <span class='ocrx_word' id='word_1_211' title='bbox 1055 2931 1181 2973; x_wconf 89' lang='lat' dir='ltr'><strong>mox</strong></span> <span class='ocrx_word' id='word_1_212' title='bbox 1217 2915 1459 2972; x_wconf 88' lang='lat' dir='ltr'><strong>omnium</strong></span> <span class='ocrx_word' id='word_1_213' title='bbox 1485 2920 1796 2987; x_wconf 81' lang='lat' dir='ltr'><strong>prosternet</strong></span> <span class='ocrx_word' id='word_1_214' title='bbox 1829 2912 1884 2968; x_wconf 92' lang='lat' dir='ltr'><strong>in</strong></span> <span class='ocrx_word' id='word_1_215' title='bbox 1926 2912 2036 2971; x_wconf 83' lang='lat' dir='ltr'><strong>ima</strong></span> 
     </span>
    </p>
   </div>
   <div class='ocr_carea' id='block_1_32' title="bbox 452 3001 2038 3075">
    <p class='ocr_par' dir='ltr' id='par_1_32' title="bbox 452 3001 2038 3075">
     <span class='ocr_line' id='line_1_32' title="bbox 452 3001 2038 3075; baseline 0.001 -18"><span class='ocrx_word' id='word_1_216' title='bbox 452 3004 727 3063; x_wconf 84' lang='lat' dir='ltr'><strong>vitiorum.</strong></span> <span class='ocrx_word' id='word_1_217' title='bbox 781 3004 937 3065; x_wconf 85' lang='lat' dir='ltr'><strong>Unde</strong></span> <span class='ocrx_word' id='word_1_218' title='bbox 976 3012 1141 3071; x_wconf 87' lang='lat' dir='ltr'><strong>recte,</strong></span> <span class='ocrx_word' id='word_1_219' title='bbox 1199 3004 1491 3075; x_wconf 75' lang='lat' dir='ltr'><strong>nequiores</strong></span> <span class='ocrx_word' id='word_1_220' title='bbox 1532 3012 1663 3069; x_wconf 77' lang='lat' dir='ltr'><strong>tunc</strong></span> <span class='ocrx_word' id='word_1_221' title='bbox 1702 3018 1768 3059; x_wconf 89' lang='lat' dir='ltr'><strong>eo</strong></span> <span class='ocrx_word' id='word_1_222' title='bbox 1813 3001 2038 3072; x_wconf 84' lang='lat' dir='ltr'><strong>spiritus</strong></span> 
     </span>
    </p>
   </div>
   <div class='ocr_carea' id='block_1_33' title="bbox 451 3094 2037 3169">
    <p class='ocr_par' dir='ltr' id='par_1_33' title="bbox 451 3094 2037 3169">
     <span class='ocr_line' id='line_1_33' title="bbox 451 3094 2037 3169; baseline 0.003 -22"><span class='ocrx_word' id='word_1_223' title='bbox 451 3094 707 3157; x_wconf 81' lang='lat' dir='ltr'><strong>diwntur</strong></span> <span class='ocrx_word' id='word_1_224' title='bbox 742 3095 995 3169; x_wconf 89' lang='lat' dir='ltr'><strong>ingressi,</strong></span> <span class='ocrx_word' id='word_1_225' title='bbox 1034 3097 1163 3167; x_wconf 90' lang='lat' dir='ltr'><strong>quia</strong></span> <span class='ocrx_word' id='word_1_226' title='bbox 1202 3112 1310 3153; x_wconf 90' lang='lat' dir='ltr'><strong>non</strong></span> <span class='ocrx_word' id='word_1_227' title='bbox 1349 3095 1525 3155; x_wconf 81' lang='lat' dir='ltr'><strong>solum</strong></span> <span class='ocrx_word' id='word_1_228' title='bbox 1558 3094 1780 3152; x_wconf 84' lang='lat' dir='ltr'><strong>habebit</strong></span> <span class='ocrx_word' id='word_1_229' title='bbox 1815 3094 1908 3153; x_wconf 82' lang='lat' dir='ltr'><strong>illa</strong></span> <span class='ocrx_word' id='word_1_230' title='bbox 1949 3110 2037 3151; x_wconf 70' lang='lat' dir='ltr'><strong>se~</strong></span> 
     </span>
    </p>
   </div>
   <div class='ocr_carea' id='block_1_34' title="bbox 2136 538 3729 613">
    <p class='ocr_par' dir='ltr' id='par_1_34' title="bbox 2136 538 3729 613">
     <span class='ocr_line' id='line_1_34' title="bbox 2136 538 3729 613; baseline 0.004 -18"><span class='ocrx_word' id='word_1_231' title='bbox 2136 538 2258 609; x_wconf 88' lang='lat' dir='ltr'><strong>jore</strong></span> <span class='ocrx_word' id='word_1_232' title='bbox 2296 540 2597 595; x_wconf 76' lang='lat' dir='ltr'><strong>daemonum</strong></span> <span class='ocrx_word' id='word_1_233' title='bbox 2626 554 2862 595; x_wconf 83' lang='lat' dir='ltr'><strong>numero</strong></span> <span class='ocrx_word' id='word_1_234' title='bbox 2887 539 3252 612; x_wconf 88' lang='lat' dir='ltr'><strong>possidentur,</strong></span> <span class='ocrx_word' id='word_1_235' title='bbox 3283 540 3729 613; x_wconf 86' lang='lat' dir='ltr'><strong>hlasphemantcs</strong></span> 
     </span>
    </p>
   </div>
   <div class='ocr_carea' id='block_1_35' title="bbox 2142 630 3732 710">
    <p class='ocr_par' dir='ltr' id='par_1_35' title="bbox 2142 630 3732 710">
     <span class='ocr_line' id='line_1_35' title="bbox 2142 630 3732 710; baseline 0.001 -19"><span class='ocrx_word' id='word_1_236' title='bbox 2142 633 2198 691; x_wconf 87' lang='lat' dir='ltr'><strong>in</strong></span> <span class='ocrx_word' id='word_1_237' title='bbox 2225 633 2513 704; x_wconf 78' lang='lat' dir='ltr'><strong>synagogis</strong></span> <span class='ocrx_word' id='word_1_238' title='bbox 2543 633 2657 689; x_wconf 86' lang='lat' dir='ltr'><strong>suis</strong></span> <span class='ocrx_word' id='word_1_239' title='bbox 2681 632 2957 689; x_wconf 88' lang='lat' dir='ltr'><strong>Christum</strong></span> <span class='ocrx_word' id='word_1_240' title='bbox 2983 630 3190 700; x_wconf 70' lang='lat' dir='ltr'><strong>Iesum,</strong></span> <span class='ocrx_word' id='word_1_241' title='bbox 3217 648 3378 705; x_wconf 88' lang='lat' dir='ltr'><strong>quam</strong></span> <span class='ocrx_word' id='word_1_242' title='bbox 3411 636 3467 692; x_wconf 91' lang='lat' dir='ltr'><strong>in</strong></span> <span class='ocrx_word' id='word_1_243' title='bbox 3488 635 3732 710; x_wconf 65' lang='lat' dir='ltr'><strong>Egypto</strong></span> 
     </span>
    </p>
   </div>
   <div class='ocr_carea' id='block_1_36' title="bbox 2140 724 3732 796">
    <p class='ocr_par' dir='ltr' id='par_1_36' title="bbox 2140 724 3732 796">
     <span class='ocr_line' id='line_1_36' title="bbox 2140 724 3732 796; baseline 0.002 -15"><span class='ocrx_word' id='word_1_244' title='bbox 2140 726 2374 796; x_wconf 86' lang='lat' dir='ltr'><strong>possessi</strong></span> <span class='ocrx_word' id='word_1_245' title='bbox 2404 724 2617 785; x_wconf 77' lang='lat' dir='ltr'><strong>fuerant</strong></span> <span class='ocrx_word' id='word_1_246' title='bbox 2648 734 2777 781; x_wconf 80' lang='lat' dir='ltr'><strong>ante</strong></span> <span class='ocrx_word' id='word_1_247' title='bbox 2816 724 2951 795; x_wconf 80' lang='lat' dir='ltr'><strong>legis</strong></span> <span class='ocrx_word' id='word_1_248' title='bbox 2977 725 3251 783; x_wconf 85' lang='lat' dir='ltr'><strong>notitiam.</strong></span> <span class='ocrx_word' id='word_1_249' title='bbox 3292 724 3431 792; x_wconf 89' lang='lat' dir='ltr'><strong>Quia</strong></span> <span class='ocrx_word' id='word_1_250' title='bbox 3466 726 3616 785; x_wconf 86' lang='lat' dir='ltr'><strong>aliud</strong></span> <span class='ocrx_word' id='word_1_251' title='bbox 3645 736 3732 784; x_wconf 87' lang='lat' dir='ltr'><strong>est</strong></span> 
     </span>
    </p>
   </div>
   <div class='ocr_carea' id='block_1_37' title="bbox 2141 816 3735 897">
    <p class='ocr_par' dir='ltr' id='par_1_37' title="bbox 2141 816 3735 897">
     <span class='ocr_line' id='line_1_37' title="bbox 2141 816 3735 897; baseline 0.004 -25"><span class='ocrx_word' id='word_1_252' title='bbox 2141 825 2429 872; x_wconf 88' lang='lat' dir='ltr'><strong>venturum</strong></span> <span class='ocrx_word' id='word_1_253' title='bbox 2478 833 2586 873; x_wconf 90' lang='lat' dir='ltr'><strong>non</strong></span> <span class='ocrx_word' id='word_1_254' title='bbox 2635 819 2880 885; x_wconf 86' lang='lat' dir='ltr'><strong>credere,</strong></span> <span class='ocrx_word' id='word_1_255' title='bbox 2927 816 3073 874; x_wconf 87' lang='lat' dir='ltr'><strong>aliud</strong></span> <span class='ocrx_word' id='word_1_256' title='bbox 3116 832 3243 875; x_wconf 86' lang='lat' dir='ltr'><strong>cum</strong></span> <span class='ocrx_word' id='word_1_257' title='bbox 3286 833 3397 878; x_wconf 81' lang='lat' dir='ltr'><strong>non</strong></span> <span class='ocrx_word' id='word_1_258' title='bbox 3424 820 3735 897; x_wconf 83' lang='lat' dir='ltr'><strong>suscepisse</strong></span> 
     </span>
    </p>
   </div>
   <div class='ocr_carea' id='block_1_38' title="bbox 2141 906 3733 981">
    <p class='ocr_par' dir='ltr' id='par_1_38' title="bbox 2141 906 3733 981">
     <span class='ocr_line' id='line_1_38' title="bbox 2141 906 3733 981; baseline 0.005 -20"><span class='ocrx_word' id='word_1_259' title='bbox 2141 907 2234 978; x_wconf 89' lang='lat' dir='ltr'><strong>qui</strong></span> <span class='ocrx_word' id='word_1_260' title='bbox 2261 908 2486 964; x_wconf 84' lang='lat' dir='ltr'><strong>venerit.</strong></span> <span class='ocrx_word' id='word_1_261' title='bbox 2520 906 2900 981; x_wconf 83' lang='lat' dir='ltr'><strong>Septenarium</strong></span> <span class='ocrx_word' id='word_1_262' title='bbox 2928 909 3075 965; x_wconf 88' lang='lat' dir='ltr'><strong>enim</strong></span> <span class='ocrx_word' id='word_1_263' title='bbox 3101 923 3389 971; x_wconf 81' lang='lat' dir='ltr'><strong>numerum</strong></span> <span class='ocrx_word' id='word_1_264' title='bbox 3415 910 3733 981; x_wconf 86' lang='lat' dir='ltr'><strong>adjunctum</strong></span> 
     </span>
    </p>
   </div>
   <div class='ocr_carea' id='block_1_39' title="bbox 2142 1000 3739 1078">
    <p class='ocr_par' dir='ltr' id='par_1_39' title="bbox 2142 1000 3739 1078">
     <span class='ocr_line' id='line_1_39' title="bbox 2142 1000 3739 1078; baseline 0.003 -22"><span class='ocrx_word' id='word_1_265' title='bbox 2142 1000 2376 1067; x_wconf 89' lang='lat' dir='ltr'><strong>diabolo,</strong></span> <span class='ocrx_word' id='word_1_266' title='bbox 2402 1001 2486 1056; x_wconf 90' lang='lat' dir='ltr'><strong>vel</strong></span> <span class='ocrx_word' id='word_1_267' title='bbox 2513 1010 2735 1071; x_wconf 88' lang='lat' dir='ltr'><strong>propter</strong></span> <span class='ocrx_word' id='word_1_268' title='bbox 2772 1001 3061 1067; x_wconf 78' lang='lat' dir='ltr'><strong>sabbatum</strong></span> <span class='ocrx_word' id='word_1_269' title='bbox 3105 1000 3366 1077; x_wconf 86' lang='lat' dir='ltr'><strong>intellige,</strong></span> <span class='ocrx_word' id='word_1_270' title='bbox 3395 1005 3481 1059; x_wconf 91' lang='lat' dir='ltr'><strong>vel</strong></span> <span class='ocrx_word' id='word_1_271' title='bbox 3507 1014 3739 1078; x_wconf 83' lang='lat' dir='ltr'><strong>prOptcr</strong></span> 
     </span>
    </p>
   </div>
   <div class='ocr_carea' id='block_1_40' title="bbox 2140 1091 3736 1163">
    <p class='ocr_par' dir='ltr' id='par_1_40' title="bbox 2140 1091 3736 1163">
     <span class='ocr_line' id='line_1_40' title="bbox 2140 1091 3736 1163; baseline 0.005 -17"><span class='ocrx_word' id='word_1_272' title='bbox 2140 1107 2427 1146; x_wconf 84' lang='lat' dir='ltr'><strong>numerum</strong></span> <span class='ocrx_word' id='word_1_273' title='bbox 2458 1091 2693 1161; x_wconf 86' lang='lat' dir='ltr'><strong>Spiritus</strong></span> <span class='ocrx_word' id='word_1_274' title='bbox 2736 1094 2932 1156; x_wconf 89' lang='lat' dir='ltr'><strong>sancti,</strong></span> <span class='ocrx_word' id='word_1_275' title='bbox 2972 1101 3034 1148; x_wconf 87' lang='lat' dir='ltr'><strong>ut</strong></span> <span class='ocrx_word' id='word_1_276' title='bbox 3060 1094 3334 1163; x_wconf 84' lang='lat' dir='ltr'><strong>quomodo</strong></span> <span class='ocrx_word' id='word_1_277' title='bbox 3368 1095 3424 1152; x_wconf 88' lang='lat' dir='ltr'><strong>in</strong></span> <span class='ocrx_word' id='word_1_278' title='bbox 3468 1097 3608 1154; x_wconf 87' lang='lat' dir='ltr'><strong>Isaia</strong></span> <span class='ocrx_word' id='word_1_279' title='bbox 3642 1115 3736 1154; x_wconf 87' lang='lat' dir='ltr'><strong>su-</strong></span> 
     </span>
    </p>
   </div>
   <div class='ocr_carea' id='block_1_41' title="bbox 2140 1182 3736 1265">
    <p class='ocr_par' dir='ltr' id='par_1_41' title="bbox 2140 1182 3736 1265">
     <span class='ocr_line' id='line_1_41' title="bbox 2140 1182 3736 1265; baseline 0.006 -29"><span class='ocrx_word' id='word_1_280' title='bbox 2140 1196 2241 1252; x_wconf 89' lang='lat' dir='ltr'><strong>per</strong></span> <span class='ocrx_word' id='word_1_281' title='bbox 2269 1183 2478 1255; x_wconf 79' lang='lat' dir='ltr'><strong>virgam</strong></span> <span class='ocrx_word' id='word_1_282' title='bbox 2509 1184 2576 1238; x_wconf 88' lang='lat' dir='ltr'><strong>de</strong></span> <span class='ocrx_word' id='word_1_283' title='bbox 2605 1184 2789 1240; x_wconf 86' lang='lat' dir='ltr'><strong>radice</strong></span> <span class='ocrx_word' id='word_1_284' title='bbox 2816 1182 2990 1252; x_wconf 77' lang='lat' dir='ltr'><strong>Iesse,</strong></span> <span class='ocrx_word' id='word_1_285' title='bbox 3020 1193 3078 1241; x_wconf 88' lang='lat' dir='ltr'><strong>et</strong></span> <span class='ocrx_word' id='word_1_286' title='bbox 3103 1184 3293 1243; x_wconf 76' lang='lat' dir='ltr'><strong>ﬁerent</strong></span> <span class='ocrx_word' id='word_1_287' title='bbox 3329 1189 3424 1265; x_wconf 89' lang='lat' dir='ltr'><strong>qui</strong></span> <span class='ocrx_word' id='word_1_288' title='bbox 3450 1188 3736 1257; x_wconf 79' lang='lat' dir='ltr'><strong>deradice</strong></span> 
     </span>
    </p>
   </div>
   <div class='ocr_carea' id='block_1_42' title="bbox 2142 1272 3739 1349">
    <p class='ocr_par' dir='ltr' id='par_1_42' title="bbox 2142 1272 3739 1349">
     <span class='ocr_line' id='line_1_42' title="bbox 2142 1272 3739 1349; baseline 0.005 -19"><span class='ocrx_word' id='word_1_289' title='bbox 2142 1272 2261 1344; x_wconf 85' lang='lat' dir='ltr'><strong>ejus</strong></span> <span class='ocrx_word' id='word_1_290' title='bbox 2309 1276 2651 1342; x_wconf 80' lang='lat' dir='ltr'><strong>conscendit,</strong></span> <span class='ocrx_word' id='word_1_291' title='bbox 2678 1285 2885 1347; x_wconf 83' lang='lat' dir='ltr'><strong>septem</strong></span> <span class='ocrx_word' id='word_1_292' title='bbox 2932 1278 3158 1349; x_wconf 88' lang='lat' dir='ltr'><strong>spiritus</strong></span> <span class='ocrx_word' id='word_1_293' title='bbox 3202 1278 3469 1336; x_wconf 85' lang='lat' dir='ltr'><strong>virtutum</strong></span> <span class='ocrx_word' id='word_1_294' title='bbox 3513 1282 3739 1338; x_wconf 87' lang='lat' dir='ltr'><strong>descen-</strong></span> 
     </span>
    </p>
   </div>
   <div class='ocr_carea' id='block_1_43' title="bbox 2142 1362 3738 1433">
    <p class='ocr_par' dir='ltr' id='par_1_43' title="bbox 2142 1362 3738 1433">
     <span class='ocr_line' id='line_1_43' title="bbox 2142 1362 3738 1433; baseline 0.007 -15"><span class='ocrx_word' id='word_1_295' title='bbox 2142 1363 2288 1421; x_wconf 89' lang='lat' dir='ltr'><strong>disse</strong></span> <span class='ocrx_word' id='word_1_296' title='bbox 2329 1373 2645 1433; x_wconf 87' lang='lat' dir='ltr'><strong>narrantur,</strong></span> <span class='ocrx_word' id='word_1_297' title='bbox 2678 1365 2753 1420; x_wconf 89' lang='lat' dir='ltr'><strong>ita</strong></span> <span class='ocrx_word' id='word_1_298' title='bbox 2793 1373 2848 1421; x_wconf 91' lang='lat' dir='ltr'><strong>et</strong></span> <span class='ocrx_word' id='word_1_299' title='bbox 2877 1381 2909 1422; x_wconf 91' lang='lat' dir='ltr'><strong>e</strong></span> <span class='ocrx_word' id='word_1_300' title='bbox 2944 1368 3220 1425; x_wconf 87' lang='lat' dir='ltr'><strong>contrario</strong></span> <span class='ocrx_word' id='word_1_301' title='bbox 3248 1369 3504 1427; x_wconf 88' lang='lat' dir='ltr'><strong>vitiorum</strong></span> <span class='ocrx_word' id='word_1_302' title='bbox 3528 1362 3738 1429; x_wconf 39' lang='lat' dir='ltr'><strong>‘nnmed</strong></span> 
     </span>
    </p>
   </div>
   <div class='ocr_carea' id='block_1_44' title="bbox 2144 1455 3055 1513">
    <p class='ocr_par' dir='ltr' id='par_1_44' title="bbox 2144 1455 3055 1513">
     <span class='ocr_line' id='line_1_44' title="bbox 2144 1455 3055 1513; baseline 0.001 -3"><span class='ocrx_word' id='word_1_303' title='bbox 2144 1470 2237 1510; x_wconf 81' lang='lat' dir='ltr'><strong>rus</strong></span> <span class='ocrx_word' id='word_1_304' title='bbox 2263 1458 2319 1510; x_wconf 91' lang='lat' dir='ltr'><strong>in</strong></span> <span class='ocrx_word' id='word_1_305' title='bbox 2346 1455 2560 1511; x_wconf 89' lang='lat' dir='ltr'><strong>diabolo</strong></span> <span class='ocrx_word' id='word_1_306' title='bbox 2587 1465 2938 1513; x_wconf 86' lang='lat' dir='ltr'><strong>consecratus</strong></span> <span class='ocrx_word' id='word_1_307' title='bbox 2965 1459 3055 1513; x_wconf 91' lang='lat' dir='ltr'><strong>sit.</strong></span> 
     </span>
    </p>
   </div>
   <div class='ocr_carea' id='block_1_45' title="bbox 2213 1544 3732 1616">
    <p class='ocr_par' dir='ltr' id='par_1_45' title="bbox 2213 1544 3732 1616">
     <span class='ocr_line' id='line_1_45' title="bbox 2213 1544 3732 1616; baseline 0.005 -17"><span class='ocrx_word' id='word_1_308' title='bbox 2213 1544 2442 1600; x_wconf 83' lang='lat' dir='ltr'><strong>Factum</strong></span> <span class='ocrx_word' id='word_1_309' title='bbox 2470 1556 2543 1600; x_wconf 89' lang='lat' dir='ltr'><strong>est</strong></span> <span class='ocrx_word' id='word_1_310' title='bbox 2565 1555 2740 1600; x_wconf 79' lang='lat' dir='ltr'><strong>autem</strong></span> <span class='ocrx_word' id='word_1_311' title='bbox 2760 1563 2879 1601; x_wconf 87' lang='lat' dir='ltr'><strong>cum</strong></span> <span class='ocrx_word' id='word_1_312' title='bbox 2898 1547 3011 1602; x_wconf 73' lang='lat' dir='ltr'><strong>[nec</strong></span> <span class='ocrx_word' id='word_1_313' title='bbox 3032 1547 3250 1616; x_wconf 81' lang='lat' dir='ltr'><strong>diceret,</strong></span> <span class='ocrx_word' id='word_1_314' title='bbox 3277 1549 3533 1606; x_wconf 73' lang='lat' dir='ltr'><strong>extollens</strong></span> <span class='ocrx_word' id='word_1_315' title='bbox 3555 1566 3732 1607; x_wconf 77' lang='lat' dir='ltr'><strong>vocem</strong></span> 
     </span>
    </p>
   </div>
   <div class='ocr_carea' id='block_1_46' title="bbox 2142 1633 3735 1713">
    <p class='ocr_par' dir='ltr' id='par_1_46' title="bbox 2142 1633 3735 1713">
     <span class='ocr_line' id='line_1_46' title="bbox 2142 1633 3735 1713; baseline 0.006 -25"><span class='ocrx_word' id='word_1_316' title='bbox 2142 1634 2386 1709; x_wconf 66' lang='lat' dir='ltr'><strong>quietiam</strong></span> <span class='ocrx_word' id='word_1_317' title='bbox 2413 1633 2606 1691; x_wconf 81' lang='lat' dir='ltr'><strong>mulier</strong></span> <span class='ocrx_word' id='word_1_318' title='bbox 2635 1635 2700 1690; x_wconf 89' lang='lat' dir='ltr'><strong>de</strong></span> <span class='ocrx_word' id='word_1_319' title='bbox 2725 1636 2880 1690; x_wconf 86' lang='lat' dir='ltr'><strong>turba</strong></span> <span class='ocrx_word' id='word_1_320' title='bbox 2914 1636 3047 1691; x_wconf 76' lang='lat' dir='ltr'><strong>dixit</strong></span> <span class='ocrx_word' id='word_1_321' title='bbox 3074 1638 3195 1693; x_wconf 86' lang='lat' dir='ltr'><strong>illi:</strong></span> <span class='ocrx_word' id='word_1_322' title='bbox 3218 1638 3414 1695; x_wconf 84' lang='lat' dir='ltr'><strong>Beatus</strong></span> <span class='ocrx_word' id='word_1_323' title='bbox 3446 1652 3624 1697; x_wconf 78' lang='lat' dir='ltr'><strong>venter</strong></span> <span class='ocrx_word' id='word_1_324' title='bbox 3642 1644 3735 1713; x_wconf 86' lang='lat' dir='ltr'><strong>qui</strong></span> 
     </span>
    </p>
   </div>
   <div class='ocr_carea' id='block_1_47' title="bbox 2144 1727 3736 1803">
    <p class='ocr_par' dir='ltr' id='par_1_47' title="bbox 2144 1727 3736 1803">
     <span class='ocr_line' id='line_1_47' title="bbox 2144 1727 3736 1803; baseline 0.006 -23"><span class='ocrx_word' id='word_1_325' title='bbox 2144 1736 2195 1781; x_wconf 80' lang='lat' dir='ltr'><strong>te</strong></span> <span class='ocrx_word' id='word_1_326' title='bbox 2226 1727 2471 1797; x_wconf 85' lang='lat' dir='ltr'><strong>portavit,</strong></span> <span class='ocrx_word' id='word_1_327' title='bbox 2504 1736 2554 1781; x_wconf 88' lang='lat' dir='ltr'><strong>et</strong></span> <span class='ocrx_word' id='word_1_328' title='bbox 2586 1727 2747 1781; x_wconf 81' lang='lat' dir='ltr'><strong>ubera</strong></span> <span class='ocrx_word' id='word_1_329' title='bbox 2780 1744 2899 1803; x_wconf 70' lang='lat' dir='ltr'><strong>qua:</strong></span> <span class='ocrx_word' id='word_1_330' title='bbox 2931 1728 3144 1787; x_wconf 76' lang='lat' dir='ltr'><strong>suxisti.</strong></span> <span class='ocrx_word' id='word_1_331' title='bbox 3194 1730 3402 1803; x_wconf 68' lang='lat' dir='ltr'><strong>Magna:</strong></span> <span class='ocrx_word' id='word_1_332' title='bbox 3430 1734 3736 1792; x_wconf 83' lang='lat' dir='ltr'><strong>devotionis</strong></span> 
     </span>
    </p>
   </div>
   <div class='ocr_carea' id='block_1_48' title="bbox 2145 1802 3736 1891">
    <p class='ocr_par' dir='ltr' id='par_1_48' title="bbox 2145 1802 3736 1891">
     <span class='ocr_line' id='line_1_48' title="bbox 2145 1802 3736 1891; baseline 0.004 -17"><span class='ocrx_word' id='word_1_333' title='bbox 2145 1825 2201 1875; x_wconf 88' lang='lat' dir='ltr'><strong>et</strong></span> <span class='ocrx_word' id='word_1_334' title='bbox 2226 1817 2353 1872; x_wconf 89' lang='lat' dir='ltr'><strong>ﬁdei</strong></span> <span class='ocrx_word' id='word_1_335' title='bbox 2380 1817 2495 1872; x_wconf 62' lang='lat' dir='ltr'><strong>hinc</strong></span> <span class='ocrx_word' id='word_1_336' title='bbox 2522 1816 2717 1874; x_wconf 91' lang='lat' dir='ltr'><strong>mulier</strong></span> <span class='ocrx_word' id='word_1_337' title='bbox 2740 1802 3067 1887; x_wconf 82' lang='lat' dir='ltr'><strong>ostenditur,</strong></span> <span class='ocrx_word' id='word_1_338' title='bbox 3123 1836 3246 1891; x_wconf 62' lang='lat' dir='ltr'><strong>quae</strong></span> <span class='ocrx_word' id='word_1_339' title='bbox 3275 1802 3482 1880; x_wconf 89' lang='lat' dir='ltr'><strong>Scribis</strong></span> <span class='ocrx_word' id='word_1_340' title='bbox 3507 1834 3564 1880; x_wconf 93' lang='lat' dir='ltr'><strong>et</strong></span> <span class='ocrx_word' id='word_1_341' title='bbox 3592 1826 3736 1881; x_wconf 86' lang='lat' dir='ltr'><strong>Pha-</strong></span> 
     </span>
    </p>
   </div>
   <div class='ocr_carea' id='block_1_49' title="bbox 2142 1906 3731 1987">
    <p class='ocr_par' dir='ltr' id='par_1_49' title="bbox 2142 1906 3731 1987">
     <span class='ocr_line' id='line_1_49' title="bbox 2142 1906 3731 1987; baseline 0.007 -26"><span class='ocrx_word' id='word_1_342' title='bbox 2142 1906 2318 1965; x_wconf 67' lang='lat' dir='ltr'><strong>risaais</strong></span> <span class='ocrx_word' id='word_1_343' title='bbox 2339 1906 2629 1964; x_wconf 86' lang='lat' dir='ltr'><strong>Dominum</strong></span> <span class='ocrx_word' id='word_1_344' title='bbox 2671 1909 3006 1966; x_wconf 80' lang='lat' dir='ltr'><strong>tentantibus</strong></span> <span class='ocrx_word' id='word_1_345' title='bbox 3032 1911 3194 1967; x_wconf 89' lang='lat' dir='ltr'><strong>simul</strong></span> <span class='ocrx_word' id='word_1_346' title='bbox 3222 1921 3278 1968; x_wconf 90' lang='lat' dir='ltr'><strong>et</strong></span> <span class='ocrx_word' id='word_1_347' title='bbox 3302 1913 3731 1987; x_wconf 82' lang='lat' dir='ltr'><strong>blasphemanti-</strong></span> 
     </span>
    </p>
   </div>
   <div class='ocr_carea' id='block_1_50' title="bbox 2138 1998 3728 2074">
    <p class='ocr_par' dir='ltr' id='par_1_50' title="bbox 2138 1998 3728 2074">
     <span class='ocr_line' id='line_1_50' title="bbox 2138 1998 3728 2074; baseline 0.005 -19"><span class='ocrx_word' id='word_1_348' title='bbox 2138 1999 2264 2067; x_wconf 89' lang='lat' dir='ltr'><strong>bus,</strong></span> <span class='ocrx_word' id='word_1_349' title='bbox 2303 2007 2455 2056; x_wconf 79' lang='lat' dir='ltr'><strong>tanta</strong></span> <span class='ocrx_word' id='word_1_350' title='bbox 2496 1998 2614 2069; x_wconf 87' lang='lat' dir='ltr'><strong>ejus</strong></span> <span class='ocrx_word' id='word_1_351' title='bbox 2669 2000 3097 2059; x_wconf 85' lang='lat' dir='ltr'><strong>incarnationem</strong></span> <span class='ocrx_word' id='word_1_352' title='bbox 3160 2019 3276 2074; x_wconf 73' lang='lat' dir='ltr'><strong>prae</strong></span> <span class='ocrx_word' id='word_1_353' title='bbox 3315 2007 3567 2065; x_wconf 88' lang='lat' dir='ltr'><strong>omnibus</strong></span> <span class='ocrx_word' id='word_1_354' title='bbox 3613 2009 3728 2063; x_wconf 89' lang='lat' dir='ltr'><strong>sin-</strong></span> 
     </span>
    </p>
   </div>
   <div class='ocr_carea' id='block_1_51' title="bbox 2140 2090 3729 2163">
    <p class='ocr_par' dir='ltr' id='par_1_51' title="bbox 2140 2090 3729 2163">
     <span class='ocr_line' id='line_1_51' title="bbox 2140 2090 3729 2163; baseline 0.006 -19"><span class='ocrx_word' id='word_1_355' title='bbox 2140 2091 2368 2146; x_wconf 88' lang='lat' dir='ltr'><strong>ceritate</strong></span> <span class='ocrx_word' id='word_1_356' title='bbox 2419 2090 2717 2162; x_wconf 77' lang='lat' dir='ltr'><strong>cognoscit,</strong></span> <span class='ocrx_word' id='word_1_357' title='bbox 2765 2098 2916 2145; x_wconf 89' lang='lat' dir='ltr'><strong>tanta</strong></span> <span class='ocrx_word' id='word_1_358' title='bbox 2968 2090 3164 2148; x_wconf 90' lang='lat' dir='ltr'><strong>ﬁducia</strong></span> <span class='ocrx_word' id='word_1_359' title='bbox 3211 2094 3520 2163; x_wconf 88' lang='lat' dir='ltr'><strong>conﬁtetur,</strong></span> <span class='ocrx_word' id='word_1_360' title='bbox 3574 2106 3635 2153; x_wconf 90' lang='lat' dir='ltr'><strong>ut</strong></span> <span class='ocrx_word' id='word_1_361' title='bbox 3672 2111 3729 2154; x_wconf 87' lang='lat' dir='ltr'><strong>et</strong></span> 
     </span>
    </p>
   </div>
   <div class='ocr_carea' id='block_1_52' title="bbox 2137 2180 3727 2253">
    <p class='ocr_par' dir='ltr' id='par_1_52' title="bbox 2137 2180 3727 2253">
     <span class='ocr_line' id='line_1_52' title="bbox 2137 2180 3727 2253; baseline 0.006 -19"><span class='ocrx_word' id='word_1_362' title='bbox 2137 2180 2485 2251; x_wconf 70' lang='lat' dir='ltr'><strong>praesentium</strong></span> <span class='ocrx_word' id='word_1_363' title='bbox 2547 2196 2836 2253; x_wconf 88' lang='lat' dir='ltr'><strong>procerum</strong></span> <span class='ocrx_word' id='word_1_364' title='bbox 2898 2182 3246 2251; x_wconf 83' lang='lat' dir='ltr'><strong>calumniam,</strong></span> <span class='ocrx_word' id='word_1_365' title='bbox 3319 2192 3376 2240; x_wconf 92' lang='lat' dir='ltr'><strong>et</strong></span> <span class='ocrx_word' id='word_1_366' title='bbox 3418 2185 3727 2244; x_wconf 80' lang='lat' dir='ltr'><strong>futurorum</strong></span> 
     </span>
    </p>
   </div>
   <div class='ocr_carea' id='block_1_53' title="bbox 2137 2270 3729 2343">
    <p class='ocr_par' dir='ltr' id='par_1_53' title="bbox 2137 2270 3729 2343">
     <span class='ocr_line' id='line_1_53' title="bbox 2137 2270 3729 2343; baseline 0.005 -16"><span class='ocrx_word' id='word_1_367' title='bbox 2137 2270 2433 2327; x_wconf 84' lang='lat' dir='ltr'><strong>confundat</strong></span> <span class='ocrx_word' id='word_1_368' title='bbox 2468 2271 2847 2327; x_wconf 75' lang='lat' dir='ltr'><strong>htereticorum</strong></span> <span class='ocrx_word' id='word_1_369' title='bbox 2895 2271 3199 2343; x_wconf 88' lang='lat' dir='ltr'><strong>perﬁdiam.</strong></span> <span class='ocrx_word' id='word_1_370' title='bbox 3243 2274 3377 2331; x_wconf 86' lang='lat' dir='ltr'><strong>Nam</strong></span> <span class='ocrx_word' id='word_1_371' title='bbox 3409 2277 3550 2332; x_wconf 89' lang='lat' dir='ltr'><strong>sicut</strong></span> <span class='ocrx_word' id='word_1_372' title='bbox 3594 2286 3729 2335; x_wconf 84' lang='lat' dir='ltr'><strong>tune</strong></span> 
     </span>
    </p>
   </div>
   <div class='ocr_carea' id='block_1_54' title="bbox 2137 2358 3725 2435">
    <p class='ocr_par' dir='ltr' id='par_1_54' title="bbox 2137 2358 3725 2435">
     <span class='ocr_line' id='line_1_54' title="bbox 2137 2358 3725 2435; baseline 0.004 -18"><span class='ocrx_word' id='word_1_373' title='bbox 2137 2360 2307 2417; x_wconf 67' lang='lat' dir='ltr'><strong>Judaei</strong></span> <span class='ocrx_word' id='word_1_374' title='bbox 2353 2361 2526 2417; x_wconf 87' lang='lat' dir='ltr'><strong>sancti</strong></span> <span class='ocrx_word' id='word_1_375' title='bbox 2567 2358 2805 2433; x_wconf 80' lang='lat' dir='ltr'><strong>Spiritus</strong></span> <span class='ocrx_word' id='word_1_376' title='bbox 2848 2377 3012 2432; x_wconf 91' lang='lat' dir='ltr'><strong>opera</strong></span> <span class='ocrx_word' id='word_1_377' title='bbox 3052 2361 3501 2435; x_wconf 86' lang='lat' dir='ltr'><strong>blasphemando,</strong></span> <span class='ocrx_word' id='word_1_378' title='bbox 3533 2384 3725 2424; x_wconf 87' lang='lat' dir='ltr'><strong>verum</strong></span> 
     </span>
    </p>
   </div>
   <div class='ocr_carea' id='block_1_55' title="bbox 2136 2453 3732 2530">
    <p class='ocr_par' dir='ltr' id='par_1_55' title="bbox 2136 2453 3732 2530">
     <span class='ocr_line' id='line_1_55' title="bbox 2136 2453 3732 2530; baseline 0.005 -19"><span class='ocrx_word' id='word_1_379' title='bbox 2136 2453 2758 2526; x_wconf 87' lang='lat' dir='ltr'><strong>consubstantialemque</strong></span> <span class='ocrx_word' id='word_1_380' title='bbox 2772 2455 2949 2512; x_wconf 86' lang='lat' dir='ltr'><strong>Patris</strong></span> <span class='ocrx_word' id='word_1_381' title='bbox 2961 2456 3055 2511; x_wconf 86' lang='lat' dir='ltr'><strong>Dei</strong></span> <span class='ocrx_word' id='word_1_382' title='bbox 3070 2456 3108 2511; x_wconf 88' lang='lat' dir='ltr'><strong>F</strong></span> <span class='ocrx_word' id='word_1_383' title='bbox 3115 2456 3262 2513; x_wconf 87' lang='lat' dir='ltr'><strong>ilium</strong></span> <span class='ocrx_word' id='word_1_384' title='bbox 3277 2461 3561 2530; x_wconf 87' lang='lat' dir='ltr'><strong>negabant,</strong></span> <span class='ocrx_word' id='word_1_385' title='bbox 3579 2462 3660 2518; x_wconf 88' lang='lat' dir='ltr'><strong>sic</strong></span> <span class='ocrx_word' id='word_1_386' title='bbox 3673 2471 3732 2520; x_wconf 88' lang='lat' dir='ltr'><strong>et</strong></span> 
     </span>
    </p>
   </div>
   <div class='ocr_carea' id='block_1_56' title="bbox 2138 2534 3727 2622">
    <p class='ocr_par' dir='ltr' id='par_1_56' title="bbox 2138 2534 3727 2622">
     <span class='ocr_line' id='line_1_56' title="bbox 2138 2534 3727 2622; baseline 0.003 -20"><span class='ocrx_word' id='word_1_387' title='bbox 2138 2545 2379 2603; x_wconf 63' lang='lat' dir='ltr'><strong>hatretici</strong></span> <span class='ocrx_word' id='word_1_388' title='bbox 2408 2554 2596 2618; x_wconf 87' lang='lat' dir='ltr'><strong>postea</strong></span> <span class='ocrx_word' id='word_1_389' title='bbox 2625 2546 2892 2618; x_wconf 88' lang='lat' dir='ltr'><strong>negando,</strong></span> <span class='ocrx_word' id='word_1_390' title='bbox 2927 2534 3153 2602; x_wconf 74' lang='lat' dir='ltr'><strong>Mariam</strong></span> <span class='ocrx_word' id='word_1_391' title='bbox 3184 2562 3401 2619; x_wconf 85' lang='lat' dir='ltr'><strong>semper</strong></span> <span class='ocrx_word' id='word_1_392' title='bbox 3433 2550 3727 2622; x_wconf 81' lang='lat' dir='ltr'><strong>virginem,</strong></span> 
     </span>
    </p>
   </div>
   <div class='ocr_carea' id='block_1_57' title="bbox 2137 2635 3731 2709">
    <p class='ocr_par' dir='ltr' id='par_1_57' title="bbox 2137 2635 3731 2709">
     <span class='ocr_line' id='line_1_57' title="bbox 2137 2635 3731 2709; baseline 0.003 -17"><span class='ocrx_word' id='word_1_393' title='bbox 2137 2636 2311 2692; x_wconf 82' lang='lat' dir='ltr'><strong>sancti</strong></span> <span class='ocrx_word' id='word_1_394' title='bbox 2342 2635 2576 2707; x_wconf 86' lang='lat' dir='ltr'><strong>Spiritus</strong></span> <span class='ocrx_word' id='word_1_395' title='bbox 2605 2643 2864 2709; x_wconf 89' lang='lat' dir='ltr'><strong>operante</strong></span> <span class='ocrx_word' id='word_1_396' title='bbox 2887 2636 3108 2704; x_wconf 90' lang='lat' dir='ltr'><strong>virtute,</strong></span> <span class='ocrx_word' id='word_1_397' title='bbox 3134 2638 3414 2695; x_wconf 85' lang='lat' dir='ltr'><strong>nascituro</strong></span> <span class='ocrx_word' id='word_1_398' title='bbox 3438 2655 3504 2696; x_wconf 84' lang='lat' dir='ltr'><strong>ex</strong></span> <span class='ocrx_word' id='word_1_399' title='bbox 3533 2642 3731 2696; x_wconf 85' lang='lat' dir='ltr'><strong>huma-</strong></span> 
     </span>
    </p>
   </div>
   <div class='ocr_carea' id='block_1_58' title="bbox 2137 2728 3723 2800">
    <p class='ocr_par' dir='ltr' id='par_1_58' title="bbox 2137 2728 3723 2800">
     <span class='ocr_line' id='line_1_58' title="bbox 2137 2728 3723 2800; baseline 0.004 -15"><span class='ocrx_word' id='word_1_400' title='bbox 2137 2728 2224 2785; x_wconf 90' lang='lat' dir='ltr'><strong>nis</strong></span> <span class='ocrx_word' id='word_1_401' title='bbox 2258 2728 2520 2785; x_wconf 89' lang='lat' dir='ltr'><strong>membris</strong></span> <span class='ocrx_word' id='word_1_402' title='bbox 2560 2728 2835 2800; x_wconf 85' lang='lat' dir='ltr'><strong>unigenito</strong></span> <span class='ocrx_word' id='word_1_403' title='bbox 2859 2729 2992 2797; x_wconf 85' lang='lat' dir='ltr'><strong>Deo,</strong></span> <span class='ocrx_word' id='word_1_404' title='bbox 3040 2731 3224 2789; x_wconf 84' lang='lat' dir='ltr'><strong>carnis</strong></span> <span class='ocrx_word' id='word_1_405' title='bbox 3273 2747 3384 2789; x_wconf 77' lang='lat' dir='ltr'><strong>sua:</strong></span> <span class='ocrx_word' id='word_1_406' title='bbox 3433 2735 3723 2791; x_wconf 86' lang='lat' dir='ltr'><strong>materiam</strong></span> 
     </span>
    </p>
   </div>
   <div class='ocr_carea' id='block_1_59' title="bbox 2134 2821 3729 2895">
    <p class='ocr_par' dir='ltr' id='par_1_59' title="bbox 2134 2821 3729 2895">
     <span class='ocr_line' id='line_1_59' title="bbox 2134 2821 3729 2895; baseline 0.003 -17"><span class='ocrx_word' id='word_1_407' title='bbox 2134 2821 2519 2890; x_wconf 89' lang='lat' dir='ltr'><strong>ministrasse,</strong></span> <span class='ocrx_word' id='word_1_408' title='bbox 2560 2838 2750 2878; x_wconf 90' lang='lat' dir='ltr'><strong>verum</strong></span> <span class='ocrx_word' id='word_1_409' title='bbox 2776 2861 2794 2889; x_wconf 95' lang='lat'><strong>,</strong></span> <span class='ocrx_word' id='word_1_410' title='bbox 2853 2823 3480 2895; x_wconf 85' lang='lat' dir='ltr'><strong>consubstantialemque</strong></span> <span class='ocrx_word' id='word_1_411' title='bbox 3523 2826 3729 2884; x_wconf 83' lang='lat' dir='ltr'><strong>matris</strong></span> 
     </span>
    </p>
   </div>
   <div class='ocr_carea' id='block_1_60' title="bbox 2135 2911 3733 2981">
    <p class='ocr_par' dir='ltr' id='par_1_60' title="bbox 2135 2911 3733 2981">
     <span class='ocr_line' id='line_1_60' title="bbox 2135 2911 3733 2981; baseline 0.003 -12"><span class='ocrx_word' id='word_1_412' title='bbox 2135 2913 2312 2973; x_wconf 80' lang='lat' dir='ltr'><strong>ﬁlium</strong></span> <span class='ocrx_word' id='word_1_413' title='bbox 2339 2913 2602 2981; x_wconf 88' lang='lat' dir='ltr'><strong>hominis,</strong></span> <span class='ocrx_word' id='word_1_414' title='bbox 2641 2911 2803 2970; x_wconf 82' lang='lat' dir='ltr'><strong>fateri</strong></span> <span class='ocrx_word' id='word_1_415' title='bbox 2852 2929 2961 2970; x_wconf 90' lang='lat' dir='ltr'><strong>non</strong></span> <span class='ocrx_word' id='word_1_416' title='bbox 3004 2915 3200 2973; x_wconf 89' lang='lat' dir='ltr'><strong>debere</strong></span> <span class='ocrx_word' id='word_1_417' title='bbox 3229 2916 3502 2975; x_wconf 81' lang='lat' dir='ltr'><strong>dixerunt.</strong></span> <span class='ocrx_word' id='word_1_418' title='bbox 3544 2917 3649 2976; x_wconf 90' lang='lat' dir='ltr'><strong>Sed</strong></span> <span class='ocrx_word' id='word_1_419' title='bbox 3679 2918 3733 2975; x_wconf 80' lang='lat' dir='ltr'><strong>si</strong></span> 
     </span>
    </p>
   </div>
   <div class='ocr_carea' id='block_1_61' title="bbox 2136 3005 3729 3065">
    <p class='ocr_par' dir='ltr' id='par_1_61' title="bbox 2136 3005 3729 3065">
     <span class='ocr_line' id='line_1_61' title="bbox 2136 3005 3729 3065; baseline 0.003 -4"><span class='ocrx_word' id='word_1_420' title='bbox 2136 3020 2265 3063; x_wconf 85' lang='lat' dir='ltr'><strong>caro</strong></span> <span class='ocrx_word' id='word_1_421' title='bbox 2294 3006 2446 3061; x_wconf 87' lang='lat' dir='ltr'><strong>verbi</strong></span> <span class='ocrx_word' id='word_1_422' title='bbox 2473 3005 2568 3061; x_wconf 91' lang='lat' dir='ltr'><strong>Dei</strong></span> <span class='ocrx_word' id='word_1_423' title='bbox 2595 3005 2893 3062; x_wconf 85' lang='lat' dir='ltr'><strong>secundum</strong></span> <span class='ocrx_word' id='word_1_424' title='bbox 2921 3021 3147 3063; x_wconf 83' lang='lat' dir='ltr'><strong>carnem</strong></span> <span class='ocrx_word' id='word_1_425' title='bbox 3187 3010 3462 3065; x_wconf 89' lang='lat' dir='ltr'><strong>nascentis</strong></span> <span class='ocrx_word' id='word_1_426' title='bbox 3500 3025 3531 3064; x_wconf 83' lang='lat' dir='ltr'><strong>a</strong></span> <span class='ocrx_word' id='word_1_427' title='bbox 3558 3026 3729 3065; x_wconf 85' lang='lat' dir='ltr'><strong>carne</strong></span> 
     </span>
    </p>
   </div>
   <div class='ocr_carea' id='block_1_62' title="bbox 2136 3096 3734 3169">
    <p class='ocr_par' dir='ltr' id='par_1_62' title="bbox 2136 3096 3734 3169">
     <span class='ocr_line' id='line_1_62' title="bbox 2136 3096 3734 3169; baseline 0.003 -18"><span class='ocrx_word' id='word_1_428' title='bbox 2136 3096 2361 3169; x_wconf 80' lang='lat' dir='ltr'><strong>virginis</strong></span> <span class='ocrx_word' id='word_1_429' title='bbox 2408 3096 2601 3153; x_wconf 89' lang='lat' dir='ltr'><strong>matris</strong></span> <span class='ocrx_word' id='word_1_430' title='bbox 2638 3097 3023 3167; x_wconf 85' lang='lat' dir='ltr'><strong>pronuntiatur</strong></span> <span class='ocrx_word' id='word_1_431' title='bbox 3070 3107 3355 3167; x_wconf 79' lang='lat' dir='ltr'><strong>extranea,</strong></span> <span class='ocrx_word' id='word_1_432' title='bbox 3399 3101 3516 3156; x_wconf 87' lang='lat' dir='ltr'><strong>sine</strong></span> <span class='ocrx_word' id='word_1_433' title='bbox 3560 3116 3734 3157; x_wconf 72' lang='lat' dir='ltr'><strong>causa</strong></span> 
     </span>
    </p>
   </div>
   <div class='ocr_carea' id='block_1_63' title="bbox 448 3187 3729 3264">
    <p class='ocr_par' dir='ltr' id='par_1_63' title="bbox 448 3187 3729 3264">
     <span class='ocr_line' id='line_1_63' title="bbox 448 3187 3729 3264; baseline 0.002 -21"><span class='ocrx_word' id='word_1_434' title='bbox 448 3198 596 3258; x_wconf 82' lang='lat' dir='ltr'><strong>ptem</strong></span> <span class='ocrx_word' id='word_1_435' title='bbox 621 3188 775 3256; x_wconf 87' lang='lat' dir='ltr'><strong>vitia,</strong></span> <span class='ocrx_word' id='word_1_436' title='bbox 818 3204 941 3260; x_wconf 53' lang='lat' dir='ltr'><strong>quae.</strong></span> <span class='ocrx_word' id='word_1_437' title='bbox 974 3198 1181 3259; x_wconf 75' lang='lat' dir='ltr'><strong>septem</strong></span> <span class='ocrx_word' id='word_1_438' title='bbox 1229 3187 1567 3259; x_wconf 82' lang='lat' dir='ltr'><strong>spiritalibus</strong></span> <span class='ocrx_word' id='word_1_439' title='bbox 1607 3194 1734 3243; x_wconf 87' lang='lat' dir='ltr'><strong>sunt</strong></span> <span class='ocrx_word' id='word_1_440' title='bbox 1757 3187 2033 3243; x_wconf 86' lang='lat' dir='ltr'><strong>contraria</strong></span> <span class='ocrx_word' id='word_1_441' title='bbox 2060 3191 2104 3254; x_wconf 88' lang='lat' dir='ltr'><strong><em>C</em></strong></span> <span class='ocrx_word' id='word_1_442' title='bbox 2134 3195 2328 3244; x_wconf 87' lang='lat' dir='ltr'><strong>venter</strong></span> <span class='ocrx_word' id='word_1_443' title='bbox 2374 3188 2468 3259; x_wconf 88' lang='lat' dir='ltr'><strong>qui</strong></span> <span class='ocrx_word' id='word_1_444' title='bbox 2510 3204 2631 3243; x_wconf 90' lang='lat' dir='ltr'><strong>eam</strong></span> <span class='ocrx_word' id='word_1_445' title='bbox 2677 3196 2968 3259; x_wconf 89' lang='lat' dir='ltr'><strong>portasset,</strong></span> <span class='ocrx_word' id='word_1_446' title='bbox 3019 3191 3188 3246; x_wconf 89' lang='lat' dir='ltr'><strong>ubera</strong></span> <span class='ocrx_word' id='word_1_447' title='bbox 3237 3207 3358 3264; x_wconf 77' lang='lat' dir='ltr'><strong>qua:</strong></span> <span class='ocrx_word' id='word_1_448' title='bbox 3406 3191 3729 3262; x_wconf 88' lang='lat' dir='ltr'><strong>lactasscnt,</strong></span> 
     </span>
    </p>
   </div>
   <div class='ocr_carea' id='block_1_64' title="bbox 447 3278 2035 3351">
    <p class='ocr_par' dir='ltr' id='par_1_64' title="bbox 447 3278 2035 3351">
     <span class='ocr_line' id='line_1_64' title="bbox 447 3278 2035 3351; baseline 0.003 -16"><span class='ocrx_word' id='word_1_449' title='bbox 447 3280 760 3345; x_wconf 77' lang='lat' dir='ltr'><strong>virtutibus,</strong></span> <span class='ocrx_word' id='word_1_450' title='bbox 790 3279 884 3335; x_wconf 89' lang='lat' dir='ltr'><strong>sed</strong></span> <span class='ocrx_word' id='word_1_451' title='bbox 921 3287 978 3339; x_wconf 88' lang='lat' dir='ltr'><strong>et</strong></span> <span class='ocrx_word' id='word_1_452' title='bbox 1002 3294 1105 3350; x_wconf 90' lang='lat' dir='ltr'><strong>per</strong></span> <span class='ocrx_word' id='word_1_453' title='bbox 1146 3280 1476 3351; x_wconf 74' lang='lat' dir='ltr'><strong>hypocrisim</strong></span> <span class='ocrx_word' id='word_1_454' title='bbox 1513 3279 1660 3350; x_wconf 84' lang='lat' dir='ltr'><strong>ipsas</strong></span> <span class='ocrx_word' id='word_1_455' title='bbox 1700 3293 1760 3335; x_wconf 89' lang='lat' dir='ltr'><strong>se</strong></span> <span class='ocrx_word' id='word_1_456' title='bbox 1804 3278 2035 3339; x_wconf 81' lang='lat' dir='ltr'><strong>virtutes</strong></span> 
     </span>
    </p>
   </div>
   <div class='ocr_carea' id='block_1_65' title="bbox 450 3368 977 3427">
    <p class='ocr_par' dir='ltr' id='par_1_65' title="bbox 450 3368 977 3427">
     <span class='ocr_line' id='line_1_65' title="bbox 450 3368 977 3427; baseline -0.002 -3"><span class='ocrx_word' id='word_1_457' title='bbox 450 3369 653 3427; x_wconf 80' lang='lat' dir='ltr'><strong>habere</strong></span> <span class='ocrx_word' id='word_1_458' title='bbox 679 3368 977 3425; x_wconf 86' lang='lat' dir='ltr'><strong>simulabit.</strong></span> 
     </span>
    </p>
   </div>
   <div class='ocr_carea' id='block_1_66' title="bbox 518 3460 2030 3539">
    <p class='ocr_par' dir='ltr' id='par_1_66' title="bbox 518 3460 2030 3539">
     <span class='ocr_line' id='line_1_66' title="bbox 518 3460 2030 3539; baseline 0.006 -25"><span class='ocrx_word' id='word_1_459' title='bbox 518 3460 591 3514; x_wconf 82' lang='lat' dir='ltr'><strong>Et</strong></span> <span class='ocrx_word' id='word_1_460' title='bbox 622 3470 744 3516; x_wconf 80' lang='lat' dir='ltr'><strong>sunt</strong></span> <span class='ocrx_word' id='word_1_461' title='bbox 781 3461 1065 3517; x_wconf 79' lang='lat' dir='ltr'><strong>novissima</strong></span> <span class='ocrx_word' id='word_1_462' title='bbox 1097 3462 1322 3519; x_wconf 61' lang='lat' dir='ltr'><strong>[iambeis</strong></span> <span class='ocrx_word' id='word_1_463' title='bbox 1359 3462 1505 3520; x_wconf 70' lang='lat' dir='ltr'><strong>illius</strong></span> <span class='ocrx_word' id='word_1_464' title='bbox 1533 3465 1716 3536; x_wconf 78' lang='lat' dir='ltr'><strong>pejora</strong></span> <span class='ocrx_word' id='word_1_465' title='bbox 1744 3467 2030 3539; x_wconf 73' lang='lat' dir='ltr'><strong>prioribus.</strong></span> 
     </span>
    </p>
   </div>
   <div class='ocr_carea' id='block_1_67' title="bbox 450 3550 2033 3628">
    <p class='ocr_par' dir='ltr' id='par_1_67' title="bbox 450 3550 2033 3628">
     <span class='ocr_line' id='line_1_67' title="bbox 450 3550 2033 3628; baseline 0.004 -22"><span class='ocrx_word' id='word_1_466' title='bbox 450 3550 645 3613; x_wconf 72' lang='lat' dir='ltr'><strong>Melius</strong></span> <span class='ocrx_word' id='word_1_467' title='bbox 686 3550 915 3623; x_wconf 82' lang='lat' dir='ltr'><strong>quippe_</strong></span> <span class='ocrx_word' id='word_1_468' title='bbox 932 3559 1051 3608; x_wconf 87' lang='lat' dir='ltr'><strong>erat</strong></span> <span class='ocrx_word' id='word_1_469' title='bbox 1097 3552 1172 3620; x_wconf 92' lang='lat' dir='ltr'><strong>ei,</strong></span> <span class='ocrx_word' id='word_1_470' title='bbox 1218 3553 1360 3609; x_wconf 87' lang='lat' dir='ltr'><strong>viam</strong></span> <span class='ocrx_word' id='word_1_471' title='bbox 1387 3554 1633 3611; x_wconf 85' lang='lat' dir='ltr'><strong>veritatis</strong></span> <span class='ocrx_word' id='word_1_472' title='bbox 1673 3569 1781 3611; x_wconf 92' lang='lat' dir='ltr'><strong>non</strong></span> <span class='ocrx_word' id='word_1_473' title='bbox 1826 3571 2033 3628; x_wconf 84' lang='lat' dir='ltr'><strong>cogno-</strong></span> 
     </span>
    </p>
   </div>
   <div class='ocr_carea' id='block_1_68' title="bbox 448 3644 2028 3715">
    <p class='ocr_par' dir='ltr' id='par_1_68' title="bbox 448 3644 2028 3715">
     <span class='ocr_line' id='line_1_68' title="bbox 448 3644 2028 3715; baseline 0.001 -16"><span class='ocrx_word' id='word_1_474' title='bbox 448 3657 624 3709; x_wconf 82' lang='lat' dir='ltr'><strong>scere,</strong></span> <span class='ocrx_word' id='word_1_475' title='bbox 667 3657 832 3714; x_wconf 83' lang='lat' dir='ltr'><strong>quam</strong></span> <span class='ocrx_word' id='word_1_476' title='bbox 884 3650 1007 3714; x_wconf 87' lang='lat' dir='ltr'><strong>post</strong></span> <span class='ocrx_word' id='word_1_477' title='bbox 1050 3644 1381 3715; x_wconf 83' lang='lat' dir='ltr'><strong>agnitionem</strong></span> <span class='ocrx_word' id='word_1_478' title='bbox 1427 3652 1727 3703; x_wconf 89' lang='lat' dir='ltr'><strong>retrorsum</strong></span> <span class='ocrx_word' id='word_1_479' title='bbox 1763 3646 2028 3704; x_wconf 90' lang='lat' dir='ltr'><strong>converti.</strong></span> 
     </span>
    </p>
   </div>
   <div class='ocr_carea' id='block_1_69' title="bbox 446 3731 2030 3810">
    <p class='ocr_par' dir='ltr' id='par_1_69' title="bbox 446 3731 2030 3810">
     <span class='ocr_line' id='line_1_69' title="bbox 446 3731 2030 3810; baseline 0.006 -23"><span class='ocrx_word' id='word_1_480' title='bbox 446 3733 614 3802; x_wconf 70' lang='lat' dir='ltr'><strong>Quod.</strong></span> <span class='ocrx_word' id='word_1_481' title='bbox 648 3733 705 3788; x_wconf 89' lang='lat' dir='ltr'><strong>in</strong></span> <span class='ocrx_word' id='word_1_482' title='bbox 729 3731 867 3789; x_wconf 79' lang='lat' dir='ltr'><strong>Juda</strong></span> <span class='ocrx_word' id='word_1_483' title='bbox 895 3734 1178 3803; x_wconf 89' lang='lat' dir='ltr'><strong>traditore,</strong></span> <span class='ocrx_word' id='word_1_484' title='bbox 1208 3735 1295 3792; x_wconf 89' lang='lat' dir='ltr'><strong>vel</strong></span> <span class='ocrx_word' id='word_1_485' title='bbox 1324 3733 1546 3794; x_wconf 83' lang='lat' dir='ltr'><strong>Simone</strong></span> <span class='ocrx_word' id='word_1_486' title='bbox 1579 3736 1761 3810; x_wconf 76' lang='lat' dir='ltr'><strong>Mago,</strong></span> <span class='ocrx_word' id='word_1_487' title='bbox 1787 3739 2030 3797; x_wconf 62' lang='lat' dir='ltr'><strong>caterin-</strong></span> 
     </span>
    </p>
   </div>
   <div class='ocr_carea' id='block_1_70' title="bbox 446 3823 2029 3900">
    <p class='ocr_par' dir='ltr' id='par_1_70' title="bbox 446 3823 2029 3900">
     <span class='ocr_line' id='line_1_70' title="bbox 446 3823 2029 3900; baseline 0.003 -19"><span class='ocrx_word' id='word_1_488' title='bbox 446 3839 554 3897; x_wconf 75' lang='lat' dir='ltr'><strong>que</strong></span> <span class='ocrx_word' id='word_1_489' title='bbox 588 3823 788 3883; x_wconf 85' lang='lat' dir='ltr'><strong>talibus</strong></span> <span class='ocrx_word' id='word_1_490' title='bbox 823 3825 1134 3897; x_wconf 86' lang='lat' dir='ltr'><strong>specialiter</strong></span> <span class='ocrx_word' id='word_1_491' title='bbox 1180 3826 1411 3899; x_wconf 84' lang='lat' dir='ltr'><strong>legimus</strong></span> <span class='ocrx_word' id='word_1_492' title='bbox 1443 3828 1747 3900; x_wconf 88' lang='lat' dir='ltr'><strong>impletum.</strong></span> <span class='ocrx_word' id='word_1_493' title='bbox 1784 3828 1906 3899; x_wconf 92' lang='lat' dir='ltr'><strong>Quo</strong></span> <span class='ocrx_word' id='word_1_494' title='bbox 1933 3846 2029 3887; x_wconf 91' lang='lat' dir='ltr'><strong>au-</strong></span> 
     </span>
    </p>
   </div>
   <div class='ocr_carea' id='block_1_71' title="bbox 448 3915 2029 3991">
    <p class='ocr_par' dir='ltr' id='par_1_71' title="bbox 448 3915 2029 3991">
     <span class='ocr_line' id='line_1_71' title="bbox 448 3915 2029 3991; baseline 0.005 -21"><span class='ocrx_word' id='word_1_495' title='bbox 448 3928 555 3972; x_wconf 81' lang='lat' dir='ltr'><strong>tem</strong></span> <span class='ocrx_word' id='word_1_496' title='bbox 588 3915 914 3989; x_wconf 76' lang='lat' dir='ltr'><strong>generaliter</strong></span> <span class='ocrx_word' id='word_1_497' title='bbox 939 3916 1056 3973; x_wconf 66' lang='lat' dir='ltr'><strong>haec</strong></span> <span class='ocrx_word' id='word_1_498' title='bbox 1080 3917 1333 3988; x_wconf 81' lang='lat' dir='ltr'><strong>parabole</strong></span> <span class='ocrx_word' id='word_1_499' title='bbox 1358 3919 1560 3986; x_wconf 84' lang='lat' dir='ltr'><strong>tendat,</strong></span> <span class='ocrx_word' id='word_1_500' title='bbox 1582 3919 1700 3991; x_wconf 86' lang='lat' dir='ltr'><strong>ipse</strong></span> <span class='ocrx_word' id='word_1_501' title='bbox 1728 3921 2029 3979; x_wconf 88' lang='lat' dir='ltr'><strong>secundum</strong></span> 
     </span>
    </p>
   </div>
   <div class='ocr_carea' id='block_1_72' title="bbox 446 4003 2027 4081">
    <p class='ocr_par' dir='ltr' id='par_1_72' title="bbox 446 4003 2027 4081">
     <span class='ocr_line' id='line_1_72' title="bbox 446 4003 2027 4081; baseline 0.006 -23"><span class='ocrx_word' id='word_1_502' title='bbox 446 4004 753 4061; x_wconf 68' lang='lat' dir='ltr'><strong>Rlattbmum</strong></span> <span class='ocrx_word' id='word_1_503' title='bbox 777 4003 1026 4065; x_wconf 88' lang='lat' dir='ltr'><strong>Salvator</strong></span> <span class='ocrx_word' id='word_1_504' title='bbox 1051 4007 1321 4081; x_wconf 85' lang='lat' dir='ltr'><strong>exposuit,</strong></span> <span class='ocrx_word' id='word_1_505' title='bbox 1350 4008 1443 4065; x_wconf 91' lang='lat' dir='ltr'><strong>ubi</strong></span> <span class='ocrx_word' id='word_1_506' title='bbox 1471 4008 1875 4075; x_wconf 78' lang='lat' dir='ltr'><strong>eaterminata,</strong></span> <span class='ocrx_word' id='word_1_507' title='bbox 1899 4026 2027 4067; x_wconf 87' lang='lat' dir='ltr'><strong>mox</strong></span> 
     </span>
    </p>
   </div>
   <div class='ocr_carea' id='block_1_73' title="bbox 443 4095 2022 4171">
    <p class='ocr_par' dir='ltr' id='par_1_73' title="bbox 443 4095 2022 4171">
     <span class='ocr_line' id='line_1_73' title="bbox 443 4095 2022 4171; baseline 0.003 -20"><span class='ocrx_word' id='word_1_508' title='bbox 443 4095 645 4163; x_wconf 83' lang='lat' dir='ltr'><strong>subdit,</strong></span> <span class='ocrx_word' id='word_1_509' title='bbox 677 4096 864 4157; x_wconf 85' lang='lat' dir='ltr'><strong>dicens</strong></span> <span class='ocrx_word' id='word_1_510' title='bbox 893 4115 906 4151; x_wconf 93' lang='lat'>:</span> <span class='ocrx_word' id='word_1_511' title='bbox 933 4095 1021 4153; x_wconf 83' lang='lat' dir='ltr'><strong>Sic</strong></span> <span class='ocrx_word' id='word_1_512' title='bbox 1053 4098 1152 4153; x_wconf 89' lang='lat' dir='ltr'><strong>erit</strong></span> <span class='ocrx_word' id='word_1_513' title='bbox 1176 4105 1227 4153; x_wconf 91' lang='lat' dir='ltr'><strong>et</strong></span> <span class='ocrx_word' id='word_1_514' title='bbox 1252 4097 1579 4169; x_wconf 78' lang='lat' dir='ltr'><strong>generationi</strong></span> <span class='ocrx_word' id='word_1_515' title='bbox 1607 4098 1731 4157; x_wconf 81' lang='lat' dir='ltr'><strong>huic</strong></span> <span class='ocrx_word' id='word_1_516' title='bbox 1762 4100 2022 4171; x_wconf 75' lang='lat' dir='ltr'><strong>pessime,</strong></span> 
     </span>
    </p>
   </div>
   <div class='ocr_carea' id='block_1_74' title="bbox 442 4185 2026 4260">
    <p class='ocr_par' dir='ltr' id='par_1_74' title="bbox 442 4185 2026 4260">
     <span class='ocr_line' id='line_1_74' title="bbox 442 4185 2026 4260; baseline 0.001 -17"><span class='ocrx_word' id='word_1_517' title='bbox 442 4185 637 4255; x_wconf 78' lang='lat' dir='ltr'><strong>idest,</strong></span> <span class='ocrx_word' id='word_1_518' title='bbox 669 4187 814 4260; x_wconf 89' lang='lat' dir='ltr'><strong>quod</strong></span> <span class='ocrx_word' id='word_1_519' title='bbox 852 4187 919 4243; x_wconf 89' lang='lat' dir='ltr'><strong>de</strong></span> <span class='ocrx_word' id='word_1_520' title='bbox 956 4202 1066 4243; x_wconf 89' lang='lat' dir='ltr'><strong>uno</strong></span> <span class='ocrx_word' id='word_1_521' title='bbox 1102 4185 1342 4257; x_wconf 88' lang='lat' dir='ltr'><strong>quolibet</strong></span> <span class='ocrx_word' id='word_1_522' title='bbox 1378 4185 1689 4258; x_wconf 88' lang='lat' dir='ltr'><strong>specialiter</strong></span> <span class='ocrx_word' id='word_1_523' title='bbox 1729 4188 1843 4259; x_wconf 81' lang='lat' dir='ltr'><strong>geri</strong></span> <span class='ocrx_word' id='word_1_524' title='bbox 1886 4188 2026 4246; x_wconf 89' lang='lat' dir='ltr'><strong>solet</strong></span> 
     </span>
    </p>
   </div>
   <div class='ocr_carea' id='block_1_75' title="bbox 441 4277 2026 4353">
    <p class='ocr_par' dir='ltr' id='par_1_75' title="bbox 441 4277 2026 4353">
     <span class='ocr_line' id='line_1_75' title="bbox 441 4277 2026 4353; baseline 0 -18"><span class='ocrx_word' id='word_1_525' title='bbox 441 4280 713 4346; x_wconf 85' lang='lat' dir='ltr'><strong>enarravi,</strong></span> <span class='ocrx_word' id='word_1_526' title='bbox 743 4280 847 4336; x_wconf 89' lang='lat' dir='ltr'><strong>hoc</strong></span> <span class='ocrx_word' id='word_1_527' title='bbox 889 4280 945 4335; x_wconf 93' lang='lat' dir='ltr'><strong>in</strong></span> <span class='ocrx_word' id='word_1_528' title='bbox 973 4286 1087 4341; x_wconf 86' lang='lat' dir='ltr'><strong>tota</strong></span> <span class='ocrx_word' id='word_1_529' title='bbox 1110 4278 1439 4353; x_wconf 86' lang='lat' dir='ltr'><strong>generaliter</strong></span> <span class='ocrx_word' id='word_1_530' title='bbox 1463 4277 1625 4349; x_wconf 86' lang='lat' dir='ltr'><strong>hujus</strong></span> <span class='ocrx_word' id='word_1_531' title='bbox 1646 4278 1832 4352; x_wconf 80' lang='lat' dir='ltr'><strong>populi</strong></span> <span class='ocrx_word' id='word_1_532' title='bbox 1862 4288 2026 4352; x_wconf 83' lang='lat' dir='ltr'><strong>gente</strong></span> 
     </span>
    </p>
   </div>
   <div class='ocr_carea' id='block_1_76' title="bbox 441 4372 939 4442">
    <p class='ocr_par' dir='ltr' id='par_1_76' title="bbox 441 4372 939 4442">
     <span class='ocr_line' id='line_1_76' title="bbox 441 4372 939 4442; baseline -0.002 -15"><span class='ocrx_word' id='word_1_533' title='bbox 441 4372 554 4442; x_wconf 78' lang='lat' dir='ltr'><strong>geri</strong></span> <span class='ocrx_word' id='word_1_534' title='bbox 586 4388 695 4428; x_wconf 90' lang='lat' dir='ltr'><strong>non</strong></span> <span class='ocrx_word' id='word_1_535' title='bbox 724 4372 939 4429; x_wconf 87' lang='lat' dir='ltr'><strong>desinit.</strong></span> 
     </span>
    </p>
   </div>
   <div class='ocr_carea' id='block_1_77' title="bbox 508 4462 2023 4537">
    <p class='ocr_par' dir='ltr' id='par_1_77' title="bbox 508 4462 2023 4537">
     <span class='ocr_line' id='line_1_77' title="bbox 508 4462 2023 4537; baseline 0.001 -18"><span class='ocrx_word' id='word_1_536' title='bbox 508 4462 821 4521; x_wconf 74' lang='lat' dir='ltr'><strong>Immundas</strong></span> <span class='ocrx_word' id='word_1_537' title='bbox 841 4464 1039 4537; x_wconf 86' lang='lat' dir='ltr'><strong>quippe</strong></span> <span class='ocrx_word' id='word_1_538' title='bbox 1059 4463 1285 4535; x_wconf 81' lang='lat' dir='ltr'><strong>spiritus</strong></span> <span class='ocrx_word' id='word_1_539' title='bbox 1308 4462 1477 4520; x_wconf 79' lang='lat' dir='ltr'><strong>exivit</strong></span> <span class='ocrx_word' id='word_1_540' title='bbox 1500 4479 1534 4520; x_wconf 91' lang='lat' dir='ltr'><strong>a</strong></span> <span class='ocrx_word' id='word_1_541' title='bbox 1557 4462 1778 4530; x_wconf 60' lang='lat' dir='ltr'><strong>Iudaeis,</strong></span> <span class='ocrx_word' id='word_1_542' title='bbox 1806 4463 2023 4535; x_wconf 82' lang='lat' dir='ltr'><strong>quando</strong></span> 
     </span>
    </p>
   </div>
   <div class='ocr_carea' id='block_1_78' title="bbox 2136 3279 3729 3354">
    <p class='ocr_par' dir='ltr' id='par_1_78' title="bbox 2136 3279 3729 3354">
     <span class='ocr_line' id='line_1_78' title="bbox 2136 3279 3729 3354; baseline 0.003 -17"><span class='ocrx_word' id='word_1_543' title='bbox 2136 3279 2539 3337; x_wconf 87' lang='lat' dir='ltr'><strong>beatiﬁcantur.</strong></span> <span class='ocrx_word' id='word_1_544' title='bbox 2605 3280 2725 3349; x_wconf 86' lang='lat' dir='ltr'><strong>Qua</strong></span> <span class='ocrx_word' id='word_1_545' title='bbox 2777 3281 2923 3339; x_wconf 89' lang='lat' dir='ltr'><strong>enim</strong></span> <span class='ocrx_word' id='word_1_546' title='bbox 2977 3284 3368 3354; x_wconf 84' lang='lat' dir='ltr'><strong>consequentia</strong></span> <span class='ocrx_word' id='word_1_547' title='bbox 3420 3282 3536 3353; x_wconf 84' lang='lat' dir='ltr'><strong>ejus</strong></span> <span class='ocrx_word' id='word_1_548' title='bbox 3583 3285 3729 3342; x_wconf 86' lang='lat' dir='ltr'><strong>lacte</strong></span> 
     </span>
    </p>
   </div>
   <div class='ocr_carea' id='block_1_79' title="bbox 2135 3372 3726 3447">
    <p class='ocr_par' dir='ltr' id='par_1_79' title="bbox 2135 3372 3726 3447">
     <span class='ocr_line' id='line_1_79' title="bbox 2135 3372 3726 3447; baseline 0.003 -19"><span class='ocrx_word' id='word_1_549' title='bbox 2135 3372 2391 3428; x_wconf 85' lang='lat' dir='ltr'><strong>credatur</strong></span> <span class='ocrx_word' id='word_1_550' title='bbox 2427 3372 2690 3439; x_wconf 89' lang='lat' dir='ltr'><strong>nutritus,</strong></span> <span class='ocrx_word' id='word_1_551' title='bbox 2730 3372 2888 3443; x_wconf 87' lang='lat' dir='ltr'><strong>cujus</strong></span> <span class='ocrx_word' id='word_1_552' title='bbox 2926 3374 3137 3429; x_wconf 90' lang='lat' dir='ltr'><strong>semine</strong></span> <span class='ocrx_word' id='word_1_553' title='bbox 3182 3383 3412 3447; x_wconf 86' lang='lat' dir='ltr'><strong>negatur</strong></span> <span class='ocrx_word' id='word_1_554' title='bbox 3438 3390 3558 3431; x_wconf 90' lang='lat' dir='ltr'><strong>esse</strong></span> <span class='ocrx_word' id='word_1_555' title='bbox 3588 3392 3726 3433; x_wconf 79' lang='lat' dir='ltr'><strong>con-</strong></span> 
     </span>
    </p>
   </div>
   <div class='ocr_carea' id='block_1_80' title="bbox 2134 3462 3725 3538">
    <p class='ocr_par' dir='ltr' id='par_1_80' title="bbox 2134 3462 3725 3538">
     <span class='ocr_line' id='line_1_80' title="bbox 2134 3462 3725 3538; baseline 0.001 -19"><span class='ocrx_word' id='word_1_556' title='bbox 2134 3471 2346 3534; x_wconf 89' lang='lat' dir='ltr'><strong>ceptus,</strong></span> <span class='ocrx_word' id='word_1_557' title='bbox 2395 3478 2519 3521; x_wconf 89' lang='lat' dir='ltr'><strong>cum</strong></span> <span class='ocrx_word' id='word_1_558' title='bbox 2564 3478 2630 3520; x_wconf 86' lang='lat' dir='ltr'><strong>ex</strong></span> <span class='ocrx_word' id='word_1_559' title='bbox 2678 3463 2840 3521; x_wconf 88' lang='lat' dir='ltr'><strong>unius</strong></span> <span class='ocrx_word' id='word_1_560' title='bbox 2880 3462 3230 3534; x_wconf 81' lang='lat' dir='ltr'><strong>ejusdemque</strong></span> <span class='ocrx_word' id='word_1_561' title='bbox 3280 3465 3442 3521; x_wconf 82' lang='lat' dir='ltr'><strong>fontis</strong></span> <span class='ocrx_word' id='word_1_562' title='bbox 3488 3466 3725 3538; x_wconf 79' lang='lat' dir='ltr'><strong>origine,</strong></span> 
     </span>
    </p>
   </div>
   <div class='ocr_carea' id='block_1_81' title="bbox 2131 3555 3726 3631">
    <p class='ocr_par' dir='ltr' id='par_1_81' title="bbox 2131 3555 3726 3631">
     <span class='ocr_line' id='line_1_81' title="bbox 2131 3555 3726 3631; baseline 0.003 -21"><span class='ocrx_word' id='word_1_563' title='bbox 2131 3555 2429 3611; x_wconf 89' lang='lat' dir='ltr'><strong>secundum</strong></span> <span class='ocrx_word' id='word_1_564' title='bbox 2458 3555 2732 3631; x_wconf 84' lang='lat' dir='ltr'><strong>physicos,</strong></span> <span class='ocrx_word' id='word_1_565' title='bbox 2762 3562 2990 3627; x_wconf 86' lang='lat' dir='ltr'><strong>uterque</strong></span> <span class='ocrx_word' id='word_1_566' title='bbox 3027 3555 3208 3625; x_wconf 91' lang='lat' dir='ltr'><strong>liquor</strong></span> <span class='ocrx_word' id='word_1_567' title='bbox 3241 3572 3496 3613; x_wconf 89' lang='lat' dir='ltr'><strong>emanare</strong></span> <span class='ocrx_word' id='word_1_568' title='bbox 3527 3558 3726 3629; x_wconf 87' lang='lat' dir='ltr'><strong>probe-</strong></span> 
     </span>
    </p>
   </div>
   <div class='ocr_carea' id='block_1_82' title="bbox 2133 3643 3720 3718">
    <p class='ocr_par' dir='ltr' id='par_1_82' title="bbox 2133 3643 3720 3718">
     <span class='ocr_line' id='line_1_82' title="bbox 2133 3643 3720 3718; baseline 0.001 -16"><span class='ocrx_word' id='word_1_569' title='bbox 2133 3651 2244 3702; x_wconf 82' lang='lat' dir='ltr'><strong>tur.</strong></span> <span class='ocrx_word' id='word_1_570' title='bbox 2284 3643 2401 3702; x_wconf 87' lang='lat' dir='ltr'><strong>Nisi</strong></span> <span class='ocrx_word' id='word_1_571' title='bbox 2437 3643 2579 3702; x_wconf 84' lang='lat' dir='ltr'><strong>forte</strong></span> <span class='ocrx_word' id='word_1_572' title='bbox 2612 3645 2851 3717; x_wconf 87' lang='lat' dir='ltr'><strong>putanda</strong></span> <span class='ocrx_word' id='word_1_573' title='bbox 2890 3656 2975 3703; x_wconf 91' lang='lat' dir='ltr'><strong>est</strong></span> <span class='ocrx_word' id='word_1_574' title='bbox 3009 3645 3163 3718; x_wconf 88' lang='lat' dir='ltr'><strong>virgo</strong></span> <span class='ocrx_word' id='word_1_575' title='bbox 3204 3647 3562 3705; x_wconf 84' lang='lat' dir='ltr'><strong>sementivam</strong></span> <span class='ocrx_word' id='word_1_576' title='bbox 3604 3664 3720 3704; x_wconf 66' lang='lat' dir='ltr'><strong>sua:</strong></span> 
     </span>
    </p>
   </div>
   <div class='ocr_carea' id='block_1_83' title="bbox 2136 3735 3730 3810">
    <p class='ocr_par' dir='ltr' id='par_1_83' title="bbox 2136 3735 3730 3810">
     <span class='ocr_line' id='line_1_83' title="bbox 2136 3735 3730 3810; baseline -0.006 -12"><span class='ocrx_word' id='word_1_577' title='bbox 2136 3738 2314 3798; x_wconf 80' lang='lat' dir='ltr'><strong>carnis</strong></span> <span class='ocrx_word' id='word_1_578' title='bbox 2339 3737 2654 3804; x_wconf 89' lang='lat' dir='ltr'><strong>materiam,</strong></span> <span class='ocrx_word' id='word_1_579' title='bbox 2686 3736 2975 3793; x_wconf 88' lang='lat' dir='ltr'><strong>nutriendo</strong></span> <span class='ocrx_word' id='word_1_580' title='bbox 3010 3736 3064 3790; x_wconf 92' lang='lat' dir='ltr'><strong>in</strong></span> <span class='ocrx_word' id='word_1_581' title='bbox 3103 3752 3268 3793; x_wconf 88' lang='lat' dir='ltr'><strong>carne</strong></span> <span class='ocrx_word' id='word_1_582' title='bbox 3303 3735 3400 3791; x_wconf 87' lang='lat' dir='ltr'><strong>Dei</strong></span> <span class='ocrx_word' id='word_1_583' title='bbox 3428 3737 3567 3793; x_wconf 86' lang='lat' dir='ltr'><strong>Filio</strong></span> <span class='ocrx_word' id='word_1_584' title='bbox 3593 3754 3730 3810; x_wconf 81' lang='lat' dir='ltr'><strong>sng-</strong></span> 
     </span>
    </p>
   </div>
   <div class='ocr_carea' id='block_1_84' title="bbox 2130 3825 3721 3901">
    <p class='ocr_par' dir='ltr' id='par_1_84' title="bbox 2130 3825 3721 3901">
     <span class='ocr_line' id='line_1_84' title="bbox 2130 3825 3721 3901; baseline 0 -17"><span class='ocrx_word' id='word_1_585' title='bbox 2130 3843 2322 3901; x_wconf 84' lang='lat' dir='ltr'><strong>gerere</strong></span> <span class='ocrx_word' id='word_1_586' title='bbox 2364 3827 2639 3900; x_wconf 87' lang='lat' dir='ltr'><strong>potuisse,</strong></span> <span class='ocrx_word' id='word_1_587' title='bbox 2686 3825 3017 3883; x_wconf 89' lang='lat' dir='ltr'><strong>incarnando</strong></span> <span class='ocrx_word' id='word_1_588' title='bbox 3065 3833 3271 3892; x_wconf 88' lang='lat' dir='ltr'><strong>autem,</strong></span> <span class='ocrx_word' id='word_1_589' title='bbox 3323 3826 3478 3897; x_wconf 85' lang='lat' dir='ltr'><strong>quasi</strong></span> <span class='ocrx_word' id='word_1_590' title='bbox 3524 3828 3721 3900; x_wconf 83' lang='lat' dir='ltr'><strong>majori</strong></span> 
     </span>
    </p>
   </div>
   <div class='ocr_carea' id='block_1_85' title="bbox 2128 3914 3720 3987">
    <p class='ocr_par' dir='ltr' id='par_1_85' title="bbox 2128 3914 3720 3987">
     <span class='ocr_line' id='line_1_85' title="bbox 2128 3914 3720 3987; baseline 0.001 -13"><span class='ocrx_word' id='word_1_591' title='bbox 2128 3926 2186 3974; x_wconf 90' lang='lat' dir='ltr'><strong>et</strong></span> <span class='ocrx_word' id='word_1_592' title='bbox 2229 3917 2490 3974; x_wconf 88' lang='lat' dir='ltr'><strong>inusitato</strong></span> <span class='ocrx_word' id='word_1_593' title='bbox 2539 3914 2802 3973; x_wconf 91' lang='lat' dir='ltr'><strong>miraculo</strong></span> <span class='ocrx_word' id='word_1_594' title='bbox 2850 3915 3072 3971; x_wconf 90' lang='lat' dir='ltr'><strong>minime</strong></span> <span class='ocrx_word' id='word_1_595' title='bbox 3115 3917 3382 3987; x_wconf 85' lang='lat' dir='ltr'><strong>potuisse.</strong></span> <span class='ocrx_word' id='word_1_596' title='bbox 3433 3917 3540 3974; x_wconf 89' lang='lat' dir='ltr'><strong>Sed</strong></span> <span class='ocrx_word' id='word_1_597' title='bbox 3592 3919 3720 3976; x_wconf 85' lang='lat' dir='ltr'><strong>huic</strong></span> 
     </span>
    </p>
   </div>
   <div class='ocr_carea' id='block_1_86' title="bbox 2126 4005 3723 4080">
    <p class='ocr_par' dir='ltr' id='par_1_86' title="bbox 2126 4005 3723 4080">
     <span class='ocr_line' id='line_1_86' title="bbox 2126 4005 3723 4080; baseline 0 -15"><span class='ocrx_word' id='word_1_598' title='bbox 2126 4008 2369 4080; x_wconf 79' lang='lat' dir='ltr'><strong>Opinioni</strong></span> <span class='ocrx_word' id='word_1_599' title='bbox 2402 4008 2584 4065; x_wconf 87' lang='lat' dir='ltr'><strong>obstat</strong></span> <span class='ocrx_word' id='word_1_600' title='bbox 2604 4005 2915 4078; x_wconf 77' lang='lat' dir='ltr'><strong>Apostolus,</strong></span> <span class='ocrx_word' id='word_1_601' title='bbox 2954 4005 3139 4063; x_wconf 88' lang='lat' dir='ltr'><strong>dicens</strong></span> <span class='ocrx_word' id='word_1_602' title='bbox 3182 4022 3204 4065; x_wconf 90' lang='lat'><strong>:</strong></span> <span class='ocrx_word' id='word_1_603' title='bbox 3245 4006 3385 4074; x_wconf 70' lang='lat' dir='ltr'><strong>Quia</strong></span> <span class='ocrx_word' id='word_1_604' title='bbox 3412 4010 3556 4064; x_wconf 78' lang='lat' dir='ltr'><strong>misit</strong></span> <span class='ocrx_word' id='word_1_605' title='bbox 3575 4009 3723 4065; x_wconf 80' lang='lat' dir='ltr'><strong>Deus</strong></span> 
     </span>
    </p>
   </div>
   <div class='ocr_carea' id='block_1_87' title="bbox 2127 4095 3722 4177">
    <p class='ocr_par' dir='ltr' id='par_1_87' title="bbox 2127 4095 3722 4177">
     <span class='ocr_line' id='line_1_87' title="bbox 2127 4095 3722 4177; baseline 0.003 -26"><span class='ocrx_word' id='word_1_606' title='bbox 2127 4097 2178 4151; x_wconf 85' lang='lat' dir='ltr'><em>F</em></span> <span class='ocrx_word' id='word_1_607' title='bbox 2180 4097 2332 4152; x_wconf 84' lang='lat' dir='ltr'><strong>ilium</strong></span> <span class='ocrx_word' id='word_1_608' title='bbox 2371 4113 2558 4164; x_wconf 87' lang='lat' dir='ltr'><strong>suum,</strong></span> <span class='ocrx_word' id='word_1_609' title='bbox 2600 4096 2798 4168; x_wconf 81' lang='lat' dir='ltr'><strong>factum</strong></span> <span class='ocrx_word' id='word_1_610' title='bbox 2845 4112 2911 4150; x_wconf 78' lang='lat' dir='ltr'><strong>ea:</strong></span> <span class='ocrx_word' id='word_1_611' title='bbox 2942 4095 3182 4164; x_wconf 84' lang='lat' dir='ltr'><strong>muliere,</strong></span> <span class='ocrx_word' id='word_1_612' title='bbox 3226 4097 3423 4177; x_wconf 66' lang='lat' dir='ltr'><strong>[aettem</strong></span> <span class='ocrx_word' id='word_1_613' title='bbox 3470 4100 3566 4153; x_wconf 85' lang='lat' dir='ltr'><strong>sub</strong></span> <span class='ocrx_word' id='word_1_614' title='bbox 3611 4099 3722 4172; x_wconf 80' lang='lat' dir='ltr'><strong>lege</strong></span> 
     </span>
    </p>
   </div>
   <div class='ocr_carea' id='block_1_88' title="bbox 2128 4185 3717 4263">
    <p class='ocr_par' dir='ltr' id='par_1_88' title="bbox 2128 4185 3717 4263">
     <span class='ocr_line' id='line_1_88' title="bbox 2128 4185 3717 4263; baseline 0.003 -20"><span class='ocrx_word' id='word_1_615' title='bbox 2128 4186 2331 4263; x_wconf 84' lang='lat' dir='ltr'><strong>(Gatat.</strong></span> <span class='ocrx_word' id='word_1_616' title='bbox 2356 4187 2453 4259; x_wconf 79' lang='lat' dir='ltr'><strong>tv).</strong></span> <span class='ocrx_word' id='word_1_617' title='bbox 2479 4187 2664 4259; x_wconf 87' lang='lat' dir='ltr'><strong>Neque</strong></span> <span class='ocrx_word' id='word_1_618' title='bbox 2692 4187 2836 4243; x_wconf 90' lang='lat' dir='ltr'><strong>enim</strong></span> <span class='ocrx_word' id='word_1_619' title='bbox 2862 4185 3116 4242; x_wconf 87' lang='lat' dir='ltr'><strong>audiendi</strong></span> <span class='ocrx_word' id='word_1_620' title='bbox 3142 4197 3289 4255; x_wconf 88' lang='lat' dir='ltr'><strong>sunt,</strong></span> <span class='ocrx_word' id='word_1_621' title='bbox 3313 4190 3404 4259; x_wconf 90' lang='lat' dir='ltr'><strong>qui</strong></span> <span class='ocrx_word' id='word_1_622' title='bbox 3432 4188 3717 4262; x_wconf 85' lang='lat' dir='ltr'><strong>legendum</strong></span> 
     </span>
    </p>
   </div>
   <div class='ocr_carea' id='block_1_89' title="bbox 2124 4277 3718 4352">
    <p class='ocr_par' dir='ltr' id='par_1_89' title="bbox 2124 4277 3718 4352">
     <span class='ocr_line' id='line_1_89' title="bbox 2124 4277 3718 4352; baseline 0.001 -17"><span class='ocrx_word' id='word_1_623' title='bbox 2124 4289 2356 4352; x_wconf 87' lang='lat' dir='ltr'><strong>putant:</strong></span> <span class='ocrx_word' id='word_1_624' title='bbox 2384 4277 2581 4335; x_wconf 85' lang='lat' dir='ltr'><strong>Natum</strong></span> <span class='ocrx_word' id='word_1_625' title='bbox 2623 4293 2690 4334; x_wconf 82' lang='lat' dir='ltr'><strong>ex</strong></span> <span class='ocrx_word' id='word_1_626' title='bbox 2740 4279 2991 4345; x_wconf 88' lang='lat' dir='ltr'><strong>muliere,</strong></span> <span class='ocrx_word' id='word_1_627' title='bbox 3042 4279 3248 4337; x_wconf 80' lang='lat' dir='ltr'><strong>factum</strong></span> <span class='ocrx_word' id='word_1_628' title='bbox 3296 4280 3396 4335; x_wconf 90' lang='lat' dir='ltr'><strong>sub</strong></span> <span class='ocrx_word' id='word_1_629' title='bbox 3442 4280 3582 4352; x_wconf 85' lang='lat' dir='ltr'><strong>lege,</strong></span> <span class='ocrx_word' id='word_1_630' title='bbox 3624 4283 3718 4337; x_wconf 76' lang='lat' dir='ltr'><strong>sed</strong></span> 
     </span>
    </p>
   </div>
   <div class='ocr_carea' id='block_1_90' title="bbox 2126 4369 3719 4443">
    <p class='ocr_par' dir='ltr' id='par_1_90' title="bbox 2126 4369 3719 4443">
     <span class='ocr_line' id='line_1_90' title="bbox 2126 4369 3719 4443; baseline 0 -17"><span class='ocrx_word' id='word_1_631' title='bbox 2126 4372 2326 4443; x_wconf 73' lang='lat' dir='ltr'><strong>factum</strong></span> <span class='ocrx_word' id='word_1_632' title='bbox 2347 4388 2412 4427; x_wconf 66' lang='lat' dir='ltr'><strong>ex</strong></span> <span class='ocrx_word' id='word_1_633' title='bbox 2435 4370 2675 4437; x_wconf 86' lang='lat' dir='ltr'><strong>muliere,</strong></span> <span class='ocrx_word' id='word_1_634' title='bbox 2707 4369 2840 4441; x_wconf 84' lang='lat' dir='ltr'><strong>quia</strong></span> <span class='ocrx_word' id='word_1_635' title='bbox 2860 4379 3157 4443; x_wconf 86' lang='lat' dir='ltr'><strong>conceptus</strong></span> <span class='ocrx_word' id='word_1_636' title='bbox 3177 4371 3231 4427; x_wconf 90' lang='lat' dir='ltr'><strong>in</strong></span> <span class='ocrx_word' id='word_1_637' title='bbox 3261 4377 3414 4425; x_wconf 87' lang='lat' dir='ltr'><strong>utero</strong></span> <span class='ocrx_word' id='word_1_638' title='bbox 3441 4371 3719 4443; x_wconf 87' lang='lat' dir='ltr'><strong>virginali,</strong></span> 
     </span>
    </p>
   </div>
   <div class='ocr_carea' id='block_1_91' title="bbox 2130 4464 3718 4530">
    <p class='ocr_par' dir='ltr' id='par_1_91' title="bbox 2130 4464 3718 4530">
     <span class='ocr_line' id='line_1_91' title="bbox 2130 4464 3718 4530; baseline -0.001 -9"><span class='ocrx_word' id='word_1_639' title='bbox 2130 4480 2352 4521; x_wconf 86' lang='lat' dir='ltr'><strong>carnem</strong></span> <span class='ocrx_word' id='word_1_640' title='bbox 2399 4480 2506 4520; x_wconf 90' lang='lat' dir='ltr'><strong>non</strong></span> <span class='ocrx_word' id='word_1_641' title='bbox 2553 4465 2619 4519; x_wconf 87' lang='lat' dir='ltr'><strong>de</strong></span> <span class='ocrx_word' id='word_1_642' title='bbox 2664 4464 2855 4530; x_wconf 85' lang='lat' dir='ltr'><strong>nihilo,</strong></span> <span class='ocrx_word' id='word_1_643' title='bbox 2900 4480 3006 4520; x_wconf 86' lang='lat' dir='ltr'><strong>non</strong></span> <span class='ocrx_word' id='word_1_644' title='bbox 3057 4464 3291 4529; x_wconf 86' lang='lat' dir='ltr'><strong>aliunde,</strong></span> <span class='ocrx_word' id='word_1_645' title='bbox 3332 4464 3428 4520; x_wconf 90' lang='lat' dir='ltr'><strong>sed</strong></span> <span class='ocrx_word' id='word_1_646' title='bbox 3464 4472 3718 4520; x_wconf 87' lang='lat' dir='ltr'><strong>materna</strong></span> 
     </span>
    </p>
   </div>
   <div class='ocr_carea' id='block_1_92' title="bbox 438 4545 3719 4631">
    <p class='ocr_par' dir='ltr' id='par_1_92' title="bbox 438 4545 3719 4631">
     <span class='ocr_line' id='line_1_92' title="bbox 438 4545 3719 4631; baseline 0.001 -20"><span class='ocrx_word' id='word_1_647' title='bbox 438 4565 767 4628; x_wconf 88' lang='lat' dir='ltr'><strong>acceperunt</strong></span> <span class='ocrx_word' id='word_1_648' title='bbox 813 4556 1025 4631; x_wconf 85' lang='lat' dir='ltr'><strong>legem,</strong></span> <span class='ocrx_word' id='word_1_649' title='bbox 1075 4564 1132 4612; x_wconf 90' lang='lat' dir='ltr'><strong>et</strong></span> <span class='ocrx_word' id='word_1_650' title='bbox 1177 4555 1475 4613; x_wconf 78' lang='lat' dir='ltr'><strong>ambulavit</strong></span> <span class='ocrx_word' id='word_1_651' title='bbox 1521 4570 1619 4627; x_wconf 90' lang='lat' dir='ltr'><strong>per</strong></span> <span class='ocrx_word' id='word_1_652' title='bbox 1672 4556 1790 4612; x_wconf 91' lang='lat' dir='ltr'><strong>loca</strong></span> <span class='ocrx_word' id='word_1_653' title='bbox 1844 4555 2018 4623; x_wconf 88' lang='lat' dir='ltr'><strong>arida,</strong></span> <span class='ocrx_word' id='word_1_654' title='bbox 2046 4545 2101 4606; x_wconf 84' lang='lat' dir='ltr'><strong>D</strong></span> <span class='ocrx_word' id='word_1_655' title='bbox 2128 4557 2297 4612; x_wconf 88' lang='lat' dir='ltr'><strong>traxit</strong></span> <span class='ocrx_word' id='word_1_656' title='bbox 2333 4572 2400 4612; x_wconf 76' lang='lat' dir='ltr'><strong>ex</strong></span> <span class='ocrx_word' id='word_1_657' title='bbox 2443 4571 2627 4612; x_wconf 87' lang='lat' dir='ltr'><strong>carne.</strong></span> <span class='ocrx_word' id='word_1_658' title='bbox 2660 4555 2939 4629; x_wconf 84' lang='lat' dir='ltr'><strong>Alioquin,</strong></span> <span class='ocrx_word' id='word_1_659' title='bbox 2986 4572 3087 4614; x_wconf 87' lang='lat' dir='ltr'><strong>nec</strong></span> <span class='ocrx_word' id='word_1_660' title='bbox 3117 4573 3246 4614; x_wconf 87' lang='lat' dir='ltr'><strong>vere</strong></span> <span class='ocrx_word' id='word_1_661' title='bbox 3288 4557 3433 4614; x_wconf 85' lang='lat' dir='ltr'><strong>ﬁlius</strong></span> <span class='ocrx_word' id='word_1_662' title='bbox 3480 4557 3719 4615; x_wconf 88' lang='lat' dir='ltr'><strong>hominis</strong></span> 
     </span>
    </p>
   </div>
   <div class='ocr_carea' id='block_1_93' title="bbox 389 4643 2019 4717">
    <p class='ocr_par' dir='ltr' id='par_1_93' title="bbox 389 4643 2019 4717">
     <span class='ocr_line' id='line_1_93' title="bbox 389 4643 2019 4717; baseline 0.001 -17"><span class='ocrx_word' id='word_1_663' title='bbox 389 4684 413 4708; x_wconf 51' lang='grc' dir='ltr'><strong><em>κ</em></strong></span> <span class='ocrx_word' id='word_1_664' title='bbox 437 4660 685 4717; x_wconf 68' lang='grc' dir='ltr'><strong>φιωνεηδ</strong></span> <span class='ocrx_word' id='word_1_665' title='bbox 721 4646 823 4702; x_wconf 89' lang='lat' dir='ltr'><strong>sibi</strong></span> <span class='ocrx_word' id='word_1_666' title='bbox 863 4648 1126 4717; x_wconf 87' lang='lat' dir='ltr'><strong>requiem.</strong></span> <span class='ocrx_word' id='word_1_667' title='bbox 1163 4644 1433 4715; x_wconf 86' lang='lat' dir='ltr'><strong>Expulsus</strong></span> <span class='ocrx_word' id='word_1_668' title='bbox 1459 4644 1709 4701; x_wconf 86' lang='lat' dir='ltr'><strong>videlicet</strong></span> <span class='ocrx_word' id='word_1_669' title='bbox 1740 4660 1771 4701; x_wconf 90' lang='lat' dir='ltr'><strong>a</strong></span> <span class='ocrx_word' id='word_1_670' title='bbox 1797 4643 2019 4711; x_wconf 60' lang='lat' dir='ltr'><strong>ludatis,</strong></span> 
     </span>
    </p>
   </div>
   <div class='ocr_carea' id='block_1_94' title="bbox 437 4737 2018 4813">
    <p class='ocr_par' dir='ltr' id='par_1_94' title="bbox 437 4737 2018 4813">
     <span class='ocr_line' id='line_1_94' title="bbox 437 4737 2018 4813; baseline -0.003 -14"><span class='ocrx_word' id='word_1_671' title='bbox 437 4738 735 4799; x_wconf 76' lang='lat' dir='ltr'><strong>ambulavit</strong></span> <span class='ocrx_word' id='word_1_672' title='bbox 759 4753 856 4810; x_wconf 88' lang='lat' dir='ltr'><strong>per</strong></span> <span class='ocrx_word' id='word_1_673' title='bbox 883 4740 1127 4811; x_wconf 85' lang='lat' dir='ltr'><strong>gentium</strong></span> <span class='ocrx_word' id='word_1_674' title='bbox 1156 4737 1508 4804; x_wconf 87' lang='lat' dir='ltr'><strong>solitudines;</strong></span> <span class='ocrx_word' id='word_1_675' title='bbox 1536 4754 1655 4808; x_wconf 72' lang='lat' dir='ltr'><strong>qua:</strong></span> <span class='ocrx_word' id='word_1_676' title='bbox 1682 4754 1806 4795; x_wconf 89' lang='lat' dir='ltr'><strong>cum</strong></span> <span class='ocrx_word' id='word_1_677' title='bbox 1832 4750 2018 4813; x_wconf 88' lang='lat' dir='ltr'><strong>postea</strong></span> 
     </span>
    </p>
   </div>
   <div class='ocr_carea' id='block_1_95' title="bbox 439 4826 2020 4893">
    <p class='ocr_par' dir='ltr' id='par_1_95' title="bbox 439 4826 2020 4893">
     <span class='ocr_line' id='line_1_95' title="bbox 439 4826 2020 4893; baseline 0.001 -10"><span class='ocrx_word' id='word_1_678' title='bbox 439 4827 675 4883; x_wconf 83' lang='lat' dir='ltr'><strong>Domino</strong></span> <span class='ocrx_word' id='word_1_679' title='bbox 694 4828 1071 4893; x_wconf 86' lang='lat' dir='ltr'><strong>credidissent,</strong></span> <span class='ocrx_word' id='word_1_680' title='bbox 1105 4826 1195 4883; x_wconf 88' lang='lat' dir='ltr'><strong>ille</strong></span> <span class='ocrx_word' id='word_1_681' title='bbox 1222 4841 1329 4883; x_wconf 87' lang='lat' dir='ltr'><strong>non</strong></span> <span class='ocrx_word' id='word_1_682' title='bbox 1360 4827 1578 4883; x_wconf 87' lang='lat' dir='ltr'><strong>invento</strong></span> <span class='ocrx_word' id='word_1_683' title='bbox 1613 4827 1731 4884; x_wconf 89' lang='lat' dir='ltr'><strong>loco</strong></span> <span class='ocrx_word' id='word_1_684' title='bbox 1761 4829 1815 4884; x_wconf 90' lang='lat' dir='ltr'><strong>in</strong></span> <span class='ocrx_word' id='word_1_685' title='bbox 1845 4831 2020 4886; x_wconf 86' lang='lat' dir='ltr'><strong>natio-</strong></span> 
     </span>
    </p>
   </div>
   <div class='ocr_carea' id='block_1_96' title="bbox 435 4918 2019 4991">
    <p class='ocr_par' dir='ltr' id='par_1_96' title="bbox 435 4918 2019 4991">
     <span class='ocr_line' id='line_1_96' title="bbox 435 4918 2019 4991; baseline 0.003 -17"><span class='ocrx_word' id='word_1_686' title='bbox 435 4918 615 4985; x_wconf 84' lang='lat' dir='ltr'><strong>nibus,</strong></span> <span class='ocrx_word' id='word_1_687' title='bbox 639 4921 799 4987; x_wconf 78' lang='lat' dir='ltr'><strong>dixit,</strong></span> <span class='ocrx_word' id='word_1_688' title='bbox 825 4929 1055 4975; x_wconf 83' lang='lat' dir='ltr'><strong>revertar</strong></span> <span class='ocrx_word' id='word_1_689' title='bbox 1074 4920 1130 4972; x_wconf 82' lang='lat' dir='ltr'><strong>in</strong></span> <span class='ocrx_word' id='word_1_690' title='bbox 1152 4920 1364 4973; x_wconf 83' lang='lat' dir='ltr'><strong>domum</strong></span> <span class='ocrx_word' id='word_1_691' title='bbox 1387 4936 1558 4976; x_wconf 78' lang='lat' dir='ltr'><strong>meam</strong></span> <span class='ocrx_word' id='word_1_692' title='bbox 1580 4922 1857 4991; x_wconf 82' lang='lat' dir='ltr'><strong>pristinam</strong></span> <span class='ocrx_word' id='word_1_693' title='bbox 1880 4924 2019 4978; x_wconf 85' lang='lat' dir='ltr'><strong>unde</strong></span> 
     </span>
    </p>
   </div>
   <div class='ocr_carea' id='block_1_97' title="bbox 432 5009 2019 5080">
    <p class='ocr_par' dir='ltr' id='par_1_97' title="bbox 432 5009 2019 5080">
     <span class='ocr_line' id='line_1_97' title="bbox 432 5009 2019 5080; baseline 0.003 -14"><span class='ocrx_word' id='word_1_694' title='bbox 432 5011 590 5068; x_wconf 71' lang='lat' dir='ltr'><strong>exivi.</strong></span> <span class='ocrx_word' id='word_1_695' title='bbox 641 5009 825 5068; x_wconf 83' lang='lat' dir='ltr'><strong>Habeo</strong></span> <span class='ocrx_word' id='word_1_696' title='bbox 852 5010 1090 5074; x_wconf 64' lang='lat' dir='ltr'><strong>Iudaeos,</strong></span> <span class='ocrx_word' id='word_1_697' title='bbox 1133 5025 1269 5080; x_wconf 89' lang='lat' dir='ltr'><strong>quos</strong></span> <span class='ocrx_word' id='word_1_698' title='bbox 1298 5020 1423 5067; x_wconf 89' lang='lat' dir='ltr'><strong>ante</strong></span> <span class='ocrx_word' id='word_1_699' title='bbox 1452 5012 1784 5068; x_wconf 83' lang='lat' dir='ltr'><strong>dimiseram.</strong></span> <span class='ocrx_word' id='word_1_700' title='bbox 1833 5015 1900 5069; x_wconf 85' lang='lat' dir='ltr'><strong>Et</strong></span> <span class='ocrx_word' id='word_1_701' title='bbox 1930 5031 2019 5071; x_wconf 83' lang='lat' dir='ltr'><strong>ve—</strong></span> 
     </span>
    </p>
   </div>
   <div class='ocr_carea' id='block_1_98' title="bbox 433 5103 2021 5177">
    <p class='ocr_par' dir='ltr' id='par_1_98' title="bbox 433 5103 2021 5177">
     <span class='ocr_line' id='line_1_98' title="bbox 433 5103 2021 5177; baseline 0.001 -17"><span class='ocrx_word' id='word_1_702' title='bbox 433 5105 592 5163; x_wconf 85' lang='lat' dir='ltr'><strong>niens</strong></span> <span class='ocrx_word' id='word_1_703' title='bbox 629 5103 836 5160; x_wconf 86' lang='lat' dir='ltr'><strong>invenit</strong></span> <span class='ocrx_word' id='word_1_704' title='bbox 864 5108 1150 5158; x_wconf 81' lang='lat' dir='ltr'><strong>vacantem</strong></span> <span class='ocrx_word' id='word_1_705' title='bbox 1190 5103 1366 5177; x_wconf 87' lang='lat' dir='ltr'><strong>scopis</strong></span> <span class='ocrx_word' id='word_1_706' title='bbox 1416 5105 1745 5160; x_wconf 82' lang='lat' dir='ltr'><strong>mandatam.</strong></span> <span class='ocrx_word' id='word_1_707' title='bbox 1779 5107 2021 5163; x_wconf 83' lang='lat' dir='ltr'><strong>Vacabat</strong></span> 
     </span>
    </p>
   </div>
   <div class='ocr_carea' id='block_1_99' title="bbox 431 5191 2018 5271">
    <p class='ocr_par' dir='ltr' id='par_1_99' title="bbox 431 5191 2018 5271">
     <span class='ocr_line' id='line_1_99' title="bbox 431 5191 2018 5271; baseline 0.002 -19"><span class='ocrx_word' id='word_1_708' title='bbox 431 5196 578 5252; x_wconf 75' lang='lat' dir='ltr'><strong>enim</strong></span> <span class='ocrx_word' id='word_1_709' title='bbox 632 5194 889 5265; x_wconf 88' lang='lat' dir='ltr'><strong>templum</strong></span> <span class='ocrx_word' id='word_1_710' title='bbox 937 5191 1284 5258; x_wconf 74' lang='lat' dir='ltr'><strong>Judzeorum,</strong></span> <span class='ocrx_word' id='word_1_711' title='bbox 1334 5205 1389 5250; x_wconf 83' lang='lat' dir='ltr'><strong>et</strong></span> <span class='ocrx_word' id='word_1_712' title='bbox 1431 5194 1704 5253; x_wconf 78' lang='lat' dir='ltr'><strong>Christum</strong></span> <span class='ocrx_word' id='word_1_713' title='bbox 1750 5200 2018 5271; x_wconf 74' lang='lat' dir='ltr'><strong>hospitem</strong></span> 
     </span>
    </p>
   </div>
   <div class='ocr_carea' id='block_1_100' title="bbox 433 5285 2016 5347">
    <p class='ocr_par' dir='ltr' id='par_1_100' title="bbox 433 5285 2016 5347">
     <span class='ocr_line' id='line_1_100' title="bbox 433 5285 2016 5347; baseline 0.003 -4"><span class='ocrx_word' id='word_1_714' title='bbox 433 5303 542 5345; x_wconf 89' lang='lat' dir='ltr'><strong>non</strong></span> <span class='ocrx_word' id='word_1_715' title='bbox 570 5286 807 5344; x_wconf 85' lang='lat' dir='ltr'><strong>habebat</strong></span> <span class='ocrx_word' id='word_1_716' title='bbox 832 5285 1100 5341; x_wconf 88' lang='lat' dir='ltr'><strong>dicentem</strong></span> <span class='ocrx_word' id='word_1_717' title='bbox 1132 5303 1145 5340; x_wconf 92' lang='lat'><strong>:</strong></span> <span class='ocrx_word' id='word_1_718' title='bbox 1184 5285 1495 5342; x_wconf 86' lang='lat' dir='ltr'><strong>Dimittetur</strong></span> <span class='ocrx_word' id='word_1_719' title='bbox 1521 5291 1673 5346; x_wconf 83' lang='lat' dir='ltr'><strong>vobis</strong></span> <span class='ocrx_word' id='word_1_720' title='bbox 1702 5291 1893 5346; x_wconf 81' lang='lat' dir='ltr'><strong>domus</strong></span> <span class='ocrx_word' id='word_1_721' title='bbox 1922 5307 2016 5347; x_wconf 81' lang='lat' dir='ltr'><strong>ve-</strong></span> 
     </span>
    </p>
   </div>
   <div class='ocr_carea' id='block_1_101' title="bbox 432 5376 2021 5457">
    <p class='ocr_par' dir='ltr' id='par_1_101' title="bbox 432 5376 2021 5457">
     <span class='ocr_line' id='line_1_101' title="bbox 432 5376 2021 5457; baseline 0.003 -22"><span class='ocrx_word' id='word_1_722' title='bbox 432 5387 544 5437; x_wconf 85' lang='lat' dir='ltr'><strong>stra</strong></span> <span class='ocrx_word' id='word_1_723' title='bbox 573 5379 785 5435; x_wconf 83' lang='lat' dir='ltr'><strong>deserta</strong></span> <span class='ocrx_word' id='word_1_724' title='bbox 815 5376 1032 5450; x_wconf 77' lang='lat' dir='ltr'><strong>(Matth.</strong></span> <span class='ocrx_word' id='word_1_725' title='bbox 1063 5378 1376 5450; x_wconf 79' lang='lat' dir='ltr'><strong>xxnt).Quia</strong></span> <span class='ocrx_word' id='word_1_726' title='bbox 1404 5382 1568 5453; x_wconf 83' lang='lat' dir='ltr'><strong>igitur</strong></span> <span class='ocrx_word' id='word_1_727' title='bbox 1602 5384 1695 5438; x_wconf 89' lang='lat' dir='ltr'><strong>Dei</strong></span> <span class='ocrx_word' id='word_1_728' title='bbox 1723 5392 1778 5439; x_wconf 91' lang='lat' dir='ltr'><strong>et</strong></span> <span class='ocrx_word' id='word_1_729' title='bbox 1802 5385 2021 5457; x_wconf 81' lang='lat' dir='ltr'><strong>angelo-</strong></span> 
     </span>
    </p>
   </div>
   <div class='ocr_carea' id='block_1_102' title="bbox 433 5467 2021 5547">
    <p class='ocr_par' dir='ltr' id='par_1_102' title="bbox 433 5467 2021 5547">
     <span class='ocr_line' id='line_1_102' title="bbox 433 5467 2021 5547; baseline 0.004 -23"><span class='ocrx_word' id='word_1_730' title='bbox 433 5486 554 5526; x_wconf 88' lang='lat' dir='ltr'><strong>rum</strong></span> <span class='ocrx_word' id='word_1_731' title='bbox 591 5467 846 5538; x_wconf 68' lang='lat' dir='ltr'><strong>prazsidia</strong></span> <span class='ocrx_word' id='word_1_732' title='bbox 885 5483 994 5524; x_wconf 87' lang='lat' dir='ltr'><strong>non</strong></span> <span class='ocrx_word' id='word_1_733' title='bbox 1019 5468 1306 5534; x_wconf 85' lang='lat' dir='ltr'><strong>habebant,</strong></span> <span class='ocrx_word' id='word_1_734' title='bbox 1335 5481 1391 5528; x_wconf 89' lang='lat' dir='ltr'><strong>et</strong></span> <span class='ocrx_word' id='word_1_735' title='bbox 1422 5475 1600 5529; x_wconf 88' lang='lat' dir='ltr'><strong>ornati</strong></span> <span class='ocrx_word' id='word_1_736' title='bbox 1641 5484 1797 5530; x_wconf 87' lang='lat' dir='ltr'><strong>erant</strong></span> <span class='ocrx_word' id='word_1_737' title='bbox 1833 5492 2021 5547; x_wconf 81' lang='lat' dir='ltr'><strong>snper-</strong></span> 
     </span>
    </p>
   </div>
   <div class='ocr_carea' id='block_1_103' title="bbox 431 5554 2019 5630">
    <p class='ocr_par' dir='ltr' id='par_1_103' title="bbox 431 5554 2019 5630">
     <span class='ocr_line' id='line_1_103' title="bbox 431 5554 2019 5630; baseline 0.007 -18"><span class='ocrx_word' id='word_1_738' title='bbox 431 5560 555 5615; x_wconf 84' lang='lat' dir='ltr'><strong>ﬂuis</strong></span> <span class='ocrx_word' id='word_1_739' title='bbox 600 5559 1074 5625; x_wconf 84' lang='lat' dir='ltr'><strong>observationibus</strong></span> <span class='ocrx_word' id='word_1_740' title='bbox 1124 5554 1548 5630; x_wconf 51' lang='lat' dir='ltr'><strong>Pharis&#39;ccorum,</strong></span> <span class='ocrx_word' id='word_1_741' title='bbox 1603 5568 1895 5622; x_wconf 87' lang='lat' dir='ltr'><strong>revertitur</strong></span> <span class='ocrx_word' id='word_1_742' title='bbox 1952 5569 2019 5623; x_wconf 89' lang='lat' dir='ltr'><strong>ad</strong></span> 
     </span>
    </p>
   </div>
   <div class='ocr_carea' id='block_1_104' title="bbox 431 5649 2017 5724">
    <p class='ocr_par' dir='ltr' id='par_1_104' title="bbox 431 5649 2017 5724">
     <span class='ocr_line' id='line_1_104' title="bbox 431 5649 2017 5724; baseline 0.006 -18"><span class='ocrx_word' id='word_1_743' title='bbox 431 5664 527 5706; x_wconf 77' lang='lat' dir='ltr'><strong>cos</strong></span> <span class='ocrx_word' id='word_1_744' title='bbox 566 5649 833 5719; x_wconf 81' lang='lat' dir='ltr'><strong>diabolus,</strong></span> <span class='ocrx_word' id='word_1_745' title='bbox 875 5660 932 5711; x_wconf 88' lang='lat' dir='ltr'><strong>ct</strong></span> <span class='ocrx_word' id='word_1_746' title='bbox 967 5655 1276 5724; x_wconf 88' lang='lat' dir='ltr'><strong>septenario</strong></span> <span class='ocrx_word' id='word_1_747' title='bbox 1314 5657 1419 5712; x_wconf 87' lang='lat' dir='ltr'><strong>sibi</strong></span> <span class='ocrx_word' id='word_1_748' title='bbox 1458 5673 1687 5714; x_wconf 88' lang='lat' dir='ltr'><strong>numero</strong></span> <span class='ocrx_word' id='word_1_749' title='bbox 1717 5660 2017 5715; x_wconf 61' lang='lat' dir='ltr'><strong>daemonum</strong></span> 
     </span>
    </p>
   </div>
   <div class='ocr_carea' id='block_1_105' title="bbox 432 5741 2016 5818">
    <p class='ocr_par' dir='ltr' id='par_1_105' title="bbox 432 5741 2016 5818">
     <span class='ocr_line' id='line_1_105' title="bbox 432 5741 2016 5818; baseline 0.006 -23"><span class='ocrx_word' id='word_1_750' title='bbox 432 5741 638 5806; x_wconf 80' lang='lat' dir='ltr'><strong>addito,</strong></span> <span class='ocrx_word' id='word_1_751' title='bbox 667 5741 865 5800; x_wconf 82' lang='lat' dir='ltr'><strong>habitat</strong></span> <span class='ocrx_word' id='word_1_752' title='bbox 896 5744 1180 5818; x_wconf 84' lang='lat' dir='ltr'><strong>pristinam</strong></span> <span class='ocrx_word' id='word_1_753' title='bbox 1208 5745 1451 5816; x_wconf 85' lang='lat' dir='ltr'><strong>domum,</strong></span> <span class='ocrx_word' id='word_1_754' title='bbox 1480 5757 1533 5804; x_wconf 88' lang='lat' dir='ltr'><strong>et</strong></span> <span class='ocrx_word' id='word_1_755' title='bbox 1560 5747 1693 5803; x_wconf 80' lang='lat' dir='ltr'><strong>ﬁunt</strong></span> <span class='ocrx_word' id='word_1_756' title='bbox 1717 5750 2016 5818; x_wconf 85' lang='lat' dir='ltr'><strong>posteriora</strong></span> 
     </span>
    </p>
   </div>
   <div class='ocr_carea' id='block_1_106' title="bbox 2124 4647 3714 4721">
    <p class='ocr_par' dir='ltr' id='par_1_106' title="bbox 2124 4647 3714 4721">
     <span class='ocr_line' id='line_1_106' title="bbox 2124 4647 3714 4721; baseline 0.002 -18"><span class='ocrx_word' id='word_1_757' title='bbox 2124 4647 2417 4713; x_wconf 90' lang='lat' dir='ltr'><strong>diceretur,</strong></span> <span class='ocrx_word' id='word_1_758' title='bbox 2464 4649 2556 4719; x_wconf 90' lang='lat' dir='ltr'><strong>qui</strong></span> <span class='ocrx_word' id='word_1_759' title='bbox 2605 4649 2875 4721; x_wconf 78' lang='lat' dir='ltr'><strong>originem</strong></span> <span class='ocrx_word' id='word_1_760' title='bbox 2923 4665 3030 4705; x_wconf 89' lang='lat' dir='ltr'><strong>non</strong></span> <span class='ocrx_word' id='word_1_761' title='bbox 3078 4650 3305 4706; x_wconf 89' lang='lat' dir='ltr'><strong>haberet</strong></span> <span class='ocrx_word' id='word_1_762' title='bbox 3343 4664 3412 4706; x_wconf 81' lang='lat' dir='ltr'><strong>ex</strong></span> <span class='ocrx_word' id='word_1_763' title='bbox 3471 4650 3714 4709; x_wconf 81' lang='lat' dir='ltr'><strong>homine.</strong></span> 
     </span>
    </p>
   </div>
   <div class='ocr_carea' id='block_1_107' title="bbox 2123 4740 3717 4811">
    <p class='ocr_par' dir='ltr' id='par_1_107' title="bbox 2123 4740 3717 4811">
     <span class='ocr_line' id='line_1_107' title="bbox 2123 4740 3717 4811; baseline 0.002 -16"><span class='ocrx_word' id='word_1_764' title='bbox 2123 4740 2191 4795; x_wconf 83' lang='lat' dir='ltr'><strong>Et</strong></span> <span class='ocrx_word' id='word_1_765' title='bbox 2220 4754 2319 4796; x_wconf 92' lang='lat' dir='ltr'><strong>nos</strong></span> <span class='ocrx_word' id='word_1_766' title='bbox 2347 4740 2511 4811; x_wconf 84' lang='lat' dir='ltr'><strong>igitur</strong></span> <span class='ocrx_word' id='word_1_767' title='bbox 2534 4741 2619 4796; x_wconf 87' lang='lat' dir='ltr'><strong>his</strong></span> <span class='ocrx_word' id='word_1_768' title='bbox 2650 4749 2839 4796; x_wconf 88' lang='lat' dir='ltr'><strong>contra</strong></span> <span class='ocrx_word' id='word_1_769' title='bbox 2868 4741 3134 4798; x_wconf 82' lang='lat' dir='ltr'><strong>Euthic-en</strong></span> <span class='ocrx_word' id='word_1_770' title='bbox 3169 4742 3348 4807; x_wconf 89' lang='lat' dir='ltr'><strong>dictis,</strong></span> <span class='ocrx_word' id='word_1_771' title='bbox 3388 4741 3717 4798; x_wconf 58' lang='lat' dir='ltr'><strong>attollamus</strong></span> 
     </span>
    </p>
   </div>
   <div class='ocr_carea' id='block_1_108' title="bbox 2122 4831 3716 4901">
    <p class='ocr_par' dir='ltr' id='par_1_108' title="bbox 2122 4831 3716 4901">
     <span class='ocr_line' id='line_1_108' title="bbox 2122 4831 3716 4901; baseline 0.001 -15"><span class='ocrx_word' id='word_1_772' title='bbox 2122 4847 2310 4888; x_wconf 87' lang='lat' dir='ltr'><strong>vocem</strong></span> <span class='ocrx_word' id='word_1_773' title='bbox 2368 4848 2491 4887; x_wconf 88' lang='lat' dir='ltr'><strong>cum</strong></span> <span class='ocrx_word' id='word_1_774' title='bbox 2524 4832 2765 4887; x_wconf 82' lang='lat' dir='ltr'><strong>Ecclesia</strong></span> <span class='ocrx_word' id='word_1_775' title='bbox 2814 4832 3100 4897; x_wconf 87' lang='lat' dir='ltr'><strong>catholica,</strong></span> <span class='ocrx_word' id='word_1_776' title='bbox 3147 4831 3305 4901; x_wconf 89' lang='lat' dir='ltr'><strong>cujus</strong></span> <span class='ocrx_word' id='word_1_777' title='bbox 3349 4832 3467 4888; x_wconf 65' lang='lat' dir='ltr'><strong>haec</strong></span> <span class='ocrx_word' id='word_1_778' title='bbox 3515 4833 3716 4889; x_wconf 88' lang='lat' dir='ltr'><strong>mulier</strong></span> 
     </span>
    </p>
   </div>
   <div class='ocr_carea' id='block_1_109' title="bbox 2122 4924 3714 4997">
    <p class='ocr_par' dir='ltr' id='par_1_109' title="bbox 2122 4924 3714 4997">
     <span class='ocr_line' id='line_1_109' title="bbox 2122 4924 3714 4997; baseline 0.001 -19"><span class='ocrx_word' id='word_1_779' title='bbox 2122 4933 2304 4996; x_wconf 83' lang='lat' dir='ltr'><strong>typum</strong></span> <span class='ocrx_word' id='word_1_780' title='bbox 2333 4925 2519 4997; x_wconf 84' lang='lat' dir='ltr'><strong>gessit.</strong></span> <span class='ocrx_word' id='word_1_781' title='bbox 2551 4924 2885 4980; x_wconf 81' lang='lat' dir='ltr'><strong>Extollamus</strong></span> <span class='ocrx_word' id='word_1_782' title='bbox 2919 4932 2974 4979; x_wconf 89' lang='lat' dir='ltr'><strong>et</strong></span> <span class='ocrx_word' id='word_1_783' title='bbox 3014 4933 3253 4980; x_wconf 90' lang='lat' dir='ltr'><strong>mentem</strong></span> <span class='ocrx_word' id='word_1_784' title='bbox 3284 4924 3352 4979; x_wconf 91' lang='lat' dir='ltr'><strong>de</strong></span> <span class='ocrx_word' id='word_1_785' title='bbox 3376 4924 3558 4980; x_wconf 88' lang='lat' dir='ltr'><strong>medio</strong></span> <span class='ocrx_word' id='word_1_786' title='bbox 3593 4933 3714 4980; x_wconf 90' lang='lat' dir='ltr'><strong>tur-</strong></span> 
     </span>
    </p>
   </div>
   <div class='ocr_carea' id='block_1_110' title="bbox 2121 5016 3717 5089">
    <p class='ocr_par' dir='ltr' id='par_1_110' title="bbox 2121 5016 3717 5089">
     <span class='ocr_line' id='line_1_110' title="bbox 2121 5016 3717 5089; baseline 0 -16"><span class='ocrx_word' id='word_1_787' title='bbox 2121 5017 2339 5084; x_wconf 87' lang='lat' dir='ltr'><strong>barum,</strong></span> <span class='ocrx_word' id='word_1_788' title='bbox 2367 5017 2723 5086; x_wconf 84' lang='lat' dir='ltr'><strong>dicamnsque</strong></span> <span class='ocrx_word' id='word_1_789' title='bbox 2770 5016 3039 5072; x_wconf 86' lang='lat' dir='ltr'><strong>Salvatori</strong></span> <span class='ocrx_word' id='word_1_790' title='bbox 3066 5034 3080 5073; x_wconf 91' lang='lat'><strong>:</strong></span> <span class='ocrx_word' id='word_1_791' title='bbox 3106 5017 3302 5072; x_wconf 82' lang='lat' dir='ltr'><strong>Beatus</strong></span> <span class='ocrx_word' id='word_1_792' title='bbox 3342 5026 3520 5071; x_wconf 80' lang='lat' dir='ltr'><strong>venter</strong></span> <span class='ocrx_word' id='word_1_793' title='bbox 3544 5021 3637 5089; x_wconf 81' lang='lat' dir='ltr'><strong>qui</strong></span> <span class='ocrx_word' id='word_1_794' title='bbox 3666 5028 3717 5073; x_wconf 87' lang='lat' dir='ltr'><strong>te</strong></span> 
     </span>
    </p>
   </div>
   <div class='ocr_carea' id='block_1_111' title="bbox 2120 5109 3708 5182">
    <p class='ocr_par' dir='ltr' id='par_1_111' title="bbox 2120 5109 3708 5182">
     <span class='ocr_line' id='line_1_111' title="bbox 2120 5109 3708 5182; baseline 0.003 -20"><span class='ocrx_word' id='word_1_795' title='bbox 2120 5110 2367 5180; x_wconf 81' lang='lat' dir='ltr'><strong>portavit,</strong></span> <span class='ocrx_word' id='word_1_796' title='bbox 2396 5119 2442 5163; x_wconf 87' lang='lat' dir='ltr'><strong>et</strong></span> <span class='ocrx_word' id='word_1_797' title='bbox 2470 5109 2628 5165; x_wconf 76' lang='lat' dir='ltr'><strong>ubera</strong></span> <span class='ocrx_word' id='word_1_798' title='bbox 2669 5127 2786 5180; x_wconf 70' lang='lat' dir='ltr'><strong>qua?</strong></span> <span class='ocrx_word' id='word_1_799' title='bbox 2825 5110 3033 5164; x_wconf 73' lang='lat' dir='ltr'><strong>auxisti.</strong></span> <span class='ocrx_word' id='word_1_800' title='bbox 3082 5111 3220 5167; x_wconf 76' lang='lat' dir='ltr'><strong>Vere</strong></span> <span class='ocrx_word' id='word_1_801' title='bbox 3249 5110 3393 5165; x_wconf 86' lang='lat' dir='ltr'><strong>enim</strong></span> <span class='ocrx_word' id='word_1_802' title='bbox 3418 5109 3579 5166; x_wconf 87' lang='lat' dir='ltr'><strong>beata</strong></span> <span class='ocrx_word' id='word_1_803' title='bbox 3608 5127 3708 5182; x_wconf 84' lang='lat' dir='ltr'><strong>pa-</strong></span> 
     </span>
    </p>
   </div>
   <div class='ocr_carea' id='block_1_112' title="bbox 2124 5204 3334 5278">
    <p class='ocr_par' dir='ltr' id='par_1_112' title="bbox 2124 5204 3334 5278">
     <span class='ocr_line' id='line_1_112' title="bbox 2124 5204 3334 5278; baseline 0.002 -21"><span class='ocrx_word' id='word_1_804' title='bbox 2124 5219 2267 5268; x_wconf 90' lang='lat' dir='ltr'><strong>rens,</strong></span> <span class='ocrx_word' id='word_1_805' title='bbox 2297 5219 2434 5273; x_wconf 63' lang='lat' dir='ltr'><strong>quae,</strong></span> <span class='ocrx_word' id='word_1_806' title='bbox 2469 5204 2613 5258; x_wconf 85' lang='lat' dir='ltr'><strong>sicut</strong></span> <span class='ocrx_word' id='word_1_807' title='bbox 2644 5206 2863 5274; x_wconf 85' lang='lat' dir='ltr'><strong>quidam</strong></span> <span class='ocrx_word' id='word_1_808' title='bbox 2895 5204 2971 5259; x_wconf 82' lang='lat' dir='ltr'><strong>ait</strong></span> <span class='ocrx_word' id='word_1_809' title='bbox 3009 5204 3334 5278; x_wconf 75' lang='lat' dir='ltr'><strong>(Sedulius),</strong></span> 
     </span>
    </p>
   </div>
   <div class='ocr_carea' id='block_1_113' title="bbox 2745 5334 3496 5397">
    <p class='ocr_par' dir='ltr' id='par_1_113' title="bbox 2745 5334 3496 5397">
     <span class='ocr_line' id='line_1_113' title="bbox 2745 5334 3496 5397; baseline 0.003 -12"><span class='ocrx_word' id='word_1_810' title='bbox 2745 5334 2900 5386; x_wconf 75' lang='lat' dir='ltr'><strong>Enixa</strong></span> <span class='ocrx_word' id='word_1_811' title='bbox 2926 5344 3003 5385; x_wconf 79' lang='lat' dir='ltr'><strong>est</strong></span> <span class='ocrx_word' id='word_1_812' title='bbox 3027 5347 3271 5397; x_wconf 78' lang='lat' dir='ltr'><strong>puerpera</strong></span> <span class='ocrx_word' id='word_1_813' title='bbox 3297 5347 3496 5395; x_wconf 75' lang='lat' dir='ltr'><strong>regem.</strong></span> 
     </span>
    </p>
   </div>
   <div class='ocr_carea' id='block_1_114' title="bbox 2246 5395 3423 5459">
    <p class='ocr_par' dir='ltr' id='par_1_114' title="bbox 2246 5395 3423 5459">
     <span class='ocr_line' id='line_1_114' title="bbox 2246 5395 3423 5459; baseline 0.001 -14"><span class='ocrx_word' id='word_1_814' title='bbox 2246 5395 2439 5459; x_wconf 61' lang='lat' dir='ltr'><strong>Numen</strong></span> <span class='ocrx_word' id='word_1_815' title='bbox 2462 5402 2513 5446; x_wconf 81' lang='lat' dir='ltr'><strong>et</strong></span> <span class='ocrx_word' id='word_1_816' title='bbox 2530 5404 2719 5446; x_wconf 61' lang='lat' dir='ltr'><strong>interno</strong></span> <span class='ocrx_word' id='word_1_817' title='bbox 2741 5395 3076 5459; x_wconf 76' lang='lat' dir='ltr'><strong>complectens</strong></span> <span class='ocrx_word' id='word_1_818' title='bbox 3099 5395 3258 5446; x_wconf 82' lang='lat' dir='ltr'><strong>omnia</strong></span> <span class='ocrx_word' id='word_1_819' title='bbox 3278 5411 3423 5459; x_wconf 65' lang='lat' dir='ltr'><strong>gyro.</strong></span> 
     </span>
    </p>
   </div>
   <div class='ocr_carea' id='block_1_115' title="bbox 2247 5458 3549 5515">
    <p class='ocr_par' dir='ltr' id='par_1_115' title="bbox 2247 5458 3549 5515">
     <span class='ocr_line' id='line_1_115' title="bbox 2247 5458 3549 5515; baseline 0.002 -9"><span class='ocrx_word' id='word_1_820' title='bbox 2247 5458 2437 5506; x_wconf 85' lang='lat' dir='ltr'><strong>Gaudia</strong></span> <span class='ocrx_word' id='word_1_821' title='bbox 2462 5462 2633 5507; x_wconf 81' lang='lat' dir='ltr'><strong>matris</strong></span> <span class='ocrx_word' id='word_1_822' title='bbox 2660 5460 2862 5514; x_wconf 78' lang='lat' dir='ltr'><strong>habens,</strong></span> <span class='ocrx_word' id='word_1_823' title='bbox 2888 5471 2999 5508; x_wconf 90' lang='lat' dir='ltr'><strong>cum</strong></span> <span class='ocrx_word' id='word_1_824' title='bbox 3027 5458 3323 5515; x_wconf 70' lang='lat' dir='ltr'><strong>\irginitatis</strong></span> <span class='ocrx_word' id='word_1_825' title='bbox 3343 5460 3549 5512; x_wconf 83' lang='lat' dir='ltr'><strong>honore.</strong></span> 
     </span>
    </p>
   </div>
   <div class='ocr_carea' id='block_1_116' title="bbox 2246 5519 3523 5582">
    <p class='ocr_par' dir='ltr' id='par_1_116' title="bbox 2246 5519 3523 5582">
     <span class='ocr_line' id='line_1_116' title="bbox 2246 5519 3523 5582; baseline 0.003 -16"><span class='ocrx_word' id='word_1_826' title='bbox 2246 5519 2341 5582; x_wconf 81' lang='lat' dir='ltr'><strong>Qui</strong></span> <span class='ocrx_word' id='word_1_827' title='bbox 2365 5519 2541 5566; x_wconf 73' lang='lat' dir='ltr'><strong>cn-lmn</strong></span> <span class='ocrx_word' id='word_1_828' title='bbox 2566 5528 2852 5580; x_wconf 78' lang='lat' dir='ltr'><strong>terramque</strong></span> <span class='ocrx_word' id='word_1_829' title='bbox 2876 5527 3016 5569; x_wconf 74' lang='lat' dir='ltr'><strong>tenet</strong></span> <span class='ocrx_word' id='word_1_830' title='bbox 3041 5532 3131 5582; x_wconf 88' lang='lat' dir='ltr'><strong>per</strong></span> <span class='ocrx_word' id='word_1_831' title='bbox 3156 5520 3351 5576; x_wconf 59' lang='lat' dir='ltr'><strong>secula.</strong></span> <span class='ocrx_word' id='word_1_832' title='bbox 3380 5521 3523 5581; x_wconf 84' lang='lat' dir='ltr'><strong>cujus</strong></span> 
     </span>
    </p>
   </div>
   <div class='ocr_carea' id='block_1_117' title="bbox 2246 5581 3508 5644">
    <p class='ocr_par' dir='ltr' id='par_1_117' title="bbox 2246 5581 3508 5644">
     <span class='ocr_line' id='line_1_117' title="bbox 2246 5581 3508 5644; baseline 0.003 -17"><span class='ocrx_word' id='word_1_833' title='bbox 2246 5581 2511 5644; x_wconf 65' lang='lat' dir='ltr'><strong>imperium</strong></span> <span class='ocrx_word' id='word_1_834' title='bbox 2536 5582 2647 5629; x_wconf 87' lang='lat' dir='ltr'><strong>sine</strong></span> <span class='ocrx_word' id='word_1_835' title='bbox 2670 5582 2768 5641; x_wconf 80' lang='lat' dir='ltr'><strong>line</strong></span> <span class='ocrx_word' id='word_1_836' title='bbox 2790 5589 2973 5643; x_wconf 85' lang='lat' dir='ltr'><strong>manet,</strong></span> <span class='ocrx_word' id='word_1_837' title='bbox 3004 5595 3115 5644; x_wconf 75' lang='lat' dir='ltr'><strong>qua:</strong></span> <span class='ocrx_word' id='word_1_838' title='bbox 3142 5591 3316 5633; x_wconf 87' lang='lat' dir='ltr'><strong>ventre</strong></span> <span class='ocrx_word' id='word_1_839' title='bbox 3340 5582 3508 5641; x_wconf 81' lang='lat' dir='ltr'><strong>beato,</strong></span> 
     </span>
    </p>
   </div>
   <div class='ocr_carea' id='block_1_118' title="bbox 2245 5640 3715 5708">
    <p class='ocr_par' dir='ltr' id='par_1_118' title="bbox 2245 5640 3715 5708">
     <span class='ocr_line' id='line_1_118' title="bbox 2245 5640 3715 5708; baseline 0.004 -16"><span class='ocrx_word' id='word_1_840' title='bbox 2245 5640 2349 5692; x_wconf 82' lang='lat' dir='ltr'><strong>Nec</strong></span> <span class='ocrx_word' id='word_1_841' title='bbox 2375 5644 2571 5703; x_wconf 84' lang='lat' dir='ltr'><strong>primam</strong></span> <span class='ocrx_word' id='word_1_842' title='bbox 2596 5640 2805 5691; x_wconf 76' lang='lat' dir='ltr'><strong>similem</strong></span> <span class='ocrx_word' id='word_1_843' title='bbox 2830 5647 2930 5693; x_wconf 87' lang='lat' dir='ltr'><strong>visa</strong></span> <span class='ocrx_word' id='word_1_844' title='bbox 2952 5640 3047 5700; x_wconf 74' lang='lat' dir='ltr'><strong>est,</strong></span> <span class='ocrx_word' id='word_1_845' title='bbox 3066 5656 3158 5693; x_wconf 82' lang='lat' dir='ltr'><strong>nec</strong></span> <span class='ocrx_word' id='word_1_846' title='bbox 3185 5644 3371 5694; x_wconf 85' lang='lat' dir='ltr'><strong>habere</strong></span> <span class='ocrx_word' id='word_1_847' title='bbox 3391 5640 3715 5708; x_wconf 81' lang='lat' dir='ltr'><strong>sequentem.</strong></span> 
     </span>
    </p>
   </div>
   <div class='ocr_carea' id='block_1_119' title="bbox 2193 5751 3712 5826">
    <p class='ocr_par' dir='ltr' id='par_1_119' title="bbox 2193 5751 3712 5826">
     <span class='ocr_line' id='line_1_119' title="bbox 2193 5751 3712 5826; baseline 0.001 -19"><span class='ocrx_word' id='word_1_848' title='bbox 2193 5757 2259 5807; x_wconf 77' lang='lat' dir='ltr'><strong>At</strong></span> <span class='ocrx_word' id='word_1_849' title='bbox 2302 5751 2390 5807; x_wconf 85' lang='lat' dir='ltr'><strong>ille</strong></span> <span class='ocrx_word' id='word_1_850' title='bbox 2424 5751 2557 5807; x_wconf 79' lang='lat' dir='ltr'><strong>dixit</strong></span> <span class='ocrx_word' id='word_1_851' title='bbox 2584 5766 2601 5806; x_wconf 89' lang='lat'><strong><em>:</em></strong></span> <span class='ocrx_word' id='word_1_852' title='bbox 2627 5753 2909 5823; x_wconf 82' lang='lat' dir='ltr'><strong>Quinimo,</strong></span> <span class='ocrx_word' id='word_1_853' title='bbox 2943 5753 3080 5810; x_wconf 75' lang='lat' dir='ltr'><strong>beati</strong></span> <span class='ocrx_word' id='word_1_854' title='bbox 3105 5754 3194 5826; x_wconf 84' lang='lat' dir='ltr'><strong>qui</strong></span> <span class='ocrx_word' id='word_1_855' title='bbox 3237 5757 3465 5810; x_wconf 84' lang='lat' dir='ltr'><strong>audiunt</strong></span> <span class='ocrx_word' id='word_1_856' title='bbox 3509 5757 3712 5811; x_wconf 78' lang='lat' dir='ltr'><strong>verbum</strong></span> 
     </span>
    </p>
   </div>
   <div class='ocr_carea' id='block_1_120' title="bbox 3743 1482 3750 1517">
    <p class='ocr_par' dir='ltr' id='par_1_120' title="bbox 3743 1482 3750 1517">
     <span class='ocr_line' id='line_1_120' title="bbox 3743 1482 3750 1517; baseline 0 0"><span class='ocrx_word' id='word_1_857' title='bbox 3743 1482 3750 1517; x_wconf 70' lang='grc' dir='ltr'><em>τ</em></span> 
     </span>
    </p>
   </div>
  </div>
