3946 6456
266 349 363 408 ιιι
1081 338 1594 402 COLLECTIONES
1631 339 1700 396 1N
1730 337 2118 396 EPISTOLAS
2157 337 2244 395 ET
2284 337 2691 396 EVANGELIA.
3439 337 3543 392 142

264 470 384 535 Dei,
414 476 463 523 et
488 464 787 523 custodiunt
812 461 968 518 illud.
991 460 1224 517 Pulchre
1246 459 1493 514 Salvator
1517 453 1851 513 atlestationi
1884 454 1928 513 A
1964 469 1983 503 ‹
2031 452 2143 523 Ego
2170 467 2289 509 sum
2318 453 2408 523 qui
2438 453 2631 537 loquor
2655 459 2855 508 tecum.
2904 452 2971 507 Et
2995 452 3253 510 continuo
3282 465 3547 510 venerunt

265 559 511 619 mulieris
531 558 740 614 annuit.
768 554 886 611 Non
913 568 1032 610 eam
1062 552 1452 617 tantummodo,
1480 548 1852 621 qumVerbum
1966 563 1984 595 ι
2031 545 2277 616 discipuli
2323 545 2439 615 ejus
2482 555 2537 601 ct
2581 545 2944 613 mirabantur,
2983 546 3108 618 quia
3158 561 3282 602 cum
3326 547 3549 603 muliere

269 653 363 709 Dei
393 648 748 721 corporaliter
784 660 1047 718 generare
1088 650 1385 709 meruerat,
1421 643 1517 699 sed
1552 650 1609 697 et
1644 653 1851 705 omnes,
1965 652 1983 685 ι
2031 634 2353 722 loquebatur
2376 678 2390 703 ,
2457 650 2619 691 nemo
2671 643 2852 693 tamen
2897 637 3035 693 dixit
3072 657 3086 693 :
3126 636 3266 706 Quid
3315 640 3553 710 quieris?

268 743 484 816 quidem
513 742 743 797 verbum
780 735 1138 809 spiritualiter
1163 736 1348 790 auditu
1380 732 1502 788 ﬁdei
1543 731 1853 802 concipere,
1966 740 1985 774 ι
2031 732 2125 779 aut
2149 721 2279 795 quid
2315 724 2553 796 loqueris
2590 739 2714 816 cum
2743 721 2842 816 ea?
2876 725 3115 798 Reliquit
3141 742 3271 801 ergo
3298 729 3548 802 hydriam

267 811 324 893 et
347 834 476 892 boni
517 833 701 905 operis
728 828 995 896 custodia,
1022 826 1107 884 vel
1143 828 1198 882 in
1229 840 1346 891 suo,
1375 825 1460 881 vel
1496 824 1550 879 in
1578 823 1857 895 proximo.
1967 832 1987 864 ι
2027 824 2182 905 suam
2231 816 2428 872 mulier
2467 823 2529 870 et
2574 811 2708 870 abiit
2750 812 2807 871 in
2852 816 3147 885 civitatem,
3189 827 3246 875 et
3273 821 3413 876 dixit
3446 820 3555 879 illis

271 942 390 983 rum
426 904 588 983 θοι-αξ
629 934 845 995 parere,
880 929 934 976 ει
972 919 1128 991 quasi
1157 916 1307 974 aierc
1346 913 1680 982 ειυάιιρτίηι,
1709 927 1858 969 asse-
1967 922 1987 956 ι
2033 904 2341 961 hominibus
2375 923 2387 960 :
2426 906 2616 964 Venite
2647 916 2704 964 et
2732 908 2912 965 videte
2956 909 3228 966 hominem
3269 914 3362 984 qui
3409 914 3549 971 dixit

268 1033 465 1075 verans
511 994 645 1072 esse,
677 1013 888 1070 beatos.
940 1010 1077 1079 Quia
1121 1018 1177 1065 et
1222 1007 1414 1063 eadem
1452 1005 1549 1062 Dei
1596 1003 1826 1077 genitrix

2034 996 2167 1053 mihi
2213 994 2397 1054 omnia
2444 1014 2780 1072 quazcunque
2825 998 2950 1057 feci.
3011 1001 3267 1075 Nunquid
3306 1008 3422 1077 ipse
3463 1018 3549 1065 εει

266 1120 325 1167 et
359 1110 487 1166 inde
529 1108 748 1179 quidem
777 1106 959 1169 beata,
988 1100 1115 1173 quia
1132 1099 1295 1161 Verbi
1333 1097 1652 1156 incarnandi
1699 1094 1859 1151 mini-
1967 1106 1986 1140 α
2031 1087 2321 1145 Christus?
2352 1088 2616 1146 Exierunt
2650 1105 2780 1162 ergo
2806 1092 2874 1148 de
2909 1091 3148 1160 civitate,
3178 1104 3233 1150 ct
3261 1097 3550 1154 veniebant

270 1210 384 1258 stra
422 1209 508 1255 est
548 1197 689 1254 facta
736 1194 1074 1265 temporalis,
1118 1192 1216 1248 sed
1260 1191 1386 1246 inde
1425 1188 1598 1244 multo
1625 1186 1857 1250 beatior,
1968 1198 1989 1231 ‹
2034 1180 2102 1235 ad
2130 1181 2511 1239 eum.lnterea
2540 1187 2801 1255 rogabant
2826 1201 2952 1242 eum
2977 1186 3244 1258 discipuli,
3273 1190 3548 1247 dicentes:

272 1287 400 1361 quia
473 1283 714 1358 ejusdem
777 1295 995 1354 semper
1058 1278 1277 1337 amandi
1360 1285 1546 1335 custos
1606 1275 1862 1331 manebat
1965 1291 1988 1324 ι
2034 1271 2230 1340 Rabbi,
2268 1276 2552 1332 manduca.
2578 1276 2676 1332 'llle
2704 1286 2886 1333 autem
2915 1277 3053 1333 dixit
3075 1280 3195 1335 eis:
3232 1280 3345 1353 Ego
3369 1283 3549 1339 cibum

270 1389 497 1435 acterna.
564 1372 679 1445 Qua
724 1371 1325 1442 sententia,.sapientes
1352 1367 1665 1425 Iudaeorum
1722 1366 1859 1421 clam
1972 1382 1991 1416 ι
2039 1365 2215 1422 habeo
2258 1366 2610 1434 manducare,
2650 1383 2811 1437 quem
2848 1382 2950 1424 vos
2992 1369 3239 1424 nescitis.
3287 1371 3548 1428 Dixerunt

272 1466 526 1540 percutit,
570 1464 664 1536 qui
700 1462 927 1519 verbum
966 1462 1063 1517 Dei
1102 1476 1211 1516 non
1254 1460 1443 1515 audire
1483 1466 1541 1514 et
1563 1456 1858 1520 custodire,
1972 1477 1991 1510 ι
2039 1473 2168 1529 ergo
2199 1456 2446 1530 discipuli
2469 1459 2538 1515 ad
2568 1457 3121 1532 invicem:Nunquid
3152 1462 3347 1532 aliquis
3376 1465 3558 1520 attulit

274 1563 371 1619 sed
394 1574 592 1633 negare
616 1567 674 1615 et
696 1558 1083 1628 blasphemarc
1112 1553 1449 1626 quaerebant.
1972 1567 1993 1600 ί
2031 1550 2089 1604 ei
2125 1549 2498 1617 manducare?
2538 1548 2680 1606 Dicit
2714 1550 2795 1606 eis
2825 1548 2985 1607 Iesus
3019 1568 3030 1604 :
3068 1546 3218 1608 Meus
3251 1552 3406 1609 cibus
3452 1566 3554 1615 cst.

296 1696 509 1752 FEB“
566 1690 797 1751 SEXTA
854 1687 1300 1747 HERDOMADE
1364 1684 1707 1744 SECUNDE
1769 1685 1839 1741 IN
1976 1662 1994 1694 ι
2040 1640 2330 1744 utlfaciam
2364 1640 2698 1699 voluntatem
2729 1642 2848 1714 ejus
2883 1644 2975 1715 qui
3016 1644 3163 1700 misit
3206 1658 3315 1716 me,
3345 1655 3407 1700 ut
3434 1660 3564 1716 pcr-

342 1780 359 1789 '
790 1780 1355 1854 cumeram.
1896 1732 3563 1854 utiiiif‘f‘.fpﬁi;‘ijﬁis'.ﬁ‘3"‘1?fi’it‘ff‘lit.‘l“2‘i.i‘“l§ff

1896 1809 1945 1868 Β
1978 1843 1998 1879 ι
2042 1833 2277 1897 quatuor
2305 1840 2521 1882 menses
2557 1834 2707 1893 sunt,
2735 1834 2790 1881 et
2832 1825 3024 1883 messis
3047 1828 3238 1882 venit?
3268 1826 3411 1884 Ecce.
3437 1828 3562 1883 dico

643 1910 981 1954 EVANGELIUII
1018 1909 1255 1961 10mm,
1285 1907 1406 1950 car.
1438 1906 1512 1947 xv.

1980 1938 1999 1969 ‹
2044 1920 2233 1974 vobis:
2276 1917 2475 1975 Levatc
2513 1920 2701 1975 oculos
2733 1929 2946 1976 vestros
2985 1928 3040 1976 et
3069 1922 3250 1979 videte
3286 1922 3561 1994 regiones,

361 2033 382 2064 ι
425 2013 584 2069 Jesus
628 2018 810 2066 autem
855 2007 1111 2081 fatigatus
1155 2022 1226 2063 ex
1272 2006 1488 2072 itinere,
1533 2003 1759 2061 sedebat
1791 2002 1873 2058 sic
1982 2028 2001 2063 ς
2046 2012 2174 2082 quia
2217 2012 2353 2069 alim
2400 2020 2528 2070 sum
2566 2010 2680 2082 jam
2729 2014 2798 2068 ad
2847 2028 3103 2071 messem,
3158 2016 3225 2071 Ei
3261 2017 3352 2086 qui
3382 2018 3560 2079 πιριίι,

291 2125 308 2155 ι
354 2119 520 2176 supra
571 2102 819 2167 fontem,
885 2100 1023 2156 hora
1086 2106 1270 2154 amem
1320 2106 1442 2153 θτίιῑ
1487 2092 1643 2167 quasi
1694 2103 1869 2151 sex“!-
1983 2124 2002 2158 ι
2051 2107 2357 2162 mercedem
2391 2105 2610 2177 accipit,
2638 2116 2695 2163 et
2719 2114 3016 2180 congregat
3046 2106 3282 2163 fructum
3311 2109 3366 2163 in
3393 2109 3563 2164 vitam

290 2216 310 2248 ι
358 2196 519 2253 Venit
556 2196 751 2251 mulier
794 2194 859 2251 de
895 2189 1143 2248 Samaria
1180 2192 1403 2248 haurire
1449 2202 1671 2260 aquam.
1731 2187 1876 2244 Dicit
1984 2218 2004 2251 ι
2049 2205 2327 2255 mmmam.
2376 2197 2453 2255 lit
2484 2206 2549 2254 et
2588 2199 2682 2269 qui
2728 2200 2964 2263 seminat
3004 2201 3168 2256 simul
3216 2203 3468 2274 gaudeat,
3514 2210 3571 2257 et

294 2311 312 2343 ι
358 2289 409 2347 ei
456 2288 615 2346 Jesus
650 2307 663 2344 :
702 2289 781 2343 Da
826 2286 957 2343 mihi
1007 2283 1215 2341 bibere.
1265 2283 1524 2355 Discipuli
1569 2282 1717 2338 enim
1760 2279 1852 2350 eju

2051 2291 2144 2363 qui
2182 2292 2354 2348 metit.
2392 2291 2459 2346 in
2500 2291 2602 2348 hoc
2639 2291 2783 2347 enim
2817 2300 2903 2349 est
2932 2294 3160 2350 verbum
3202 2310 3414 2361 verum,
3443 2297 3569 2367 quia

296 2405 314 2436 ι
361 2384 607 2440 abierant
659 2381 714 2436 in
764 2380 1066 2444 civitatem,
1114 2386 1176 2433 ut
1226 2377 1379 2434 cibos
1423 2382 1688 2432 emerent.
1736 2372 1881 2430 Dicit
1988 2401 2006 2434 ι
2054 2384 2193 2440 alius
2239 2393 2325 2441 εει
2365 2385 2460 2455 qui
2510 2386 2777 2453 seminai,
2826 2393 2882 2440 ei
2929 2386 3068 2443 amis
3114 2395 3201 2443 ρετ
3251 2389 3341 2457 qui
3390 2390 3568 2445 πηριῖι,

298 2494 317 2526 ι
365 2489 498 2545 ergo
544 2473 595 2529 ei
646 2470 845 2527 mulier
893 2470 985 2526 illa
1043 2466 1430 2525 Samaritana:
1468 2465 1751 2534 Quomodo
1785 2472 1841 2520 tu

2050 2472 2164 2546 Ego
2211 2472 2333 2530 misi
2376 2489 2473 2530 vos
2516 2484 2755 2541 metere,
2796 2476 2941 2547 quod
2979 2490 3088 2531 non
3126 2476 3435 2542 laborastis,
3480 2478 3570 2533 alii

294 2586 319 2619 ι
366 2554 583 2622 ludens
624 2579 748 2619 cum
793 2563 892 2629 sis,
934 2562 1124 2619 bibere
1166 2576 1203 2618 a
1242 2574 1330 2616 me
1366 2559 1568 2632 poscis,
1599 2573 1720 2630 qum
1758 2572 1881 2614 sum
1991 2580 2009 2618 α
2056 2565 2460 2633 laboraverunt,
2495 2573 2549 2621 et
2576 2580 2674 2621 vos
2710 2565 2764 2620 in
2809 2566 3022 2623 labores
3059 2581 3248 2623 eorum
3283 2567 3571 2623 introisds.

299 2678 321 2712 ι
361 2657 559 2714 mulier
594 2655 978 2711 Samaritana?
1024 2653 1143 2709 Non
1182 2652 1329 2708 enim
1376 2657 1676 2708 coutuntur
1710 2646 1857 2705 inda

2056 2659 2137 2715 Ex
2174 2660 2396 2716 civitate
2427 2665 2610 2715 autem
2647 2654 2758 2723 illa,
2792 2658 2949 2727 multi
2980 2659 3336 2715 crediderunt
3367 2659 3422 2714 in
3452 2676 3575 2715 cum

292 2765 320 2800 4
367 2747 747 2804 Samaritanis.
792 2746 1095 2816 Respondit
1140 2743 1301 2800 Iesus
1354 2752 1410 2798 et
1472 2742 1613 2799 dixit
1661 2742 1713 2797 ei
1758 2758 1771 2794 :
1818 2741 1850 2798 ε

2060 2750 2555 2819 Samaritanorum,
2587 2758 2813 2822 propter
2846 2751 3073 2806 verbum
3111 2750 3376 2817 mulieris,
3420 2752 3578 2808 testi-

301 2859 321 2893 ι
367 2841 538 2896 scires
576 2841 775 2895 donum
800 2837 938 2914 .Dei,
982 2845 1038 2893 et
1076 2837 1199 2906 quis
1234 2842 1323 2893 est
1362 2835 1457 2906 qui
1495 2834 1628 2890 dicit
1662 2833 1780 2900 tibi,
1817 2833 1859 2889 d:

2061 2846 2304 2902 monium
2342 2845 2702 2917 perhibentis,
2730 2845 2857 2914 quia
2887 2845 3023 2900 dixit
3058 2844 3191 2900 mibi
3220 2844 3402 2899 omnia
3433 2859 3580 2916 quae-

304 2953 326 2987 t
371 2932 506 2988 mihi
533 2931 740 2995 bibere,
770 2938 828 2985 tu
853 2929 1081 2985 forsitan
1107 2928 1340 3000 petisses
1366 2927 1437 2983 ab
1459 2939 1546 2993 ee,
1567 2934 1622 2982 et
1647 2925 1862 2983 dedisse

2062 2949 2277 3006 cunque
2306 2935 2432 2992 feci.
2476 2934 2615 2991 Cum
2643 2935 2923 2991 venissent
2945 2950 3075 3006 ergo
3108 2936 3175 2991 ad
3210 2935 3361 2990 illum
3390 2933 3581 2990 Sama-

306 3044 326 3077 ι
373 3024 472 3080 tibi
527 3038 724 3094 aquam
772 3022 971 3077 vivam.
1037 3021 1179 3077 Dicit
1234 3021 1285 3076 ei
1339 3020 1582 3075 mulier:
1640 3018 1884 3083 ὒθῐὶὶίηθ,
1997 3046 2016 3079 ι
2062 3026 2226 3082 ritani
2265 3032 2593 3098 rogaverunt
2619 3040 2764 3092 eum,
2798 3033 2859 3079 ut
2892 3026 2969 3081 ibi
3005 3033 3271 3089 maneret,
3299 3032 3354 3078 et
3385 3024 3586 3079 mansit

304 3135 326 3169 α
371 3132 546 3187 neque
585 3117 638 3171 in
684 3129 792 3186 quo
828 3115 1048 3170 haurias
1074 3114 1262 3179 habes,
1292 3122 1345 3169 et
1373 3121 1571 3183 puteus
1601 3111 1746 3169 altus
1778 3122 1883 3168 est.
1910 3163 1959 3187 ﬁ
1999 3134 2019 3168 ι
2064 3116 2137 3173 ibi
2164 3117 2298 3173 duos
2324 3116 2459 3171 dies.
2485 3115 2553 3170 Et
2578 3114 2747 3169 multo
2776 3114 2959 3179 plures
2986 3113 3335 3169 crediderunt
3357 3122 3585 3184 propter

305 3227 324 3259 α
372 3163 530 3265 Ηιῖἀθ
579 3163 718 3277 ergol
743 3205 925 3263 babes
976 3218 1174 3274 aquam
1229 3163 1452 3260 vivam?
1512 3201 1765 3275 Nunquid
1830 3163 1962 3256 tuCl
1998 3228 2019 3262 ι
2064 3222 2345 3266 sermones
2388 3204 2525 3275 ejus.
2576 3205 2654 3260 ‘Et
2704 3163 2916 3260 mulieri
2963 3203 3215 3260 dicebant
3248 3220 3261 3256 :
3295 3163 3432 3270 Quia
3462 3163 3583 3258 Inoa

307 3318 326 3349 ι
371 3298 546 3369 major
588 3311 650 3353 es
691 3303 847 3367 patre
891 3303 1079 3351 nostro
1118 3293 1325 3360 Jacob,
1391 3293 1486 3363 qui
1530 3293 1683 3348 dedit
1731 3292 1858 3347 nobi

2063 3309 2287 3374 prepter
2327 3309 2477 3356 tuam
2516 3298 2788 3369 loquelam
2829 3295 3122 3353 credimus.
3168 3295 3272 3367 ipsi
3307 3296 3452 3351 enim
3482 3309 3581 3349 au-

298 3409 325 3440 τι
370 3397 615 3460 puteum,
639 3395 695 3443 et
731 3387 846 3457 ipse
869 3401 935 3442 ex
964 3401 1030 3441 eo
1060 3386 1195 3441 bibit
1230 3394 1285 3441 et
1316 3384 1414 3439 filii
1443 3384 1583 3454 ejus,
1608 3390 1664 3438 et
1689 3396 1856 3453 pecor

2067 3393 2299 3449 divimus
2353 3399 2408 3446 et
2464 3390 2667 3446 scimus
2712 3389 2838 3458 quia
2892 3386 2983 3445 hic
3031 3397 3115 3444 cst
3166 3401 3293 3443 vere
3336 3385 3587 3443 Salvator

308 3500 327 3531 ι
373 3480 524 3551 ejus?
550 3476 1024 3549 Responditlesns
1054 3485 1110 3533 et
1137 3477 1276 3532 dixit
1304 3475 1354 3532 ei
1386 3494 1401 3531 :
1431 3475 1621 3531 Omnis
1644 3474 1738 3546 qui
1758 3472 1896 3529 bibit
1998 3505 2027 3555 ε
2067 3485 2276 3541 mundi,
2324 3504 2343 3537 ι

309 3593 327 3623 ι
373 3587 439 3627 ex
474 3587 615 3641 aqua
642 3571 768 3636 hac,
801 3570 949 3626 sitiet
988 3570 1204 3625 iterum.
1244 3568 1348 3637 Qui
1388 3577 1572 3625 autem
1600 3566 1801 3623 biberit
1827 3581 1867 3622 c:

2067 3579 2225 3634 Iesus
2250 3577 2506 3650 fatigatus
2528 3594 2593 3633 ea:
2623 3578 2832 3644 itinere,
2854 3579 3065 3633 sedebat
3096 3580 3171 3634 sic
3192 3596 3348 3652 super
3369 3580 3585 3651 fantem,

311 3684 332 3715 ι
382 3679 517 3733 aqua
559 3679 721 3734 quam
762 3677 865 3733 ego
904 3661 1045 3718 dabo
1077 3662 1153 3728 ei,
1181 3675 1290 3717 non
1320 3659 1470 3717 sitiet
1515 3661 1570 3716 in
1606 3668 1869 3716 aternum

2027 3690 2129 3728 10rd
2152 3680 2265 3727 erat
2284 3671 2437 3743 quasi
2466 3679 2635 3727 sexta.
2656 3668 2815 3727 Jcsus
2843 3685 2972 3742 ergo
2997 3670 3254 3743 fatigatus
3277 3687 3342 3726 ex
3374 3672 3585 3735 itinere,

312 3776 332 3807 ι
382 3753 488 3811 Sed
514 3770 654 3826 aqua
682 3770 846 3826 quam
873 3770 974 3826 ego
1000 3754 1143 3810 dabo
1160 3753 1238 3818 ei,
1288 3752 1383 3808 fiet
1414 3753 1471 3807 in
1501 3767 1567 3808 eo
1594 3750 1718 3807 fons
1745 3765 1870 3821 aqua

2028 3764 2131 3835 [uid
2159 3770 2246 3819 est
2272 3761 2439 3830 aliud,
2466 3768 2628 3832 qnam
2660 3758 2917 3834 fatigatus
2944 3762 2996 3816 in
3034 3777 3221 3827 carne,
3252 3761 3505 3818 infirmus
3533 3764 3586 3817 in

320 3865 337 3898 ι
383 3844 627 3900 salientis
653 3844 709 3899 in
737 3844 899 3899 vitam
927 3850 1211 3900 aeternam.
1247 3843 1391 3899 Dicit
1418 3844 1486 3899 ad
1514 3856 1639 3899 eum
1668 3840 1893 3898 mulier:
2000 3871 2168 3912 came
2195 3855 2387 3911 δοευεῖ
2428 3853 2539 3909 her
2560 3853 2736 3923 ipsius
2764 3862 2850 3909 est
2892 3868 3021 3909 caro
3047 3861 3321 3924 assumpta
3349 3868 3451 3926 pro
3496 3870 3592 3909 ηο-

314 3937 347 3988 c‘
383 3938 626 4003 Domine,
666 3934 739 3993 da
781 3936 913 3991 mihi
953 3937 1096 4018 hanc
1141 3951 1366 4007 aquam,
1425 3945 1485 3991 ut
1543 3950 1651 3991 non
1692 3935 1872 3991 sitiam

2035 3948 2109 4013 is,
2145 3948 2273 4018 quia
2312 3961 2419 4002 non
2456 3946 2524 4002 ad
2561 3961 2661 4002 nos
2687 3945 2927 4010 vcnirct,
2962 3946 3063 4002 nisi
3109 3945 3338 4001 formam
3362 3946 3593 4002 visibilis

308 4050 335 4081 ις
382 4043 558 4099 neque
586 4029 800 4085 veniam
834 4028 942 4084 huc
977 4014 1221 4086 haurire.
1256 4028 1399 4084 Dicit
1427 4029 1477 4084 ei
1503 4026 1663 4084 Iesus
1692 4047 1704 4083 :
1729 4027 1897 4093 Vade,
2004 4014 2185 4092 carnis
2212 4044 2534 4091 assumeret.
2577 4033 2713 4102 Quia
2745 4049 2876 4107 ergo
2902 4035 3089 4090 venire
3116 4035 3183 4089 ad
3213 4049 3313 4090 nos
3341 4049 3406 4091 eo
3431 4036 3594 4091 modo

316 4141 335 4172 ι
382 4135 516 4176 νοω
546 4122 726 4176 Vimm
756 4129 928 4186 "tum.
958 4129 1016 4176 ει
1042 4121 1165 4175 νθηὶ
1199 4122 1325 4175 Ιιιιε·
1374 4119 1672 4190 Respondit
1704 4118 1902 4173 mulier
2005 4127 2258 4198 dignatus
2290 4135 2394 4191 e~t,
2439 4133 2502 4180 ut
2552 4126 2605 4180 in
2652 4123 2827 4180 forma
2866 4126 3029 4191 servi,
3084 4134 3362 4196 assumpta
3406 4141 3590 4187 carne.

314 4235 339 4265 4
386 4223 442 4270 et
467 4214 601 4269 dixit
633 4230 648 4270 :
681 4213 799 4269 Non
827 4213 1004 4268 habeo
1032 4213 1230 4299 virum.
1276 4212 1423 4266 Dix-it
1459 4212 1507 4266 ei
1534 4207 1902 4267 IesuszBene
2006 4224 2331 4288 appareret,
2390 4217 2504 4286 ipsa
2551 4217 2735 4271 carnis
2779 4217 3077 4287 assumptio
3123 4225 3208 4271 est
3254 4217 3361 4273 iter
3402 4218 3592 4289 ipsius.

316 4325 341 4357 4
390 4307 607 4374 dixisti,
651 4307 779 4379 quia
823 4321 931 4361 non
984 4304 1162 4360 habeo
1208 4305 1410 4369 virum,
1462 4304 1704 4374 quinque
1755 4302 1900 4357 enim
2006 4307 2185 4375 Quare
2224 4322 2354 4379 ergo
2394 4309 2527 4362 hora
2576 4315 2757 4370 sexta,
2808 4309 2934 4377 quia
2981 4316 3141 4363 aetate
3188 4307 3369 4364 smculi
3416 4319 3591 4366 sexta.

323 4421 342 4452 ι
389 4401 536 4457 viros
567 4400 825 4466 habuisti,
850 4409 903 4455 et
937 4415 1081 4455 nunc
1109 4414 1271 4470 quem
1297 4397 1488 4464 habes,
1516 4412 1621 4452 non
1657 4404 1743 4453 est
1779 4407 1904 4451 tuus
2006 4402 2089 4457 Ad
2138 4409 2361 4472 puteum
2394 4398 2653 4470 fatigatus
2682 4400 2855 4465 venit,
2889 4398 3015 4469 quia
3056 4399 3329 4457 inﬁrmam
3374 4415 3596 4457 carnem

323 4514 341 4543 ι
388 4494 494 4557 vir,
533 4495 638 4549 hoc
671 4507 797 4547 vere
835 4492 1044 4549 dixisti.
1082 4493 1227 4548 Dicit
1269 4493 1319 4547 ei
1365 4491 1562 4547 mulier
1598 4507 1611 4545 :
1652 4490 1899 4557 Domine,
1928 4516 1983 4578 ι)
2008 4494 2267 4565 portavit.
2296 4492 2378 4547 Ad
2418 4500 2663 4561 puteum,
2698 4492 2823 4562 quia
2866 4492 2933 4546 ad
2969 4490 3395 4562 profunditatem
3435 4491 3599 4562 hujus

322 4605 339 4635 ι
387 4584 542 4641 video
573 4585 702 4656 quia
725 4585 990 4656 propheta
1016 4600 1078 4641 es
1108 4593 1188 4649 tu,
1216 4592 1400 4654 patres
1435 4584 1608 4641 nostri
1639 4584 1692 4639 in
1718 4592 1902 4639 monte
2010 4584 2364 4642 habitationis
2392 4591 2614 4649 nostrm,
2644 4584 2789 4640 unde
2818 4584 3052 4639 dicitur:
3078 4583 3154 4637 De
3179 4582 3459 4654 profundis
3488 4584 3599 4638 cla-

322 4695 339 4725 ι
390 4675 490 4732 hoc
515 4677 899 4742 adoraverunt,
923 4685 981 4732 et
1005 4692 1100 4734 vos
1126 4677 1334 4733 dicitis:
1363 4677 1489 4748 quia
1512 4677 1904 4749 Hierosolymis
2013 4677 2150 4732 mari
2168 4676 2237 4731 ad
2257 4686 2325 4742 te,
2342 4675 2563 4731 Domine
2585 4673 2758 4748 (Psat.
2784 4672 3171 4744 cxux).Scdit,
3198 4674 3324 4746 quia
3346 4674 3601 4731 humilia-

323 4787 339 4817 ι
389 4776 472 4821 est
517 4768 664 4823 locus
708 4768 799 4823 ubi
844 4769 1074 4825 adorare
1127 4777 1360 4839 oportet.
1422 4770 1564 4826 Dicit
1610 4769 1661 4825 ei
1710 4768 1899 4825 Jesus:
2014 4779 2101 4826 tus
2129 4777 2231 4825 est.

322 4881 341 4912 ι
392 4860 601 4927 Mulier,
629 4863 789 4918 crede
818 4862 968 4926 mihi,
994 4863 1121 4933 quia
1142 4863 1701 4934 venithora,quando
1730 4878 1904 4934 neque
2088 4863 2155 4917 Et
2195 4863 2328 4917 venit
2365 4861 2557 4915 mulier
2594 4859 2660 4915 de
2690 4858 2942 4917 Samaria
2982 4860 3198 4916 haurire
3241 4877 3451 4933 aquam.
3492 4860 3599 4917 Ista

327 4976 345 5009 ι
394 4960 448 5014 in
487 4967 669 5015 monte
704 4959 832 5024 hoc,
870 4975 1047 5030 neque
1091 4959 1144 5014 in
1183 4958 1572 5030 Hierosolymis
1606 4959 1905 5014 adorabitis
2015 4955 2212 5010 mulier
2240 4962 2425 5025 typum
2470 4953 2693 5025 gerebat
2718 4951 2993 5007 Ecclesize.
3042 4950 3283 5007 Ventura
3310 4953 3456 5008 enim
3483 4962 3604 5008 erat

324 5068 346 5101 ι
391 5049 630 5106 Patrem.
652 5050 761 5107 Vos
789 5051 1029 5106 adoratis
1057 5051 1199 5121 quod
1226 5051 1468 5115 nescitis,
1499 5066 1597 5107 nos
1619 5050 1910 5106 adoramus
2018 5046 2257 5100 Ecclesia
2289 5046 2354 5101 de
2379 5045 2631 5115 gentibus
2656 5043 2954 5113 alienigena
2986 5060 3014 5098 a
3046 5058 3244 5115 genere
3263 5040 3598 5102 Iudaeorum.

327 5159 347 5191 ι
394 5141 540 5212 quod
565 5139 784 5196 scimus.
815 5139 950 5209 Quia
981 5141 1128 5196 salus
1154 5157 1221 5196 ex
1247 5140 1450 5196 Judaeis
1477 5149 1580 5196 est.
1622 5140 1731 5196 Sed
1762 5142 1910 5195 venit
2016 5138 2314 5192 Audiamus
2361 5150 2491 5206 ergo
2538 5135 2683 5190 illam
2728 5150 2849 5200 nos,
2899 5142 2951 5189 ct
3004 5134 3060 5188 in
3114 5135 3203 5189 illa
3248 5150 3604 5206 agnoscamus

327 5251 348 5285 ι
394 5233 524 5289 hora
555 5243 611 5291 et
646 5250 792 5291 nunc
825 5244 928 5302 est,
965 5236 1183 5305 quando
1211 5235 1325 5289 veri
1361 5234 1678 5289 adoratores
1713 5234 1908 5290 adora-
2017 5244 2137 5292 nos,
2184 5234 2240 5282 et
2287 5227 2341 5281 in
2389 5227 2478 5280 illa
2518 5227 2723 5297 gratias
2761 5241 2984 5295 agamus
3017 5226 3128 5282 Deo
3164 5241 3264 5298 pro
3294 5229 3466 5284 nobis.
3506 5229 3600 5284 llla

328 5345 347 5380 ι
392 5327 529 5384 bunt
561 5329 772 5385 Patrem
813 5328 867 5383 in
900 5330 1093 5400 spiritu
1126 5338 1181 5384 ct
1208 5329 1455 5384 veritate.
1498 5327 1631 5384 Nam
1672 5337 1727 5384 et
1751 5327 1908 5384 Pater
2016 5322 2215 5377 etenim
2251 5333 2412 5389 aqua,
2451 5333 2615 5409 quam
2638 5319 2703 5373 de
2727 5328 2890 5389 puteo
2926 5319 3147 5373 haurire
3178 5328 3420 5383 venerat,
3449 5319 3602 5374 volu-

326 5442 347 5475 ‹
387 5423 529 5478 tales
556 5424 771 5493 quaerit,
804 5424 896 5494 qui
928 5424 1156 5480 adorent
1184 5439 1326 5479 eum.
1367 5423 1605 5495 Spiritus
1634 5431 1717 5478 est
1744 5423 1907 5487 Deus,
2013 5429 2137 5490 ptas
2181 5416 2362 5473 saeculi
2406 5426 2522 5478 est,
2566 5413 2939 5485 profunditate
2982 5414 3299 5475 tenebrosa,
3348 5413 3434 5467 hic
3480 5426 3600 5466 erm

326 5535 345 5569 ‹
392 5525 448 5572 et
490 5531 585 5572 eos
629 5517 722 5587 qui
766 5518 994 5573 adorant
1029 5534 1179 5585 eum,
1226 5518 1279 5572 in
1337 5518 1531 5588 spiritu
1583 5526 1638 5571 et
1681 5517 1911 5572 veritate
1948 5590 1955 5593 _
2015 5514 2273 5569 hauriunt
2303 5509 2552 5566 homines
2582 5508 2773 5579 hydria
2802 5506 3144 5576 cupiditatis,
3175 5519 3297 5558 nam
3326 5511 3381 5558 et
3408 5503 3602 5575 hydria

326 5627 347 5661 ε
382 5617 605 5681 oportet
641 5626 765 5666 eum
800 5610 1045 5665 adorare.
1088 5611 1229 5665 Dicit
1259 5612 1309 5665 ei
1349 5611 1546 5665 mulier
1576 5628 1588 5663 :
1625 5610 1752 5665 Scio
1782 5611 1907 5680 quia
2014 5608 2363 5679 cupiditatem
2404 5601 2692 5674 signiﬁcat.
2740 5604 2743 5613 '

328 5717 351 5754 ι
398 5700 623 5758 Messias
650 5702 820 5768 venit,
848 5701 939 5771 qui
969 5694 1168 5756 dicitur
1191 5699 1471 5768 Christus;
1510 5716 1633 5755 cum
1663 5715 1791 5770 ergo
1821 5702 1911 5756 itte
2084 5698 2223 5752 Diri:
2256 5698 2300 5750 ei
2322 5695 2479 5749 Jrsus
2510 5708 2527 5744 .'
2555 5692 2633 5745 Da
2672 5692 2799 5746 milii
2830 5690 3020 5744 bibere.
3068 5689 3160 5743 ille
3195 5694 3375 5741 autem
3402 5685 3493 5756 qui
3523 5686 3606 5739 1ιί-

328 5810 347 5845 ι
389 5795 623 5861 venerit,
659 5793 813 5848 nobis
843 5791 1186 5848 annumiabit
1229 5793 1431 5847 omnia.
1468 5792 1610 5847 Dicit
1639 5792 1686 5846 ci
1715 5790 1906 5847 Jcsus:
2012 5791 2141 5846 bere
2167 5787 2466 5858 qumrcbat,
2500 5785 2656 5837 fidem
2699 5784 2867 5852 ipsius
2904 5780 3147 5835 mulieris
3191 5780 3427 5834 sitiebat.
3462 5776 3606 5832 Petit
