3946 6428
385 291 433 346 Ἃ
444 295 511 348 45

1695 271 2045 330 SMARAGDI
2086 269 2374 324 ABBATIS

3573 262 3678 318 ιιι

398 411 595 464 bibere
623 416 677 461 et
712 400 976 475 promittit
1010 395 1215 451 bibere.
1255 391 1392 463 Eget
1436 388 1590 460 quasi
1639 395 1979 456 accepturus,
2011 382 2058 441 Α
2159 380 2344 434 Patres
2384 377 2544 432 nostri
2573 377 2626 430 in
2671 383 2842 429 monte
2888 374 2986 428 hoc
3015 372 3388 430 adoraverunt.
3431 371 3572 450 Dicit
3627 377 3677 428 ei

411 509 469 556 et
501 497 671 554 allluit
705 504 959 564 tanquam
995 491 1311 544 satiaturns.

482 588 542 644 Si
567 587 748 650 scires,
780 582 948 654 inquit
979 580 1027 634 ei
1046 577 1227 643 Iesus,
1255 575 1454 629 donum
1478 571 1599 638 Dei,
1625 578 1673 625 et
1699 567 1818 639 quis
1911 574 1988 618 est

408 682 495 753 qui
522 679 648 737 dicit
679 677 769 730 tibi
793 689 811 726 :
836 674 917 727 Da
946 672 1074 726 mihi
1107 669 1302 734 bibere,
1344 677 1401 721 tu
1433 665 1659 737 forsitan
1690 660 1902 753 petisses
1925 657 1990 753 ab

409 746 492 834 eo,
519 777 567 822 et
589 766 814 823 dedisset
837 763 931 818 tibi
953 777 1144 834 aquam
1172 760 1363 814 vivam.
1395 757 1604 812 Donum
1630 752 1724 807 Dei
1758 757 1844 805 est
1867 746 1989 818 Spi-

411 862 550 915 ritus
579 866 816 915 sanctus.
853 853 1011 924 Aqua
1039 867 1168 907 vero
1203 865 1364 922 quam
1393 848 1657 904 Dominus
1690 843 1742 898 ei
1767 838 1992 912 promit-

407 951 568 1006 tebat.
589 948 739 1013 dari,
781 955 842 1000 ut
876 960 981 1000 non
1021 941 1200 998 sitiret
1245 940 1302 995 in
1339 946 1625 1002 :eternum,
1667 934 1757 989 illa
1792 937 1894 998 est,
1926 928 1994 983 de

408 1055 516 1110 qua
547 1039 752 1094 dictum
783 1044 866 1091 est
897 1053 910 1088 :
943 1032 1096 1103 Apud
1125 1041 1172 1085 te
1199 1039 1296 1096 est,
1319 1029 1564 1091 Domine,
1597 1025 1714 1096 fons
1750 1025 1886 1078 vitta.
1925 1020 1992 1074 Et

380 1124 607 1205 {iterum
634 1146 648 1182 :
680 1127 1006 1182 Satiabimur
1038 1125 1093 1178 in
1126 1122 1272 1175 bonis
1301 1120 1488 1173 domus
1523 1127 1648 1171 tute.
1695 1115 1827 1169 Nam
1859 1129 1992 1183 quo-

385 1231 396 1297 ξ
413 1223 572 1279 modo
606 1220 810 1284 sitient,
843 1217 935 1288 qui
965 1213 1378 1270 inebriabuntur
1413 1210 1482 1264 ab
1506 1209 1755 1263 ubertate
1799 1205 1993 1260 domus

413 1313 560 1369 ture?
589 1307 983 1365 Promittebant
1010 1319 1138 1374 ergo
1168 1302 1408 1374 saginam
1432 1298 1718 1370 quamdam
1748 1304 1803 1350 ct
1831 1294 1992 1350 satie-

413 1413 599 1471 tatem,
629 1411 684 1459 et
715 1401 806 1458 illa
837 1398 1075 1454 nondum
1109 1394 1436 1465 intelligens,
1467 1391 1598 1448 dicit
1623 1390 1692 1444 ad
1727 1404 1881 1444 eum:

483 1495 725 1557 Domine,
752 1492 821 1546 da
842 1489 966 1544 mihi
993 1488 1128 1541 hanc
1157 1501 1372 1556 aquam,
1397 1491 1453 1537 ut
1483 1498 1585 1536 non
1607 1482 1805 1546 sitiam,
1832 1496 1993 1550 neque

411 1588 612 1643 veniam
640 1585 740 1639 huc
764 1581 996 1637 haurire.
1036 1578 1177 1632 Dicit
1199 1577 1248 1631 ei
1265 1575 1422 1630 Iesus
1443 1590 1462 1628 :
1494 1572 1660 1638 Vade,
1678 1589 1801 1626 voca
1824 1572 1993 1626 virum

411 1696 583 1750 tuum,
614 1693 662 1738 et
701 1679 814 1738 veni
845 1679 966 1733 huc.
1007 1675 1146 1743 Quid
1189 1672 1322 1729 est?.
1349 1671 1494 1726 Voca
1528 1669 1704 1724 virum
1738 1675 1909 1734 tuum,
1939 1667 1994 1722 id

2090 474 2246 528 Iesus
2271 489 2288 526 :
2313 469 2528 536 Mulier,
2571 467 2722 522 crede
2753 466 2900 521 mihi.
2931 463 3052 522 Jam
3079 465 3226 541 enim
3253 473 3338 520 est
3367 465 3422 519 in
3455 475 3530 531 te,
3576 465 3674 537 qui

2091 563 2296 627 credat,
2335 562 2461 632 quia
2504 573 2742 630 prtesens
2779 565 2862 612 est
2904 558 2991 612 vir
3030 565 3175 622 tuus,
3227 556 3442 626 cmpisti
3486 556 3679 614 adesse

2093 654 2390 720 intellectu,
2432 657 2650 725 quando
2697 670 2784 710 me
2829 657 3152 727 prophetam
3192 657 3496 728 appellasti.
3534 656 3682 727 Ergo

2091 748 2300 816 mulier,
2323 749 2473 803 crede
2496 749 2646 815 mihi,
2677 749 2801 820 quia
2831 750 2969 804 venit
3007 749 3163 814 hora,
3199 759 3248 804 et
3270 766 3409 804 nunc
3427 759 3524 804 est.
3547 751 3681 818 Quae

2092 853 2222 907 ergo
2249 838 2420 892 hora?
2465 838 2682 909 quando
2727 839 2846 894 veri
2884 838 3202 895 adoratores
3235 841 3542 896 adorabunt
3576 840 3680 896 Pa-

2092 938 2230 984 trem
2265 930 2320 984 in
2354 931 2546 999 spiritu
2577 937 2632 985 et
2657 931 2908 986 veritate.
2952 930 3089 998 Quia
3129 932 3360 1003 spiritus
3385 940 3470 987 est
3511 933 3677 997 Deus,

2091 1033 2147 1078 et
2176 1039 2291 1088 eos,
2315 1024 2406 1093 qui
2427 1025 2661 1077 adorant
2687 1038 2832 1088 eunt,
2863 1023 2917 1078 in
2947 1025 3144 1093 spiritu
3175 1033 3231 1080 et
3256 1025 3490 1080 veritate
3517 1039 3680 1096 opor-

2095 1121 2169 1168 tet
2199 1113 2449 1168 adorare.

2165 1205 2279 1260 Nos
2300 1205 2584 1260 adoramus
2609 1205 2749 1276 quod
2774 1207 2989 1271 scimus,
3018 1223 3107 1262 vos
3138 1206 3378 1262 adoratis
3407 1207 3550 1278 quod
3579 1226 3676 1264 ne-

2092 1295 2258 1360 scitis,
2291 1295 2416 1365 quia
2457 1293 2603 1349 salus
2651 1311 2717 1350 ea:
2741 1294 2948 1350 Iudwis
2990 1308 3088 1351 est.
3138 1296 3364 1352 Multum
3423 1298 3572 1354 dedit
3613 1314 3681 1354 cx

2091 1384 2310 1453 Iudaeis,
2342 1387 2436 1442 sed
2461 1387 2569 1442 noli
2593 1387 2723 1442 istos
2745 1388 3005 1458 reprobos
3029 1389 3299 1460 accipere.
3327 1390 3406 1445 Ex
3439 1407 3675 1462 persona

2091 1480 2310 1550 quidem
2334 1479 2642 1536 Iudaeorum
2669 1481 2872 1536 dictum
2897 1490 2999 1547 est,
3037 1483 3132 1538 sed
3163 1498 3269 1538 non
3301 1485 3546 1538 omnium
3582 1483 3678 1539 Ju-

2093 1569 2357 1636 dteornm,
2389 1586 2499 1625 non
2536 1572 2912 1640 reproborum,
2943 1572 3038 1626 sed
3068 1573 3135 1628 de
3175 1573 3426 1643 qualibus
3463 1573 3684 1630 fuerunt

2094 1658 2342 1729 apostoli,
2375 1659 2566 1728 quales
2607 1657 2825 1714 fuerunt
2867 1663 3181 1730 prophetae,
3223 1663 3413 1732 quales
3459 1663 3684 1720 fuerunt

413 1787 517 1844 cst,
563 1749 758 1832 adhibe
803 1769 1155 1826 intellectum.
1212 1764 1416 1820 Videas
1460 1777 1590 1834 ergo
1631 1758 1820 1825 Jesus,
1869 1757 1995 1828 quia
2021 1749 2070 1808 Β
2099 1749 2174 1803 illi
2225 1763 2415 1844 omnes
2455 1749 2653 1816 sancti,
2703 1750 2794 1819 qui
2839 1751 3018 1808 omnia
3070 1767 3170 1807 sua
3205 1753 3588 1820 vendiderunt,
3627 1764 3686 1811 et

411 1871 606 1926 mulier
641 1883 746 1923 non
783 1865 1141 1936 intelligebat,
1183 1869 1239 1917 et
1270 1859 1459 1916 volens
1497 1874 1618 1913 eam
1661 1857 1990 1926 intelligere:

429 1961 586 2027 Voca,
632 1959 825 2029 inquit,
869 1959 1036 2012 virum
1070 1963 1240 2020 tuum,
1273 1953 1394 2007 ideo
1439 1951 1581 2006 enim
1626 1948 1807 2005 nescis
1853 1947 1996 2017 quod

417 2055 568 2118 dico,
615 2051 740 2121 quia
789 2047 1098 2104 intellectus
1128 2053 1252 2100 tuus
1295 2057 1404 2098 non
1433 2041 1606 2106 adest,
1643 2053 1776 2094 voca
1820 2037 1994 2092 virum

416 2157 590 2210 illum,
625 2147 891 2213 praesenta
923 2137 1251 2193 intellectum
1291 2142 1463 2197 tuum,
1494 2147 1592 2203 per
1618 2145 1778 2201 quem
1807 2128 1998 2183 docea-

418 2237 518 2300 ris,
554 2232 867 2302 corrigaris.
911 2228 1246 2284 Intellectum
1275 2233 1457 2283 autem
1486 2223 1702 2286 adbiie,
1741 2228 1997 2288 tanquam

413 2328 614 2392 virum,
643 2334 699 2380 ct
724 2322 964 2392 intelligo
989 2335 1108 2390 qua:
1134 2318 1346 2388 loquor,
1379 2315 1506 2384 quia
1535 2327 1634 2367 nec
1661 2312 1730 2367 ad
1755 2310 2000 2365 volunta-

397 2428 524 2474 tem
565 2415 774 2471 aurium
818 2411 1076 2484 pertinet,
1110 2423 1210 2462 nec
1253 2406 1321 2461 ad
1364 2403 1572 2468 oculos,
1610 2416 1710 2456 nec
1750 2400 1820 2456 ad
1860 2397 1998 2455 olfa-

414 2520 594 2578 ctum,
631 2523 734 2562 nec
766 2505 834 2560 ad
873 2511 1119 2575 gustum,
1159 2514 1262 2554 nec
1301 2497 1370 2552 ad
1410 2505 1644 2560 tactum,
1685 2493 1778 2578 sed
1819 2498 1998 2547 mente

417 2606 529 2662 sola
560 2575 869 2674 capiuntur,
913 2594 1187 2674 intellectu
1227 2589 1341 2646 solo
1368 2587 1696 2644 hauriuntur
1717 2575 1838 2640 :‘illa
1870 2597 2000 2638 vero

415 2667 652 2750 nondum
689 2691 948 2746 advocato
983 2667 1133 2741 viro:
1188 2683 1241 2738 id
1277 2688 1381 2747 est,
1420 2694 1527 2735 non
1562 2676 1802 2732 adhibito
1845 2672 2000 2729 intel-

419 2789 589 2853 lectu,

487 2875 766 2948 Respondit
797 2881 844 2928 et
873 2871 1042 2927 dixit:
1070 2867 1192 2923 Non
1231 2865 1394 2920 habeo
1428 2864 1619 2918 virum.
1669 2859 1808 2914 Dicit
1837 2858 1886 2913 ei
1907 2857 2000 2914 Je—

403 2988 503 3025 sus
528 2983 546 3021 :
573 2967 714 3022 Bene
757 2962 966 3026 dixisti,
1011 2959 1136 3032 quia
1187 2973 1290 3011 non
1328 2954 1494 3009 habeo
1533 2953 1732 3016 virum,
1774 2949 2002 3022 quinque

415 3064 552 3116 enim
584 3059 719 3114 uiros
741 3053 990 3113 habuisti,
1021 3060 1068 3106 et
1103 3064 1242 3104 nunc
1262 3062 1412 3118 quem
1439 3043 1618 3110 habes,
1646 3059 1750 3097 non
1779 3050 1854 3096 est
1881 3049 2003 3094 tuus

411 3154 517 3217 sir,
556 3149 655 3204 hoc
697 3163 810 3202 vere
856 3142 1060 3197 dixisti.
1143 3137 1294 3194 Multi
1363 3135 1562 3206 quippe
1620 3132 2002 3188 intellexerunt

417 3242 655 3313 quinque
681 3237 828 3292 viros
855 3233 1098 3288 mulieris
1127 3229 1308 3300 huius,
1339 3227 1580 3297 quinque
1609 3223 1774 3278 libros
1804 3220 1995 3294 Moysi.

418 3331 718 3388 Utebantur
743 3325 820 3381 eis
849 3319 1198 3385 Samaritaui,
1225 3329 1280 3374 et
1318 3318 1417 3372 sub
1443 3316 1634 3372 eadem
1674 3315 1791 3384 lege
1820 3319 1996 3368 erant.

419 3423 554 3477 Nam
591 3419 715 3474 inde
747 3416 856 3470 illis
891 3423 943 3468 et
969 3409 1309 3468 circumcisio
1347 3409 1544 3463 inerat.
1589 3405 1760 3460 Aliter
1791 3404 2003 3458 videtur

421 3514 575 3579 Inibi,
605 3512 838 3582 quinque
863 3507 1008 3562 viros
1028 3505 1242 3569 animce,
1272 3503 1509 3573 quinque
1539 3514 1731 3555 sensus
1759 3495 2002 3568 corporis

418 3623 556 3663 esse.
603 3605 781 3672 Quare
827 3609 1005 3656 autem
1031 3597 1135 3652 viri
1167 3596 1293 3650 dicti
1343 3603 1504 3660 sunt,
1534 3595 1658 3663 quia
1705 3589 1929 3662 legitimi
1971 3603 2002 3642 a

421 3688 534 3754 Deo
571 3697 768 3767 quippe
807 3693 957 3756 facti,
1000 3699 1054 3745 et
1091 3705 1120 3742 a
1157 3687 1266 3742 Deo
1301 3686 1485 3740 donati
1523 3685 1737 3738 animae.
1785 3681 2002 3736 lnlirma

419 3800 504 3846 est
548 3787 753 3851 adhuc,
799 3799 917 3854 qun
961 3782 1079 3838 istis
1115 3780 1350 3850 quinque
1389 3776 1638 3832 sensibus
1681 3775 1907 3846 regitur,
1951 3780 2008 3828 et
2081 3815 2086 3820 .

422 3883 523 3936 sub
569 3879 688 3934 istis
727 3876 961 3946 quinque
1001 3873 1133 3926 viris
1175 3873 1316 3940 agit,
1371 3869 1463 3924 ubi
1504 3883 1633 3922 vero
1679 3865 2001 3929 intellectus,

423 3971 684 4044 sapientia
732 3967 1000 4030 imbutus,
1037 3979 1224 4034 regere
1270 3961 1496 4032 cmperit
1531 3960 1790 4022 animam,
1829 3964 1884 4012 et
1925 3955 2005 4010 (li-

422 4073 630 4118 seretus
670 4059 895 4130 coeperit
932 4070 1215 4113 secernere
1249 4055 1394 4124 iusta
1436 4063 1492 4106 et
1529 4048 1747 4117 injusta,
1788 4049 1924 4102 bona
1953 4055 2008 4100 et

423 4153 584 4218 mala,
616 4149 766 4207 utilia
805 4157 858 4204 et
885 4146 1116 4211 inutilia,
1154 4143 1460 4199 castitatem
1501 4149 1554 4195 et
1591 4137 2002 4208 impudicitiam,

421 4244 560 4300 hanc
589 4252 649 4297 ut
683 4249 844 4307 amet,
881 4247 936 4295 et
966 4238 1056 4292 illa
1085 4245 1142 4292 ut
1169 4237 1322 4300 vitet,
1359 4232 1688 4288 cbaritatcm
1726 4239 1782 4285 et
1821 4229 2005 4284 odium

428 4339 480 4392 in
507 4339 610 4392 bac
641 4343 700 4390 ut
728 4335 818 4400 sit,
854 4334 909 4388 in
939 4331 1028 4387 illo
1057 4338 1117 4385 ut
1140 4344 1246 4383 non
1276 4328 1370 4393 sit,
1406 4325 1494 4382 hic
1517 4325 1599 4379 vir
1625 4323 1862 4392 quinque
1904 4320 2008 4374 illis

424 4435 556 4489 viris
588 4433 642 4488 in
679 4433 780 4487 ista
807 4429 1032 4484 muliere
1062 4441 1166 4483 non
1198 4432 1558 4482 successerat.
1595 4421 1696 4476 Ubi
1731 4436 1861 4490 ergo
1897 4434 2001 4473 non

2099 1841 2275 1910 pretia
2314 1855 2499 1896 rerum
2533 1855 2754 1896 suarum
2783 1840 2852 1895 ad
2885 1841 3052 1912 pedes
3097 1843 3462 1913 apostolorum
3487 1860 3686 1915 posue—

2099 1939 2243 1985 runt.
2285 1931 2402 1986 Non
2453 1931 2652 2008 repulit
2691 1931 2837 1986 enim
2877 1931 3020 1988 Deus
3045 1927 3258 2004 plebem
3295 1949 3474 2002 suam,
3517 1953 3682 2007 quam

2097 2021 2385 2091 praescivit.
2417 2021 2639 2077 Audivit
2666 2023 2767 2078 hoc
2793 2022 2990 2078 mulier
3019 2024 3143 2092 ista,
3184 2033 3241 2080 et.
3268 2027 3512 2084 addidit:

2170 2109 2294 2165 Scio
2321 2111 2444 2182 quia
2473 2111 2695 2165 Messias
2727 2112 2884 2178 venit,
2911 2113 3002 2184 qui
3028 2113 3226 2168 dicitur
3252 2113 3513 2171 Christus.
3549 2117 3683 2174 Cum

2098 2219 2218 2272 ergo
2241 2203 2432 2257 venerit
2459 2202 2569 2267 ille,
2595 2205 2742 2258 nobis
2765 2205 3100 2259 annuutiabit
3141 2207 3338 2262 omnia.
3383 2207 3505 2264 Jam
3535 2211 3683 2268 enim

2099 2293 2259 2363 digna
2281 2302 2416 2360 erat,
2440 2295 2528 2349 cui
2549 2294 3009 2351 manifestarctur.
3032 2297 3259 2354 Messias
3281 2308 3465 2356 autem
3487 2311 3686 2358 unctus

2100 2394 2197 2440 est.
2227 2385 2434 2441 Unctus
2456 2384 2643 2442 Graece
2667 2389 2914 2464 χριστὸς,
2937 2387 3204 2444 Hebraice
3223 2398 3407 2452 mum.

2114 2520 2132 2531 ·
2172 2501 2312 2556 Dicit
2337 2503 2384 2556 ei
2405 2499 2645 2557 Christus
2676 2515 2696 2554 :
2722 2502 2837 2572 Ego
2865 2519 3006 2569 sum,
3034 2505 3124 2575 qui
3168 2503 3356 2576 loquor
3396 2514 3593 2573 tecum,
3635 2517 3691 2563 ct

2101 2594 2200 2650 rel.
2227 2594 2465 2664 Reliquit
2491 2609 2622 2666 ergo
2647 2597 2841 2651 mulier
2855 2595 3108 2667 bydriam
3129 2612 3284 2652 suam
3311 2599 3498 2653 audito
3529 2617 3543 2652 :
3571 2599 3688 2670 Ego

2099 2700 2218 2738 sum
2242 2683 2333 2754 qui
2360 2682 2548 2754 loquor
2584 2693 2778 2751 tecum,
2813 2692 2870 2740 et
2912 2695 3134 2758 recepto
3168 2687 3222 2741 in
3261 2688 3425 2743 corde
3466 2689 3692 2744 Christo

2102 2775 2352 2864 Domino,
2393 2774 2524 2844 quid
2544 2772 2772 2842 faceret,
2791 2776 2896 2832 nisi
2919 2777 3034 2846 jam
3061 2778 3313 2849 bydriam
3341 2779 3689 2846 dimitteret,

2101 2875 2158 2922 et
2183 2866 2559 2938 evangelizare
2591 2869 2872 2924 curreret?
2902 2867 3106 2940 Hydria
3127 2868 3320 2925 Graia)
3346 2872 3570 2926 nomine
3595 2889 3693 2942 ap-

2101 2955 2354 3026 pellatur.
2378 2955 2567 3013 Grznee
2591 2959 2737 3014 enim
2767 2959 2908 3036 ὕδωρ
2930 2974 3072 3030 aqua
3101 2960 3320 3021 dicitur.
3356 2963 3514 3032 quasi
3535 2963 3692 3018 dica—

2106 3057 2196 3104 tur
2219 3049 2524 3120 aquarium.
2559 3049 2843 3119 Signilicat
2865 3051 3011 3106 enim
3060 3051 3115 3106 in
3155 3053 3264 3107 hoc
3282 3051 3404 3107 loco
3424 3053 3695 3123 cupidita-

2107 3146 2237 3204 tem,
2265 3137 2495 3208 projecit
2519 3139 2894 3210 cupiditatem,
2919 3149 2976 3196 et
3032 3142 3344 3212 properavit
3369 3145 3697 3198 annuutiare

2103 3230 2409 3286 veritatem.
2453 3229 2679 3286 Discant
2715 3231 2812 3302 qui
2845 3232 3037 3288 nolunt
3078 3233 3474 3302 evangelizare,
3514 3235 3694 3304 proji-

2103 3323 2252 3378 ciant
2278 3322 2526 3394 bydriam
2553 3324 2623 3379 ad
2658 3332 2902 3394 puteum,
2931 3335 2986 3380 et
3011 3327 3093 3382 sic
3115 3335 3342 3382 currant
3363 3329 3698 3386 annuntiare

2104 3414 2408 3479 Christum,
2437 3414 2580 3470 sicut
2603 3415 2695 3470 illa
2730 3431 2897 3472 onere
2923 3416 3160 3487 abiecto,
3191 3418 3364 3473 currit
3394 3419 3463 3473 ad
3499 3420 3698 3476 civita-

2106 3514 2234 3571 tem,
2266 3514 2323 3560 et
2345 3506 2477 3562 dicit
2499 3505 2606 3562 illis
2633 3508 2945 3564 hominibus
2977 3509 3214 3564 :‘Venite
3253 3519 3303 3564 et
3333 3511 3496 3566 videte
3518 3511 3696 3565 homi-

2105 3617 2241 3664 nem,
2270 3601 2360 3671 qui
2395 3601 2524 3654 mihi
2559 3601 2692 3656 dixit
2721 3602 2897 3657 omnia
2917 3619 3240 3674 qua-cunque
3280 3603 3403 3672 feci,
3451 3605 3696 3676 nunquid

2107 3709 2210 3746 nou
2233 3694 2341 3763 ipse
2368 3701 2443 3746 est
2471 3689 2713 3747 Christus
2731 3694 2757 3746 ?
2782 3703 2890 3749 etc.

2181 3781 2369 3837 Nonne
2395 3799 2484 3837 vos
2505 3782 2700 3847 dicitis,
2722 3783 2862 3854 quod
2885 3784 3058 3838 adhuc
3077 3793 3308 3855 quatuor
3324 3799 3525 3837 menses
3546 3795 3696 3849 sunt,

2106 3885 2154 3929 et
2178 3875 2362 3928 messis
2387 3876 2542 3938 venit,
2566 3882 2672 3930 etc.
2709 3875 2832 3930 Jam
2860 3875 2964 3930 ista
2994 3877 3192 3931 mulier
3214 3875 3423 3930 fructus
3445 3884 3698 3932 maturus

2106 3975 2244 4032 erat,
2277 3975 2332 4021 et
2359 3974 2516 4022 erant
2541 3967 2676 4022 alba:
2722 3983 2952 4032 messes,
2999 3976 3054 4023 et
3106 3967 3298 4024 falcem
3349 3967 3694 4038 qumrebant.

2107 4057 2246 4123 Quia
2273 4056 2416 4128 quod
2460 4065 2619 4112 antea
2645 4071 2744 4127 per
2785 4058 3080 4128 prephetas
3119 4059 3442 4114 seminatum
3490 4057 3694 4121 fuerat,

2110 4155 2381 4201 maturum
2405 4147 2608 4201 factum
2638 4155 2780 4214 erat,
2808 4147 2998 4202 falcem
3043 4157 3101 4204 et
3128 4150 3380 4203 trituram
3415 4147 3702 4203 desidera-

2109 4237 2220 4293 bat.
2249 4239 2516 4294 Messores
2549 4237 2923 4293 tantummodo
2951 4238 3198 4294 mittendi
3239 4246 3414 4302 eraut,
3449 4239 3594 4292 unde
3643 4247 3702 4294 et

2110 4327 2372 4384 Dominus
2401 4328 2577 4396 inquit
2603 4327 2711 4382 illis
2743 4344 2756 4380 :

2182 4421 2306 4475 Misi
2332 4423 2418 4475 vos
2447 4437 2648 4492 quoque
2674 4431 2866 4476 metere
2904 4422 3043 4493 quod
3081 4439 3181 4476 non
3223 4423 3546 4487 seminastis,
3603 4423 3702 4478 alii

426 4523 666 4580 succedit
713 4520 1037 4584 intellectus,
1083 4533 1237 4572 error
1279 4514 1608 4570 dominatur.
1653 4511 1730 4564 De
1777 4511 1882 4564 isto
1928 4509 1999 4562 illi
2029 4481 2082 4543 D
2107 4513 2489 4568 seminaverunt
2513 4523 2560 4564 et
2590 4528 2674 4564 vos
2701 4511 2754 4564 in
2790 4528 2970 4564 eorum
3001 4511 3207 4564 labores
3252 4511 3533 4565 introistis.
3592 4513 3700 4580 Qui

425 4615 686 4670 Dominus
720 4612 854 4668 dixit
876 4628 890 4666 :
915 4608 1068 4663 llunc
1095 4623 1256 4678 quem
1281 4605 1450 4658 habes
1487 4619 1594 4658 non
1629 4608 1713 4653 est
1751 4608 1872 4654 tuus
1899 4598 2002 4652 vir.

425 4706 595 4760 Error
623 4711 803 4758 autem
844 4702 965 4765 iste,
1001 4715 1107 4754 non
1143 4706 1262 4751 erat
1301 4693 1571 4764 legitimus
1595 4691 1700 4755 vir,
1733 4687 1826 4744 sed
1859 4687 2008 4741 adul-

426 4806 530 4850 ter.
576 4793 722 4850 Voca
760 4794 970 4862 itaque,
1013 4804 1119 4844 non
1161 4785 1488 4848 adulterum,
1529 4780 1702 4850 inquit
1727 4777 2006 4841 Dominus,

355 4917 358 4920 ι
424 4889 517 4944 sed
549 4887 723 4941 virum
759 4893 908 4939 tuum
951 4881 1306 4940 intellectum,
1335 4889 1421 4928 mc
1450 4871 1650 4941 capias,
1687 4882 1790 4922 non
1817 4881 2007 4922 errore

430 4980 497 5034 de
527 4993 613 5033 me
641 4974 843 5046 aliquid
873 4972 1077 5029 sentias
1105 4969 1321 5023 falsum.

505 5069 639 5122 Dicit
687 5064 920 5120 mulier:
951 5060 1191 5124 Domine,
1227 5055 1371 5110 video
1417 5053 1542 5123 quia
1563 5051 1816 5124 propheta
1833 5065 1886 5102 es
1928 5059 2004 5103 tu.

428 5163 580 5218 Tunc
593 5158 754 5230 coepit
768 5157 954 5212 venire
968 5155 1070 5218 vir,
1086 5146 1320 5206 nondum
1333 5144 1490 5214 plene
1505 5145 1668 5200 venit.
1686 5141 2010 5210 Prophetam

431 5253 718 5309 Dominum
757 5247 1000 5318 putabat,
1043 5247 1162 5297 erat
1194 5234 1412 5306 quidem
1462 5243 1518 5288 ct
1564 5232 1854 5303 propheta,
1885 5247 2009 5284 nam

430 5349 496 5401 de
527 5345 704 5414 seipso
729 5341 804 5396 ait
836 5358 848 5392 :
897 5336 1012 5390 Non
1051 5341 1132 5388 est
1179 5327 1602 5398 propheta-sine
1648 5328 1874 5390 honore,
1908 5327 2010 5380 tusi

432 5440 486 5492 in
515 5437 688 5508 patria
713 5448 809 5488 sua
833 5426 1029 5503 (Marc.
1047 5425 1158 5495 vt);
1204 5421 1330 5473 item
1377 5417 1558 5474 deillo
1597 5418 1804 5473 dictum
1843 5418 2011 5471 estad

436 5533 655 5602 Moysen
687 5546 698 5580 :
730 5520 1055 5590 l'ropbetam
1089 5514 1168 5566 eis
1198 5509 1579 5579 suscitaboﬂe
1619 5508 1878 5565 fratribus
1923 5525 2014 5564 co-

436 5599 554 5676 rum
609 5614 842 5672 similem
898 5605 973 5660 tui
1027 5602 1206 5674 (Deut.
1275 5599 1452 5669 xvtu).
1510 5601 1751 5658 Similem
1807 5601 2012 5656 scilicet

433 5717 500 5770 ad
543 5711 772 5765 formam
820 5699 1032 5764 carnis,
1062 5711 1166 5751 non
1199 5694 1263 5749 ad
1287 5695 1636 5753 eminentiam
1680 5695 2004 5766 majestazis.

2110 4600 2525 4656 laboraverunt?
2556 4599 2672 4669 ipse
2696 4598 2990 4662 Abraham,
3041 4599 3212 4662 Isaac,
3261 4597 3449 4662 Iacob,
3483 4599 3703 4671 Moyses

2109 4703 2165 4749 et
2189 4692 2368 4748 czeteri
2391 4691 2713 4762 patriarchm
2739 4697 2796 4744 et
2825 4705 3014 4744 omnes
3038 4689 3336 4759 prophetae.
3385 4688 3574 4761 Legite
3621 4695 3702 4747 la-

2109 4785 2270 4838 bores
2295 4797 2508 4846 eorum,
2533 4781 2585 4835 in
2606 4781 2856 4835 omnibus
2877 4795 3064 4834 eorum
3089 4779 3384 4845 laboribus,
3407 4781 3698 4850 prepbetia

2113 4885 2198 4931 est
2217 4874 2439 4938 Christi,
2473 4881 2527 4928 et
2547 4873 2668 4928 ideo
2694 4872 3073 4948 seminatores.
3106 4871 3248 4942 Ergo
3271 4870 3382 4941 jam
3411 4872 3463 4926 in
3506 4871 3697 4929 Judma

2119 4967 2308 5025 messis
2327 4975 2513 5036 parata
2543 4973 2678 5020 erat.
2721 4964 2860 5031 Quid
2902 4965 3026 5020 inde
3057 4963 3257 5019 factum
3293 4963 3406 5020 est?
3449 4964 3525 5018 De
3572 4965 3692 5035 ipsa

2113 5075 2291 5116 messe
2337 5057 2510 5126 ejecta
2555 5066 2684 5113 sunt
2725 5073 2899 5127 pauca
2943 5071 3110 5127 grana
3137 5095 3152 5122 ,
3199 5064 3255 5111 ct
3290 5057 3699 5111 seminaverunt

2115 5153 2300 5207 orbem
2327 5160 2612 5215 terrarum,
2638 5157 2692 5203 et
2720 5151 2893 5218 surgit
2932 5149 3037 5202 alia
3083 5149 3297 5212 messis,
3332 5163 3453 5218 qua:
3495 5147 3548 5201 iu
3585 5147 3697 5201 fine

2115 5243 2296 5298 szeculi
2325 5243 2574 5298 metenda
2600 5251 2703 5298 est.
2735 5242 2810 5296 lta
2837 5257 2968 5311 ergo
3003 5241 3196 5295 messis
3223 5239 3420 5294 crescit
3459 5239 3600 5294 inter
3620 5239 3697 5292 zi-

2117 5335 2361 5398 zaniam,
2408 5333 2563 5402 cujus
2606 5349 2874 5387 messores
2932 5348 3035 5386 non
3079 5330 3330 5400 apostoli,
3379 5330 3471 5392 sed
3518 5329 3695 5400 angeli

2113 5434 2258 5481 sunt.
2291 5427 2472 5480 Videte
2500 5426 2589 5495 qui
2611 5426 2626 5478 l
2651 5427 2850 5480 dictum
2883 5425 2952 5478 sit
2980 5442 2990 5477 :
3020 5423 3179 5478 simul
3227 5423 3460 5494 gaudeat
3497 5423 3587 5491 qui
3611 5437 3698 5474 se-

2115 5519 2306 5582 minat,
2336 5525 2388 5571 et
2423 5517 2513 5586 qui
2548 5524 2731 5571 metet.
2766 5515 3008 5584 Disparis
3051 5514 3310 5584 temporis
3348 5513 3561 5566 labores
3598 5500 3696 5565 lm-

2114 5609 2347 5664 buerunt
2383 5609 2612 5678 apostoli
2659 5616 2712 5662 et
2761 5609 3058 5677 prophetae,
3101 5605 3196 5662 sed
3243 5605 3439 5676 gaudio
3485 5606 3694 5676 pariter

2113 5698 2476 5770 perfruentur,
2506 5697 2806 5754 meree‘em
2833 5697 2988 5752 simul
3037 5696 3309 5766 accepturi
3356 5701 3484 5750 sunt
3523 5694 3690 5748 vitam
