3946 6438
271 320 372 376 H5

1083 313 1595 371 COLLECTIONES
1632 314 1698 369 IN
1739 313 2122 369 EPISTOIAS
2163 316 2249 369 ET
2292 314 2704 371 EVANGELIA.

3441 328 3535 381 illi

270 444 544 489 aeternam.
582 430 927 501 [logaverunt
956 444 1102 495 eum,
1135 430 1286 485 utibi
1317 438 1585 495 maneret,
1615 438 1670 485 ct
1693 446 1843 483 man-
1874 431 1923 489 Α
1948 430 2132 485 carnis
2162 431 2439 499 proximus
2470 433 2751 489 hominum
2792 435 2965 490 factus
3017 447 3119 503 est,
3153 437 3408 497 libentius
3453 457 3537 504 est

271 528 339 583 sit
380 526 453 581 ibi
501 524 637 579 duos
660 524 779 579 dies
807 531 861 577 ct
883 522 1108 591 reliqua.
1133 522 1383 577 Christus
1428 523 1711 578 nuntiatur
1757 537 1854 590 per

272 617 605 674 Christianos
646 614 873 681 amicos,
913 623 1169 684 tanquam
1191 614 1440 681 muliere,
1480 615 1584 669 hoc
1612 623 1713 678 est,
1754 613 1854 667 lic-

271 710 430 766 clesia
466 709 858 775 annuntiante,
895 708 963 762 ad
1003 706 1281 762 Christum
1308 707 1552 772 veniunt,
1594 706 1683 776 qui
1721 705 1854 761 foris

270 809 415 864 sunt,
447 806 501 855 et
529 799 769 854 nondum
798 806 924 854 sunt
945 797 1264 853 Christiani.
1303 796 1544 853 Credunt
1565 813 1661 868 per
1692 798 1851 852 istam

268 889 486 945 famam.
516 889 695 946 Manet
721 889 864 961 apud
889 903 984 944 eos
1002 888 1188 956 biduo,
1218 889 1324 944 hoc
1357 896 1460 953 est,
1491 888 1586 943 dat
1612 887 1719 943 illis
1746 888 1853 943 duo

268 989 535 1052 praecepta
563 980 865 1045 eharitatis,
911 980 966 1036 id
987 986 1090 1047 est,
1126 980 1469 1036 dilectionem
1508 978 1606 1036 Dei
1634 988 1690 1037 et
1720 996 1850 1051 pro-
1878 999 1885 1006 α

269 1075 422 1141 ximi,
477 1082 532 1131 et
565 1073 736 1129 multo
766 1073 952 1143 plures
991 1081 1047 1129 et
1077 1073 1289 1129 firmius
1318 1074 1562 1141 credunt,
1593 1075 1851 1145 quoniam

267 1166 381 1235 ipse
404 1174 488 1221 est
512 1181 641 1222 vere
668 1163 917 1220 Salvator
933 1166 1141 1222 mundi.

269 1275 579 1333 SABBATO
634 1275 1482 1402 HEBDOBkbgéléSIS‘I‘EEUNDE
1539 1277 1607 1333 lN
1682 1252 1851 1345 ρωέ

588 1453 925 1495 εγΑΝοειιωι
964 1454 1200 1504 JOANNlS,
1242 1455 1360 1494 CAP.
1391 1456 1506 1494 νιιι.

342 1545 359 1576 ι
398 1526 646 1581 Perrexit
690 1525 847 1582 Jesus
888 1526 943 1581 in
978 1534 1219 1583 montani
1258 1524 1475 1594 Oliveti,
1515 1537 1571 1583 et
1607 1528 1847 1585 diluculo

272 1638 290 1668 ι
334 1618 531 1673 iterum
554 1618 704 1673 venit
726 1618 781 1672 in
832 1618 1109 1688 templum,
1136 1626 1191 1672 et
1222 1619 1401 1674 omnis
1440 1620 1672 1691 populus
1698 1621 1848 1675 venit

272 1729 289 1761 ι
335 1710 569 1777 adeum,
611 1718 666 1766 et
694 1710 889 1766 sedens
916 1710 1145 1766 docebat
1187 1726 1301 1766 eos.
1346 1710 1637 1767 Adducunt
1663 1721 1845 1767 autem

1957 535 1985 572 a
2018 520 2201 576 multis
2236 522 2353 593 ejus
2394 539 2575 580 sermo
2608 536 2883 596 receptus,
2937 544 3172 599 namque
3214 547 3244 584 a
3294 532 3538 602 pluribus

1954 624 2040 667 est
2064 614 2296 683 superba
2330 614 2605 684 impietate
2651 626 3016 689 contemptus,
3060 622 3349 680 audierunt
3393 628 3536 682 enim

1955 710 2222 764 mansueti
2250 717 2304 764 et
2322 708 2489 765 laetati
2520 722 2667 767 sunt.

2025 798 2307 855 Adducunt
2360 812 2535 857 autem
2559 801 2758 859 Scriba:
2787 815 2836 860 et
2872 805 3134 863 Plzariswi
3169 810 3438 866 mulierem
3485 811 3537 867 in

1953 889 2212 944 adulterio
2242 892 2636 963 deprehensam,
2683 904 2731 949 et
2775 904 3068 951 statuerunt
3108 916 3224 953 eam
3263 901 3317 954 in
3346 903 3536 966 medio,

1952 988 1999 1032 et
2048 979 2294 1035 dixerunt
2323 981 2409 1036 ei:
2442 981 2720 1054 Magister,
2764 985 2877 1040 ham
2920 986 3108 1042 mulier
3151 990 3306 1044 modo
3351 992 3539 1063 depre-

1950 1070 2112 1124 hensa
2135 1081 2209 1124 est
2246 1072 2302 1125 in
2330 1071 2614 1140 adulterio,
2655 1075 2713 1129 in
2739 1074 2849 1147 lege
2874 1087 3049 1132 autem
3079 1078 3286 1152 Moyses
3319 1084 3539 1140 manda-

1952 1159 2018 1212 vit
2045 1159 2193 1213 nobis
2221 1160 2527 1230 hujusmodi
2567 1162 2830 1235 lapidare,
2869 1176 2976 1223 etc.
3012 1167 3100 1235 Ut,
3146 1169 3193 1225 si
3240 1170 3355 1242 ipse
3402 1174 3543 1229 hanc

1952 1247 2294 1318 lapidandam
2323 1250 2662 1319 decerneret,
2693 1253 3007 1311 deriderent
3027 1272 3170 1324 eum,
3204 1259 3357 1327 quasi
3379 1261 3542 1315 mise,

1952 1339 2220 1406 rieordiae,
2244 1357 2405 1411 quam
2427 1356 2642 1413 semper
2665 1344 2911 1412 docebat,
2940 1346 3185 1402 oblitum.
3211 1347 3267 1402 Si
3297 1349 3539 1420 lapidare

1952 1439 2194 1498 vetaret,
2232 1433 2519 1488 striderent
2550 1434 2605 1488 in
2649 1450 2773 1490 eum
2826 1436 3076 1493 dentibus
3104 1440 3239 1505 suis,
3285 1449 3339 1495 et
3383 1444 3538 1511 quasi

1950 1521 2216 1578 fautorem
2240 1522 2506 1578 scelerum
2526 1523 2768 1595 legisque
2783 1527 3138 1595 contrarium,
3157 1529 3303 1584 velut
3323 1533 3537 1598 merito,

1950 1614 2289 1670 damnarent.

2019 1706 2175 1761 Jesus
2195 1717 2371 1761 autem
2401 1706 2663 1762 inclinans
2687 1724 2741 1763 se
2785 1709 3050 1775 deorsum,
3085 1712 3252 1782 digito
3280 1714 3538 1769 scribebat

272 1823 289 1853 ι
334 1802 541 1859 Scriba:
555 1774 617 1857 et
642 1803 906 1859 Pharismi
948 1803 1231 1859 mulierem
1262 1803 1319 1858 in
1347 1802 1615 1860 adulterio
1656 1806 1848 1875 depre-
1875 1774 1923 1835 B
1950 1800 2007 1854 in
2033 1808 2194 1854 terra.
2222 1799 2329 1854 Per
2357 1799 2763 1856 inclinationem
2797 1800 2948 1868 Jesu,
2983 1774 3282 1869 humilitas,
3324 1821 3424 1880 per
3460 1806 3540 1859 di-

271 1915 288 1945 ι
332 1897 579 1962 hensum,
606 1903 661 1951 et
694 1903 1002 1952 statuerunt
1034 1911 1154 1951 eam
1176 1896 1232 1951 in
1258 1896 1459 1963 medio,
1500 1906 1555 1953 et
1591 1897 1849 1954 dixerunt

271 2007 289 2037 ‹
332 1987 413 2041 ei:
441 1987 718 2058 Magister,
750 1988 868 2043 haec
880 1986 1077 2042 mulier
1103 1988 1264 2042 modo
1287 1986 1342 2041 in
1365 1987 1631 2043 adulterio
1653 1988 1846 2058 depre-

270 2095 288 2127 ι
330 2078 497 2132 hensa
537 2084 639 2132 est.
692 2076 750 2132 In
779 2077 899 2148 lege
923 2085 1105 2132 autem
1148 2076 1360 2148 Moyses
1390 2077 1848 2133 mandavitnobis

270 2190 286 2219 ι
328 2168 636 2238 hujusmodi
668 2169 928 2239 lapidare.
957 2169 1038 2224 Tu
1078 2164 1208 2241 ergo
1236 2170 1368 2240 quid
1397 2170 1572 2226 dicis?
1598 2169 1723 2225 Hme
1753 2187 1851 2225 au-

269 2281 286 2309 ι
336 2269 441 2314 tem
473 2259 722 2315 dicebant
746 2268 1018 2316 tentantes
1066 2276 1210 2326 eum,
1254 2269 1314 2317 ut
1338 2269 1563 2332 possent
1588 2278 1848 2319 accusare

269 2371 287 2401 ι
333 2365 475 2406 eum.
508 2350 664 2407 Jesus
700 2359 881 2407 autem
923 2352 1195 2409 inclinans
1239 2369 1298 2408 se
1350 2354 1628 2422 deorsum,
1677 2355 1847 2425 digito

268 2463 284 2494 ι
321 2444 591 2500 scribebat
618 2444 675 2499 in
698 2452 921 2499 terram.
952 2443 1088 2500 Cum
1109 2452 1290 2500 autem
1311 2452 1727 2514 perseverarent
1759 2445 1847 2500 in-

268 2554 285 2584 c
336 2544 674 2608 terrogantes
721 2552 867 2603 eum,
897 2537 1072 2593 erexit
1091 2551 1150 2593 se
1177 2545 1232 2592 et
1254 2537 1390 2591 dixit
1430 2538 1511 2593 eis
1542 2556 1554 2592 :
1583 2537 1687 2605 Qui
1727 2538 1847 2593 sine

270 2646 287 2677 ι
318 2637 538 2696 peccato
552 2636 637 2684 est
652 2637 915 2694 vestrum,
933 2629 1144 2699 primus
1157 2629 1211 2684 in
1235 2628 1383 2683 illam
1394 2629 1625 2700 lapidem
1642 2630 1843 2685 mittat.

270 2740 288 2770 ‹
318 2718 385 2773 Et
398 2718 591 2774 iterum
607 2734 665 2774 se
676 2718 940 2774 inclinans
956 2718 1231 2774 scribebat
1243 2719 1298 2773 in
1312 2726 1534 2774 terram.
1550 2716 1846 2775 Audientes

271 2827 290 2857 ε
320 2815 497 2863 autem
522 2809 656 2875 hzec,
684 2824 826 2865 unus
860 2815 982 2879 post
1001 2823 1167 2862 unum
1200 2807 1443 2876 exibant,
1471 2807 1794 2880 incipientes
1815 2824 1847 2863 a

269 2916 287 2948 ι
324 2898 646 2954 senioribus.
662 2897 729 2953 Et
746 2894 1178 2954 remansitJesus
1192 2898 1361 2965 solus,
1377 2905 1432 2954 et
1460 2897 1721 2954 mulierin
1738 2914 1848 2955 me-

267 3006 285 3039 ι
316 2989 404 3044 dio
416 2996 587 3044 stans.
600 2988 829 3061 Erigens
841 2996 1022 3044 autem
1034 3004 1093 3045 se
1105 2987 1265 3045 Jesus
1276 2989 1385 3046 dixi
1396 2997 1415 3045 t
1425 2989 1476 3046 ei
1494 3008 1508 3045 :
1525 2989 1738 3057 Mulier,
1751 2990 1846 3046 ubi

268 3105 290 3134 σ
329 3083 555 3153 suntqui
579 3091 630 3138 te
641 3082 1002 3138 accusabant?
1022 3081 1192 3139 Nemo
1214 3089 1266 3138 te
1285 3082 1699 3139 condemnavit?
1712 3081 1843 3151 Quae

268 3191 288 3224 ι
323 3173 461 3228 dixit
490 3191 503 3226 :
535 3171 722 3238 Nemo,
752 3171 1000 3229 Domine.
1028 3174 1176 3230 Dixit
1197 3182 1380 3230 autem
1409 3174 1460 3231 ei
1496 3173 1656 3231 Iesus
1685 3194 1697 3230 :
1730 3174 1843 3231 Nec

268 3282 286 3315 ι
333 3278 433 3335 ego
449 3272 501 3319 te
526 3264 917 3320 condemnabo.
944 3263 1114 3332 Vade,
1137 3264 1311 3336 etjam
1332 3264 1563 3336 amplius
1586 3264 1694 3321 noli
1717 3280 1845 3341 pec-

269 3374 288 3406 ι
336 3371 480 3413 care.
520 3376 539 3409 ι

337 3444 573 3500 Perrexit
608 3445 765 3523 Iesus
809 3446 864 3500 in
909 3454 1137 3500 montem
1180 3445 1390 3501 Ol'veti.
1443 3446 1595 3503 Mons
1652 3436 1885 3521 quippei

258 3536 454 3594 Oliveti
515 3536 902 3592 sublimitatem
943 3538 1226 3593 dominicae
1272 3538 1491 3609 pietatis
1539 3547 1595 3593 et
1633 3540 1847 3594 miseri-

259 3628 461 3685 cordiae
478 3627 743 3698 designat,
774 3629 899 3698 quia
921 3637 976 3687 et
996 3628 1185 3685 Graece
1215 3628 1348 3691 ἔλεος
1375 3634 1457 3686 καὶ
1489 3630 1652 3695 ﬂeor,
1685 3632 1849 3686 misc-

261 3719 495 3775 ricordia
519 3717 737 3785 dicitur,
765 3718 1031 3776 Olivetum
1058 3730 1285 3777 vocatur
1304 3722 1502 3791 oleum,
1533 3730 1588 3778 et
1608 3724 1721 3794 ipsa
1751 3741 1849 3778 un-

259 3810 370 3865 ctio
389 3809 495 3864 olei
540 3808 699 3866 fessis
743 3811 882 3867 solet
929 3811 1123 3868 afferre
1187 3812 1453 3868 levamen.
1499 3813 1606 3870 Sed
1644 3826 1700 3869 et
1744 3815 1848 3871 hoc

260 3914 479 3970 quoque
506 3899 685 3955 oleum
724 3909 779 3957 et
806 3901 1007 3959 virtute
1048 3919 1114 3960 ac
1156 3904 1392 3975 puritate
1412 3906 1743 3977 prreeminet,
1793 3914 1851 3963 et

259 4005 642 4064 quemcunque
653 3993 703 4048 ei
718 3992 983 4064 liquorem
999 3997 1388 4067 superfundere
1401 3998 1657 4066 volueris,
1673 3998 1850 4055 confe-

262 4081 391 4135 stim
413 4081 560 4137 hunc
591 4083 998 4153 transcendere,
1027 4087 1185 4158 eique
1220 4087 1515 4158 superferri
1545 4091 1843 4159 consuevit,

261 4171 492 4240 gratiam
528 4171 917 4231 misericordiae
966 4176 1206 4233 cmlestis
1245 4194 1355 4233 non
1401 4178 1848 4237 inconvenienter

262 4262 502 4317 insinuat
558 4263 625 4319 de
680 4279 784 4334 qua
842 4267 1105 4336 scriptum
1146 4273 1231 4323 est
1273 4284 1287 4322 :
1343 4266 1535 4324 Suavis
1588 4268 1846 4328 Dominus

262 4353 550 4419 universis,
597 4361 648 4408 et
701 4355 1062 4412 miserationes
1105 4356 1222 4427 ejus
1276 4374 1434 4429 super
1471 4360 1649 4413 omnia
1687 4377 1846 4432 opera

261 4441 377 4509 ejus
405 4441 423 4510 (
433 4440 577 4496 Psal.
610 4443 812 4517 cxuv).

1953 1894 2145 1965 gitum,
2170 1895 2261 1963 qui
2289 1894 2646 1949 articulorum
2694 1896 3098 1966 computatione
3141 1897 3392 1953 ﬂexibilis
3432 1908 3535 1962 est,

1952 1984 2222 2041 subtilitas
2251 1984 2599 2040 discretionis
2626 1986 2966 2056 exprimitur.
2988 1986 3161 2043 Porro
3190 2005 3287 2060 per
3307 1974 3534 2056 terram,

1952 2091 2047 2132 cor
2074 2077 2392 2144 humanum,
2422 2078 2568 2147 quod
2597 2077 2682 2133 vel
2708 2078 2975 2134 bonarum
3000 2080 3275 2136 actionum
3307 2081 3391 2137 vel
3423 2098 3538 2135 ma—

1950 2164 2127 2219 larum
2162 2165 2298 2221 solet
2337 2166 2566 2222 reddere
2604 2166 2834 2234 fruetus,
2857 2170 3180 2224 ostenditur.
3227 2171 3540 2226 Postulatus

1948 2274 2076 2331 ergo
2124 2261 2397 2317 Dominus.
2428 2262 2679 2333 judicare
2726 2265 2793 2319 de
2837 2264 3293 2334 peccatrice,non
3355 2265 3537 2317 statim

1949 2349 2041 2405 dat
2060 2347 2348 2418 judicium,
2373 2353 2467 2409 sed
2496 2354 2648 2423 prius
2678 2370 2738 2410 se
2763 2355 3030 2410 inclinans
3061 2355 3336 2420 deorsum,
3370 2355 3537 2426 digito

1949 2442 2138 2497 scribit
2167 2443 2221 2501 in
2248 2451 2413 2510 terra,
2440 2459 2504 2500 ac
2528 2453 2641 2500 tum
2680 2446 2893 2501 demum
2926 2462 3048 2500 cum
3079 2446 3279 2501 obnixe
3315 2456 3539 2515 rogatur

1940 2530 2174 2601 iudicat.
2200 2533 2311 2591 Nos
2345 2535 2599 2591 videlicet
2631 2537 2808 2608 typice
2838 2538 3147 2602 instituens,
3195 2547 3255 2592 ut
3288 2540 3536 2607 quando-

1949 2639 2161 2695 cunque
2193 2627 2569 2696 proximorum
2607 2637 2787 2685 errata
2829 2630 3215 2699 conspicimus,
3264 2646 3373 2685 non
3424 2633 3539 2685 haec

1948 2723 2113 2775 antea
2143 2718 2590 2788 reprehendendo
2603 2720 2929 2791 judicemus,
2961 2738 3124 2792 quam
3150 2722 3217 2777 ad
3256 2723 3539 2778 conscien-

1948 2805 2083 2860 tiam
2116 2814 2357 2862 nostram
2387 2809 2668 2864 humiliter
2703 2812 2929 2878 reversi,
2954 2812 3123 2883 digito
3168 2828 3289 2867 eam
3328 2814 3533 2867 discre-

1950 2895 2116 2951 tionis
2142 2896 2370 2953 solerter
2392 2898 2760 2970 exculpemus.
2788 2900 2856 2955 Et
2894 2902 3024 2971 quid
3069 2902 3124 2956 in
3162 2917 3224 2956 ea
3254 2901 3536 2958 Conditori

1944 2985 2176 3058 placeat,
2217 2988 2413 3059 quidve
2450 2990 2750 3059 displiceat,
2798 2991 2983 3046 sedula
3013 2991 3415 3051 examinatione
3458 2993 3538 3047 di-

1948 3079 2228 3145 rimamus,
2250 3080 2405 3150 juxta
2435 3080 2566 3134 illud
2606 3079 2848 3155 Apostoli
2875 3100 2887 3134 :
2916 3080 3157 3149 Fratres,
3180 3090 3231 3147 et
3262 3083 3315 3135 si.
3336 3099 3537 3152 pra’oc-

1946 3179 2165 3241 cupatus
2197 3169 2356 3240 fuerit
2382 3171 2537 3225 homo
2560 3172 2616 3225 in
2652 3169 2831 3242 aliquo
2859 3170 3070 3237 delicto,
3114 3189 3223 3239 vos,
3253 3172 3342 3243 qui
3381 3172 3537 3243 spiri-

1947 3260 2077 3316 tales
2107 3264 2260 3329 estis,
2283 3264 2526 3319 inst‘ruile
2561 3264 2869 3335 hujusmodi
2905 3265 2959 3318 in
2993 3264 3184 3336 spiritu
3222 3274 3533 3317 mansuetu-

1947 3353 2108 3419 dinis,
2125 3354 2463 3409 considerans
2485 3356 2730 3427 teipsum,
2756 3373 2818 3411 ne
2838 3365 2886 3410 et
2922 3365 2977 3410 tu
3000 3357 3213 3411 tenteris
3238 3354 3380 3429 (Gal.
3405 3356 3500 3429 γι).

2019 3441 2152 3499 Cum
2176 3455 2349 3499 autem
2382 3456 2769 3517 perseverarent
2794 3446 3179 3516 interrogantes
3208 3462 3346 3511 eum,
3371 3448 3535 3501 erexit

1947 3553 2023 3601 se,
2055 3545 2103 3590 et
2130 3537 2263 3590 dixit
2290 3538 2364 3590 eis
2398 3552 2415 3589 :
2443 3536 2549 3601 Qui
2576 3538 2690 3592 sine
2712 3546 2923 3608 peccato
2951 3546 3024 3592 est
3057 3548 3308 3603 vestrum,
3335 3539 3534 3608 primus

1946 3614 2175 3683 inillam
2210 3629 2435 3700 lapidem
2484 3631 2678 3683 mittat.
2722 3630 2823 3697 Qui
2859 3629 2987 3686 hinc
3032 3637 3086 3686 et
3134 3630 3260 3685 inde
3304 3629 3535 3685 Domino

1949 3714 2152 3771 Scribat
2194 3725 2249 3773 et
2294 3717 2554 3772 Phariswi
2601 3719 2894 3773 tendebant
2934 3718 3158 3795 laqueos
3191 3719 3532 3784 insidiarum,

1946 3815 2204 3877 putantes
2240 3823 2363 3863 eum
2393 3808 2479 3862 vel
2514 3808 3001 3864 immisericordem
3038 3809 3279 3865 futurum
3308 3810 3361 3864 in
3393 3809 3537 3878 judi-

1948 3902 2143 3967 cando,
2192 3901 2276 3956 vel
2324 3900 2641 3973 injustum;
2675 3903 2977 3972 prmvidcns
3026 3903 3115 3958 ille
3158 3903 3328 3968 dolos,
3379 3904 3533 3972 quasi

1949 3992 2037 4046 ﬁla
2071 3992 2264 4047 transit
2295 4007 2529 4057 araneae,
2562 3991 2829 4060 judicium
2866 3991 3091 4062 justitize
3131 4009 3229 4062 per
3262 3994 3441 4047 omnia
3483 4003 3537 4047 et

1948 4083 2419 4138 mansuetudinem
2452 4083 2671 4153 pietatis
2695 4084 3005 4138 ostendens.
3054 4084 3192 4139 Ecce
3237 4093 3538 4154 temperan-

1948 4174 2022 4229 tia
2051 4174 2380 4229 miserandi:
2410 4174 2514 4240 Qui
2536 4176 2649 4228 sine
2669 4184 2881 4245 peccato
2909 4184 2984 4228 est
3008 4184 3252 4229 vestrum.
3275 4174 3417 4229 Ecce
3439 4176 3537 4229 ile-

1948 4279 2068 4319 rum
2102 4262 2312 4332 justitia
2360 4261 2639 4333 judicandi
2687 4280 2700 4316 :
2743 4262 2957 4317 Primus
3008 4263 3063 4317 in
3111 4262 3257 4316 illam
3303 4262 3533 4334 lapidem

1947 4355 2139 4409 mittat.
2179 4353 2259 4409 Ac
2301 4353 2346 4409 si
2390 4352 2619 4408 dlxisset
2657 4371 2670 4407 :
2704 4350 2762 4407 Si
2806 4350 3018 4424 Moyses
3059 4352 3336 4408 mandavit
3383 4354 3534 4408 vobis

1868 4483 1924 4542 Β
1947 4444 2230 4501 mulierem
2256 4442 2565 4513 hujusmodi
2598 4441 2874 4513 lapidare,
2902 4442 3080 4497 videte
3119 4442 3243 4517 quia
3287 4460 3391 4499 non
3432 4442 3535 4497 hoe

334 4531 405 4585 Et
429 4532 661 4588 diluculo
684 4536 821 4589 venit
838 4545 1027 4591 iterum
1048 4554 1105 4593 in
1133 4537 1401 4610 templum.
1431 4538 1671 4611 Tempus
1709 4557 1845 4612 quo-
1868 4531 1916 4542 ”
1948 4546 2285 4607 peceatores,
2328 4535 2421 4591 sed
2460 4535 2637 4605 justos
2676 4533 2858 4590 facere
2893 4535 3181 4604 praecepit,
3232 4534 3407 4604 primo
3440 4550 3533 4588 vos

260 4637 370 4692 que
394 4623 638 4690 diluculi,
668 4634 918 4683 exortum
952 4628 1192 4699 ejusdem
1236 4630 1445 4701 gratiae,
1483 4648 1590 4703 qua
1634 4643 1843 4689 remota

260 4714 399 4785 legis
417 4716 629 4781 umbra,
657 4717 749 4772 lux
767 4719 1089 4791 evangelicae
1109 4720 1358 4778 veritatis
1381 4731 1500 4777 erat
1529 4724 1841 4791 revelanda,

262 4805 618 4861 demonstrat.
650 4806 833 4879 Pergit
876 4823 1007 4880 ergo
1044 4808 1205 4865 Jesus
1239 4811 1295 4866 in
1342 4820 1582 4867 montem
1623 4813 1841 4881 Oliveti,

262 4902 325 4948 ut
370 4909 548 4951 arcem
597 4898 986 4954 misericordiae
1020 4900 1075 4955 in
1123 4915 1181 4955 se
1231 4909 1483 4958 constare
1534 4904 1840 4960 denuntiet.

264 4988 427 5043 Venit
452 4990 647 5046 iterum
673 4991 910 5047 diluculo
937 4991 992 5047 in
1024 4992 1304 5063 templum,
1326 5002 1386 5048 ut
1415 4996 1662 5051 eamdem
1690 4997 1852 5051 mise-

264 5079 578 5146 ricordiam,
602 5097 726 5137 cum
756 5082 1049 5153 incipiente
1086 5081 1219 5138 Novi
1250 5083 1584 5140 Testameuti
1621 5085 1844 5152 lumine,

262 5170 532 5238 fidelibus,
564 5174 763 5245 templo
790 5176 1045 5232 videlicet
1073 5192 1191 5244 suo,
1230 5178 1576 5248 pandendam
1604 5180 1849 5250 praeben-

262 5262 496 5331 dumque
529 5264 816 5333 significet.

334 5352 404 5406 Et
425 5354 595 5408 omnis
623 5354 846 5424 populus
867 5358 1002 5411 venit
1032 5356 1105 5411 ad
1144 5374 1285 5424 eum,
1310 5368 1358 5414 et
1400 5360 1585 5414 sedens
1630 5360 1847 5415 docebat

259 5462 369 5499 cos.
392 5445 581 5501 Sessio
608 5445 818 5533 Domini
864 5448 1224 5505 humilitatem
1247 5450 1641 5507 incarnationis
1691 5448 1808 5519 ejus
1829 5494 1844 5523 ,

259 5555 360 5609 per
390 5555 554 5610 quam
579 5539 735 5594 nobis
762 5541 1010 5596 misereri
1023 5543 1276 5614 dignatus
1300 5552 1402 5607 est,
1421 5544 1677 5598 insinuat.
1703 5545 1847 5598 Bene

260 5638 444 5684 autem
468 5629 667 5683 dicitur
694 5646 704 5681 :
737 5630 862 5699 quia
879 5646 997 5685 cum
1022 5633 1215 5687 sedens
1238 5633 1646 5697 doceretJesus,
1670 5635 1846 5687 omnis

262 5721 491 5792 populus
512 5721 661 5777 venit
684 5721 749 5775 ad
773 5736 917 5788 enni,
947 5723 1068 5791 quia
1095 5732 1377 5792 postquam
1398 5725 1705 5780 lmmilitue
1733 5740 1844 5779 sua:

1949 4629 2055 4700 ipsi
2077 4627 2345 4698 justitiam
2368 4628 2501 4699 legis
2532 4626 2771 4699 implete,
2805 4635 2861 4683 et
2901 4627 2981 4683 sic
3003 4628 3315 4682 innocentes
3354 4628 3531 4681 maui—

1948 4719 2141 4786 bus,et
2164 4721 2362 4775 mundo
2383 4719 2545 4775 corde
2565 4718 2632 4773 ad
2664 4718 3007 4788 lapidandam
3024 4733 3169 4773 ream
3200 4718 3531 4774 concurrite.

1951 4812 2134 4867 Primo
2164 4812 2429 4883 spiritalia
2475 4811 2607 4881 legis
2634 4811 2830 4876 edicta,
2859 4811 3041 4876 ﬁdem,
3082 4811 3531 4873 misericordiam,

1953 4909 2009 4956 et
2031 4902 2352 4957 charitatem
2380 4900 2646 4971 perlicite,
2670 4903 2833 4958 et'sic
2867 4902 2933 4957 ad
2962 4902 3203 4957 carnalia
3239 4902 3533 4974 judicanda

1951 4994 2221 5050 divertite.

2023 5084 2092 5139 Et
2123 5086 2310 5139 iterum
2334 5102 2388 5140 se
2413 5084 2693 5151 inclinans,
2735 5085 2990 5140 scribebat
3026 5086 3080 5140 in
3117 5095 3278 5141 terra.
3318 5086 3387 5141 Et
3423 5087 3534 5158 qui-

1949 5175 2071 5231 dem
2094 5177 2248 5247 juxta
2270 5193 2475 5233 morem
2506 5178 2915 5234 consuetudinis
2947 5178 3197 5233 humana:
3236 5188 3419 5248 potest
3455 5179 3533 5232 in-

1952 5264 2117 5335 telligi
2155 5266 2299 5336 quod
2346 5265 2467 5321 ideo
2495 5267 2753 5322 Dominus
2809 5283 2994 5323 coram
3036 5266 3394 5323 teutatoribus
3431 5267 3531 5318 im-
3622 5288 3628 5295 -

1949 5356 2157 5425 probis,
2190 5355 2437 5410 inclinari
2461 5363 2516 5410 et
2551 5356 2604 5409 in
2630 5365 2775 5411 terra
2798 5357 3037 5413 scribere
3067 5356 3320 5421 voluerit,
3343 5366 3403 5409 ut
3430 5355 3533 5409 alio

1956 5446 2159 5500 vultum
2193 5446 2497 5513 intendens,
2522 5447 2751 5503 liberum
2775 5448 2854 5503 eis
2884 5448 3056 5513 daret,
3081 5447 3251 5511 exire,
3282 5462 3414 5515 quos
3436 5462 3530 5500 sua

1954 5539 2310 5609 responsione
2335 5540 2637 5610 perculsos,
2685 5540 2845 5595 citius
2873 5540 3114 5597 exituros
3140 5581 3154 5605 ,
3187 5554 3346 5607 quam
3379 5538 3529 5608 plura

1952 5630 2381 5697 interrogaturos
2407 5646 2526 5683 esse
2558 5632 2897 5700 praeviderat.

2027 5721 2305 5775 Audientes
2359 5732 2553 5787 autem,
2592 5739 2726 5776 unus
2762 5733 2875 5789 post
2930 5738 3087 5775 unum
3133 5721 3359 5785 exibant,
3408 5720 3537 5771 inci-
