3946 6446
388 258 491 316 N1

1664 248 2019 306 SMAHAGDI
2059 250 2350 306 ABBATIS

3554 253 3664 310 N8

385 362 1535 441 pientesasenioribus,etremansitsolus,et
1567 362 1754 415 mulier
1783 362 1835 416 in
1862 378 1967 414 me-
1998 366 2043 422 Λ
2074 364 2116 416 si
2175 380 2376 419 mecum
2426 365 2785 431 illuminavit,
2844 363 3117 423 scribebat
3170 366 3227 421 in
3279 375 3445 421 terra.
3507 367 3662 423 Talia

388 463 476 517 dio
493 472 662 517 stans.
681 458 786 516 Sed
803 459 1031 530 ﬁgurate
1050 470 1151 510 nos
1172 456 1425 509 admonet
1439 454 1491 507 in
1512 467 1597 517 eo,
1615 451 1760 522 quod
1776 460 1831 505 et
1847 460 1972 504 ante

389 555 574 610 datam
617 561 672 609 et
708 557 832 623 post
855 550 1038 605 datam
1068 548 1415 612 sententiam,
1441 545 1709 605 inclinans
1756 544 1976 614 scripsit

390 645 444 701 in
468 652 638 711 terra,
652 651 713 698 ut
738 649 793 698 et
808 641 1125 712 priusquam
1141 645 1458 711 peccantem
1474 638 1782 709 proximum
1802 635 1974 689 corri-

389 736 621 805 piamus,
653 743 709 790 et
732 740 1021 805 postquam
1063 731 1255 787 debitae
1290 728 1662 800 castigationis
1704 726 1781 781 illi
1816 726 1975 782 mini-

390 826 619 882 sterium
656 823 1073 890 reddiderimus,
1110 836 1211 881 nos
1260 820 1406 890 ipsos
1453 819 1614 891 digna
1654 816 1974 873 humilitatis

391 918 804 990 investigatione
829 906 1246 986 perpendamus,
1264 926 1330 966 ne
1361 910 1499 965 forte
1527 919 1620 965 aut
1649 907 1839 964 iisdem
1857 922 1975 976 quae

390 1015 446 1069 in
471 1013 604 1083 ipsis
640 1008 1105 1081 reprehendimus,
1139 1013 1232 1059 aut
1273 1004 1394 1063 aliis
1432 1002 1763 1076 quibuslibet
1806 1000 1976 1055 simus

389 1103 725 1161 facinoribus
760 1099 979 1157 irretitl.
1024 1097 1177 1154 Sicut
1205 1095 1346 1155 forte
1376 1095 1492 1153 ﬁeri
1512 1093 1729 1166 poterit,
1757 1100 1816 1147 ut
1836 1091 1973 1161 ipse,

391 1194 485 1266 qui
505 1193 831 1249 homicidam
872 1208 1023 1247 reum
1071 1190 1262 1245 mortis
1297 1204 1417 1243 esse
1456 1185 1818 1257 iudicaverit,
1862 1184 1975 1255 ipse

393 1289 448 1342 in
498 1287 717 1356 seipso,
765 1300 863 1357 per
898 1284 1081 1339 oiium
1131 1282 1384 1336 fraterna:
1419 1280 1611 1336 mortis
1683 1294 1815 1334 reus
1856 1292 1977 1332 esse

394 1386 519 1432 ante
563 1375 750 1432 oculos
788 1373 1103 1434 Conditoris
1154 1371 1478 1426 inveniatur.
1532 1368 1833 1434 Similiter,
1884 1366 1975 1436 qui

393 1467 768 1523 fornicationis
793 1466 999 1521 crimen
1029 1464 1082 1518 in
1113 1463 1282 1519 fratre
1305 1471 1552 1527 accusat,
1575 1461 1629 1515 in
1659 1461 1839 1531 seipse
1888 1474 1979 1513 suv-

394 1558 593 1629 perbiac
622 1555 833 1612 facinus
857 1571 964 1611 non
990 1555 1191 1609 videat.
1231 1552 1353 1608 ideo
1382 1552 1603 1623 iubetur
1622 1550 1787 1621 judex
1818 1546 1977 1604 alieni

394 1654 637 1711 criminis
672 1653 841 1725 digito
871 1650 1214 1707 discretionis
1248 1648 1302 1702 in
1327 1649 1490 1705 corde
1518 1662 1616 1702 suo
1647 1643 1974 1708 describere,

394 1763 459 1807 ne
479 1746 616 1803 forte
640 1746 694 1801 in
745 1747 922 1818 seipso
947 1761 1072 1800 reus
1096 1744 1420 1799 inveniatur.
1453 1742 1593 1811 Quid
1624 1742 1791 1813 igitur
1821 1738 1978 1797 nobis
2006 1714 2053 1775 Β

394 1839 447 1892 in
485 1836 788 1907 huiusmodi
822 1836 1079 1909 periculis
1118 1835 1363 1903 remedii,
1389 1834 1518 1907 quid
1547 1841 1721 1889 restat
1759 1831 1982 1889 salutis?

393 1930 496 1985 nisi
524 1937 581 1984 nt
606 1944 729 1985 eum
768 1938 1087 2000 peccantem
1121 1927 1489 1998 conspicimus
1522 1925 1708 1991 alium,
1737 1940 1865 1981 mox
1897 1926 1982 1980 in.

391 2021 654 2086 elinemur
682 2020 932 2075 deorsum
955 2060 969 2084 ,
1000 2019 1103 2074 hoc
1124 2026 1229 2085 est,
1260 2033 1422 2088 quam
1455 2015 1648 2084 dejeeti
1680 2032 1743 2070 ex
1776 2026 1978 2072 nostra:

394 2108 704 2165 conditione
751 2106 1061 2177 fragilitatis
1104 2121 1291 2161 sumus
1318 2145 1335 2172 ,
1375 2104 1420 2158 si
1488 2118 1594 2159 non
1645 2118 1745 2158 nos
1795 2102 1978 2157 divina

393 2200 569 2270 pietas
591 2199 843 2262 sustinet,
868 2203 925 2253 et
948 2195 1226 2254 humiliter
1248 2193 1518 2265 inspiciat.
1554 2191 1731 2263 Digito
1771 2191 1976 2247 scriba-

392 2306 514 2353 mus
542 2287 596 2345 in
627 2297 793 2355 terra,
822 2288 876 2343 id
904 2297 1004 2354 cst,
1036 2286 1351 2342 discrimine
1369 2285 1551 2341 solerti
1577 2299 1880 2355 pensemus,
1904 2298 1973 2339 an

392 2396 516 2436 cum
545 2381 704 2435 beato
722 2379 823 2435 Job
848 2379 1029 2435 dicere
1059 2378 1352 2450 possimus,
1395 2392 1570 2449 neque
1600 2376 1743 2431 enim
1784 2389 1971 2446 repre-

392 2471 583 2527 hendit
606 2485 704 2527 nos
741 2484 837 2526 cor
872 2478 1117 2527 nostrum
1148 2468 1207 2527 in
1236 2468 1385 2523 omni
1424 2467 1532 2522 vita
1583 2474 1785 2522 nostra.
1828 2465 1975 2521 Bene

334 2551 338 2554 ’
392 2566 484 2635 qui
513 2563 802 2619 inclinatus
831 2562 1049 2633 scripsit
1072 2561 1126 2615 in
1157 2569 1323 2627 terra,
1351 2568 1565 2616 erectus
1584 2549 1973 2615 misericordiae

389 2656 554 2711 verba
602 2654 875 2726 deprimit.
914 2654 1049 2722 Quia
1079 2653 1221 2724 quod
1250 2668 1348 2727 per
1369 2652 1617 2711 humanm
1639 2650 1972 2706 inﬁrmitatis

389 2748 706 2804 societatem
733 2746 1003 2818 promisit,
1048 2761 1146 2816 per
1174 2745 1370 2800 divina:
1412 2744 1669 2801 virtutem
1713 2744 1970 2815 potentize

389 2840 642 2901 omnibus
667 2837 869 2896 donum
891 2837 1109 2907 pietatis
1131 2836 1410 2908 impendit.

459 2931 683 3003 Erigens
704 2941 878 2986 autem
907 2948 961 2985 se
982 2930 1158 2995 Iesus,
1176 2930 1309 2984 dixit
1333 2931 1381 2984 ei
1408 2946 1431 2984 ξ
1464 2929 1679 2996 Mulier,
1717 2930 1806 2985 ubi
1849 2939 1970 2985 sunt

385 3023 476 3094 qui
496 3034 547 3077 te
564 3021 903 3087 accusabant,
931 3038 1080 3076 nemo
1108 3031 1159 3076 te
1192 3019 1594 3075 condemnavit?
1632 3036 1750 3092 qua:
1790 3020 1923 3077 dixit
1949 3037 1969 3074 :

2074 457 2254 510 omnia
2291 458 2443 527 signa
2476 467 2605 513 sunt
2637 473 2818 515 rerum
2846 474 3104 530 expressa
3136 460 3189 516 in
3214 476 3462 534 corpore,
3490 461 3661 531 signi-

2075 547 2233 603 ﬁcata
2258 549 2310 602 in
2338 549 2537 605 animo.
2572 549 2727 618 Quod
2750 551 2895 606 enim
2919 549 3098 607 facere
3133 552 3347 607 volebat
3378 552 3431 606 in
3458 553 3661 619 animo,

2075 641 2177 695 hoc
2205 640 2587 711 prmﬁgurabat
2619 640 2675 695 in
2709 656 2958 712 corpore.
3006 640 3192 713 Neque
3239 641 3383 699 enim
3419 641 3665 697 Lazarus

2076 731 2155 785 sic
2191 730 2405 800 revixit,
2431 739 2493 787 ut
2531 746 2638 788 non
2678 740 3001 797 moreretur,
3050 740 3145 786 aut
3192 732 3411 803 quando
3448 731 3662 810 sanavit

2075 820 2260 876 oculos
2289 821 2433 883 casei,
2466 836 2574 876 non
2596 837 2691 877 eos
2711 822 2949 878 moriens
2981 822 3196 890 clausit,
3223 821 3355 895 quid
3386 838 3517 897 ergo
3540 838 3667 895 pro

2067 910 2199 975 Tuit,
2232 912 2356 981 quia
2376 912 2528 982 signa
2554 910 2807 979 faciebat,
2831 913 2934 969 hoc
2967 922 3070 978 est,
3112 913 3281 985 digito
3303 914 3578 973 scribebat
3608 915 3663 970 in

2077 1005 2251 1057 terra?
2287 1009 2346 1057 ut
2369 1001 2672 1074 corporalia
2697 1001 2841 1061 facta
2881 1004 3182 1075 dirigerent
3211 1005 3662 1071 admirationem,

2077 1094 2367 1150 admiratio
2404 1096 2760 1165 suspenderet
2795 1095 3088 1167 judicium,
3118 1105 3181 1153 nt
3215 1107 3526 1169 quaererent
3566 1099 3667 1153 ho-

2077 1187 2251 1240 mines
2296 1185 2403 1239 vim
2449 1200 2633 1241 rerum
2669 1186 2988 1253 visibilium,
3018 1196 3073 1244 et
3111 1197 3434 1244 sanarentur
3477 1189 3668 1245 invisi-

2078 1277 2261 1333 biliter
2274 1276 2341 1332 ad
2373 1277 2659 1335 invisibilia
2687 1281 3016 1337 contuenda.

2703 1384 2999 1427 CONCORDIA
3009 1411 3023 1425 .

2150 1459 2406 1529 Quamvis
2438 1458 2734 1530 ﬁguraliter
2758 1460 3052 1532 plurimum
3088 1463 3191 1519 sibi
3219 1464 3304 1520 iure
3330 1464 3671 1521 dum’oonve-

2080 1552 2231 1607 niant
2269 1551 2552 1618 lectiones,
2600 1559 2783 1606 tamen
2820 1550 3175 1607 historialiter
3219 1550 3273 1607 in
3308 1551 3425 1623 ipso
3461 1553 3670 1609 montis

2082 1644 2298 1699 nomine
2324 1643 2557 1698 istarum
2584 1643 2813 1699 duarum
2844 1642 2903 1700 ﬁt
2930 1642 3219 1699 concordia
3245 1642 3558 1701 lectionum.

2501 1772 2831 1832 DOMINICA
2862 1773 2931 1829 1N
2964 1772 3284 1829 VICESIMA

2480 1899 2639 1939 BBA’"
2692 1898 2847 1939 PAULI
2897 1899 3153 1939 ΑΡοΒτοω

2773 1991 2836 2029 CA
2843 1992 2890 2031 P.
2925 1990 2997 2029 IV.

2174 1898 2430 1940 IPlSTOlA
2480 1899 2639 1939 BBA’"
2692 1898 2847 1939 PAULI
2897 1899 3153 1939 APOSTOIJ
3213 1900 3281 1938 AD
3335 1898 3612 1953 σιω-[λεὶ

2154 2109 2174 2143 ι
2218 2089 2491 2160 Scriptum
2541 2097 2672 2144 est:
2720 2088 2976 2158 quoniam
3018 2088 3294 2144 Abraham
3340 2088 3474 2144 duos
3519 2087 3665 2144 ﬁlios

2083 2202 2101 2235 ι
2140 2184 2349 2250 habuit,
2382 2198 2549 2238 unum
2593 2183 2663 2239 de
2694 2182 2889 2238 ancilla
2923 2191 2980 2238 et
3008 2199 3175 2238 unum
3219 2184 3287 2239 de
3320 2183 3509 2240 libera.
3554 2183 3667 2239 Sed

2084 2293 2101 2325 ι
2146 2275 2239 2346 qui
2258 2275 2323 2330 de
2352 2273 2569 2340 ancilla,
2586 2274 2883 2330 secundum
2899 2289 3119 2330 carnem
3134 2283 3296 2331 natus
3319 2286 3421 2331 est.
3448 2276 3550 2345 Qui
3570 2293 3671 2332 au,-

2083 2386 2101 2419 ‹
2149 2377 2258 2427 tem
2292 2369 2360 2424 de
2389 2368 2582 2433 libera,
2609 2384 2708 2440 per
2742 2369 3240 2442 repromissionem,
3263 2386 3384 2442 quae
3413 2380 3540 2429 sunt
3568 2388 3673 2443 per

2082 2479 2100 2510 ι
2143 2460 2458 2531 allegoriam
2481 2460 2646 2516 dicta.
2675 2459 2803 2515 Haec
2832 2461 2975 2517 enim
3001 2469 3126 2516 sunt
3151 2461 3258 2518 duo
3288 2463 3666 2521 Testamenta.

2082 2569 2100 2602 ι
2143 2550 2323 2607 Unum
2346 2549 2563 2624 qnidem
2584 2551 2639 2605 in
2689 2559 2873 2607 monte
2913 2550 3065 2618 Sina,
3116 2552 3171 2607 in
3215 2553 3533 2609 servitutem
3575 2570 3672 2628 ge-

2081 2664 2100 2696 ι
2145 2659 2367 2713 nerans,
2423 2657 2544 2717 qum
2582 2651 2667 2697 est
2715 2643 2857 2714 Agar
2886 2661 2899 2696 :
2926 2642 3056 2697 Sina
3099 2644 3251 2700 enim
3272 2661 3427 2701 mons
3466 2654 3552 2701 est
3609 2647 3668 2701 in

2081 2754 2100 2787 ι
2145 2734 2367 2800 Arabia,
2396 2734 2489 2805 qui
2520 2731 2844 2804 coniunctus
2869 2742 2951 2789 est
2976 2734 3046 2800 ei,
3077 2750 3199 2806 qua:
3235 2751 3380 2791 nunc
3406 2745 3489 2791 est
3530 2735 3666 2793 llic-

2080 2847 2099 2880 ‹
2146 2826 2405 2894 rusalem,
2426 2834 2482 2882 et
2508 2825 2677 2882 servit
2697 2841 2819 2881 cum
2846 2825 3031 2884 liberis
3049 2828 3182 2884 suis.
3213 2826 3308 2884 Illa
3335 2837 3516 2886 autem
3543 2846 3670 2902 quae

2079 2938 2101 2973 ι
2144 2934 2360 2975 sursum
2390 2925 2476 2974 est
2509 2908 2867 2983 Hierusalem,
2892 2917 3063 2977 libera
3094 2928 3198 2987 est,
3230 2934 3351 2991 qua:
3384 2931 3468 2979 est
3489 2931 3675 2979 mater

2080 3029 2098 3060 ι
2143 3017 2348 3075 nostra,
2380 3009 2646 3082 scriptum
2683 3016 2769 3065 est
2796 3009 2945 3066 enim
2974 3030 2988 3064 :
3013 3008 3243 3078 Laetare,
3274 3012 3499 3078 sterilis,
3543 3030 3671 3086 quae

388 3070 579 3177 Nemo,
605 3110 824 3166 Domine
840 3124 859 3162 :
880 3070 1013 3164 dixit
1036 3119 1215 3165 audam
1227 3109 1279 3165 ei
1298 3107 1454 3164 Iesus
1480 3123 1498 3161 :
1524 3070 1751 3179 Νινευεθο
1770 3118 1820 3163 te
1844 3125 1968 3163 con-
1996 3070 2042 3133 Ε
2079 3121 2098 3152 ε
2142 3115 2247 3157 non
2267 3100 2439 3172 paris.
2462 3106 2749 3171 emmpeet
2770 3099 2944 3157 chum
2974 3115 3095 3171 qna:
3118 3116 3225 3159 non
3246 3103 3506 3174 periuris.
3535 3070 3669 3176 (ίυῖει

384 3200 679 3267 demnabo;
707 3202 836 3257 vade
859 3210 906 3257 et
931 3199 1158 3274 amplius
1198 3201 1307 3256 noli
1350 3217 1584 3271 peccare.
1634 3198 1804 3256 Nemo
1844 3216 1969 3256 eon-

384 3295 643 3350 demnare
663 3309 831 3350 ausus
845 3302 929 3350 est
947 3294 1333 3364 peccatricem,
1349 3295 1475 3364 quia
1497 3295 1551 3349 in
1568 3310 1629 3349 se
1640 3293 1835 3367 singuli
1851 3309 1967 3350 cer-

387 3401 514 3440 nere
536 3392 819 3456 cmperant
865 3385 1010 3458 quod
1051 3385 1227 3456 magis
1268 3383 1635 3440 damnandum
1679 3400 1970 3457 cognosce—

384 3484 523 3529 rent.
558 3472 669 3529 Sed
714 3474 806 3545 qui
838 3473 1213 3539 accusantium
1238 3475 1424 3529 turbas
1492 3475 1706 3546 prolato
1739 3473 1967 3544 iustitia:

384 3564 620 3634 pondere
640 3563 864 3636 fugavit,
890 3564 1170 3620 videamus
1214 3573 1525 3621 accusatam
1552 3573 1756 3636 quanto
1804 3566 1970 3621 mise-

383 3656 632 3712 eieordize
657 3670 880 3711 munere
909 3655 1173 3711 sublevet.
1201 3653 1481 3727 Sequitur.

457 3748 602 3802 Dixit
627 3756 803 3802 autem
839 3747 1014 3814 Iesus,
1056 3764 1147 3803 nec
1182 3766 1274 3820 ego
1316 3760 1365 3803 te
1408 3748 1786 3816 condemnabo,
1813 3750 1964 3815 vade,

372 3839 492 3908 jam
534 3837 762 3909 amplius
802 3837 912 3893 noli
953 3856 1188 3911 peccare.
1245 3840 1512 3910 Quoniam
1562 3842 1874 3899 misericors
1910 3851 1967 3898 et

381 3930 502 4000 pius
536 3929 810 4001 praeterita
839 3929 1067 3987 relaxat.
1105 3928 1371 3998 Quoniam
1394 3929 1578 4000 justus
1606 3940 1712 3997 est,
1735 3941 1791 3987 et
1804 3932 1968 4003 justi-

383 4021 511 4085 siam
541 4020 734 4092 diligit,
773 4035 842 4075 ne
884 4021 1113 4092 amplius
1145 4020 1259 4094 jam
1295 4030 1487 4093 peccet
1531 4022 1826 4078 interdicit.
1857 4021 1967 4095 (Ea:

380 4111 625 4182 August.)
674 4111 935 4167 Dicebant
988 4116 1130 4184 apud
1184 4114 1504 4184 semetipsos
1551 4132 1563 4167 :
1605 4112 1714 4168 Aut
1754 4111 1967 4183 iubebit

378 4216 496 4254 eam
522 4200 784 4272 lapidare,
805 4210 862 4256 et
886 4202 1097 4256 amittet
1115 4203 1609 4268 mansuetudinem,
1629 4202 1773 4258 unde
1790 4202 1966 4273 placet

2076 3212 2094 3245 ι
2143 3193 2296 3249 multi
2326 3192 2420 3247 ﬁlii
2456 3192 2685 3249 deserta:
2707 3192 2885 3263 magis
2900 3208 3062 3265 quam
3093 3193 3221 3264 ejus,
3240 3210 3367 3266 (una:
3391 3196 3557 3253 habet
3582 3197 3671 3252 vi-

2075 3305 2094 3336 s
2141 3302 2282 3340 mm.
2311 3284 2421 3341 Nos
2457 3293 2661 3351 autem,
2683 3284 2901 3350 fratres,
2926 3290 3225 3345 secundum
3252 3289 3404 3346 lsaac
3431 3291 3671 3361 promis—

2074 3396 2093 3428 ι
2139 3375 2308 3432 sionis
2331 3374 2425 3429 ﬁlii
2444 3376 2657 3431 'sumus.
2683 3373 2789 3432 Sed
2812 3378 3084 3446 quomodo
3104 3387 3234 3438 tunc
3256 3380 3326 3447 is,
3351 3381 3445 3452 qui
3466 3397 3669 3438 secun-

2074 3485 2095 3519 ι
2138 3467 2265 3523 dum
2290 3479 2515 3522 carnem
2541 3474 2702 3521 natus
2738 3466 2932 3533 fuerat,
2950 3469 3381 3539 persequebatur
3417 3487 3542 3527 eum
3565 3474 3674 3543 qui.

2073 3578 2091 3611 σ
2133 3559 2433 3615 secundum
2453 3559 2722 3631 spiritum,
2740 3560 2813 3615 ita
2834 3569 2887 3615 et
2902 3576 3066 3617 nunc.
3096 3560 3202 3619 Sed
3218 3563 3348 3633 quid
3363 3564 3495 3626 dicit
3512 3563 3671 3631 Scri-

2074 3668 2093 3702 ι
2129 3650 2325 3722 ptura?
2356 3648 2503 3720 Ejlce
2537 3649 2790 3707 ancillam
2840 3659 2896 3706 et
2944 3650 3120 3707 ﬁlium
3167 3651 3304 3723 ejus.
3354 3654 3472 3710 Non
3510 3656 3667 3714 enim

2075 3760 2093 3792 ι
2135 3741 2240 3800 erit
2260 3741 2435 3797 lueres
2457 3740 2599 3796 ﬁlius
2642 3741 2852 3797 ancilla:
2885 3758 3010 3799 cum
3047 3743 3158 3799 ﬁlio
3202 3744 3402 3801 liberas.
3442 3745 3665 3816 Itaque,

2074 3853 2093 3885 ι
2136 3833 2356 3899 fratres,
2384 3849 2493 3888 non
2536 3849 2725 3891 sumus
2772 3834 2983 3892 ancilla:
3008 3836 3132 3905 ﬁlii,
3176 3837 3274 3895 sed
3319 3838 3527 3908 liberae,
3555 3855 3671 3911 qua

2074 3944 2093 3977 ι
2138 3925 2393 3980 libertate
2418 3923 2673 3982 Christus
2700 3941 2801 3982 nos
2839 3926 3113 3990 liberavit.
3153 3949 3175 3984 ι

2138 4016 2409 4089 Scriptum
2428 4028 2525 4085 est,
2542 4019 2796 4090 quoniam
2827 4017 3097 4074 Abraham
3123 4020 3259 4077 duos
3284 4021 3427 4092 ﬁlios
3451 4021 3675 4092 habuit,

2066 4126 2230 4165 imum
2254 4109 2318 4164 de
2348 4109 2543 4165 ancilla
2572 4119 2619 4165 et
2636 4127 2800 4165 unum
2813 4110 2879 4166 de
2901 4110 3086 4167 libera.
3116 4113 3216 4186 (Ex
3238 4113 3670 4187 Aug.)Uterque

2065 4201 2280 4273 quidem
2294 4200 2360 4258 de
2374 4199 2847 4264 semiueAbrahae.
2860 4202 2964 4260 Sed
2978 4203 3126 4261 illum
3145 4220 3315 4276 genus
3326 4206 3670 4264 demonstrat

378 4292 688 4349 hominibus
713 4311 727 4347 :
751 4301 844 4348 aut
879 4294 1096 4365 jubebit
1124 4310 1248 4350 eam
1293 4295 1514 4362 dimitti,
1564 4303 1620 4350 et
1661 4296 1965 4353 tenebimus
2066 4298 2398 4354 consuetudo
2422 4306 2657 4365 naturae,
2678 4298 2843 4355 istum
2862 4315 2990 4356 vero
3004 4300 3671 4376 deditpromissio,signi—

380 4384 848 4489 praevaricatorem
871 4384 1027 4489 leg-is.
1056 4385 1349 4489 Quidergo
1377 4386 1654 4457 respondit
1680 4385 1975 4447 Dominus?
1987 4426 2045 4489 Β
2067 4390 2238 4446 ﬁeans
2284 4390 2516 4461 gratiam
2537 4432 2553 4456 ,
2597 4391 2673 4447 ibi
2707 4391 2978 4447 humanus
3010 4408 3142 4448 usus
3186 4393 3522 4462 ostenditur,
3569 4394 3675 4452 hic

372 4475 536 4545 jussit
574 4473 814 4546 lapidare
853 4476 1041 4532 dicens
1067 4494 1079 4530 :
1107 4475 1211 4543 Qui
1230 4476 1343 4531 sine
1365 4486 1577 4546 peccato
1606 4485 1682 4530 est
1712 4486 1960 4543 vestrum,

324 4584 325 4587 η
376 4566 577 4635 primus
604 4567 658 4622 in
684 4566 834 4621 illam
862 4567 1089 4638 lapidem
1112 4568 1303 4622 mittat.
1334 4567 1492 4623 Tales
1514 4567 1659 4622 enim
1683 4568 1963 4626 ministros

378 4658 466 4715 lex
493 4659 695 4721 habere
728 4658 917 4726 voluit,
945 4659 1041 4730 qui
1065 4660 1279 4728 priores
1303 4660 1540 4715 vitarent
1592 4660 1738 4729 quod
1764 4661 1818 4716 in
1841 4661 1962 4718 aliis

378 4751 690 4820 culpabant.
731 4752 871 4821 Quid
912 4763 996 4809 est
1032 4771 1045 4807 :
1081 4751 1365 4809 Inclinavit
1408 4770 1464 4809 se
1507 4750 1555 4807 et
1602 4753 1858 4811 scribebat
1908 4756 1965 4812 in

375 4844 559 4902 terra.“
588 4844 877 4901 Descendit
905 4847 973 4902 ad
995 4861 1095 4900 nos
1120 4845 1379 4923 maiestas
1405 4854 1626 4909 aeterna,
1655 4855 1711 4901 et
1741 4846 1964 4903 indutus

375 4949 543 4992 carne
568 4937 786 4993 mortali
835 4937 1116 4994 descendit
1148 4937 1216 4992 ad
1258 4936 1419 4997 istam
1450 4936 1847 4993 habitationem
1871 4956 1964 4995 no-

375 5037 571 5093 stram,
594 5029 686 5084 ubi
719 5029 1021 5091 mortaliter
1047 5028 1382 5094 vivimus,.et
1404 5028 1577 5099 digito
1597 5030 1870 5087 scribebat
1902 5032 1957 5087 in

377 5129 545 5175 terra.
570 5117 821 5177 Scribere
843 5121 989 5176 enim
1012 5119 1233 5192 signum
1247 5117 1428 5174 facere
1440 5128 1543 5185 est,
1560 5119 1756 5177 litterae
1778 5132 1960 5179 autem

376 5209 531 5283 signa
572 5219 699 5266 sunt
742 5225 958 5275 vocum,
995 5209 1215 5283 quando
1264 5210 1408 5264 enim
1452 5210 1596 5278 dico,
1632 5211 1795 5280 Deus,
1843 5214 1960 5271 istm

376 5298 751 5375 doze'syllabre
799 5310 854 5358 et
900 5308 1134 5372 quatuor
1166 5299 1361 5357 litterae
1389 5301 1542 5374 signa
1583 5313 1711 5360 sunt
1750 5322 1960 5378 magna:

379 5395 476 5462 rei,
499 5410 621 5467 qua:
651 5395 851 5457 dicitur
874 5392 1041 5456 Deus,
1067 5406 1236 5460 quam
1262 5393 1487 5450 audiens
1517 5396 1696 5453 omnis
1725 5397 1962 5454 humana

378 5489 736 5554 conscientia,
776 5481 1170 5541 contremiscit.
1221 5481 1364 5557 Ergo
1399 5489 1669 5545 scribebat
1696 5493 1748 5546 in
1793 5500 1961 5555 terra,

380 5581 507 5650 quid
538 5590 622 5636 est
657 5578 821 5641 aliud,
857 5576 960 5630 nisi
1008 5574 1161 5644 signa
1191 5576 1423 5633 faciebat
1455 5580 1506 5634 in
1558 5591 1722 5638 terra.
1767 5584 1958 5638 Totum

379 5672 641 5750 quidquid
670 5669 757 5725 hic
800 5666 925 5721 fecit
956 5665 1234 5731 Dominus,
1274 5670 1318 5726 si
1346 5680 1613 5727 mortuum
1652 5674 1959 5741 suscitavit,

2073 4481 2315 4537 divinum
2332 4481 2661 4539 beneﬁcium
2676 4483 3107 4540 eomrnendatur.

2143 4573 2350 4643 Sed‘qui
2360 4574 2427 4628 de
2442 4573 2659 4640 ancilla,
2675 4574 2961 4629 secundum
2974 4590 3185 4628 carnem
3199 4576 3558 4645 natmestgui
3572 4593 3671 4632 ως

2070 4675 2175 4723 tem
2193 4665 2257 4720 de
2271 4664 2460 4731 libera,
2476 4683 2570 4737 per
2591 4666 3063 4739 “promissionem.
3083 4665 3182 4736 (Ex
3196 4665 3454 4739 Primae.)
3467 4667 3675 4724 lsmael

2070 4757 2249 4814 carnis
2263 4756 2426 4823 ﬁlius,
2441 4756 2593 4813 lsaac
2602 4756 2724 4812 ﬁdei
2740 4755 2861 4812 fuit.
2879 4755 3029 4811 illum
3042 4756 3187 4811 enim
3201 4756 3475 4812 Abraham
3488 4773 3553 4814 ex
3570 4775 3668 4814 an-

2069 4849 2231 4915 cilla,
2275 4849 2575 4907 secundum
2613 4848 2895 4904 carnalem
2932 4850 3377 4906 cornsuetndinem
3425 4851 3655 4921 genuit;

2073 4939 2239 4995 istum
2273 4948 2462 4997 contra
2487 4946 2761 5006 naturam,
2798 4940 3209 5011 repromissioni
3249 4940 3543 5007 credendo,
3568 4957 3667 4998 su-

2076 5031 2266 5105 scepit.
2664 5073 2675 5087 .

2145 5122 2277 5191 ρυω
2305 5133 2425 5179 sunt
2449 5139 2543 5195 per
2564 5121 2871 5194 allegoriam
2900 5121 3064 5177 dicta.
3096 5120 3212 5178 Hoc
3250 5129 3358 5189 est,
3394 5120 3549 5178 aliud
3587 5136 3660 5178 ex

2072 5214 2178 5270 alio
2203 5213 2512 5285 ﬁguratum.
2557 5214 2714 5268 Dedit
2751 5212 2997 5283 regulam
3033 5212 3347 5284 Apostolus,
3383 5212 3661 5285 quomodo

2072 5305 2427 5376 allegorizare
2446 5304 2758 5369 debeamus,
2801 5303 3033 5370 scilicet,
3064 5311 3124 5359 ut
3140 5312 3394 5362 manente
3416 5304 3658 5360 historiae

2070 5401 2320 5464 veritate,
2366 5397 2569 5468 ﬁguras
2600 5394 2986 5467 intelligamus.
3032 5395 3167 5453 Nam
3213 5413 3339 5454 eum
3389 5396 3618 5453 dixisset

2068 5490 2343 5546 Abraham
2390 5500 2525 5541 vere
2572 5486 2715 5541 duas
2756 5502 2957 5541 uxores
2993 5486 3269 5555 habuisse,
3307 5497 3494 5560 postea
3526 5488 3661 5557 quid

2071 5584 2154 5636 lue
2186 5584 2313 5651 ipsm
2337 5577 2749 5649 prseﬁgurarent
2785 5579 3010 5649 mystica
3054 5580 3262 5635 ratione
3288 5579 3614 5649 signiﬁcavit
3638 5619 3652 5644 ,

2073 5675 2106 5729 ιι
2132 5671 2519 5729 υςρθιιιῑίιὶιιῡδ
2551 5669 2694 5736 facit,
2745 5672 2835 5742 qui
2883 5681 3053 5729 totum
3095 5675 3385 5731 secundum
3415 5673 3650 5729 litteram
