  <div class='ocr_page' id='page_1' title='image "/cluster/home/n/w/nwhite01/storage/ocr_20150623/102/umn.31951002477395f/083.png"; bbox 0 0 3946 6450; ppageno 0'>
   <div class='ocr_carea' id='block_1_1' title="bbox 373 207 471 275">
    <p class='ocr_par' dir='ltr' id='par_1_1' title="bbox 373 207 471 275">
     <span class='ocr_line' id='line_1_1' title="bbox 373 207 471 275; baseline -0.02 -9"><span class='ocrx_word' id='word_1_1' title='bbox 373 207 471 275; x_wconf 75' lang='grc'><strong>151</strong></span> 
     </span>
    </p>
   </div>
   <div class='ocr_carea' id='block_1_2' title="bbox 1659 213 2345 276">
    <p class='ocr_par' dir='ltr' id='par_1_2' title="bbox 1659 213 2345 276">
     <span class='ocr_line' id='line_1_2' title="bbox 1659 213 2345 276; baseline 0.007 -6"><span class='ocrx_word' id='word_1_2' title='bbox 1659 213 2012 270; x_wconf 73' lang='lat' dir='ltr'><strong>SMARAGDI</strong></span> <span class='ocrx_word' id='word_1_3' title='bbox 2052 217 2092 270; x_wconf 78' lang='grc' dir='ltr'>Α</span> <span class='ocrx_word' id='word_1_4' title='bbox 2102 218 2345 276; x_wconf 67' lang='grc' dir='ltr'><strong>ΒΒᾹΤΙΞ</strong></span> 
     </span>
    </p>
   </div>
   <div class='ocr_carea' id='block_1_3' title="bbox 3529 227 3636 284">
    <p class='ocr_par' dir='ltr' id='par_1_3' title="bbox 3529 227 3636 284">
     <span class='ocr_line' id='line_1_3' title="bbox 3529 227 3636 284; baseline -0.028 0"><span class='ocrx_word' id='word_1_5' title='bbox 3529 227 3636 284; x_wconf 65' lang='grc'><strong>153</strong></span> 
     </span>
    </p>
   </div>
   <div class='ocr_carea' id='block_1_4' title="bbox 370 309 3635 410">
    <p class='ocr_par' dir='ltr' id='par_1_4' title="bbox 370 309 3635 410">
     <span class='ocr_line' id='line_1_4' title="bbox 370 309 3635 410; baseline 0.002 -23"><span class='ocrx_word' id='word_1_6' title='bbox 370 331 502 388; x_wconf 91' lang='lat' dir='ltr'><strong>dicit</strong></span> <span class='ocrx_word' id='word_1_7' title='bbox 528 349 539 384; x_wconf 91' lang='lat'><strong>:</strong></span> <span class='ocrx_word' id='word_1_8' title='bbox 571 331 800 402; x_wconf 78' lang='lat' dir='ltr'><strong>Sanguis</strong></span> <span class='ocrx_word' id='word_1_9' title='bbox 835 333 951 402; x_wconf 83' lang='lat' dir='ltr'><strong>ejus</strong></span> <span class='ocrx_word' id='word_1_10' title='bbox 1001 346 1155 401; x_wconf 67' lang='lat' dir='ltr'><strong>super</strong></span> <span class='ocrx_word' id='word_1_11' title='bbox 1191 309 1283 384; x_wconf 84' lang='lat' dir='ltr'><strong>nos</strong></span> <span class='ocrx_word' id='word_1_12' title='bbox 1327 340 1373 385; x_wconf 86' lang='lat' dir='ltr'><strong>ct</strong></span> <span class='ocrx_word' id='word_1_13' title='bbox 1401 347 1554 401; x_wconf 81' lang='lat' dir='ltr'><strong><em>super</em></strong></span> <span class='ocrx_word' id='word_1_14' title='bbox 1577 331 1717 399; x_wconf 81' lang='lat' dir='ltr'><strong>ﬁlios</strong></span> <span class='ocrx_word' id='word_1_15' title='bbox 1743 341 1946 384; x_wconf 86' lang='lat' dir='ltr'><strong>nostros</strong></span> <span class='ocrx_word' id='word_1_16' title='bbox 1975 334 2026 391; x_wconf 83' lang='lat' dir='ltr'><strong>A</strong></span> <span class='ocrx_word' id='word_1_17' title='bbox 2052 333 2238 399; x_wconf 87' lang='lat' dir='ltr'><strong>mittit,</strong></span> <span class='ocrx_word' id='word_1_18' title='bbox 2265 350 2384 407; x_wconf 76' lang='lat' dir='ltr'><strong>qua:</strong></span> <span class='ocrx_word' id='word_1_19' title='bbox 2413 336 2480 390; x_wconf 89' lang='lat' dir='ltr'><strong>ad</strong></span> <span class='ocrx_word' id='word_1_20' title='bbox 2505 336 2759 405; x_wconf 86' lang='lat' dir='ltr'><strong>perennis</strong></span> <span class='ocrx_word' id='word_1_21' title='bbox 2789 337 2912 392; x_wconf 65' lang='lat' dir='ltr'><strong>vitae</strong></span> <span class='ocrx_word' id='word_1_22' title='bbox 2939 337 3206 394; x_wconf 89' lang='lat' dir='ltr'><strong>desideria</strong></span> <span class='ocrx_word' id='word_1_23' title='bbox 3231 353 3337 394; x_wconf 89' lang='lat' dir='ltr'><strong>non</strong></span> <span class='ocrx_word' id='word_1_24' title='bbox 3363 339 3635 410; x_wconf 86' lang='lat' dir='ltr'><strong>permittit</strong></span> 
     </span>
    </p>
   </div>
   <div class='ocr_carea' id='block_1_5' title="bbox 371 419 1948 496">
    <p class='ocr_par' dir='ltr' id='par_1_5' title="bbox 371 419 1948 496">
     <span class='ocr_line' id='line_1_5' title="bbox 371 419 1948 496; baseline -0.002 -19"><span class='ocrx_word' id='word_1_25' title='bbox 371 422 589 496; x_wconf 76' lang='lat' dir='ltr'><strong>(Matth.</strong></span> <span class='ocrx_word' id='word_1_26' title='bbox 622 423 814 493; x_wconf 78' lang='lat' dir='ltr'><strong>xxvii).</strong></span> <span class='ocrx_word' id='word_1_27' title='bbox 869 421 1021 489; x_wconf 98' lang='lat' dir='ltr'><strong>Quod</strong></span> <span class='ocrx_word' id='word_1_28' title='bbox 1053 437 1182 476; x_wconf 90' lang='lat' dir='ltr'><strong>vero</strong></span> <span class='ocrx_word' id='word_1_29' title='bbox 1212 430 1361 478; x_wconf 89' lang='lat' dir='ltr'><strong>errat</strong></span> <span class='ocrx_word' id='word_1_30' title='bbox 1384 420 1530 490; x_wconf 79' lang='lat' dir='ltr'><strong>Agar</strong></span> <span class='ocrx_word' id='word_1_31' title='bbox 1567 420 1629 474; x_wconf 76' lang='lat' dir='ltr'><strong>in</strong></span> <span class='ocrx_word' id='word_1_32' title='bbox 1657 419 1948 475; x_wconf 70' lang='lat' dir='ltr'><strong>solitudine</strong></span> 
     </span>
    </p>
   </div>
   <div class='ocr_carea' id='block_1_6' title="bbox 370 511 1948 585">
    <p class='ocr_par' dir='ltr' id='par_1_6' title="bbox 370 511 1948 585">
     <span class='ocr_line' id='line_1_6' title="bbox 370 511 1948 585; baseline -0.003 -15"><span class='ocrx_word' id='word_1_33' title='bbox 370 531 493 570; x_wconf 89' lang='lat' dir='ltr'><strong>cum</strong></span> <span class='ocrx_word' id='word_1_34' title='bbox 523 513 633 576; x_wconf 84' lang='lat' dir='ltr'><strong>ﬁlio</strong></span> <span class='ocrx_word' id='word_1_35' title='bbox 662 529 782 580; x_wconf 92' lang='lat' dir='ltr'><strong>suo,</strong></span> <span class='ocrx_word' id='word_1_36' title='bbox 810 511 1082 584; x_wconf 89' lang='lat' dir='ltr'><strong>signiﬁcat</strong></span> <span class='ocrx_word' id='word_1_37' title='bbox 1104 513 1444 585; x_wconf 79' lang='lat' dir='ltr'><strong>Synagogam</strong></span> <span class='ocrx_word' id='word_1_38' title='bbox 1472 528 1592 567; x_wconf 85' lang='lat' dir='ltr'><strong>cum</strong></span> <span class='ocrx_word' id='word_1_39' title='bbox 1623 512 1822 583; x_wconf 76' lang='lat' dir='ltr'><strong>[mpulo</strong></span> <span class='ocrx_word' id='word_1_40' title='bbox 1850 527 1948 567; x_wconf 91' lang='lat' dir='ltr'><strong>suo</strong></span> 
     </span>
    </p>
   </div>
   <div class='ocr_carea' id='block_1_7' title="bbox 368 603 1948 676">
    <p class='ocr_par' dir='ltr' id='par_1_7' title="bbox 368 603 1948 676">
     <span class='ocr_line' id='line_1_7' title="bbox 368 603 1948 676; baseline -0.002 -15"><span class='ocrx_word' id='word_1_41' title='bbox 368 605 645 676; x_wconf 78' lang='lat' dir='ltr'><strong>expulsam</strong></span> <span class='ocrx_word' id='word_1_42' title='bbox 680 605 747 660; x_wconf 92' lang='lat' dir='ltr'><strong>de</strong></span> <span class='ocrx_word' id='word_1_43' title='bbox 786 612 931 659; x_wconf 89' lang='lat' dir='ltr'><strong>terra</strong></span> <span class='ocrx_word' id='word_1_44' title='bbox 966 619 1086 670; x_wconf 90' lang='lat' dir='ltr'><strong>sua,</strong></span> <span class='ocrx_word' id='word_1_45' title='bbox 1117 604 1235 660; x_wconf 86' lang='lat' dir='ltr'><strong>sine</strong></span> <span class='ocrx_word' id='word_1_46' title='bbox 1259 603 1562 660; x_wconf 84' lang='lat' dir='ltr'><strong>sacerdotio</strong></span> <span class='ocrx_word' id='word_1_47' title='bbox 1595 613 1651 658; x_wconf 91' lang='lat' dir='ltr'><strong>ct</strong></span> <span class='ocrx_word' id='word_1_48' title='bbox 1679 603 1948 658; x_wconf 94' lang='lat' dir='ltr'><strong>sacriﬁcio</strong></span> 
     </span>
    </p>
   </div>
   <div class='ocr_carea' id='block_1_8' title="bbox 369 693 1944 766">
    <p class='ocr_par' dir='ltr' id='par_1_8' title="bbox 369 693 1944 766">
     <span class='ocr_line' id='line_1_8' title="bbox 369 693 1944 766; baseline -0.002 -15"><span class='ocrx_word' id='word_1_49' title='bbox 369 698 421 752; x_wconf 89' lang='lat' dir='ltr'><strong>in</strong></span> <span class='ocrx_word' id='word_1_50' title='bbox 459 706 570 753; x_wconf 90' lang='lat' dir='ltr'><strong>toto</strong></span> <span class='ocrx_word' id='word_1_51' title='bbox 604 696 736 753; x_wconf 93' lang='lat' dir='ltr'><strong>orbe</strong></span> <span class='ocrx_word' id='word_1_52' title='bbox 774 706 1078 762; x_wconf 89' lang='lat' dir='ltr'><strong>terrarum,</strong></span> <span class='ocrx_word' id='word_1_53' title='bbox 1114 703 1170 750; x_wconf 91' lang='lat' dir='ltr'><strong>et</strong></span> <span class='ocrx_word' id='word_1_54' title='bbox 1204 696 1376 760; x_wconf 89' lang='lat' dir='ltr'><strong>viam,</strong></span> <span class='ocrx_word' id='word_1_55' title='bbox 1403 711 1523 766; x_wconf 67' lang='lat' dir='ltr'><strong>quae</strong></span> <span class='ocrx_word' id='word_1_56' title='bbox 1567 703 1652 750; x_wconf 91' lang='lat' dir='ltr'><strong>est</strong></span> <span class='ocrx_word' id='word_1_57' title='bbox 1675 693 1944 758; x_wconf 88' lang='lat' dir='ltr'><strong>Christus,</strong></span> 
     </span>
    </p>
   </div>
   <div class='ocr_carea' id='block_1_9' title="bbox 367 790 883 860">
    <p class='ocr_par' dir='ltr' id='par_1_9' title="bbox 367 790 883 860">
     <span class='ocr_line' id='line_1_9' title="bbox 367 790 883 860; baseline -0.002 -16"><span class='ocrx_word' id='word_1_58' title='bbox 367 790 580 860; x_wconf 89' lang='lat' dir='ltr'><strong>penitus</strong></span> <span class='ocrx_word' id='word_1_59' title='bbox 608 790 883 860; x_wconf 89' lang='lat' dir='ltr'><strong>ignorare.</strong></span> 
     </span>
    </p>
   </div>
   <div class='ocr_carea' id='block_1_10' title="bbox 436 879 1943 953">
    <p class='ocr_par' dir='ltr' id='par_1_10' title="bbox 436 879 1943 953">
     <span class='ocr_line' id='line_1_10' title="bbox 436 879 1943 953; baseline 0.001 -19"><span class='ocrx_word' id='word_1_60' title='bbox 436 880 645 953; x_wconf 79' lang='lat' dir='ltr'><strong><em>Itaque,</em></strong></span> <span class='ocrx_word' id='word_1_61' title='bbox 668 882 881 952; x_wconf 77' lang='lat' dir='ltr'><strong>fratres,</strong></span> <span class='ocrx_word' id='word_1_62' title='bbox 912 897 1017 937; x_wconf 88' lang='lat' dir='ltr'><strong>non</strong></span> <span class='ocrx_word' id='word_1_63' title='bbox 1039 896 1224 936; x_wconf 87' lang='lat' dir='ltr'><strong>sumus</strong></span> <span class='ocrx_word' id='word_1_64' title='bbox 1251 879 1458 934; x_wconf 79' lang='lat' dir='ltr'><strong>ancilla:</strong></span> <span class='ocrx_word' id='word_1_65' title='bbox 1482 879 1602 948; x_wconf 81' lang='lat' dir='ltr'><strong>ﬁlii,</strong></span> <span class='ocrx_word' id='word_1_66' title='bbox 1630 882 1720 934; x_wconf 91' lang='lat' dir='ltr'><strong>sed</strong></span> <span class='ocrx_word' id='word_1_67' title='bbox 1746 879 1943 945; x_wconf 62' lang='lat' dir='ltr'><strong>libera&#39;,</strong></span> 
     </span>
    </p>
   </div>
   <div class='ocr_carea' id='block_1_11' title="bbox 365 969 1945 1044">
    <p class='ocr_par' dir='ltr' id='par_1_11' title="bbox 365 969 1945 1044">
     <span class='ocr_line' id='line_1_11' title="bbox 365 969 1945 1044; baseline 0 -18"><span class='ocrx_word' id='word_1_68' title='bbox 365 990 469 1044; x_wconf 88' lang='lat' dir='ltr'><strong>qua</strong></span> <span class='ocrx_word' id='word_1_69' title='bbox 499 972 738 1027; x_wconf 71' lang='lat' dir='ltr'><strong>libertate</strong></span> <span class='ocrx_word' id='word_1_70' title='bbox 766 970 1009 1026; x_wconf 76' lang='lat' dir='ltr'><strong>Christus</strong></span> <span class='ocrx_word' id='word_1_71' title='bbox 1040 988 1134 1026; x_wconf 89' lang='lat' dir='ltr'><strong>nos</strong></span> <span class='ocrx_word' id='word_1_72' title='bbox 1169 970 1425 1024; x_wconf 81' lang='lat' dir='ltr'><strong>liberavit.</strong></span> <span class='ocrx_word' id='word_1_73' title='bbox 1469 969 1588 1025; x_wconf 80' lang='lat' dir='ltr'><strong>Non</strong></span> <span class='ocrx_word' id='word_1_74' title='bbox 1623 985 1753 1040; x_wconf 84' lang='lat' dir='ltr'><strong>ergo</strong></span> <span class='ocrx_word' id='word_1_75' title='bbox 1780 972 1945 1026; x_wconf 86' lang='lat' dir='ltr'><strong>debe-</strong></span> 
     </span>
    </p>
   </div>
   <div class='ocr_carea' id='block_1_12' title="bbox 368 1062 1946 1133">
    <p class='ocr_par' dir='ltr' id='par_1_12' title="bbox 368 1062 1946 1133">
     <span class='ocr_line' id='line_1_12' title="bbox 368 1062 1946 1133; baseline -0.001 -14"><span class='ocrx_word' id='word_1_76' title='bbox 368 1081 486 1122; x_wconf 90' lang='lat' dir='ltr'><strong>mus</strong></span> <span class='ocrx_word' id='word_1_77' title='bbox 511 1064 769 1120; x_wconf 89' lang='lat' dir='ltr'><strong>derelicta</strong></span> <span class='ocrx_word' id='word_1_78' title='bbox 798 1073 972 1118; x_wconf 67' lang='lat' dir='ltr'><strong>matre</strong></span> <span class='ocrx_word' id='word_1_79' title='bbox 1004 1072 1190 1118; x_wconf 88' lang='lat' dir='ltr'><strong>nostra</strong></span> <span class='ocrx_word' id='word_1_80' title='bbox 1228 1062 1478 1116; x_wconf 85' lang='lat' dir='ltr'><strong>ancillam</strong></span> <span class='ocrx_word' id='word_1_81' title='bbox 1510 1063 1680 1133; x_wconf 89' lang='lat' dir='ltr'><strong>sequi.</strong></span> <span class='ocrx_word' id='word_1_82' title='bbox 1713 1063 1849 1131; x_wconf 85' lang='lat' dir='ltr'><strong>Quia</strong></span> <span class='ocrx_word' id='word_1_83' title='bbox 1884 1064 1946 1118; x_wconf 90' lang='lat' dir='ltr'><strong>li-</strong></span> 
     </span>
    </p>
   </div>
   <div class='ocr_carea' id='block_1_13' title="bbox 365 1155 1945 1228">
    <p class='ocr_par' dir='ltr' id='par_1_13' title="bbox 365 1155 1945 1228">
     <span class='ocr_line' id='line_1_13' title="bbox 365 1155 1945 1228; baseline 0.001 -18"><span class='ocrx_word' id='word_1_84' title='bbox 365 1165 453 1210; x_wconf 85' lang='lat' dir='ltr'><strong><em>cet</em></strong></span> <span class='ocrx_word' id='word_1_85' title='bbox 481 1155 718 1228; x_wconf 74' lang='lat' dir='ltr'><strong>ejusdem</strong></span> <span class='ocrx_word' id='word_1_86' title='bbox 749 1156 850 1210; x_wconf 89' lang='lat' dir='ltr'><strong>viri</strong></span> <span class='ocrx_word' id='word_1_87' title='bbox 877 1155 1040 1211; x_wconf 88' lang='lat' dir='ltr'><strong>fuerit</strong></span> <span class='ocrx_word' id='word_1_88' title='bbox 1067 1172 1220 1221; x_wconf 80' lang='lat' dir='ltr'><strong>uxor,</strong></span> <span class='ocrx_word' id='word_1_89' title='bbox 1249 1164 1430 1210; x_wconf 89' lang='lat' dir='ltr'><strong>tamen</strong></span> <span class='ocrx_word' id='word_1_90' title='bbox 1457 1156 1525 1210; x_wconf 91' lang='lat' dir='ltr'><strong>ad</strong></span> <span class='ocrx_word' id='word_1_91' title='bbox 1560 1165 1792 1228; x_wconf 81' lang='lat' dir='ltr'><strong>tempus,</strong></span> <span class='ocrx_word' id='word_1_92' title='bbox 1818 1159 1945 1228; x_wconf 85' lang='lat' dir='ltr'><strong>quia</strong></span> 
     </span>
    </p>
   </div>
   <div class='ocr_carea' id='block_1_14' title="bbox 367 1245 1945 1323">
    <p class='ocr_par' dir='ltr' id='par_1_14' title="bbox 367 1245 1945 1323">
     <span class='ocr_line' id='line_1_14' title="bbox 367 1245 1945 1323; baseline 0.001 -23"><span class='ocrx_word' id='word_1_93' title='bbox 367 1246 604 1305; x_wconf 88' lang='lat' dir='ltr'><strong>nondum</strong></span> <span class='ocrx_word' id='word_1_94' title='bbox 673 1254 884 1317; x_wconf 85' lang='lat' dir='ltr'><strong>poterat</strong></span> <span class='ocrx_word' id='word_1_95' title='bbox 929 1245 1065 1300; x_wconf 88' lang='lat' dir='ltr'><strong>Sara</strong></span> <span class='ocrx_word' id='word_1_96' title='bbox 1127 1261 1404 1315; x_wconf 87' lang='lat' dir='ltr'><strong>generare,</strong></span> <span class='ocrx_word' id='word_1_97' title='bbox 1455 1245 1511 1301; x_wconf 90' lang='lat' dir='ltr'><strong>id</strong></span> <span class='ocrx_word' id='word_1_98' title='bbox 1557 1257 1659 1312; x_wconf 90' lang='lat' dir='ltr'><strong>est,</strong></span> <span class='ocrx_word' id='word_1_99' title='bbox 1707 1247 1945 1323; x_wconf 88' lang='lat' dir='ltr'><strong>nondum</strong></span> 
     </span>
    </p>
   </div>
   <div class='ocr_carea' id='block_1_15' title="bbox 367 1337 1701 1408">
    <p class='ocr_par' dir='ltr' id='par_1_15' title="bbox 367 1337 1701 1408">
     <span class='ocr_line' id='line_1_15' title="bbox 367 1337 1701 1408; baseline 0.002 -17"><span class='ocrx_word' id='word_1_100' title='bbox 367 1337 544 1394; x_wconf 83' lang='lat' dir='ltr'><strong>fuerat</strong></span> <span class='ocrx_word' id='word_1_101' title='bbox 569 1337 810 1393; x_wconf 80' lang='lat' dir='ltr'><strong>Ecclesia</strong></span> <span class='ocrx_word' id='word_1_102' title='bbox 841 1339 1132 1393; x_wconf 89' lang='lat' dir='ltr'><strong>maritante</strong></span> <span class='ocrx_word' id='word_1_103' title='bbox 1153 1339 1358 1408; x_wconf 81' lang='lat' dir='ltr'><strong>Spiritu</strong></span> <span class='ocrx_word' id='word_1_104' title='bbox 1392 1338 1701 1395; x_wconf 88' lang='lat' dir='ltr'><strong>fecundata.</strong></span> 
     </span>
    </p>
   </div>
   <div class='ocr_carea' id='block_1_16' title="bbox 719 1443 1586 1492">
    <p class='ocr_par' dir='ltr' id='par_1_16' title="bbox 719 1443 1586 1492">
     <span class='ocr_line' id='line_1_16' title="bbox 719 1443 1586 1492; baseline 0.002 -10"><span class='ocrx_word' id='word_1_105' title='bbox 719 1443 1058 1484; x_wconf 67' lang='lat' dir='ltr'><strong>EVANGELIUI</strong></span> <span class='ocrx_word' id='word_1_106' title='bbox 1093 1444 1326 1492; x_wconf 70' lang='lat' dir='ltr'><strong>IOANNIS,</strong></span> <span class='ocrx_word' id='word_1_107' title='bbox 1364 1445 1484 1485; x_wconf 70' lang='lat' dir='ltr'><strong>CAP.</strong></span> <span class='ocrx_word' id='word_1_108' title='bbox 1512 1446 1586 1484; x_wconf 77' lang='lat' dir='ltr'><strong>Vl.</strong></span> 
     </span>
    </p>
   </div>
   <div class='ocr_carea' id='block_1_17' title="bbox 445 1518 1947 1594">
    <p class='ocr_par' dir='ltr' id='par_1_17' title="bbox 445 1518 1947 1594">
     <span class='ocr_line' id='line_1_17' title="bbox 445 1518 1947 1594; baseline 0.005 -22"><span class='ocrx_word' id='word_1_109' title='bbox 445 1541 462 1572; x_wconf 72' lang='grc' dir='ltr'>ι</span> <span class='ocrx_word' id='word_1_110' title='bbox 508 1518 656 1574; x_wconf 85' lang='lat' dir='ltr'><strong>Abiit</strong></span> <span class='ocrx_word' id='word_1_111' title='bbox 677 1518 835 1576; x_wconf 87' lang='lat' dir='ltr'><strong>Iesus</strong></span> <span class='ocrx_word' id='word_1_112' title='bbox 866 1529 1017 1576; x_wconf 89' lang='lat' dir='ltr'><strong>trans</strong></span> <span class='ocrx_word' id='word_1_113' title='bbox 1053 1536 1202 1575; x_wconf 87' lang='lat' dir='ltr'><strong>mare</strong></span> <span class='ocrx_word' id='word_1_114' title='bbox 1230 1520 1484 1586; x_wconf 67' lang='lat' dir='ltr'><strong>Galilzeze,</strong></span> <span class='ocrx_word' id='word_1_115' title='bbox 1514 1522 1659 1594; x_wconf 92' lang='lat' dir='ltr'><strong>quod</strong></span> <span class='ocrx_word' id='word_1_116' title='bbox 1683 1532 1768 1579; x_wconf 90' lang='lat' dir='ltr'><strong>est</strong></span> <span class='ocrx_word' id='word_1_117' title='bbox 1789 1524 1947 1580; x_wconf 75' lang='lat' dir='ltr'><strong>Tibe—</strong></span> 
     </span>
    </p>
   </div>
   <div class='ocr_carea' id='block_1_18' title="bbox 371 1612 1946 1688">
    <p class='ocr_par' dir='ltr' id='par_1_18' title="bbox 371 1612 1946 1688">
     <span class='ocr_line' id='line_1_18' title="bbox 371 1612 1946 1688; baseline 0.006 -25"><span class='ocrx_word' id='word_1_118' title='bbox 371 1633 388 1663; x_wconf 77' lang='grc' dir='ltr'>ι</span> <span class='ocrx_word' id='word_1_119' title='bbox 436 1613 620 1670; x_wconf 87' lang='lat' dir='ltr'><strong>riadis.</strong></span> <span class='ocrx_word' id='word_1_120' title='bbox 651 1612 718 1669; x_wconf 91' lang='lat' dir='ltr'><strong>Et</strong></span> <span class='ocrx_word' id='word_1_121' title='bbox 744 1613 1068 1684; x_wconf 85' lang='lat' dir='ltr'><strong>sequebatur</strong></span> <span class='ocrx_word' id='word_1_122' title='bbox 1094 1629 1218 1669; x_wconf 89' lang='lat' dir='ltr'><strong>eum</strong></span> <span class='ocrx_word' id='word_1_123' title='bbox 1254 1614 1541 1671; x_wconf 87' lang='lat' dir='ltr'><strong>multitudo</strong></span> <span class='ocrx_word' id='word_1_124' title='bbox 1575 1631 1790 1688; x_wconf 77' lang='lat' dir='ltr'><strong>magna,</strong></span> <span class='ocrx_word' id='word_1_125' title='bbox 1819 1619 1946 1687; x_wconf 87' lang='lat' dir='ltr'><strong>quia</strong></span> 
     </span>
    </p>
   </div>
   <div class='ocr_carea' id='block_1_19' title="bbox 370 1680 2022 1778">
    <p class='ocr_par' dir='ltr' id='par_1_19' title="bbox 370 1680 2022 1778">
     <span class='ocr_line' id='line_1_19' title="bbox 370 1680 2022 1778; baseline 0.004 -20"><span class='ocrx_word' id='word_1_126' title='bbox 370 1726 388 1758; x_wconf 72' lang='grc' dir='ltr'>α</span> <span class='ocrx_word' id='word_1_127' title='bbox 434 1707 690 1762; x_wconf 90' lang='lat' dir='ltr'><strong>videbant</strong></span> <span class='ocrx_word' id='word_1_128' title='bbox 737 1680 888 1777; x_wconf 75' lang='lat' dir='ltr'><strong>signa</strong></span> <span class='ocrx_word' id='word_1_129' title='bbox 918 1721 1038 1776; x_wconf 74' lang='lat' dir='ltr'><strong>qua:</strong></span> <span class='ocrx_word' id='word_1_130' title='bbox 1075 1704 1308 1768; x_wconf 81' lang='lat' dir='ltr'><strong>faciebat</strong></span> <span class='ocrx_word' id='word_1_131' title='bbox 1346 1723 1508 1778; x_wconf 89' lang='lat' dir='ltr'><strong>super</strong></span> <span class='ocrx_word' id='word_1_132' title='bbox 1548 1707 1634 1764; x_wconf 91' lang='lat' dir='ltr'><strong>his</strong></span> <span class='ocrx_word' id='word_1_133' title='bbox 1667 1680 1948 1778; x_wconf 31' lang='lat' dir='ltr'><strong>qui&#39;inﬁrv</strong></span> <span class='ocrx_word' id='word_1_134' title='bbox 1975 1680 2022 1738; x_wconf 81' lang='grc' dir='ltr'><strong>Β</strong></span> 
     </span>
    </p>
   </div>
   <div class='ocr_carea' id='block_1_20' title="bbox 301 1796 1947 1868">
    <p class='ocr_par' dir='ltr' id='par_1_20' title="bbox 301 1796 1947 1868">
     <span class='ocr_line' id='line_1_20' title="bbox 301 1796 1947 1868; baseline 0.004 -20"><span class='ocrx_word' id='word_1_135' title='bbox 301 1804 314 1816; x_wconf 84' lang='grc'><strong>⁹</strong></span> <span class='ocrx_word' id='word_1_136' title='bbox 370 1819 386 1848; x_wconf 84' lang='grc'><strong><em>‹</em></strong></span> <span class='ocrx_word' id='word_1_137' title='bbox 436 1797 740 1852; x_wconf 89' lang='lat' dir='ltr'><strong>mabantur.</strong></span> <span class='ocrx_word' id='word_1_138' title='bbox 791 1796 969 1851; x_wconf 86' lang='lat' dir='ltr'><strong>Subiit</strong></span> <span class='ocrx_word' id='word_1_139' title='bbox 1014 1811 1144 1868; x_wconf 87' lang='lat' dir='ltr'><strong>ergo</strong></span> <span class='ocrx_word' id='word_1_140' title='bbox 1187 1797 1240 1852; x_wconf 91' lang='lat' dir='ltr'><strong>in</strong></span> <span class='ocrx_word' id='word_1_141' title='bbox 1289 1807 1529 1854; x_wconf 87' lang='lat' dir='ltr'><strong>montem</strong></span> <span class='ocrx_word' id='word_1_142' title='bbox 1561 1798 1739 1866; x_wconf 90' lang='lat' dir='ltr'><strong>Iesus,</strong></span> <span class='ocrx_word' id='word_1_143' title='bbox 1783 1810 1839 1855; x_wconf 90' lang='lat' dir='ltr'><strong>et</strong></span> <span class='ocrx_word' id='word_1_144' title='bbox 1873 1801 1947 1854; x_wconf 89' lang='lat' dir='ltr'><strong>ibi</strong></span> 
     </span>
    </p>
   </div>
   <div class='ocr_carea' id='block_1_21' title="bbox 370 1890 1946 1963">
    <p class='ocr_par' dir='ltr' id='par_1_21' title="bbox 370 1890 1946 1963">
     <span class='ocr_line' id='line_1_21' title="bbox 370 1890 1946 1963; baseline 0.005 -23"><span class='ocrx_word' id='word_1_145' title='bbox 370 1911 386 1940; x_wconf 76' lang='grc' dir='ltr'>ι</span> <span class='ocrx_word' id='word_1_146' title='bbox 433 1890 656 1946; x_wconf 89' lang='lat' dir='ltr'><strong>sedebat</strong></span> <span class='ocrx_word' id='word_1_147' title='bbox 689 1906 813 1945; x_wconf 92' lang='lat' dir='ltr'><strong>cum</strong></span> <span class='ocrx_word' id='word_1_148' title='bbox 855 1890 1135 1960; x_wconf 90' lang='lat' dir='ltr'><strong>discipulis</strong></span> <span class='ocrx_word' id='word_1_149' title='bbox 1183 1891 1492 1946; x_wconf 80' lang='lat' dir='ltr'><strong>suiszErat</strong></span> <span class='ocrx_word' id='word_1_150' title='bbox 1533 1901 1714 1947; x_wconf 89' lang='lat' dir='ltr'><strong>autem</strong></span> <span class='ocrx_word' id='word_1_151' title='bbox 1760 1894 1946 1963; x_wconf 79' lang='lat' dir='ltr'><strong>proxi—</strong></span> 
     </span>
    </p>
   </div>
   <div class='ocr_carea' id='block_1_22' title="bbox 368 1977 1949 2045">
    <p class='ocr_par' dir='ltr' id='par_1_22' title="bbox 368 1977 1949 2045">
     <span class='ocr_line' id='line_1_22' title="bbox 368 1977 1949 2045; baseline 0.008 -19"><span class='ocrx_word' id='word_1_152' title='bbox 368 1997 384 2026; x_wconf 74' lang='grc' dir='ltr'>ι</span> <span class='ocrx_word' id='word_1_153' title='bbox 433 1994 580 2032; x_wconf 88' lang='lat' dir='ltr'><strong>mum</strong></span> <span class='ocrx_word' id='word_1_154' title='bbox 608 1977 850 2045; x_wconf 87' lang='lat' dir='ltr'><strong>Pascha,</strong></span> <span class='ocrx_word' id='word_1_155' title='bbox 894 1979 1010 2033; x_wconf 93' lang='lat' dir='ltr'><strong>dies</strong></span> <span class='ocrx_word' id='word_1_156' title='bbox 1054 1978 1225 2034; x_wconf 85' lang='lat' dir='ltr'><strong>festus</strong></span> <span class='ocrx_word' id='word_1_157' title='bbox 1249 1977 1576 2037; x_wconf 69' lang='lat' dir='ltr'><strong>Iudreorum.</strong></span> <span class='ocrx_word' id='word_1_158' title='bbox 1601 1981 1735 2038; x_wconf 90' lang='lat' dir='ltr'><strong>Cum</strong></span> <span class='ocrx_word' id='word_1_159' title='bbox 1771 1983 1949 2040; x_wconf 89' lang='lat' dir='ltr'><strong>suble-</strong></span> 
     </span>
    </p>
   </div>
   <div class='ocr_carea' id='block_1_23' title="bbox 368 2071 1947 2146">
    <p class='ocr_par' dir='ltr' id='par_1_23' title="bbox 368 2071 1947 2146">
     <span class='ocr_line' id='line_1_23' title="bbox 368 2071 1947 2146; baseline 0.005 -21"><span class='ocrx_word' id='word_1_160' title='bbox 368 2091 385 2122; x_wconf 83' lang='grc'>‹</span> <span class='ocrx_word' id='word_1_161' title='bbox 433 2081 614 2128; x_wconf 89' lang='lat' dir='ltr'><strong>vasset</strong></span> <span class='ocrx_word' id='word_1_162' title='bbox 653 2087 782 2143; x_wconf 85' lang='lat' dir='ltr'><strong>ergo</strong></span> <span class='ocrx_word' id='word_1_163' title='bbox 821 2073 1008 2129; x_wconf 88' lang='lat' dir='ltr'><strong>oculos</strong></span> <span class='ocrx_word' id='word_1_164' title='bbox 1034 2071 1214 2140; x_wconf 75' lang='lat' dir='ltr'><strong>Iesus,</strong></span> <span class='ocrx_word' id='word_1_165' title='bbox 1254 2081 1312 2130; x_wconf 89' lang='lat' dir='ltr'><strong>et</strong></span> <span class='ocrx_word' id='word_1_166' title='bbox 1347 2076 1573 2132; x_wconf 83' lang='lat' dir='ltr'><strong>vidisset</strong></span> <span class='ocrx_word' id='word_1_167' title='bbox 1608 2077 1737 2146; x_wconf 87' lang='lat' dir='ltr'><strong>quia</strong></span> <span class='ocrx_word' id='word_1_168' title='bbox 1765 2078 1947 2138; x_wconf 80' lang='lat' dir='ltr'><strong>multi-</strong></span> 
     </span>
    </p>
   </div>
   <div class='ocr_carea' id='block_1_24' title="bbox 369 2162 1940 2237">
    <p class='ocr_par' dir='ltr' id='par_1_24' title="bbox 369 2162 1940 2237">
     <span class='ocr_line' id='line_1_24' title="bbox 369 2162 1940 2237; baseline 0.005 -24"><span class='ocrx_word' id='word_1_169' title='bbox 369 2181 386 2213; x_wconf 72' lang='lat' dir='ltr'><strong>c</strong></span> <span class='ocrx_word' id='word_1_170' title='bbox 433 2162 563 2217; x_wconf 88' lang='lat' dir='ltr'><strong>tudo</strong></span> <span class='ocrx_word' id='word_1_171' title='bbox 603 2162 838 2224; x_wconf 74' lang='lat' dir='ltr'><strong>maxima</strong></span> <span class='ocrx_word' id='word_1_172' title='bbox 865 2163 1016 2218; x_wconf 90' lang='lat' dir='ltr'><strong>venit</strong></span> <span class='ocrx_word' id='word_1_173' title='bbox 1049 2163 1117 2218; x_wconf 92' lang='lat' dir='ltr'><strong>ad</strong></span> <span class='ocrx_word' id='word_1_174' title='bbox 1159 2179 1308 2231; x_wconf 83' lang='lat' dir='ltr'><strong>eum,</strong></span> <span class='ocrx_word' id='word_1_175' title='bbox 1357 2166 1488 2221; x_wconf 88' lang='lat' dir='ltr'><strong>dicit</strong></span> <span class='ocrx_word' id='word_1_176' title='bbox 1513 2165 1580 2220; x_wconf 91' lang='lat' dir='ltr'><strong>ad</strong></span> <span class='ocrx_word' id='word_1_177' title='bbox 1605 2165 1940 2237; x_wconf 86' lang='lat' dir='ltr'><strong>Philippum:</strong></span> 
     </span>
    </p>
   </div>
   <div class='ocr_carea' id='block_1_25' title="bbox 371 2253 1944 2326">
    <p class='ocr_par' dir='ltr' id='par_1_25' title="bbox 371 2253 1944 2326">
     <span class='ocr_line' id='line_1_25' title="bbox 371 2253 1944 2326; baseline 0.002 -15"><span class='ocrx_word' id='word_1_178' title='bbox 371 2274 391 2311; x_wconf 61' lang='grc' dir='ltr'><strong>ς</strong></span> <span class='ocrx_word' id='word_1_179' title='bbox 439 2253 592 2309; x_wconf 91' lang='lat' dir='ltr'><strong>Unde</strong></span> <span class='ocrx_word' id='word_1_180' title='bbox 630 2269 872 2314; x_wconf 85' lang='lat' dir='ltr'><strong>cmemus</strong></span> <span class='ocrx_word' id='word_1_181' title='bbox 905 2271 1091 2326; x_wconf 84' lang='lat' dir='ltr'><strong>panes,</strong></span> <span class='ocrx_word' id='word_1_182' title='bbox 1123 2266 1182 2311; x_wconf 90' lang='lat' dir='ltr'><strong>ut</strong></span> <span class='ocrx_word' id='word_1_183' title='bbox 1222 2258 1549 2317; x_wconf 77' lang='lat' dir='ltr'><strong>manducent</strong></span> <span class='ocrx_word' id='word_1_184' title='bbox 1575 2259 1665 2317; x_wconf 89' lang='lat' dir='ltr'><strong>hi?</strong></span> <span class='ocrx_word' id='word_1_185' title='bbox 1708 2258 1822 2318; x_wconf 79' lang='lat' dir='ltr'><strong>Hoc</strong></span> <span class='ocrx_word' id='word_1_186' title='bbox 1845 2275 1944 2314; x_wconf 90' lang='lat' dir='ltr'><strong>au-</strong></span> 
     </span>
    </p>
   </div>
   <div class='ocr_carea' id='block_1_26' title="bbox 369 2347 1946 2420">
    <p class='ocr_par' dir='ltr' id='par_1_26' title="bbox 369 2347 1946 2420">
     <span class='ocr_line' id='line_1_26' title="bbox 369 2347 1946 2420; baseline 0.005 -22"><span class='ocrx_word' id='word_1_187' title='bbox 369 2367 387 2398; x_wconf 84' lang='grc'><strong><em>‹</em></strong></span> <span class='ocrx_word' id='word_1_188' title='bbox 438 2356 545 2409; x_wconf 87' lang='lat' dir='ltr'><strong>tem</strong></span> <span class='ocrx_word' id='word_1_189' title='bbox 580 2347 798 2409; x_wconf 89' lang='lat' dir='ltr'><strong>dicebat</strong></span> <span class='ocrx_word' id='word_1_190' title='bbox 827 2355 1042 2404; x_wconf 89' lang='lat' dir='ltr'><strong>tentans</strong></span> <span class='ocrx_word' id='word_1_191' title='bbox 1076 2364 1222 2414; x_wconf 90' lang='lat' dir='ltr'><strong>eum,</strong></span> <span class='ocrx_word' id='word_1_192' title='bbox 1262 2350 1377 2420; x_wconf 90' lang='lat' dir='ltr'><strong>ipse</strong></span> <span class='ocrx_word' id='word_1_193' title='bbox 1407 2351 1552 2405; x_wconf 89' lang='lat' dir='ltr'><strong>enim</strong></span> <span class='ocrx_word' id='word_1_194' title='bbox 1582 2351 1789 2406; x_wconf 83' lang='lat' dir='ltr'><strong>sciebat</strong></span> <span class='ocrx_word' id='word_1_195' title='bbox 1817 2351 1946 2420; x_wconf 89' lang='lat' dir='ltr'><strong>quid</strong></span> 
     </span>
    </p>
   </div>
   <div class='ocr_carea' id='block_1_27' title="bbox 368 2443 1946 2516">
    <p class='ocr_par' dir='ltr' id='par_1_27' title="bbox 368 2443 1946 2516">
     <span class='ocr_line' id='line_1_27' title="bbox 368 2443 1946 2516; baseline 0.005 -22"><span class='ocrx_word' id='word_1_196' title='bbox 368 2462 388 2494; x_wconf 79' lang='grc' dir='ltr'>ι</span> <span class='ocrx_word' id='word_1_197' title='bbox 434 2451 578 2502; x_wconf 84' lang='lat' dir='ltr'><strong>esset</strong></span> <span class='ocrx_word' id='word_1_198' title='bbox 609 2443 874 2506; x_wconf 81' lang='lat' dir='ltr'><strong>facturus.</strong></span> <span class='ocrx_word' id='word_1_199' title='bbox 913 2444 1215 2514; x_wconf 81' lang='lat' dir='ltr'><strong>Respondit</strong></span> <span class='ocrx_word' id='word_1_200' title='bbox 1251 2447 1302 2501; x_wconf 90' lang='lat' dir='ltr'><strong>ei</strong></span> <span class='ocrx_word' id='word_1_201' title='bbox 1331 2445 1614 2516; x_wconf 85' lang='lat' dir='ltr'><strong>Philippus</strong></span> <span class='ocrx_word' id='word_1_202' title='bbox 1639 2462 1653 2501; x_wconf 86' lang='lat'><strong>:</strong></span> <span class='ocrx_word' id='word_1_203' title='bbox 1678 2447 1946 2502; x_wconf 85' lang='lat' dir='ltr'><strong>Ducento-</strong></span> 
     </span>
    </p>
   </div>
   <div class='ocr_carea' id='block_1_28' title="bbox 367 2534 1945 2606">
    <p class='ocr_par' dir='ltr' id='par_1_28' title="bbox 367 2534 1945 2606">
     <span class='ocr_line' id='line_1_28' title="bbox 367 2534 1945 2606; baseline 0.004 -20"><span class='ocrx_word' id='word_1_204' title='bbox 367 2553 389 2585; x_wconf 65' lang='grc' dir='ltr'>ς</span> <span class='ocrx_word' id='word_1_205' title='bbox 436 2549 559 2588; x_wconf 91' lang='lat' dir='ltr'><strong>rum</strong></span> <span class='ocrx_word' id='word_1_206' title='bbox 584 2534 930 2590; x_wconf 86' lang='lat' dir='ltr'><strong>denariorum</strong></span> <span class='ocrx_word' id='word_1_207' title='bbox 955 2549 1122 2606; x_wconf 88' lang='lat' dir='ltr'><strong>panes</strong></span> <span class='ocrx_word' id='word_1_208' title='bbox 1147 2551 1252 2590; x_wconf 89' lang='lat' dir='ltr'><strong>non</strong></span> <span class='ocrx_word' id='word_1_209' title='bbox 1277 2535 1551 2592; x_wconf 70' lang='lat' dir='ltr'><strong>sufﬁciunt</strong></span> <span class='ocrx_word' id='word_1_210' title='bbox 1569 2538 1670 2603; x_wconf 91' lang='lat' dir='ltr'><strong>eis,</strong></span> <span class='ocrx_word' id='word_1_211' title='bbox 1695 2545 1756 2591; x_wconf 91' lang='lat' dir='ltr'><strong>ut</strong></span> <span class='ocrx_word' id='word_1_212' title='bbox 1781 2553 1945 2592; x_wconf 87' lang='lat' dir='ltr'><strong>unus-</strong></span> 
     </span>
    </p>
   </div>
   <div class='ocr_carea' id='block_1_29' title="bbox 369 2625 1943 2697">
    <p class='ocr_par' dir='ltr' id='par_1_29' title="bbox 369 2625 1943 2697">
     <span class='ocr_line' id='line_1_29' title="bbox 369 2625 1943 2697; baseline 0.003 -20"><span class='ocrx_word' id='word_1_213' title='bbox 369 2642 391 2677; x_wconf 72' lang='grc' dir='ltr'><strong><em>ι</em></strong></span> <span class='ocrx_word' id='word_1_214' title='bbox 433 2625 662 2695; x_wconf 86' lang='lat' dir='ltr'><strong>quisque</strong></span> <span class='ocrx_word' id='word_1_215' title='bbox 691 2625 966 2683; x_wconf 87' lang='lat' dir='ltr'><strong>modicum</strong></span> <span class='ocrx_word' id='word_1_216' title='bbox 1004 2627 1134 2697; x_wconf 89' lang='lat' dir='ltr'><strong>quid</strong></span> <span class='ocrx_word' id='word_1_217' title='bbox 1160 2627 1412 2696; x_wconf 87' lang='lat' dir='ltr'><strong>accipiat.</strong></span> <span class='ocrx_word' id='word_1_218' title='bbox 1448 2627 1590 2683; x_wconf 89' lang='lat' dir='ltr'><strong>Dicit</strong></span> <span class='ocrx_word' id='word_1_219' title='bbox 1622 2628 1672 2683; x_wconf 91' lang='lat' dir='ltr'><strong>ei</strong></span> <span class='ocrx_word' id='word_1_220' title='bbox 1709 2643 1849 2683; x_wconf 89' lang='lat' dir='ltr'><strong>unus</strong></span> <span class='ocrx_word' id='word_1_221' title='bbox 1875 2643 1943 2683; x_wconf 76' lang='lat' dir='ltr'><strong>ex</strong></span> 
     </span>
    </p>
   </div>
   <div class='ocr_carea' id='block_1_30' title="bbox 370 2714 1944 2786">
    <p class='ocr_par' dir='ltr' id='par_1_30' title="bbox 370 2714 1944 2786">
     <span class='ocr_line' id='line_1_30' title="bbox 370 2714 1944 2786; baseline 0.002 -18"><span class='ocrx_word' id='word_1_222' title='bbox 370 2733 390 2768; x_wconf 79' lang='grc' dir='ltr'>ι</span> <span class='ocrx_word' id='word_1_223' title='bbox 433 2714 712 2786; x_wconf 89' lang='lat' dir='ltr'><strong>discipulis</strong></span> <span class='ocrx_word' id='word_1_224' title='bbox 745 2714 864 2784; x_wconf 87' lang='lat' dir='ltr'><strong>ejus</strong></span> <span class='ocrx_word' id='word_1_225' title='bbox 891 2715 1156 2781; x_wconf 75' lang='lat' dir='ltr'><strong>Andreas,</strong></span> <span class='ocrx_word' id='word_1_226' title='bbox 1184 2715 1356 2780; x_wconf 83' lang='lat' dir='ltr'><strong>frater</strong></span> <span class='ocrx_word' id='word_1_227' title='bbox 1383 2716 1619 2773; x_wconf 88' lang='lat' dir='ltr'><strong>Simonis</strong></span> <span class='ocrx_word' id='word_1_228' title='bbox 1639 2717 1786 2774; x_wconf 88' lang='lat' dir='ltr'><strong>Petri</strong></span> <span class='ocrx_word' id='word_1_229' title='bbox 1812 2733 1826 2771; x_wconf 87' lang='lat'><strong>:</strong></span> <span class='ocrx_word' id='word_1_230' title='bbox 1848 2717 1944 2772; x_wconf 84' lang='lat' dir='ltr'><strong>Est</strong></span> 
     </span>
    </p>
   </div>
   <div class='ocr_carea' id='block_1_31' title="bbox 369 2806 1942 2879">
    <p class='ocr_par' dir='ltr' id='par_1_31' title="bbox 369 2806 1942 2879">
     <span class='ocr_line' id='line_1_31' title="bbox 369 2806 1942 2879; baseline 0.005 -22"><span class='ocrx_word' id='word_1_231' title='bbox 369 2826 386 2857; x_wconf 79' lang='grc' dir='ltr'>ι</span> <span class='ocrx_word' id='word_1_232' title='bbox 431 2820 566 2875; x_wconf 89' lang='lat' dir='ltr'><strong>puer</strong></span> <span class='ocrx_word' id='word_1_233' title='bbox 582 2821 722 2861; x_wconf 90' lang='lat' dir='ltr'><strong>unus</strong></span> <span class='ocrx_word' id='word_1_234' title='bbox 746 2806 962 2877; x_wconf 87' lang='lat' dir='ltr'><strong>hic,qui</strong></span> <span class='ocrx_word' id='word_1_235' title='bbox 979 2808 1393 2879; x_wconf 85' lang='lat' dir='ltr'><strong>habetquinque</strong></span> <span class='ocrx_word' id='word_1_236' title='bbox 1418 2823 1585 2878; x_wconf 87' lang='lat' dir='ltr'><strong>panes</strong></span> <span class='ocrx_word' id='word_1_237' title='bbox 1613 2811 1942 2866; x_wconf 88' lang='lat' dir='ltr'><strong>hordeaocos</strong></span> 
     </span>
    </p>
   </div>
   <div class='ocr_carea' id='block_1_32' title="bbox 367 2895 1942 2969">
    <p class='ocr_par' dir='ltr' id='par_1_32' title="bbox 367 2895 1942 2969">
     <span class='ocr_line' id='line_1_32' title="bbox 367 2895 1942 2969; baseline 0.008 -24"><span class='ocrx_word' id='word_1_238' title='bbox 367 2915 389 2954; x_wconf 73' lang='grc' dir='ltr'><strong>ι,</strong></span> <span class='ocrx_word' id='word_1_239' title='bbox 434 2904 490 2949; x_wconf 90' lang='lat' dir='ltr'><strong>et</strong></span> <span class='ocrx_word' id='word_1_240' title='bbox 519 2895 655 2951; x_wconf 90' lang='lat' dir='ltr'><strong>duos</strong></span> <span class='ocrx_word' id='word_1_241' title='bbox 699 2897 895 2966; x_wconf 90' lang='lat' dir='ltr'><strong>pisces.</strong></span> <span class='ocrx_word' id='word_1_242' title='bbox 925 2896 1031 2953; x_wconf 89' lang='lat' dir='ltr'><strong>Sed</strong></span> <span class='ocrx_word' id='word_1_243' title='bbox 1057 2898 1173 2954; x_wconf 83' lang='lat' dir='ltr'><strong>haec</strong></span> <span class='ocrx_word' id='word_1_244' title='bbox 1215 2899 1345 2969; x_wconf 90' lang='lat' dir='ltr'><strong>quid</strong></span> <span class='ocrx_word' id='word_1_245' title='bbox 1391 2908 1520 2955; x_wconf 88' lang='lat' dir='ltr'><strong>sunt</strong></span> <span class='ocrx_word' id='word_1_246' title='bbox 1559 2901 1703 2956; x_wconf 89' lang='lat' dir='ltr'><strong>inter</strong></span> <span class='ocrx_word' id='word_1_247' title='bbox 1730 2903 1942 2957; x_wconf 84' lang='lat' dir='ltr'><strong>tantos?</strong></span> 
     </span>
    </p>
   </div>
   <div class='ocr_carea' id='block_1_33' title="bbox 367 2986 1936 3059">
    <p class='ocr_par' dir='ltr' id='par_1_33' title="bbox 367 2986 1936 3059">
     <span class='ocr_line' id='line_1_33' title="bbox 367 2986 1936 3059; baseline 0.006 -20"><span class='ocrx_word' id='word_1_248' title='bbox 367 3007 386 3038; x_wconf 72' lang='grc' dir='ltr'>ι</span> <span class='ocrx_word' id='word_1_249' title='bbox 432 2987 579 3044; x_wconf 81' lang='lat' dir='ltr'><strong>Dixit</strong></span> <span class='ocrx_word' id='word_1_250' title='bbox 619 3003 749 3059; x_wconf 85' lang='lat' dir='ltr'><strong>ergo</strong></span> <span class='ocrx_word' id='word_1_251' title='bbox 795 2986 953 3046; x_wconf 87' lang='lat' dir='ltr'><strong>Iesus</strong></span> <span class='ocrx_word' id='word_1_252' title='bbox 998 3008 1011 3043; x_wconf 88' lang='lat'>:</span> <span class='ocrx_word' id='word_1_253' title='bbox 1056 2989 1241 3052; x_wconf 83' lang='lat' dir='ltr'><strong>Facite</strong></span> <span class='ocrx_word' id='word_1_254' title='bbox 1283 2993 1531 3048; x_wconf 89' lang='lat' dir='ltr'><strong>homines</strong></span> <span class='ocrx_word' id='word_1_255' title='bbox 1577 2993 1936 3050; x_wconf 84' lang='lat' dir='ltr'><strong>discumbere.</strong></span> 
     </span>
    </p>
   </div>
   <div class='ocr_carea' id='block_1_34' title="bbox 365 3072 1942 3146">
    <p class='ocr_par' dir='ltr' id='par_1_34' title="bbox 365 3072 1942 3146">
     <span class='ocr_line' id='line_1_34' title="bbox 365 3072 1942 3146; baseline 0.008 -16"><span class='ocrx_word' id='word_1_256' title='bbox 365 3097 384 3129; x_wconf 71' lang='grc' dir='ltr'><strong><em>ι</em></strong></span> <span class='ocrx_word' id='word_1_257' title='bbox 434 3072 576 3142; x_wconf 76' lang='lat' dir='ltr'><strong>Erat</strong></span> <span class='ocrx_word' id='word_1_258' title='bbox 595 3087 773 3139; x_wconf 86' lang='lat' dir='ltr'><strong>autem</strong></span> <span class='ocrx_word' id='word_1_259' title='bbox 811 3077 996 3136; x_wconf 90' lang='lat' dir='ltr'><strong>fenum</strong></span> <span class='ocrx_word' id='word_1_260' title='bbox 1023 3081 1251 3146; x_wconf 82' lang='lat' dir='ltr'><strong>multum</strong></span> <span class='ocrx_word' id='word_1_261' title='bbox 1281 3083 1335 3138; x_wconf 91' lang='lat' dir='ltr'><strong>in</strong></span> <span class='ocrx_word' id='word_1_262' title='bbox 1361 3083 1498 3140; x_wconf 86' lang='lat' dir='ltr'><strong>loco.</strong></span> <span class='ocrx_word' id='word_1_263' title='bbox 1542 3084 1942 3142; x_wconf 89' lang='lat' dir='ltr'><strong>Discubuerunt</strong></span> 
     </span>
    </p>
   </div>
   <div class='ocr_carea' id='block_1_35' title="bbox 369 3169 1943 3249">
    <p class='ocr_par' dir='ltr' id='par_1_35' title="bbox 369 3169 1943 3249">
     <span class='ocr_line' id='line_1_35' title="bbox 369 3169 1943 3249; baseline 0.007 -27"><span class='ocrx_word' id='word_1_264' title='bbox 369 3190 388 3222; x_wconf 79' lang='grc' dir='ltr'>ι</span> <span class='ocrx_word' id='word_1_265' title='bbox 429 3186 558 3243; x_wconf 81' lang='lat' dir='ltr'><strong>ergo</strong></span> <span class='ocrx_word' id='word_1_266' title='bbox 603 3169 706 3226; x_wconf 90' lang='lat' dir='ltr'><strong>viri</strong></span> <span class='ocrx_word' id='word_1_267' title='bbox 747 3187 975 3232; x_wconf 89' lang='lat' dir='ltr'><strong>numero</strong></span> <span class='ocrx_word' id='word_1_268' title='bbox 1010 3174 1165 3242; x_wconf 89' lang='lat' dir='ltr'><strong>quasi</strong></span> <span class='ocrx_word' id='word_1_269' title='bbox 1202 3174 1442 3244; x_wconf 89' lang='lat' dir='ltr'><strong>quinque</strong></span> <span class='ocrx_word' id='word_1_270' title='bbox 1485 3175 1675 3230; x_wconf 86' lang='lat' dir='ltr'><strong>millia.</strong></span> <span class='ocrx_word' id='word_1_271' title='bbox 1717 3177 1943 3249; x_wconf 81' lang='lat' dir='ltr'><strong>Accepit</strong></span> 
     </span>
    </p>
   </div>
   <div class='ocr_carea' id='block_1_36' title="bbox 367 3259 1942 3338">
    <p class='ocr_par' dir='ltr' id='par_1_36' title="bbox 367 3259 1942 3338">
     <span class='ocr_line' id='line_1_36' title="bbox 367 3259 1942 3338; baseline 0.009 -26"><span class='ocrx_word' id='word_1_272' title='bbox 367 3281 385 3312; x_wconf 73' lang='grc' dir='ltr'><strong><em>ι</em></strong></span> <span class='ocrx_word' id='word_1_273' title='bbox 430 3278 561 3333; x_wconf 88' lang='lat' dir='ltr'><strong>ergo</strong></span> <span class='ocrx_word' id='word_1_274' title='bbox 582 3259 742 3317; x_wconf 88' lang='lat' dir='ltr'><strong>Iesus</strong></span> <span class='ocrx_word' id='word_1_275' title='bbox 780 3279 965 3334; x_wconf 89' lang='lat' dir='ltr'><strong>panes,</strong></span> <span class='ocrx_word' id='word_1_276' title='bbox 1004 3273 1059 3318; x_wconf 90' lang='lat' dir='ltr'><strong>et</strong></span> <span class='ocrx_word' id='word_1_277' title='bbox 1099 3281 1224 3320; x_wconf 91' lang='lat' dir='ltr'><strong>cum</strong></span> <span class='ocrx_word' id='word_1_278' title='bbox 1258 3266 1464 3336; x_wconf 77' lang='lat' dir='ltr'><strong>gratias</strong></span> <span class='ocrx_word' id='word_1_279' title='bbox 1499 3268 1719 3338; x_wconf 75' lang='lat' dir='ltr'><strong>egisset,</strong></span> <span class='ocrx_word' id='word_1_280' title='bbox 1755 3269 1942 3326; x_wconf 89' lang='lat' dir='ltr'><strong>distri-</strong></span> 
     </span>
    </p>
   </div>
   <div class='ocr_carea' id='block_1_37' title="bbox 368 3353 1941 3432">
    <p class='ocr_par' dir='ltr' id='par_1_37' title="bbox 368 3353 1941 3432">
     <span class='ocr_line' id='line_1_37' title="bbox 368 3353 1941 3432; baseline 0.01 -28"><span class='ocrx_word' id='word_1_281' title='bbox 368 3373 385 3404; x_wconf 75' lang='grc' dir='ltr'>ι</span> <span class='ocrx_word' id='word_1_282' title='bbox 433 3354 553 3409; x_wconf 90' lang='lat' dir='ltr'><strong>buit</strong></span> <span class='ocrx_word' id='word_1_283' title='bbox 609 3353 1093 3413; x_wconf 87' lang='lat' dir='ltr'><strong>discumbentibus.</strong></span> <span class='ocrx_word' id='word_1_284' title='bbox 1170 3356 1434 3417; x_wconf 85' lang='lat' dir='ltr'><strong>Similiter</strong></span> <span class='ocrx_word' id='word_1_285' title='bbox 1479 3367 1536 3414; x_wconf 88' lang='lat' dir='ltr'><strong>et</strong></span> <span class='ocrx_word' id='word_1_286' title='bbox 1591 3375 1657 3414; x_wconf 78' lang='lat' dir='ltr'><strong>ex</strong></span> <span class='ocrx_word' id='word_1_287' title='bbox 1702 3362 1941 3432; x_wconf 88' lang='lat' dir='ltr'><strong>piscibus</strong></span> 
     </span>
    </p>
   </div>
   <div class='ocr_carea' id='block_1_38' title="bbox 367 3447 1940 3521">
    <p class='ocr_par' dir='ltr' id='par_1_38' title="bbox 367 3447 1940 3521">
     <span class='ocr_line' id='line_1_38' title="bbox 367 3447 1940 3521; baseline 0.009 -23"><span class='ocrx_word' id='word_1_288' title='bbox 367 3466 386 3498; x_wconf 73' lang='grc' dir='ltr'>ι</span> <span class='ocrx_word' id='word_1_289' title='bbox 431 3455 691 3516; x_wconf 87' lang='lat' dir='ltr'><strong>quantum</strong></span> <span class='ocrx_word' id='word_1_290' title='bbox 718 3447 993 3502; x_wconf 86' lang='lat' dir='ltr'><strong>volebant.</strong></span> <span class='ocrx_word' id='word_1_291' title='bbox 1036 3448 1106 3504; x_wconf 91' lang='lat' dir='ltr'><strong>Ut</strong></span> <span class='ocrx_word' id='word_1_292' title='bbox 1146 3458 1330 3504; x_wconf 89' lang='lat' dir='ltr'><strong>autem</strong></span> <span class='ocrx_word' id='word_1_293' title='bbox 1375 3451 1579 3521; x_wconf 90' lang='lat' dir='ltr'><strong>impleti</strong></span> <span class='ocrx_word' id='word_1_294' title='bbox 1622 3463 1765 3521; x_wconf 87' lang='lat' dir='ltr'><strong>sunt,</strong></span> <span class='ocrx_word' id='word_1_295' title='bbox 1803 3457 1940 3512; x_wconf 81' lang='lat' dir='ltr'><strong>dixit</strong></span> 
     </span>
    </p>
   </div>
   <div class='ocr_carea' id='block_1_39' title="bbox 365 3538 1939 3616">
    <p class='ocr_par' dir='ltr' id='par_1_39' title="bbox 365 3538 1939 3616">
     <span class='ocr_line' id='line_1_39' title="bbox 365 3538 1939 3616; baseline 0.004 -23"><span class='ocrx_word' id='word_1_296' title='bbox 365 3557 388 3599; x_wconf 65' lang='grc' dir='ltr'>ι</span> <span class='ocrx_word' id='word_1_297' title='bbox 431 3538 708 3608; x_wconf 89' lang='lat' dir='ltr'><strong>discipulis</strong></span> <span class='ocrx_word' id='word_1_298' title='bbox 745 3539 858 3594; x_wconf 88' lang='lat' dir='ltr'><strong>suis</strong></span> <span class='ocrx_word' id='word_1_299' title='bbox 885 3557 896 3592; x_wconf 94' lang='lat'>:</span> <span class='ocrx_word' id='word_1_300' title='bbox 923 3538 1169 3608; x_wconf 82' lang='lat' dir='ltr'><strong>Colligite</strong></span> <span class='ocrx_word' id='word_1_301' title='bbox 1205 3556 1325 3610; x_wconf 71' lang='lat' dir='ltr'><strong>qua:</strong></span> <span class='ocrx_word' id='word_1_302' title='bbox 1358 3555 1753 3613; x_wconf 81' lang='lat' dir='ltr'><strong>superaverunt</strong></span> <span class='ocrx_word' id='word_1_303' title='bbox 1796 3545 1939 3616; x_wconf 90' lang='lat' dir='ltr'><strong>frag-</strong></span> 
     </span>
    </p>
   </div>
   <div class='ocr_carea' id='block_1_40' title="bbox 366 3632 1940 3711">
    <p class='ocr_par' dir='ltr' id='par_1_40' title="bbox 366 3632 1940 3711">
     <span class='ocr_line' id='line_1_40' title="bbox 366 3632 1940 3711; baseline 0.006 -28"><span class='ocrx_word' id='word_1_304' title='bbox 366 3651 384 3682; x_wconf 82' lang='grc'>‹</span> <span class='ocrx_word' id='word_1_305' title='bbox 432 3639 635 3711; x_wconf 84' lang='lat' dir='ltr'><strong>menta,</strong></span> <span class='ocrx_word' id='word_1_306' title='bbox 679 3646 747 3693; x_wconf 89' lang='lat' dir='ltr'><strong>ne</strong></span> <span class='ocrx_word' id='word_1_307' title='bbox 783 3640 1027 3700; x_wconf 83' lang='lat' dir='ltr'><strong>pereant.</strong></span> <span class='ocrx_word' id='word_1_308' title='bbox 1071 3632 1413 3704; x_wconf 86' lang='lat' dir='ltr'><strong>Collegerunt</strong></span> <span class='ocrx_word' id='word_1_309' title='bbox 1440 3651 1570 3707; x_wconf 88' lang='lat' dir='ltr'><strong>ergo</strong></span> <span class='ocrx_word' id='word_1_310' title='bbox 1603 3645 1660 3693; x_wconf 92' lang='lat' dir='ltr'><strong>et</strong></span> <span class='ocrx_word' id='word_1_311' title='bbox 1687 3638 1940 3706; x_wconf 90' lang='lat' dir='ltr'><strong>impleve-</strong></span> 
     </span>
    </p>
   </div>
   <div class='ocr_carea' id='block_1_41' title="bbox 364 3723 1937 3800">
    <p class='ocr_par' dir='ltr' id='par_1_41' title="bbox 364 3723 1937 3800">
     <span class='ocr_line' id='line_1_41' title="bbox 364 3723 1937 3800; baseline 0.005 -23"><span class='ocrx_word' id='word_1_312' title='bbox 364 3742 384 3774; x_wconf 71' lang='grc' dir='ltr'>ι</span> <span class='ocrx_word' id='word_1_313' title='bbox 432 3733 560 3778; x_wconf 89' lang='lat' dir='ltr'><strong>runt</strong></span> <span class='ocrx_word' id='word_1_314' title='bbox 589 3723 873 3779; x_wconf 87' lang='lat' dir='ltr'><strong>duodecim</strong></span> <span class='ocrx_word' id='word_1_315' title='bbox 911 3724 1169 3794; x_wconf 88' lang='lat' dir='ltr'><strong>cophinos</strong></span> <span class='ocrx_word' id='word_1_316' title='bbox 1205 3725 1652 3796; x_wconf 83' lang='lat' dir='ltr'><strong>fragmentorum,</strong></span> <span class='ocrx_word' id='word_1_317' title='bbox 1681 3747 1746 3786; x_wconf 76' lang='lat' dir='ltr'><strong>ex</strong></span> <span class='ocrx_word' id='word_1_318' title='bbox 1775 3731 1937 3800; x_wconf 85' lang='lat' dir='ltr'><strong>quin-</strong></span> 
     </span>
    </p>
   </div>
   <div class='ocr_carea' id='block_1_42' title="bbox 367 3814 1938 3891">
    <p class='ocr_par' dir='ltr' id='par_1_42' title="bbox 367 3814 1938 3891">
     <span class='ocr_line' id='line_1_42' title="bbox 367 3814 1938 3891; baseline 0.008 -28"><span class='ocrx_word' id='word_1_319' title='bbox 367 3833 386 3863; x_wconf 81' lang='grc' dir='ltr'>ι</span> <span class='ocrx_word' id='word_1_320' title='bbox 430 3828 536 3883; x_wconf 89' lang='lat' dir='ltr'><strong>que</strong></span> <span class='ocrx_word' id='word_1_321' title='bbox 571 3814 800 3884; x_wconf 88' lang='lat' dir='ltr'><strong>panibus</strong></span> <span class='ocrx_word' id='word_1_322' title='bbox 836 3814 1151 3872; x_wconf 90' lang='lat' dir='ltr'><strong>hordeaceis</strong></span> <span class='ocrx_word' id='word_1_323' title='bbox 1183 3824 1238 3872; x_wconf 89' lang='lat' dir='ltr'><strong>et</strong></span> <span class='ocrx_word' id='word_1_324' title='bbox 1269 3817 1477 3874; x_wconf 90' lang='lat' dir='ltr'><strong>duobus</strong></span> <span class='ocrx_word' id='word_1_325' title='bbox 1515 3820 1774 3889; x_wconf 86' lang='lat' dir='ltr'><strong>piscibus,</strong></span> <span class='ocrx_word' id='word_1_326' title='bbox 1817 3837 1938 3891; x_wconf 63' lang='lat' dir='ltr'><strong>quae</strong></span> 
     </span>
    </p>
   </div>
   <div class='ocr_carea' id='block_1_43' title="bbox 366 3902 1937 3983">
    <p class='ocr_par' dir='ltr' id='par_1_43' title="bbox 366 3902 1937 3983">
     <span class='ocr_line' id='line_1_43' title="bbox 366 3902 1937 3983; baseline 0.01 -30"><span class='ocrx_word' id='word_1_327' title='bbox 366 3923 384 3953; x_wconf 72' lang='grc' dir='ltr'><strong>ε</strong></span> <span class='ocrx_word' id='word_1_328' title='bbox 433 3902 815 3974; x_wconf 77' lang='lat' dir='ltr'><strong>superfuerunt</strong></span> <span class='ocrx_word' id='word_1_329' title='bbox 857 3903 942 3960; x_wconf 87' lang='lat' dir='ltr'><strong>his</strong></span> <span class='ocrx_word' id='word_1_330' title='bbox 987 3905 1079 3975; x_wconf 86' lang='lat' dir='ltr'><strong>qui</strong></span> <span class='ocrx_word' id='word_1_331' title='bbox 1135 3907 1618 3964; x_wconf 89' lang='lat' dir='ltr'><strong>manducaverant.</strong></span> <span class='ocrx_word' id='word_1_332' title='bbox 1663 3910 1742 3964; x_wconf 84' lang='lat' dir='ltr'><strong>Illi</strong></span> <span class='ocrx_word' id='word_1_333' title='bbox 1806 3927 1937 3983; x_wconf 84' lang='lat' dir='ltr'><strong>ergo</strong></span> 
     </span>
    </p>
   </div>
   <div class='ocr_carea' id='block_1_44' title="bbox 367 3994 1935 4070">
    <p class='ocr_par' dir='ltr' id='par_1_44' title="bbox 367 3994 1935 4070">
     <span class='ocr_line' id='line_1_44' title="bbox 367 3994 1935 4070; baseline 0.008 -25"><span class='ocrx_word' id='word_1_334' title='bbox 367 4013 384 4044; x_wconf 75' lang='grc' dir='ltr'>ι</span> <span class='ocrx_word' id='word_1_335' title='bbox 432 3994 678 4050; x_wconf 88' lang='lat' dir='ltr'><strong>homines</strong></span> <span class='ocrx_word' id='word_1_336' title='bbox 701 4009 822 4054; x_wconf 89' lang='lat' dir='ltr'><strong>cum</strong></span> <span class='ocrx_word' id='word_1_337' title='bbox 848 3997 1108 4052; x_wconf 86' lang='lat' dir='ltr'><strong>vidissent</strong></span> <span class='ocrx_word' id='word_1_338' title='bbox 1133 3999 1274 4067; x_wconf 87' lang='lat' dir='ltr'><strong>quod</strong></span> <span class='ocrx_word' id='word_1_339' title='bbox 1315 3999 1520 4054; x_wconf 84' lang='lat' dir='ltr'><strong>fecerat</strong></span> <span class='ocrx_word' id='word_1_340' title='bbox 1546 3999 1761 4070; x_wconf 82' lang='lat' dir='ltr'><strong>signum</strong></span> <span class='ocrx_word' id='word_1_341' title='bbox 1785 4001 1935 4058; x_wconf 88' lang='lat' dir='ltr'><strong>dicc-</strong></span> 
     </span>
    </p>
   </div>
   <div class='ocr_carea' id='block_1_45' title="bbox 367 4085 1940 4160">
    <p class='ocr_par' dir='ltr' id='par_1_45' title="bbox 367 4085 1940 4160">
     <span class='ocr_line' id='line_1_45' title="bbox 367 4085 1940 4160; baseline 0.011 -26"><span class='ocrx_word' id='word_1_342' title='bbox 367 4105 384 4134; x_wconf 78' lang='lat' dir='ltr'><strong>l</strong></span> <span class='ocrx_word' id='word_1_343' title='bbox 430 4086 562 4145; x_wconf 90' lang='lat' dir='ltr'><strong>baut</strong></span> <span class='ocrx_word' id='word_1_344' title='bbox 589 4100 604 4139; x_wconf 89' lang='lat'><strong>:</strong></span> <span class='ocrx_word' id='word_1_345' title='bbox 635 4085 771 4153; x_wconf 88' lang='lat' dir='ltr'><strong>Quia</strong></span> <span class='ocrx_word' id='word_1_346' title='bbox 828 4087 916 4143; x_wconf 89' lang='lat' dir='ltr'><strong>hic</strong></span> <span class='ocrx_word' id='word_1_347' title='bbox 955 4096 1039 4143; x_wconf 91' lang='lat' dir='ltr'><strong>est</strong></span> <span class='ocrx_word' id='word_1_348' title='bbox 1076 4104 1202 4144; x_wconf 85' lang='lat' dir='ltr'><strong>vere</strong></span> <span class='ocrx_word' id='word_1_349' title='bbox 1237 4089 1500 4160; x_wconf 85' lang='lat' dir='ltr'><strong>propheta</strong></span> <span class='ocrx_word' id='word_1_350' title='bbox 1541 4091 1633 4160; x_wconf 91' lang='lat' dir='ltr'><strong>qui</strong></span> <span class='ocrx_word' id='word_1_351' title='bbox 1679 4102 1940 4151; x_wconf 89' lang='lat' dir='ltr'><strong>venturus</strong></span> 
     </span>
    </p>
   </div>
   <div class='ocr_carea' id='block_1_46' title="bbox 366 4176 976 4233">
    <p class='ocr_par' dir='ltr' id='par_1_46' title="bbox 366 4176 976 4233">
     <span class='ocr_line' id='line_1_46' title="bbox 366 4176 976 4233; baseline -0.002 -1"><span class='ocrx_word' id='word_1_352' title='bbox 366 4195 385 4226; x_wconf 73' lang='grc' dir='ltr'><strong>ε</strong></span> <span class='ocrx_word' id='word_1_353' title='bbox 429 4185 514 4232; x_wconf 89' lang='lat' dir='ltr'><strong>est</strong></span> <span class='ocrx_word' id='word_1_354' title='bbox 546 4176 602 4232; x_wconf 92' lang='lat' dir='ltr'><strong>in</strong></span> <span class='ocrx_word' id='word_1_355' title='bbox 631 4177 910 4233; x_wconf 89' lang='lat' dir='ltr'><strong>mundum.</strong></span> <span class='ocrx_word' id='word_1_356' title='bbox 957 4198 976 4231; x_wconf 73' lang='grc' dir='ltr'><strong><em>ι</em></strong></span> 
     </span>
    </p>
   </div>
   <div class='ocr_carea' id='block_1_47' title="bbox 428 4268 1936 4343">
    <p class='ocr_par' dir='ltr' id='par_1_47' title="bbox 428 4268 1936 4343">
     <span class='ocr_line' id='line_1_47' title="bbox 428 4268 1936 4343; baseline 0.007 -23"><span class='ocrx_word' id='word_1_357' title='bbox 428 4268 568 4322; x_wconf 80' lang='lat' dir='ltr'><strong>Abiit</strong></span> <span class='ocrx_word' id='word_1_358' title='bbox 589 4268 744 4328; x_wconf 81' lang='lat' dir='ltr'><strong>Iesus</strong></span> <span class='ocrx_word' id='word_1_359' title='bbox 775 4278 922 4324; x_wconf 87' lang='lat' dir='ltr'><strong>trans</strong></span> <span class='ocrx_word' id='word_1_360' title='bbox 956 4286 1098 4325; x_wconf 88' lang='lat' dir='ltr'><strong>mare</strong></span> <span class='ocrx_word' id='word_1_361' title='bbox 1121 4269 1390 4338; x_wconf 76' lang='lat' dir='ltr'><strong>Galiltew,</strong></span> <span class='ocrx_word' id='word_1_362' title='bbox 1423 4274 1564 4343; x_wconf 87' lang='lat' dir='ltr'><strong>quod</strong></span> <span class='ocrx_word' id='word_1_363' title='bbox 1595 4284 1669 4328; x_wconf 87' lang='lat' dir='ltr'><strong>est</strong></span> <span class='ocrx_word' id='word_1_364' title='bbox 1702 4274 1936 4330; x_wconf 80' lang='lat' dir='ltr'><strong>Tiberia-</strong></span> 
     </span>
    </p>
   </div>
   <div class='ocr_carea' id='block_1_48' title="bbox 2047 425 3634 499">
    <p class='ocr_par' dir='ltr' id='par_1_48' title="bbox 2047 425 3634 499">
     <span class='ocr_line' id='line_1_48' title="bbox 2047 425 3634 499; baseline 0.004 -21"><span class='ocrx_word' id='word_1_365' title='bbox 2047 425 2204 496; x_wconf 86' lang='lat' dir='ltr'><strong>erigi,</strong></span> <span class='ocrx_word' id='word_1_366' title='bbox 2242 425 2308 480; x_wconf 91' lang='lat' dir='ltr'><strong>de</strong></span> <span class='ocrx_word' id='word_1_367' title='bbox 2352 426 2601 497; x_wconf 84' lang='lat' dir='ltr'><strong>qualibus</strong></span> <span class='ocrx_word' id='word_1_368' title='bbox 2632 427 2917 482; x_wconf 86' lang='lat' dir='ltr'><strong>Psalmista</strong></span> <span class='ocrx_word' id='word_1_369' title='bbox 2965 447 2977 482; x_wconf 93' lang='lat'><strong>:</strong></span> <span class='ocrx_word' id='word_1_370' title='bbox 3021 427 3089 483; x_wconf 88' lang='lat' dir='ltr'><strong>In</strong></span> <span class='ocrx_word' id='word_1_371' title='bbox 3136 429 3380 495; x_wconf 80' lang='lat' dir='ltr'><strong>circuitu,</strong></span> <span class='ocrx_word' id='word_1_372' title='bbox 3431 428 3634 499; x_wconf 85' lang='lat' dir='ltr'><strong>inquit,</strong></span> 
     </span>
    </p>
   </div>
   <div class='ocr_carea' id='block_1_49' title="bbox 2046 516 3634 590">
    <p class='ocr_par' dir='ltr' id='par_1_49' title="bbox 2046 516 3634 590">
     <span class='ocr_line' id='line_1_49' title="bbox 2046 516 3634 590; baseline 0.006 -22"><span class='ocrx_word' id='word_1_373' title='bbox 2046 516 2193 586; x_wconf 81' lang='lat' dir='ltr'><strong>impii</strong></span> <span class='ocrx_word' id='word_1_374' title='bbox 2213 516 2484 571; x_wconf 84' lang='lat' dir='ltr'><strong>ambulant</strong></span> <span class='ocrx_word' id='word_1_375' title='bbox 2505 517 2678 589; x_wconf 85' lang='lat' dir='ltr'><strong>(Psal.</strong></span> <span class='ocrx_word' id='word_1_376' title='bbox 2703 536 2756 573; x_wconf 78' lang='lat' dir='ltr'><strong>xi</strong></span> <span class='ocrx_word' id='word_1_377' title='bbox 2781 519 2824 590; x_wconf 89' lang='lat'><strong>).</strong></span> <span class='ocrx_word' id='word_1_378' title='bbox 2858 519 2966 576; x_wconf 89' lang='lat' dir='ltr'><strong>Sed</strong></span> <span class='ocrx_word' id='word_1_379' title='bbox 2987 521 3275 576; x_wconf 88' lang='lat' dir='ltr'><strong>abeuntem</strong></span> <span class='ocrx_word' id='word_1_380' title='bbox 3302 529 3455 576; x_wconf 85' lang='lat' dir='ltr'><strong>trans</strong></span> <span class='ocrx_word' id='word_1_381' title='bbox 3481 536 3634 577; x_wconf 89' lang='lat' dir='ltr'><strong>mare</strong></span> 
     </span>
    </p>
   </div>
   <div class='ocr_carea' id='block_1_50' title="bbox 2046 605 3636 682">
    <p class='ocr_par' dir='ltr' id='par_1_50' title="bbox 2046 605 3636 682">
     <span class='ocr_line' id='line_1_50' title="bbox 2046 605 3636 682; baseline 0.003 -22"><span class='ocrx_word' id='word_1_382' title='bbox 2046 605 2278 662; x_wconf 70' lang='lat' dir='ltr'><strong>Galiltea:</strong></span> <span class='ocrx_word' id='word_1_383' title='bbox 2301 605 2504 673; x_wconf 87' lang='lat' dir='ltr'><strong>Iesum,</strong></span> <span class='ocrx_word' id='word_1_384' title='bbox 2536 608 2825 664; x_wconf 88' lang='lat' dir='ltr'><strong>multitudo</strong></span> <span class='ocrx_word' id='word_1_385' title='bbox 2864 609 3102 664; x_wconf 73' lang='lat' dir='ltr'><strong>maxima</strong></span> <span class='ocrx_word' id='word_1_386' title='bbox 3129 610 3480 680; x_wconf 81' lang='lat' dir='ltr'><strong>sequebatur,</strong></span> <span class='ocrx_word' id='word_1_387' title='bbox 3509 625 3636 682; x_wconf 68' lang='lat' dir='ltr'><strong>qua:</strong></span> 
     </span>
    </p>
   </div>
   <div class='ocr_carea' id='block_1_51' title="bbox 2048 697 3635 768">
    <p class='ocr_par' dir='ltr' id='par_1_51' title="bbox 2048 697 3635 768">
     <span class='ocr_line' id='line_1_51' title="bbox 2048 697 3635 768; baseline 0.002 -16"><span class='ocrx_word' id='word_1_388' title='bbox 2048 697 2332 768; x_wconf 69' lang='lat' dir='ltr'><strong>doctrinm,</strong></span> <span class='ocrx_word' id='word_1_389' title='bbox 2351 699 2652 755; x_wconf 89' lang='lat' dir='ltr'><strong>sanationis</strong></span> <span class='ocrx_word' id='word_1_390' title='bbox 2698 707 2755 754; x_wconf 87' lang='lat' dir='ltr'><strong>et</strong></span> <span class='ocrx_word' id='word_1_391' title='bbox 2804 699 3119 756; x_wconf 88' lang='lat' dir='ltr'><strong>refcctionis</strong></span> <span class='ocrx_word' id='word_1_392' title='bbox 3163 699 3232 754; x_wconf 88' lang='lat' dir='ltr'><strong>ab</strong></span> <span class='ocrx_word' id='word_1_393' title='bbox 3278 715 3344 756; x_wconf 92' lang='lat' dir='ltr'><strong>eo</strong></span> <span class='ocrx_word' id='word_1_394' title='bbox 3389 699 3635 756; x_wconf 72' lang='lat' dir='ltr'><strong>caelestis</strong></span> 
     </span>
    </p>
   </div>
   <div class='ocr_carea' id='block_1_52' title="bbox 2047 789 3636 860">
    <p class='ocr_par' dir='ltr' id='par_1_52' title="bbox 2047 789 3636 860">
     <span class='ocr_line' id='line_1_52' title="bbox 2047 789 3636 860; baseline 0.001 -18"><span class='ocrx_word' id='word_1_395' title='bbox 2047 803 2269 842; x_wconf 89' lang='lat' dir='ltr'><strong>munera</strong></span> <span class='ocrx_word' id='word_1_396' title='bbox 2297 803 2508 844; x_wconf 87' lang='lat' dir='ltr'><strong>summa</strong></span> <span class='ocrx_word' id='word_1_397' title='bbox 2533 790 2856 860; x_wconf 88' lang='lat' dir='ltr'><strong>perciperet,</strong></span> <span class='ocrx_word' id='word_1_398' title='bbox 2882 789 3008 860; x_wconf 89' lang='lat' dir='ltr'><strong>quia</strong></span> <span class='ocrx_word' id='word_1_399' title='bbox 3030 789 3346 860; x_wconf 89' lang='lat' dir='ltr'><strong>priusquam</strong></span> <span class='ocrx_word' id='word_1_400' title='bbox 3371 789 3636 844; x_wconf 85' lang='lat' dir='ltr'><strong>Dominus</strong></span> 
     </span>
    </p>
   </div>
   <div class='ocr_carea' id='block_1_53' title="bbox 2048 878 3634 952">
    <p class='ocr_par' dir='ltr' id='par_1_53' title="bbox 2048 878 3634 952">
     <span class='ocr_line' id='line_1_53' title="bbox 2048 878 3634 952; baseline 0.002 -18"><span class='ocrx_word' id='word_1_401' title='bbox 2048 881 2104 935; x_wconf 90' lang='lat' dir='ltr'><strong>in</strong></span> <span class='ocrx_word' id='word_1_402' title='bbox 2140 897 2304 937; x_wconf 90' lang='lat' dir='ltr'><strong>carne</strong></span> <span class='ocrx_word' id='word_1_403' title='bbox 2345 890 2649 951; x_wconf 83' lang='lat' dir='ltr'><strong>appareret,</strong></span> <span class='ocrx_word' id='word_1_404' title='bbox 2695 881 2810 937; x_wconf 82' lang='lat' dir='ltr'><strong>sola</strong></span> <span class='ocrx_word' id='word_1_405' title='bbox 2852 881 3003 936; x_wconf 90' lang='lat' dir='ltr'><strong>illum</strong></span> <span class='ocrx_word' id='word_1_406' title='bbox 3039 895 3172 952; x_wconf 86' lang='lat' dir='ltr'><strong>gens</strong></span> <span class='ocrx_word' id='word_1_407' title='bbox 3204 878 3390 935; x_wconf 69' lang='lat' dir='ltr'><strong>Iudam</strong></span> <span class='ocrx_word' id='word_1_408' title='bbox 3433 895 3634 951; x_wconf 84' lang='lat' dir='ltr'><strong>seque-</strong></span> 
     </span>
    </p>
   </div>
   <div class='ocr_carea' id='block_1_54' title="bbox 2046 972 3632 1044">
    <p class='ocr_par' dir='ltr' id='par_1_54' title="bbox 2046 972 3632 1044">
     <span class='ocr_line' id='line_1_54' title="bbox 2046 972 3632 1044; baseline 0.001 -17"><span class='ocrx_word' id='word_1_409' title='bbox 2046 972 2207 1027; x_wconf 87' lang='lat' dir='ltr'><strong>batur</strong></span> <span class='ocrx_word' id='word_1_410' title='bbox 2256 973 2544 1029; x_wconf 89' lang='lat' dir='ltr'><strong>credendo.</strong></span> <span class='ocrx_word' id='word_1_411' title='bbox 2603 972 2895 1043; x_wconf 83' lang='lat' dir='ltr'><strong>Postquam</strong></span> <span class='ocrx_word' id='word_1_412' title='bbox 2947 987 3079 1027; x_wconf 91' lang='lat' dir='ltr'><strong>vero</strong></span> <span class='ocrx_word' id='word_1_413' title='bbox 3139 987 3237 1044; x_wconf 90' lang='lat' dir='ltr'><strong>per</strong></span> <span class='ocrx_word' id='word_1_414' title='bbox 3296 972 3632 1028; x_wconf 88' lang='lat' dir='ltr'><strong>incarnatio-</strong></span> 
     </span>
    </p>
   </div>
   <div class='ocr_carea' id='block_1_55' title="bbox 2047 1063 3635 1136">
    <p class='ocr_par' dir='ltr' id='par_1_55' title="bbox 2047 1063 3635 1136">
     <span class='ocr_line' id='line_1_55' title="bbox 2047 1063 3635 1136; baseline -0.002 -16"><span class='ocrx_word' id='word_1_415' title='bbox 2047 1066 2132 1121; x_wconf 90' lang='lat' dir='ltr'><strong>nis</strong></span> <span class='ocrx_word' id='word_1_416' title='bbox 2179 1081 2291 1122; x_wconf 78' lang='lat' dir='ltr'><strong>suze</strong></span> <span class='ocrx_word' id='word_1_417' title='bbox 2341 1065 2800 1136; x_wconf 85' lang='lat' dir='ltr'><strong>dispensationem</strong></span> <span class='ocrx_word' id='word_1_418' title='bbox 2851 1063 3046 1119; x_wconf 82' lang='lat' dir='ltr'><strong>ﬂuctus</strong></span> <span class='ocrx_word' id='word_1_419' title='bbox 3091 1064 3218 1118; x_wconf 66' lang='lat' dir='ltr'><strong>vitae</strong></span> <span class='ocrx_word' id='word_1_420' title='bbox 3261 1063 3635 1135; x_wconf 88' lang='lat' dir='ltr'><strong>corruptibilis</strong></span> 
     </span>
    </p>
   </div>
   <div class='ocr_carea' id='block_1_56' title="bbox 2047 1155 3632 1224">
    <p class='ocr_par' dir='ltr' id='par_1_56' title="bbox 2047 1155 3632 1224">
     <span class='ocr_line' id='line_1_56' title="bbox 2047 1155 3632 1224; baseline -0.001 -12"><span class='ocrx_word' id='word_1_421' title='bbox 2047 1158 2200 1224; x_wconf 90' lang='lat' dir='ltr'><strong>adiit,</strong></span> <span class='ocrx_word' id='word_1_422' title='bbox 2237 1157 2490 1224; x_wconf 85' lang='lat' dir='ltr'><strong>calcavit,</strong></span> <span class='ocrx_word' id='word_1_423' title='bbox 2549 1157 2798 1222; x_wconf 88' lang='lat' dir='ltr'><strong>transiit,</strong></span> <span class='ocrx_word' id='word_1_424' title='bbox 2838 1155 3076 1212; x_wconf 80' lang='lat' dir='ltr'><strong>maxima</strong></span> <span class='ocrx_word' id='word_1_425' title='bbox 3115 1171 3240 1212; x_wconf 81' lang='lat' dir='ltr'><strong>mox</strong></span> <span class='ocrx_word' id='word_1_426' title='bbox 3277 1171 3404 1212; x_wconf 89' lang='lat' dir='ltr'><strong>eum</strong></span> <span class='ocrx_word' id='word_1_427' title='bbox 3441 1155 3632 1210; x_wconf 88' lang='lat' dir='ltr'><strong>multi-</strong></span> 
     </span>
    </p>
   </div>
   <div class='ocr_carea' id='block_1_57' title="bbox 2047 1248 3634 1321">
    <p class='ocr_par' dir='ltr' id='par_1_57' title="bbox 2047 1248 3634 1321">
     <span class='ocr_line' id='line_1_57' title="bbox 2047 1248 3634 1321; baseline -0.002 -15"><span class='ocrx_word' id='word_1_428' title='bbox 2047 1252 2177 1309; x_wconf 90' lang='lat' dir='ltr'><strong>tudo</strong></span> <span class='ocrx_word' id='word_1_429' title='bbox 2213 1250 2546 1307; x_wconf 85' lang='lat' dir='ltr'><strong>credentium</strong></span> <span class='ocrx_word' id='word_1_430' title='bbox 2588 1258 2775 1307; x_wconf 88' lang='lat' dir='ltr'><strong>secuta</strong></span> <span class='ocrx_word' id='word_1_431' title='bbox 2812 1257 2898 1305; x_wconf 89' lang='lat' dir='ltr'><strong>est</strong></span> <span class='ocrx_word' id='word_1_432' title='bbox 2933 1251 3236 1316; x_wconf 88' lang='lat' dir='ltr'><strong>nationum,</strong></span> <span class='ocrx_word' id='word_1_433' title='bbox 3275 1248 3634 1321; x_wconf 87' lang='lat' dir='ltr'><strong>spiritualiter</strong></span> 
     </span>
    </p>
   </div>
   <div class='ocr_carea' id='block_1_58' title="bbox 2047 1343 3152 1410">
    <p class='ocr_par' dir='ltr' id='par_1_58' title="bbox 2047 1343 3152 1410">
     <span class='ocr_line' id='line_1_58' title="bbox 2047 1343 3152 1410; baseline -0.004 -12"><span class='ocrx_word' id='word_1_434' title='bbox 2047 1343 2268 1410; x_wconf 90' lang='lat' dir='ltr'><strong>instrui,</strong></span> <span class='ocrx_word' id='word_1_435' title='bbox 2297 1344 2478 1400; x_wconf 88' lang='lat' dir='ltr'><strong>sanari</strong></span> <span class='ocrx_word' id='word_1_436' title='bbox 2503 1358 2569 1398; x_wconf 90' lang='lat' dir='ltr'><strong>ac</strong></span> <span class='ocrx_word' id='word_1_437' title='bbox 2594 1343 2784 1400; x_wconf 88' lang='lat' dir='ltr'><strong>satiari</strong></span> <span class='ocrx_word' id='word_1_438' title='bbox 2817 1343 3152 1398; x_wconf 87' lang='lat' dir='ltr'><strong>desiderans.</strong></span> 
     </span>
    </p>
   </div>
   <div class='ocr_carea' id='block_1_59' title="bbox 2119 1433 3631 1507">
    <p class='ocr_par' dir='ltr' id='par_1_59' title="bbox 2119 1433 3631 1507">
     <span class='ocr_line' id='line_1_59' title="bbox 2119 1433 3631 1507; baseline -0.003 -15"><span class='ocrx_word' id='word_1_439' title='bbox 2119 1435 2293 1494; x_wconf 84' lang='lat' dir='ltr'><strong>Subiit</strong></span> <span class='ocrx_word' id='word_1_440' title='bbox 2329 1453 2450 1507; x_wconf 78' lang='lat' dir='ltr'><strong>ergo</strong></span> <span class='ocrx_word' id='word_1_441' title='bbox 2490 1437 2548 1492; x_wconf 88' lang='lat' dir='ltr'><strong>in</strong></span> <span class='ocrx_word' id='word_1_442' title='bbox 2587 1445 2814 1490; x_wconf 81' lang='lat' dir='ltr'><strong>montem</strong></span> <span class='ocrx_word' id='word_1_443' title='bbox 2835 1433 3016 1501; x_wconf 83' lang='lat' dir='ltr'><strong>Iesus,</strong></span> <span class='ocrx_word' id='word_1_444' title='bbox 3054 1445 3102 1489; x_wconf 91' lang='lat' dir='ltr'><strong><em>et</em></strong></span> <span class='ocrx_word' id='word_1_445' title='bbox 3140 1434 3214 1492; x_wconf 80' lang='lat' dir='ltr'><strong>ibi</strong></span> <span class='ocrx_word' id='word_1_446' title='bbox 3253 1433 3463 1494; x_wconf 76' lang='lat' dir='ltr'><strong>sedebat</strong></span> <span class='ocrx_word' id='word_1_447' title='bbox 3509 1450 3631 1488; x_wconf 83' lang='lat' dir='ltr'><strong>cum</strong></span> 
     </span>
    </p>
   </div>
   <div class='ocr_carea' id='block_1_60' title="bbox 2047 1524 3634 1598">
    <p class='ocr_par' dir='ltr' id='par_1_60' title="bbox 2047 1524 3634 1598">
     <span class='ocr_line' id='line_1_60' title="bbox 2047 1524 3634 1598; baseline -0.001 -17"><span class='ocrx_word' id='word_1_448' title='bbox 2047 1526 2320 1598; x_wconf 85' lang='lat' dir='ltr'><strong>discipulis</strong></span> <span class='ocrx_word' id='word_1_449' title='bbox 2354 1527 2486 1582; x_wconf 83' lang='lat' dir='ltr'><strong>suis.</strong></span> <span class='ocrx_word' id='word_1_450' title='bbox 2527 1527 2682 1594; x_wconf 88' lang='lat' dir='ltr'><strong>Quod</strong></span> <span class='ocrx_word' id='word_1_451' title='bbox 2711 1534 2891 1581; x_wconf 88' lang='lat' dir='ltr'><strong>autem</strong></span> <span class='ocrx_word' id='word_1_452' title='bbox 2923 1525 3144 1582; x_wconf 90' lang='lat' dir='ltr'><strong>subiens</strong></span> <span class='ocrx_word' id='word_1_453' title='bbox 3181 1525 3236 1579; x_wconf 91' lang='lat' dir='ltr'><strong>in</strong></span> <span class='ocrx_word' id='word_1_454' title='bbox 3273 1533 3515 1580; x_wconf 90' lang='lat' dir='ltr'><strong>montem</strong></span> <span class='ocrx_word' id='word_1_455' title='bbox 3541 1524 3634 1579; x_wconf 88' lang='lat' dir='ltr'><strong>Ic-</strong></span> 
     </span>
    </p>
   </div>
   <div class='ocr_carea' id='block_1_61' title="bbox 2050 1617 3634 1688">
    <p class='ocr_par' dir='ltr' id='par_1_61' title="bbox 2050 1617 3634 1688">
     <span class='ocr_line' id='line_1_61' title="bbox 2050 1617 3634 1688; baseline -0.003 -12"><span class='ocrx_word' id='word_1_456' title='bbox 2050 1635 2172 1686; x_wconf 87' lang='lat' dir='ltr'><strong>sus,</strong></span> <span class='ocrx_word' id='word_1_457' title='bbox 2213 1619 2286 1674; x_wconf 87' lang='lat' dir='ltr'><strong>ibi</strong></span> <span class='ocrx_word' id='word_1_458' title='bbox 2329 1620 2554 1675; x_wconf 88' lang='lat' dir='ltr'><strong>sedebat</strong></span> <span class='ocrx_word' id='word_1_459' title='bbox 2590 1633 2712 1675; x_wconf 89' lang='lat' dir='ltr'><strong>cum</strong></span> <span class='ocrx_word' id='word_1_460' title='bbox 2749 1618 3028 1688; x_wconf 88' lang='lat' dir='ltr'><strong>discipulis</strong></span> <span class='ocrx_word' id='word_1_461' title='bbox 3072 1617 3215 1682; x_wconf 88' lang='lat' dir='ltr'><strong>suis,</strong></span> <span class='ocrx_word' id='word_1_462' title='bbox 3252 1617 3348 1672; x_wconf 87' lang='lat' dir='ltr'><strong>sed</strong></span> <span class='ocrx_word' id='word_1_463' title='bbox 3379 1617 3634 1673; x_wconf 84' lang='lat' dir='ltr'><strong>veniente</strong></span> 
     </span>
    </p>
   </div>
   <div class='ocr_carea' id='block_1_62' title="bbox 2051 1707 3630 1778">
    <p class='ocr_par' dir='ltr' id='par_1_62' title="bbox 2051 1707 3630 1778">
     <span class='ocr_line' id='line_1_62' title="bbox 2051 1707 3630 1778; baseline -0.004 -10"><span class='ocrx_word' id='word_1_464' title='bbox 2051 1714 2118 1768; x_wconf 92' lang='lat' dir='ltr'><strong>ad</strong></span> <span class='ocrx_word' id='word_1_465' title='bbox 2147 1728 2272 1768; x_wconf 90' lang='lat' dir='ltr'><strong>eum</strong></span> <span class='ocrx_word' id='word_1_466' title='bbox 2308 1710 2980 1774; x_wconf 76' lang='lat' dir='ltr'><strong>multitudine-descendit,</strong></span> <span class='ocrx_word' id='word_1_467' title='bbox 3012 1717 3174 1778; x_wconf 89' lang='lat' dir='ltr'><strong>atque</strong></span> <span class='ocrx_word' id='word_1_468' title='bbox 3208 1708 3349 1763; x_wconf 90' lang='lat' dir='ltr'><strong>hanc</strong></span> <span class='ocrx_word' id='word_1_469' title='bbox 3387 1707 3443 1762; x_wconf 92' lang='lat' dir='ltr'><strong>in</strong></span> <span class='ocrx_word' id='word_1_470' title='bbox 3469 1722 3630 1776; x_wconf 55' lang='lat' dir='ltr'><strong>supe.</strong></span> 
     </span>
    </p>
   </div>
   <div class='ocr_carea' id='block_1_63' title="bbox 2049 1798 3630 1872">
    <p class='ocr_par' dir='ltr' id='par_1_63' title="bbox 2049 1798 3630 1872">
     <span class='ocr_line' id='line_1_63' title="bbox 2049 1798 3630 1872; baseline -0.006 -12"><span class='ocrx_word' id='word_1_471' title='bbox 2049 1805 2284 1864; x_wconf 90' lang='lat' dir='ltr'><strong>rioribus</strong></span> <span class='ocrx_word' id='word_1_472' title='bbox 2317 1803 2508 1868; x_wconf 89' lang='lat' dir='ltr'><strong>reﬁcit,</strong></span> <span class='ocrx_word' id='word_1_473' title='bbox 2540 1818 2703 1872; x_wconf 89' lang='lat' dir='ltr'><strong>quam</strong></span> <span class='ocrx_word' id='word_1_474' title='bbox 2731 1803 2786 1856; x_wconf 92' lang='lat' dir='ltr'><strong>in</strong></span> <span class='ocrx_word' id='word_1_475' title='bbox 2817 1799 3164 1856; x_wconf 84' lang='lat' dir='ltr'><strong>inferioribus</strong></span> <span class='ocrx_word' id='word_1_476' title='bbox 3190 1798 3352 1869; x_wconf 89' lang='lat' dir='ltr'><strong>paulo</strong></span> <span class='ocrx_word' id='word_1_477' title='bbox 3376 1807 3502 1852; x_wconf 89' lang='lat' dir='ltr'><strong>ante</strong></span> <span class='ocrx_word' id='word_1_478' title='bbox 3531 1813 3630 1852; x_wconf 91' lang='lat' dir='ltr'><strong>cu-</strong></span> 
     </span>
    </p>
   </div>
   <div class='ocr_carea' id='block_1_64' title="bbox 2049 1887 3633 1966">
    <p class='ocr_par' dir='ltr' id='par_1_64' title="bbox 2049 1887 3633 1966">
     <span class='ocr_line' id='line_1_64' title="bbox 2049 1887 3633 1966; baseline -0.006 -12"><span class='ocrx_word' id='word_1_479' title='bbox 2049 1907 2284 1954; x_wconf 84' lang='lat' dir='ltr'><strong>raverat.</strong></span> <span class='ocrx_word' id='word_1_480' title='bbox 2320 1898 2668 1966; x_wconf 86' lang='lat' dir='ltr'><strong>Nequaquam</strong></span> <span class='ocrx_word' id='word_1_481' title='bbox 2705 1895 2907 1949; x_wconf 85' lang='lat' dir='ltr'><strong>frustra</strong></span> <span class='ocrx_word' id='word_1_482' title='bbox 2949 1892 3150 1950; x_wconf 87' lang='lat' dir='ltr'><strong>factum</strong></span> <span class='ocrx_word' id='word_1_483' title='bbox 3186 1887 3490 1956; x_wconf 80' lang='lat' dir='ltr'><strong>credamus,</strong></span> <span class='ocrx_word' id='word_1_484' title='bbox 3534 1891 3633 1945; x_wconf 87' lang='lat' dir='ltr'><strong>sed</strong></span> 
     </span>
    </p>
   </div>
   <div class='ocr_carea' id='block_1_65' title="bbox 2047 1983 3632 2062">
    <p class='ocr_par' dir='ltr' id='par_1_65' title="bbox 2047 1983 3632 2062">
     <span class='ocr_line' id='line_1_65' title="bbox 2047 1983 3632 2062; baseline -0.008 -13"><span class='ocrx_word' id='word_1_485' title='bbox 2047 1995 2117 2049; x_wconf 88' lang='lat' dir='ltr'><strong>ad</strong></span> <span class='ocrx_word' id='word_1_486' title='bbox 2153 1989 2566 2062; x_wconf 85' lang='lat' dir='ltr'><strong>signiﬁcandum</strong></span> <span class='ocrx_word' id='word_1_487' title='bbox 2613 1988 2867 2059; x_wconf 85' lang='lat' dir='ltr'><strong>mystice,</strong></span> <span class='ocrx_word' id='word_1_488' title='bbox 2904 1986 3030 2056; x_wconf 91' lang='lat' dir='ltr'><strong>quia</strong></span> <span class='ocrx_word' id='word_1_489' title='bbox 3067 1983 3372 2040; x_wconf 88' lang='lat' dir='ltr'><strong>doctrinam</strong></span> <span class='ocrx_word' id='word_1_490' title='bbox 3411 1990 3466 2036; x_wconf 92' lang='lat' dir='ltr'><strong>et</strong></span> <span class='ocrx_word' id='word_1_491' title='bbox 3494 1983 3632 2037; x_wconf 82' lang='lat' dir='ltr'><strong>cha-</strong></span> 
     </span>
    </p>
   </div>
   <div class='ocr_carea' id='block_1_66' title="bbox 2047 2075 3634 2149">
    <p class='ocr_par' dir='ltr' id='par_1_66' title="bbox 2047 2075 3634 2149">
     <span class='ocr_line' id='line_1_66' title="bbox 2047 2075 3634 2149; baseline -0.008 -9"><span class='ocrx_word' id='word_1_492' title='bbox 2047 2086 2271 2142; x_wconf 89' lang='lat' dir='ltr'><strong>rismata</strong></span> <span class='ocrx_word' id='word_1_493' title='bbox 2305 2099 2426 2149; x_wconf 88' lang='lat' dir='ltr'><strong>sua,</strong></span> <span class='ocrx_word' id='word_1_494' title='bbox 2463 2081 2724 2136; x_wconf 90' lang='lat' dir='ltr'><strong>Dominus</strong></span> <span class='ocrx_word' id='word_1_495' title='bbox 2767 2080 2923 2149; x_wconf 73' lang='lat' dir='ltr'><strong>juxta</strong></span> <span class='ocrx_word' id='word_1_496' title='bbox 2958 2076 3376 2147; x_wconf 89' lang='lat' dir='ltr'><strong>percipientium</strong></span> <span class='ocrx_word' id='word_1_497' title='bbox 3416 2075 3634 2144; x_wconf 89' lang='lat' dir='ltr'><strong>capaci-</strong></span> 
     </span>
    </p>
   </div>
   <div class='ocr_carea' id='block_1_67' title="bbox 2047 2165 3634 2238">
    <p class='ocr_par' dir='ltr' id='par_1_67' title="bbox 2047 2165 3634 2238">
     <span class='ocr_line' id='line_1_67' title="bbox 2047 2165 3634 2238; baseline -0.008 -6"><span class='ocrx_word' id='word_1_498' title='bbox 2047 2184 2215 2232; x_wconf 90' lang='lat' dir='ltr'><strong>tatem</strong></span> <span class='ocrx_word' id='word_1_499' title='bbox 2257 2173 2551 2230; x_wconf 89' lang='lat' dir='ltr'><strong>distribuit.</strong></span> <span class='ocrx_word' id='word_1_500' title='bbox 2593 2171 2826 2226; x_wconf 86' lang='lat' dir='ltr'><strong>lnﬁrmis</strong></span> <span class='ocrx_word' id='word_1_501' title='bbox 2869 2170 3046 2225; x_wconf 89' lang='lat' dir='ltr'><strong>adhuc</strong></span> <span class='ocrx_word' id='word_1_502' title='bbox 3091 2167 3308 2238; x_wconf 91' lang='lat' dir='ltr'><strong>quidem</strong></span> <span class='ocrx_word' id='word_1_503' title='bbox 3359 2165 3634 2222; x_wconf 89' lang='lat' dir='ltr'><strong>mentibus</strong></span> 
     </span>
    </p>
   </div>
   <div class='ocr_carea' id='block_1_68' title="bbox 2046 2261 3632 2339">
    <p class='ocr_par' dir='ltr' id='par_1_68' title="bbox 2046 2261 3632 2339">
     <span class='ocr_line' id='line_1_68' title="bbox 2046 2261 3632 2339; baseline -0.007 -15"><span class='ocrx_word' id='word_1_504' title='bbox 2046 2283 2111 2324; x_wconf 88' lang='lat' dir='ltr'><strong>ac</strong></span> <span class='ocrx_word' id='word_1_505' title='bbox 2133 2266 2375 2339; x_wconf 85' lang='lat' dir='ltr'><strong>parvulis</strong></span> <span class='ocrx_word' id='word_1_506' title='bbox 2403 2265 2619 2335; x_wconf 84' lang='lat' dir='ltr'><strong>spiritu,</strong></span> <span class='ocrx_word' id='word_1_507' title='bbox 2653 2263 2984 2334; x_wconf 89' lang='lat' dir='ltr'><strong>simpliciora</strong></span> <span class='ocrx_word' id='word_1_508' title='bbox 3018 2262 3223 2317; x_wconf 91' lang='lat' dir='ltr'><strong>monita</strong></span> <span class='ocrx_word' id='word_1_509' title='bbox 3256 2261 3632 2323; x_wconf 86' lang='lat' dir='ltr'><strong>committens,</strong></span> 
     </span>
    </p>
   </div>
   <div class='ocr_carea' id='block_1_69' title="bbox 2044 2353 3631 2430">
    <p class='ocr_par' dir='ltr' id='par_1_69' title="bbox 2044 2353 3631 2430">
     <span class='ocr_line' id='line_1_69' title="bbox 2044 2353 3631 2430; baseline -0.006 -16"><span class='ocrx_word' id='word_1_510' title='bbox 2044 2367 2101 2414; x_wconf 86' lang='lat' dir='ltr'><strong>et</strong></span> <span class='ocrx_word' id='word_1_511' title='bbox 2129 2359 2400 2430; x_wconf 86' lang='lat' dir='ltr'><strong>apertiora</strong></span> <span class='ocrx_word' id='word_1_512' title='bbox 2425 2357 2652 2412; x_wconf 90' lang='lat' dir='ltr'><strong>credens</strong></span> <span class='ocrx_word' id='word_1_513' title='bbox 2679 2363 3043 2419; x_wconf 88' lang='lat' dir='ltr'><strong>sacramenta,</strong></span> <span class='ocrx_word' id='word_1_514' title='bbox 3072 2353 3392 2410; x_wconf 86' lang='lat' dir='ltr'><strong>celsioribus</strong></span> <span class='ocrx_word' id='word_1_515' title='bbox 3419 2361 3631 2417; x_wconf 89' lang='lat' dir='ltr'><strong>autem,</strong></span> 
     </span>
    </p>
   </div>
   <div class='ocr_carea' id='block_1_70' title="bbox 2045 2445 3631 2521">
    <p class='ocr_par' dir='ltr' id='par_1_70' title="bbox 2045 2445 3631 2521">
     <span class='ocr_line' id='line_1_70' title="bbox 2045 2445 3631 2521; baseline -0.004 -18"><span class='ocrx_word' id='word_1_516' title='bbox 2045 2451 2346 2521; x_wconf 90' lang='lat' dir='ltr'><strong>quibusque</strong></span> <span class='ocrx_word' id='word_1_517' title='bbox 2385 2458 2441 2503; x_wconf 90' lang='lat' dir='ltr'><strong>et</strong></span> <span class='ocrx_word' id='word_1_518' title='bbox 2483 2445 2898 2516; x_wconf 87' lang='lat' dir='ltr'><strong>perfectioribus</strong></span> <span class='ocrx_word' id='word_1_519' title='bbox 2943 2460 3128 2509; x_wconf 90' lang='lat' dir='ltr'><strong>sensu,</strong></span> <span class='ocrx_word' id='word_1_520' title='bbox 3173 2445 3468 2500; x_wconf 88' lang='lat' dir='ltr'><strong>secretiora</strong></span> <span class='ocrx_word' id='word_1_521' title='bbox 3515 2457 3631 2497; x_wconf 71' lang='lat' dir='ltr'><strong>sua:</strong></span> 
     </span>
    </p>
   </div>
   <div class='ocr_carea' id='block_1_71' title="bbox 2043 2535 3634 2610">
    <p class='ocr_par' dir='ltr' id='par_1_71' title="bbox 2043 2535 3634 2610">
     <span class='ocr_line' id='line_1_71' title="bbox 2043 2535 3634 2610; baseline -0.006 -14"><span class='ocrx_word' id='word_1_522' title='bbox 2043 2539 2344 2610; x_wconf 72' lang='lat' dir='ltr'><strong>maiestatis</strong></span> <span class='ocrx_word' id='word_1_523' title='bbox 2375 2553 2576 2594; x_wconf 90' lang='lat' dir='ltr'><strong>arcana</strong></span> <span class='ocrx_word' id='word_1_524' title='bbox 2610 2551 2882 2601; x_wconf 90' lang='lat' dir='ltr'><strong>reserans,</strong></span> <span class='ocrx_word' id='word_1_525' title='bbox 2927 2535 3122 2593; x_wconf 86' lang='lat' dir='ltr'><strong>altiora</strong></span> <span class='ocrx_word' id='word_1_526' title='bbox 3159 2535 3370 2590; x_wconf 63' lang='lat' dir='ltr'><strong>devotas</strong></span> <span class='ocrx_word' id='word_1_527' title='bbox 3401 2547 3634 2588; x_wconf 74' lang='lat' dir='ltr'><strong>conver—</strong></span> 
     </span>
    </p>
   </div>
   <div class='ocr_carea' id='block_1_72' title="bbox 2044 2626 3630 2700">
    <p class='ocr_par' dir='ltr' id='par_1_72' title="bbox 2044 2626 3630 2700">
     <span class='ocr_line' id='line_1_72' title="bbox 2044 2626 3630 2700; baseline -0.006 -12"><span class='ocrx_word' id='word_1_528' title='bbox 2044 2632 2270 2689; x_wconf 88' lang='lat' dir='ltr'><strong>sationis</strong></span> <span class='ocrx_word' id='word_1_529' title='bbox 2321 2631 2518 2686; x_wconf 90' lang='lat' dir='ltr'><strong>itinera</strong></span> <span class='ocrx_word' id='word_1_530' title='bbox 2567 2644 2884 2700; x_wconf 79' lang='lat' dir='ltr'><strong>suggerens,</strong></span> <span class='ocrx_word' id='word_1_531' title='bbox 2928 2637 2985 2684; x_wconf 90' lang='lat' dir='ltr'><strong>ct</strong></span> <span class='ocrx_word' id='word_1_532' title='bbox 3035 2627 3227 2684; x_wconf 88' lang='lat' dir='ltr'><strong>altiora</strong></span> <span class='ocrx_word' id='word_1_533' title='bbox 3278 2626 3630 2696; x_wconf 79' lang='lat' dir='ltr'><strong>praemiorum</strong></span> 
     </span>
    </p>
   </div>
   <div class='ocr_carea' id='block_1_73' title="bbox 2043 2719 2880 2790">
    <p class='ocr_par' dir='ltr' id='par_1_73' title="bbox 2043 2719 2880 2790">
     <span class='ocr_line' id='line_1_73' title="bbox 2043 2719 2880 2790; baseline -0.008 -11"><span class='ocrx_word' id='word_1_534' title='bbox 2043 2721 2346 2779; x_wconf 81' lang='lat' dir='ltr'><strong>ccelestium</strong></span> <span class='ocrx_word' id='word_1_535' title='bbox 2369 2720 2509 2776; x_wconf 88' lang='lat' dir='ltr'><strong>dona</strong></span> <span class='ocrx_word' id='word_1_536' title='bbox 2537 2719 2880 2790; x_wconf 87' lang='lat' dir='ltr'><strong>promittens.</strong></span> 
     </span>
    </p>
   </div>
   <div class='ocr_carea' id='block_1_74' title="bbox 2111 2805 3632 2880">
    <p class='ocr_par' dir='ltr' id='par_1_74' title="bbox 2111 2805 3632 2880">
     <span class='ocr_line' id='line_1_74' title="bbox 2111 2805 3632 2880; baseline -0.006 -12"><span class='ocrx_word' id='word_1_537' title='bbox 2111 2813 2243 2868; x_wconf 86' lang='lat' dir='ltr'><strong>Erat</strong></span> <span class='ocrx_word' id='word_1_538' title='bbox 2283 2820 2456 2867; x_wconf 77' lang='lat' dir='ltr'><strong>autem</strong></span> <span class='ocrx_word' id='word_1_539' title='bbox 2491 2813 2786 2880; x_wconf 68' lang='lat' dir='ltr'><strong>proximum</strong></span> <span class='ocrx_word' id='word_1_540' title='bbox 2815 2806 3046 2868; x_wconf 83' lang='lat' dir='ltr'><strong>Pascha.</strong></span> <span class='ocrx_word' id='word_1_541' title='bbox 3073 2809 3186 2863; x_wconf 87' lang='lat' dir='ltr'><strong>dies</strong></span> <span class='ocrx_word' id='word_1_542' title='bbox 3223 2808 3386 2877; x_wconf 79' lang='lat' dir='ltr'><strong>festus</strong></span> <span class='ocrx_word' id='word_1_543' title='bbox 3409 2805 3632 2860; x_wconf 65' lang='lat' dir='ltr'><strong>Iudwo~</strong></span> 
     </span>
    </p>
   </div>
   <div class='ocr_carea' id='block_1_75' title="bbox 2042 2898 3634 2971">
    <p class='ocr_par' dir='ltr' id='par_1_75' title="bbox 2042 2898 3634 2971">
     <span class='ocr_line' id='line_1_75' title="bbox 2042 2898 3634 2971; baseline -0.005 -11"><span class='ocrx_word' id='word_1_544' title='bbox 2042 2923 2180 2960; x_wconf 87' lang='lat' dir='ltr'><strong>rum.</strong></span> <span class='ocrx_word' id='word_1_545' title='bbox 2211 2904 2365 2971; x_wconf 89' lang='lat' dir='ltr'><strong>Quod</strong></span> <span class='ocrx_word' id='word_1_546' title='bbox 2391 2917 2518 2957; x_wconf 88' lang='lat' dir='ltr'><strong>vero</strong></span> <span class='ocrx_word' id='word_1_547' title='bbox 2540 2902 2937 2971; x_wconf 89' lang='lat' dir='ltr'><strong>propinquante</strong></span> <span class='ocrx_word' id='word_1_548' title='bbox 2963 2899 3195 2965; x_wconf 83' lang='lat' dir='ltr'><strong>Pascha,</strong></span> <span class='ocrx_word' id='word_1_549' title='bbox 3227 2898 3489 2954; x_wconf 90' lang='lat' dir='ltr'><strong>Dominus</strong></span> <span class='ocrx_word' id='word_1_550' title='bbox 3515 2907 3634 2952; x_wconf 88' lang='lat' dir='ltr'><strong>tur—</strong></span> 
     </span>
    </p>
   </div>
   <div class='ocr_carea' id='block_1_76' title="bbox 2042 2988 3633 3060">
    <p class='ocr_par' dir='ltr' id='par_1_76' title="bbox 2042 2988 3633 3060">
     <span class='ocr_line' id='line_1_76' title="bbox 2042 2988 3633 3060; baseline -0.007 -7"><span class='ocrx_word' id='word_1_551' title='bbox 2042 2997 2141 3052; x_wconf 87' lang='lat' dir='ltr'><strong>bas</strong></span> <span class='ocrx_word' id='word_1_552' title='bbox 2167 2997 2341 3058; x_wconf 92' lang='lat' dir='ltr'><strong>docet,</strong></span> <span class='ocrx_word' id='word_1_553' title='bbox 2375 3002 2531 3049; x_wconf 89' lang='lat' dir='ltr'><strong>sanat</strong></span> <span class='ocrx_word' id='word_1_554' title='bbox 2555 3001 2611 3047; x_wconf 89' lang='lat' dir='ltr'><strong>et</strong></span> <span class='ocrx_word' id='word_1_555' title='bbox 2637 2991 2829 3057; x_wconf 91' lang='lat' dir='ltr'><strong>reﬁcit,</strong></span> <span class='ocrx_word' id='word_1_556' title='bbox 2859 3005 3148 3060; x_wconf 89' lang='lat' dir='ltr'><strong>possumus</strong></span> <span class='ocrx_word' id='word_1_557' title='bbox 3183 2989 3258 3044; x_wconf 92' lang='lat' dir='ltr'><strong>ita</strong></span> <span class='ocrx_word' id='word_1_558' title='bbox 3285 2988 3515 3059; x_wconf 85' lang='lat' dir='ltr'><strong>mystice</strong></span> <span class='ocrx_word' id='word_1_559' title='bbox 3549 2989 3633 3043; x_wconf 82' lang='lat' dir='ltr'><strong>iu-</strong></span> 
     </span>
    </p>
   </div>
   <div class='ocr_carea' id='block_1_77' title="bbox 2044 3081 3632 3158">
    <p class='ocr_par' dir='ltr' id='par_1_77' title="bbox 2044 3081 3632 3158">
     <span class='ocr_line' id='line_1_77' title="bbox 2044 3081 3632 3158; baseline -0.008 -13"><span class='ocrx_word' id='word_1_560' title='bbox 2044 3087 2350 3158; x_wconf 89' lang='lat' dir='ltr'><strong>terpretari.</strong></span> <span class='ocrx_word' id='word_1_561' title='bbox 2399 3085 2534 3152; x_wconf 91' lang='lat' dir='ltr'><strong>Quia</strong></span> <span class='ocrx_word' id='word_1_562' title='bbox 2565 3084 2772 3138; x_wconf 87' lang='lat' dir='ltr'><strong>Pascha</strong></span> <span class='ocrx_word' id='word_1_563' title='bbox 2819 3082 3081 3137; x_wconf 87' lang='lat' dir='ltr'><strong>transitus</strong></span> <span class='ocrx_word' id='word_1_564' title='bbox 3123 3081 3343 3142; x_wconf 90' lang='lat' dir='ltr'><strong>dicitur,</strong></span> <span class='ocrx_word' id='word_1_565' title='bbox 3381 3087 3437 3134; x_wconf 90' lang='lat' dir='ltr'><strong>et</strong></span> <span class='ocrx_word' id='word_1_566' title='bbox 3463 3094 3632 3149; x_wconf 89' lang='lat' dir='ltr'><strong>quos-</strong></span> 
     </span>
    </p>
   </div>
   <div class='ocr_carea' id='block_1_78' title="bbox 2040 3171 3630 3250">
    <p class='ocr_par' dir='ltr' id='par_1_78' title="bbox 2040 3171 3630 3250">
     <span class='ocr_line' id='line_1_78' title="bbox 2040 3171 3630 3250; baseline -0.006 -15"><span class='ocrx_word' id='word_1_567' title='bbox 2040 3195 2253 3250; x_wconf 88' lang='lat' dir='ltr'><strong>cunque</strong></span> <span class='ocrx_word' id='word_1_568' title='bbox 2277 3177 2536 3233; x_wconf 88' lang='lat' dir='ltr'><strong>Dominus</strong></span> <span class='ocrx_word' id='word_1_569' title='bbox 2565 3175 2775 3228; x_wconf 87' lang='lat' dir='ltr'><strong>interna</strong></span> <span class='ocrx_word' id='word_1_570' title='bbox 2801 3188 3086 3228; x_wconf 89' lang='lat' dir='ltr'><strong>munerum</strong></span> <span class='ocrx_word' id='word_1_571' title='bbox 3111 3186 3331 3227; x_wconf 88' lang='lat' dir='ltr'><strong>suorum</strong></span> <span class='ocrx_word' id='word_1_572' title='bbox 3356 3171 3630 3225; x_wconf 81' lang='lat' dir='ltr'><strong>suavitate</strong></span> 
     </span>
    </p>
   </div>
   <div class='ocr_carea' id='block_1_79' title="bbox 2040 3265 3632 3342">
    <p class='ocr_par' dir='ltr' id='par_1_79' title="bbox 2040 3265 3632 3342">
     <span class='ocr_line' id='line_1_79' title="bbox 2040 3265 3632 3342; baseline -0.006 -14"><span class='ocrx_word' id='word_1_573' title='bbox 2040 3277 2342 3342; x_wconf 88' lang='lat' dir='ltr'><strong>recuperat,</strong></span> <span class='ocrx_word' id='word_1_574' title='bbox 2381 3269 2450 3324; x_wconf 89' lang='lat' dir='ltr'><strong>ad</strong></span> <span class='ocrx_word' id='word_1_575' title='bbox 2485 3267 2755 3324; x_wconf 88' lang='lat' dir='ltr'><strong>salubrem</strong></span> <span class='ocrx_word' id='word_1_576' title='bbox 2795 3265 3038 3336; x_wconf 83' lang='lat' dir='ltr'><strong>profecto</strong></span> <span class='ocrx_word' id='word_1_577' title='bbox 3086 3265 3372 3319; x_wconf 89' lang='lat' dir='ltr'><strong>transitum</strong></span> <span class='ocrx_word' id='word_1_578' title='bbox 3411 3278 3632 3333; x_wconf 66' lang='lat' dir='ltr'><strong>praepa-</strong></span> 
     </span>
    </p>
   </div>
   <div class='ocr_carea' id='block_1_80' title="bbox 2041 3355 3630 3426">
    <p class='ocr_par' dir='ltr' id='par_1_80' title="bbox 2041 3355 3630 3426">
     <span class='ocr_line' id='line_1_80' title="bbox 2041 3355 3630 3426; baseline -0.004 -8"><span class='ocrx_word' id='word_1_579' title='bbox 2041 3374 2152 3425; x_wconf 88' lang='lat' dir='ltr'><strong>rat,</strong></span> <span class='ocrx_word' id='word_1_580' title='bbox 2193 3371 2253 3416; x_wconf 92' lang='lat' dir='ltr'><strong>ut</strong></span> <span class='ocrx_word' id='word_1_581' title='bbox 2297 3359 2544 3416; x_wconf 88' lang='lat' dir='ltr'><strong>carnales</strong></span> <span class='ocrx_word' id='word_1_582' title='bbox 2599 3357 2850 3413; x_wconf 85' lang='lat' dir='ltr'><strong>videlicet</strong></span> <span class='ocrx_word' id='word_1_583' title='bbox 2897 3356 3364 3426; x_wconf 88' lang='lat' dir='ltr'><strong>concupiscentias</strong></span> <span class='ocrx_word' id='word_1_584' title='bbox 3425 3355 3630 3411; x_wconf 82' lang='lat' dir='ltr'><strong>mentis</strong></span> 
     </span>
    </p>
   </div>
   <div class='ocr_carea' id='block_1_81' title="bbox 2039 3447 3627 3509">
    <p class='ocr_par' dir='ltr' id='par_1_81' title="bbox 2039 3447 3627 3509">
     <span class='ocr_line' id='line_1_81' title="bbox 2039 3447 3627 3509; baseline -0.004 -1"><span class='ocrx_word' id='word_1_585' title='bbox 2039 3453 2368 3509; x_wconf 83' lang='lat' dir='ltr'><strong>sublimitate</strong></span> <span class='ocrx_word' id='word_1_586' title='bbox 2398 3449 2786 3504; x_wconf 86' lang='lat' dir='ltr'><strong>transcendant</strong></span> <span class='ocrx_word' id='word_1_587' title='bbox 2821 3468 2833 3501; x_wconf 89' lang='lat'><strong>:</strong></span> <span class='ocrx_word' id='word_1_588' title='bbox 2872 3449 3086 3503; x_wconf 88' lang='lat' dir='ltr'><strong>inﬁrma</strong></span> <span class='ocrx_word' id='word_1_589' title='bbox 3116 3448 3301 3502; x_wconf 90' lang='lat' dir='ltr'><strong>mundi</strong></span> <span class='ocrx_word' id='word_1_590' title='bbox 3330 3447 3627 3509; x_wconf 87' lang='lat' dir='ltr'><strong>desideria.</strong></span> 
     </span>
    </p>
   </div>
   <div class='ocr_carea' id='block_1_82' title="bbox 2038 3539 3625 3617">
    <p class='ocr_par' dir='ltr' id='par_1_82' title="bbox 2038 3539 3625 3617">
     <span class='ocr_line' id='line_1_82' title="bbox 2038 3539 3625 3617; baseline -0.005 -17"><span class='ocrx_word' id='word_1_591' title='bbox 2038 3547 2242 3617; x_wconf 87' lang='lat' dir='ltr'><strong>pariter</strong></span> <span class='ocrx_word' id='word_1_592' title='bbox 2267 3552 2322 3598; x_wconf 91' lang='lat' dir='ltr'><strong>et</strong></span> <span class='ocrx_word' id='word_1_593' title='bbox 2349 3543 2575 3597; x_wconf 85' lang='lat' dir='ltr'><strong>adversa</strong></span> <span class='ocrx_word' id='word_1_594' title='bbox 2609 3541 2818 3596; x_wconf 69' lang='lat' dir='ltr'><strong>cmlesti</strong></span> <span class='ocrx_word' id='word_1_595' title='bbox 2844 3554 2938 3610; x_wconf 90' lang='lat' dir='ltr'><strong>spe</strong></span> <span class='ocrx_word' id='word_1_596' title='bbox 2971 3548 3028 3595; x_wconf 90' lang='lat' dir='ltr'><strong>et</strong></span> <span class='ocrx_word' id='word_1_597' title='bbox 3055 3553 3241 3594; x_wconf 90' lang='lat' dir='ltr'><strong>amore</strong></span> <span class='ocrx_word' id='word_1_598' title='bbox 3284 3539 3625 3594; x_wconf 91' lang='lat' dir='ltr'><strong>conculcent.</strong></span> 
     </span>
    </p>
   </div>
   <div class='ocr_carea' id='block_1_83' title="bbox 2109 3632 3629 3704">
    <p class='ocr_par' dir='ltr' id='par_1_83' title="bbox 2109 3632 3629 3704">
     <span class='ocr_line' id='line_1_83' title="bbox 2109 3632 3629 3704; baseline -0.004 -13"><span class='ocrx_word' id='word_1_599' title='bbox 2109 3638 2242 3692; x_wconf 83' lang='lat' dir='ltr'><strong>Cum</strong></span> <span class='ocrx_word' id='word_1_600' title='bbox 2276 3635 2590 3691; x_wconf 85' lang='lat' dir='ltr'><strong>sublevasset</strong></span> <span class='ocrx_word' id='word_1_601' title='bbox 2620 3650 2743 3704; x_wconf 85' lang='lat' dir='ltr'><strong>ergo</strong></span> <span class='ocrx_word' id='word_1_602' title='bbox 2763 3632 2942 3687; x_wconf 89' lang='lat' dir='ltr'><strong>oculos</strong></span> <span class='ocrx_word' id='word_1_603' title='bbox 2962 3632 3138 3697; x_wconf 84' lang='lat' dir='ltr'><strong>Iesus,</strong></span> <span class='ocrx_word' id='word_1_604' title='bbox 3174 3641 3223 3686; x_wconf 92' lang='lat' dir='ltr'><strong><em>et</em></strong></span> <span class='ocrx_word' id='word_1_605' title='bbox 3257 3632 3466 3686; x_wconf 75' lang='lat' dir='ltr'><strong>vidisset</strong></span> <span class='ocrx_word' id='word_1_606' title='bbox 3500 3634 3629 3703; x_wconf 83' lang='lat' dir='ltr'><strong>quia</strong></span> 
     </span>
    </p>
   </div>
   <div class='ocr_carea' id='block_1_84' title="bbox 2039 3722 3626 3792">
    <p class='ocr_par' dir='ltr' id='par_1_84' title="bbox 2039 3722 3626 3792">
     <span class='ocr_line' id='line_1_84' title="bbox 2039 3722 3626 3792; baseline -0.005 -7"><span class='ocrx_word' id='word_1_607' title='bbox 2039 3730 2321 3785; x_wconf 86' lang='lat' dir='ltr'><strong>multitudo</strong></span> <span class='ocrx_word' id='word_1_608' title='bbox 2351 3728 2586 3782; x_wconf 74' lang='lat' dir='ltr'><strong>maxima</strong></span> <span class='ocrx_word' id='word_1_609' title='bbox 2616 3726 2754 3780; x_wconf 84' lang='lat' dir='ltr'><strong>venit</strong></span> <span class='ocrx_word' id='word_1_610' title='bbox 2778 3724 2846 3778; x_wconf 92' lang='lat' dir='ltr'><strong>ad</strong></span> <span class='ocrx_word' id='word_1_611' title='bbox 2873 3739 3012 3787; x_wconf 86' lang='lat' dir='ltr'><strong>eum,</strong></span> <span class='ocrx_word' id='word_1_612' title='bbox 3041 3722 3167 3776; x_wconf 83' lang='lat' dir='ltr'><strong>dicit</strong></span> <span class='ocrx_word' id='word_1_613' title='bbox 3201 3722 3271 3776; x_wconf 90' lang='lat' dir='ltr'><strong>ad</strong></span> <span class='ocrx_word' id='word_1_614' title='bbox 3288 3722 3626 3792; x_wconf 84' lang='lat' dir='ltr'><strong>Philippum:</strong></span> 
     </span>
    </p>
   </div>
   <div class='ocr_carea' id='block_1_85' title="bbox 2043 3810 3626 3889">
    <p class='ocr_par' dir='ltr' id='par_1_85' title="bbox 2043 3810 3626 3889">
     <span class='ocr_line' id='line_1_85' title="bbox 2043 3810 3626 3889; baseline -0.007 -13"><span class='ocrx_word' id='word_1_615' title='bbox 2043 3821 2190 3876; x_wconf 90' lang='lat' dir='ltr'><strong>Unde</strong></span> <span class='ocrx_word' id='word_1_616' title='bbox 2214 3837 2442 3876; x_wconf 75' lang='lat' dir='ltr'><strong>amemus</strong></span> <span class='ocrx_word' id='word_1_617' title='bbox 2462 3834 2642 3889; x_wconf 83' lang='lat' dir='ltr'><strong>panes,</strong></span> <span class='ocrx_word' id='word_1_618' title='bbox 2677 3826 2733 3870; x_wconf 88' lang='lat' dir='ltr'><strong>ut</strong></span> <span class='ocrx_word' id='word_1_619' title='bbox 2763 3814 3078 3889; x_wconf 81' lang='lat' dir='ltr'><strong>manducent</strong></span> <span class='ocrx_word' id='word_1_620' title='bbox 3111 3811 3206 3865; x_wconf 85' lang='lat' dir='ltr'><strong>hi?</strong></span> <span class='ocrx_word' id='word_1_621' title='bbox 3249 3811 3403 3878; x_wconf 90' lang='lat' dir='ltr'><strong>Quod</strong></span> <span class='ocrx_word' id='word_1_622' title='bbox 3445 3810 3626 3865; x_wconf 86' lang='lat' dir='ltr'><strong>suble-</strong></span> 
     </span>
    </p>
   </div>
   <div class='ocr_carea' id='block_1_86' title="bbox 2037 3887 3621 3976">
    <p class='ocr_par' dir='ltr' id='par_1_86' title="bbox 2037 3887 3621 3976">
     <span class='ocr_line' id='line_1_86' title="bbox 2037 3887 3621 3976; baseline -0.005 -9"><span class='ocrx_word' id='word_1_623' title='bbox 2037 3929 2197 3970; x_wconf 83' lang='lat' dir='ltr'><strong>vasse</strong></span> <span class='ocrx_word' id='word_1_624' title='bbox 2257 3912 2445 3969; x_wconf 89' lang='lat' dir='ltr'><strong>oculos</strong></span> <span class='ocrx_word' id='word_1_625' title='bbox 2463 3887 2656 3976; x_wconf 80' lang='lat' dir='ltr'><strong>Iesus,</strong></span> <span class='ocrx_word' id='word_1_626' title='bbox 2692 3887 2789 3964; x_wconf 69' lang='lat' dir='ltr'><strong>ct/</strong></span> <span class='ocrx_word' id='word_1_627' title='bbox 2785 3907 3092 3962; x_wconf 88' lang='lat' dir='ltr'><strong>venientem</strong></span> <span class='ocrx_word' id='word_1_628' title='bbox 3133 3905 3201 3960; x_wconf 89' lang='lat' dir='ltr'><strong>ad</strong></span> <span class='ocrx_word' id='word_1_629' title='bbox 3231 3920 3289 3960; x_wconf 85' lang='lat' dir='ltr'><strong>se</strong></span> <span class='ocrx_word' id='word_1_630' title='bbox 3328 3903 3621 3959; x_wconf 90' lang='lat' dir='ltr'><strong>multitudi-</strong></span> 
     </span>
    </p>
   </div>
   <div class='ocr_carea' id='block_1_87' title="bbox 2038 3996 3626 4074">
    <p class='ocr_par' dir='ltr' id='par_1_87' title="bbox 2038 3996 3626 4074">
     <span class='ocr_line' id='line_1_87' title="bbox 2038 3996 3626 4074; baseline -0.006 -14"><span class='ocrx_word' id='word_1_631' title='bbox 2038 4022 2162 4061; x_wconf 88' lang='lat' dir='ltr'><strong>nem</strong></span> <span class='ocrx_word' id='word_1_632' title='bbox 2211 4005 2410 4060; x_wconf 81' lang='lat' dir='ltr'><strong>vidisse</strong></span> <span class='ocrx_word' id='word_1_633' title='bbox 2465 4001 2797 4074; x_wconf 84' lang='lat' dir='ltr'><strong>perhibetur,</strong></span> <span class='ocrx_word' id='word_1_634' title='bbox 2850 3997 3048 4053; x_wconf 75' lang='lat' dir='ltr'><strong>divinae</strong></span> <span class='ocrx_word' id='word_1_635' title='bbox 3091 3996 3310 4067; x_wconf 88' lang='lat' dir='ltr'><strong>pietatis</strong></span> <span class='ocrx_word' id='word_1_636' title='bbox 3364 3996 3626 4052; x_wconf 86' lang='lat' dir='ltr'><strong>indicium</strong></span> 
     </span>
    </p>
   </div>
   <div class='ocr_carea' id='block_1_88' title="bbox 2038 4085 3624 4164">
    <p class='ocr_par' dir='ltr' id='par_1_88' title="bbox 2038 4085 3624 4164">
     <span class='ocr_line' id='line_1_88' title="bbox 2038 4085 3624 4164; baseline -0.006 -14"><span class='ocrx_word' id='word_1_637' title='bbox 2038 4104 2140 4158; x_wconf 90' lang='lat' dir='ltr'><strong>est,</strong></span> <span class='ocrx_word' id='word_1_638' title='bbox 2171 4095 2299 4164; x_wconf 90' lang='lat' dir='ltr'><strong>quia</strong></span> <span class='ocrx_word' id='word_1_639' title='bbox 2326 4092 2577 4148; x_wconf 90' lang='lat' dir='ltr'><strong>videlicet</strong></span> <span class='ocrx_word' id='word_1_640' title='bbox 2602 4088 2812 4144; x_wconf 89' lang='lat' dir='ltr'><strong>cunctis</strong></span> <span class='ocrx_word' id='word_1_641' title='bbox 2840 4086 2908 4142; x_wconf 90' lang='lat' dir='ltr'><strong>ad</strong></span> <span class='ocrx_word' id='word_1_642' title='bbox 2935 4101 2994 4142; x_wconf 88' lang='lat' dir='ltr'><strong>se</strong></span> <span class='ocrx_word' id='word_1_643' title='bbox 3017 4086 3204 4142; x_wconf 91' lang='lat' dir='ltr'><strong>venire</strong></span> <span class='ocrx_word' id='word_1_644' title='bbox 3231 4085 3624 4156; x_wconf 70' lang='lat' dir='ltr'><strong>qumrentibus,</strong></span> 
     </span>
    </p>
   </div>
   <div class='ocr_carea' id='block_1_89' title="bbox 2038 4178 3624 4258">
    <p class='ocr_par' dir='ltr' id='par_1_89' title="bbox 2038 4178 3624 4258">
     <span class='ocr_line' id='line_1_89' title="bbox 2038 4178 3624 4258; baseline -0.006 -18"><span class='ocrx_word' id='word_1_645' title='bbox 2038 4186 2213 4258; x_wconf 83' lang='lat' dir='ltr'><strong>gratia</strong></span> <span class='ocrx_word' id='word_1_646' title='bbox 2257 4182 2646 4240; x_wconf 70' lang='lat' dir='ltr'><strong>misericordias</strong></span> <span class='ocrx_word' id='word_1_647' title='bbox 2695 4179 2933 4236; x_wconf 75' lang='lat' dir='ltr'><strong>caelestis</strong></span> <span class='ocrx_word' id='word_1_648' title='bbox 2978 4193 3268 4238; x_wconf 89' lang='lat' dir='ltr'><strong>occurrere</strong></span> <span class='ocrx_word' id='word_1_649' title='bbox 3319 4178 3624 4233; x_wconf 88' lang='lat' dir='ltr'><strong>consuevit.</strong></span> 
     </span>
    </p>
   </div>
   <div class='ocr_carea' id='block_1_90' title="bbox 2040 4269 3628 4346">
    <p class='ocr_par' dir='ltr' id='par_1_90' title="bbox 2040 4269 3628 4346">
     <span class='ocr_line' id='line_1_90' title="bbox 2040 4269 3628 4346; baseline -0.005 -14"><span class='ocrx_word' id='word_1_650' title='bbox 2040 4278 2107 4332; x_wconf 82' lang='lat' dir='ltr'><strong>Et</strong></span> <span class='ocrx_word' id='word_1_651' title='bbox 2141 4292 2210 4332; x_wconf 89' lang='lat' dir='ltr'><strong>ne</strong></span> <span class='ocrx_word' id='word_1_652' title='bbox 2242 4275 2533 4346; x_wconf 82' lang='lat' dir='ltr'><strong>quaerendo</strong></span> <span class='ocrx_word' id='word_1_653' title='bbox 2569 4286 2756 4330; x_wconf 89' lang='lat' dir='ltr'><strong>errare</strong></span> <span class='ocrx_word' id='word_1_654' title='bbox 2789 4271 3027 4342; x_wconf 89' lang='lat' dir='ltr'><strong>possint,</strong></span> <span class='ocrx_word' id='word_1_655' title='bbox 3067 4271 3242 4326; x_wconf 90' lang='lat' dir='ltr'><strong>lucem</strong></span> <span class='ocrx_word' id='word_1_656' title='bbox 3277 4269 3359 4324; x_wconf 91' lang='lat' dir='ltr'><strong>sui</strong></span> <span class='ocrx_word' id='word_1_657' title='bbox 3399 4269 3628 4338; x_wconf 86' lang='lat' dir='ltr'><strong>spiritus</strong></span> 
     </span>
    </p>
   </div>
   <div class='ocr_carea' id='block_1_91' title="bbox 361 4361 3624 4446">
    <p class='ocr_par' dir='ltr' id='par_1_91' title="bbox 361 4361 3624 4446">
     <span class='ocr_line' id='line_1_91' title="bbox 361 4361 3624 4446; baseline 0.001 -33"><span class='ocrx_word' id='word_1_658' title='bbox 361 4361 462 4427; x_wconf 78' lang='lat' dir='ltr'><strong>dis,</strong></span> <span class='ocrx_word' id='word_1_659' title='bbox 497 4370 545 4416; x_wconf 92' lang='lat' dir='ltr'><strong><em>et</em></strong></span> <span class='ocrx_word' id='word_1_660' title='bbox 579 4363 889 4432; x_wconf 84' lang='lat' dir='ltr'><strong>sequebatur</strong></span> <span class='ocrx_word' id='word_1_661' title='bbox 917 4379 1035 4417; x_wconf 89' lang='lat' dir='ltr'><strong>eum</strong></span> <span class='ocrx_word' id='word_1_662' title='bbox 1066 4363 1347 4420; x_wconf 85' lang='lat' dir='ltr'><strong>multitudo</strong></span> <span class='ocrx_word' id='word_1_663' title='bbox 1381 4383 1596 4436; x_wconf 87' lang='lat' dir='ltr'><strong>magna,</strong></span> <span class='ocrx_word' id='word_1_664' title='bbox 1625 4375 1681 4422; x_wconf 90' lang='lat' dir='ltr'><strong>et</strong></span> <span class='ocrx_word' id='word_1_665' title='bbox 1704 4368 1929 4438; x_wconf 88' lang='lat' dir='ltr'><strong>reliqua.</strong></span> <span class='ocrx_word' id='word_1_666' title='bbox 1958 4386 2012 4446; x_wconf 80' lang='lat' dir='ltr'><strong>D</strong></span> <span class='ocrx_word' id='word_1_667' title='bbox 2039 4368 2249 4437; x_wconf 89' lang='lat' dir='ltr'><strong>aperire</strong></span> <span class='ocrx_word' id='word_1_668' title='bbox 2290 4367 2634 4425; x_wconf 84' lang='lat' dir='ltr'><strong>currentibus</strong></span> <span class='ocrx_word' id='word_1_669' title='bbox 2678 4383 2786 4423; x_wconf 90' lang='lat' dir='ltr'><strong>non</strong></span> <span class='ocrx_word' id='word_1_670' title='bbox 2832 4367 3050 4423; x_wconf 91' lang='lat' dir='ltr'><strong>desinit.</strong></span> <span class='ocrx_word' id='word_1_671' title='bbox 3104 4365 3241 4420; x_wconf 86' lang='lat' dir='ltr'><strong>Nam</strong></span> <span class='ocrx_word' id='word_1_672' title='bbox 3288 4363 3434 4434; x_wconf 88' lang='lat' dir='ltr'><strong>quod</strong></span> <span class='ocrx_word' id='word_1_673' title='bbox 3481 4364 3624 4419; x_wconf 89' lang='lat' dir='ltr'><strong>oculi</strong></span> 
     </span>
    </p>
   </div>
   <div class='ocr_carea' id='block_1_92' title="bbox 360 4456 1930 4531">
    <p class='ocr_par' dir='ltr' id='par_1_92' title="bbox 360 4456 1930 4531">
     <span class='ocr_line' id='line_1_92' title="bbox 360 4456 1930 4531; baseline 0.004 -22"><span class='ocrx_word' id='word_1_674' title='bbox 360 4456 460 4516; x_wconf 75' lang='lat' dir='ltr'><strong>(Ex</strong></span> <span class='ocrx_word' id='word_1_675' title='bbox 485 4456 673 4529; x_wconf 90' lang='lat' dir='ltr'><strong>Beda.)</strong></span> <span class='ocrx_word' id='word_1_676' title='bbox 705 4457 887 4514; x_wconf 85' lang='lat' dir='ltr'><strong>Primo</strong></span> <span class='ocrx_word' id='word_1_677' title='bbox 923 4459 1235 4523; x_wconf 90' lang='lat' dir='ltr'><strong>dicendum,</strong></span> <span class='ocrx_word' id='word_1_678' title='bbox 1271 4457 1428 4527; x_wconf 77' lang='lat' dir='ltr'><strong>juxta</strong></span> <span class='ocrx_word' id='word_1_679' title='bbox 1463 4460 1774 4526; x_wconf 87' lang='lat' dir='ltr'><strong>historiam,</strong></span> <span class='ocrx_word' id='word_1_680' title='bbox 1804 4462 1930 4531; x_wconf 92' lang='lat' dir='ltr'><strong>quia</strong></span> 
     </span>
    </p>
   </div>
   <div class='ocr_carea' id='block_1_93' title="bbox 359 4547 1933 4620">
    <p class='ocr_par' dir='ltr' id='par_1_93' title="bbox 359 4547 1933 4620">
     <span class='ocr_line' id='line_1_93' title="bbox 359 4547 1933 4620; baseline 0.004 -19"><span class='ocrx_word' id='word_1_681' title='bbox 359 4563 508 4604; x_wconf 88' lang='lat' dir='ltr'><strong>mare</strong></span> <span class='ocrx_word' id='word_1_682' title='bbox 529 4547 783 4616; x_wconf 77' lang='lat' dir='ltr'><strong>Galilacze,</strong></span> <span class='ocrx_word' id='word_1_683' title='bbox 812 4551 957 4620; x_wconf 91' lang='lat' dir='ltr'><strong>quod</strong></span> <span class='ocrx_word' id='word_1_684' title='bbox 987 4551 1195 4615; x_wconf 88' lang='lat' dir='ltr'><strong>multis,</strong></span> <span class='ocrx_word' id='word_1_685' title='bbox 1228 4566 1328 4620; x_wconf 91' lang='lat' dir='ltr'><strong>pro</strong></span> <span class='ocrx_word' id='word_1_686' title='bbox 1363 4551 1674 4606; x_wconf 84' lang='lat' dir='ltr'><strong>diversitate</strong></span> <span class='ocrx_word' id='word_1_687' title='bbox 1699 4553 1933 4609; x_wconf 91' lang='lat' dir='ltr'><strong>circum-</strong></span> 
     </span>
    </p>
   </div>
   <div class='ocr_carea' id='block_1_94' title="bbox 353 4640 1935 4713">
    <p class='ocr_par' dir='ltr' id='par_1_94' title="bbox 353 4640 1935 4713">
     <span class='ocr_line' id='line_1_94' title="bbox 353 4640 1935 4713; baseline 0.005 -19"><span class='ocrx_word' id='word_1_688' title='bbox 353 4640 644 4709; x_wconf 89' lang='lat' dir='ltr'><strong>jacentium</strong></span> <span class='ocrx_word' id='word_1_689' title='bbox 693 4644 1014 4713; x_wconf 80' lang='lat' dir='ltr'><strong>regionum,</strong></span> <span class='ocrx_word' id='word_1_690' title='bbox 1065 4643 1343 4698; x_wconf 83' lang='lat' dir='ltr'><strong>vocabulis</strong></span> <span class='ocrx_word' id='word_1_691' title='bbox 1395 4643 1778 4713; x_wconf 79' lang='lat' dir='ltr'><strong>distinguitur,</strong></span> <span class='ocrx_word' id='word_1_692' title='bbox 1829 4647 1935 4702; x_wconf 92' lang='lat' dir='ltr'><strong>illis</strong></span> 
     </span>
    </p>
   </div>
   <div class='ocr_carea' id='block_1_95' title="bbox 359 4731 1936 4800">
    <p class='ocr_par' dir='ltr' id='par_1_95' title="bbox 359 4731 1936 4800">
     <span class='ocr_line' id='line_1_95' title="bbox 359 4731 1936 4800; baseline 0.006 -17"><span class='ocrx_word' id='word_1_693' title='bbox 359 4739 567 4786; x_wconf 89' lang='lat' dir='ltr'><strong>tantum</strong></span> <span class='ocrx_word' id='word_1_694' title='bbox 605 4732 662 4786; x_wconf 92' lang='lat' dir='ltr'><strong>in</strong></span> <span class='ocrx_word' id='word_1_695' title='bbox 697 4732 832 4788; x_wconf 91' lang='lat' dir='ltr'><strong>locis</strong></span> <span class='ocrx_word' id='word_1_696' title='bbox 860 4748 1012 4787; x_wconf 88' lang='lat' dir='ltr'><strong>mare</strong></span> <span class='ocrx_word' id='word_1_697' title='bbox 1038 4731 1343 4787; x_wconf 89' lang='lat' dir='ltr'><strong>Tiberiadis</strong></span> <span class='ocrx_word' id='word_1_698' title='bbox 1381 4742 1625 4800; x_wconf 88' lang='lat' dir='ltr'><strong>vocatur,</strong></span> <span class='ocrx_word' id='word_1_699' title='bbox 1660 4736 1750 4790; x_wconf 89' lang='lat' dir='ltr'><strong>ubi</strong></span> <span class='ocrx_word' id='word_1_700' title='bbox 1777 4736 1936 4792; x_wconf 84' lang='lat' dir='ltr'><strong>Tibe-</strong></span> 
     </span>
    </p>
   </div>
   <div class='ocr_carea' id='block_1_96' title="bbox 358 4821 1931 4891">
    <p class='ocr_par' dir='ltr' id='par_1_96' title="bbox 358 4821 1931 4891">
     <span class='ocr_line' id='line_1_96' title="bbox 358 4821 1931 4891; baseline 0.004 -16"><span class='ocrx_word' id='word_1_701' title='bbox 358 4821 562 4877; x_wconf 89' lang='lat' dir='ltr'><strong>riadem</strong></span> <span class='ocrx_word' id='word_1_702' title='bbox 599 4823 905 4888; x_wconf 88' lang='lat' dir='ltr'><strong>civitatem,</strong></span> <span class='ocrx_word' id='word_1_703' title='bbox 937 4823 1094 4891; x_wconf 91' lang='lat' dir='ltr'><strong>aquis</strong></span> <span class='ocrx_word' id='word_1_704' title='bbox 1113 4863 1128 4889; x_wconf 91' lang='lat'><strong>,</strong></span> <span class='ocrx_word' id='word_1_705' title='bbox 1159 4831 1218 4877; x_wconf 84' lang='lat' dir='ltr'><strong>ut</strong></span> <span class='ocrx_word' id='word_1_706' title='bbox 1254 4823 1420 4888; x_wconf 86' lang='lat' dir='ltr'><strong>aiunt,</strong></span> <span class='ocrx_word' id='word_1_707' title='bbox 1447 4825 1635 4880; x_wconf 91' lang='lat' dir='ltr'><strong>calidis</strong></span> <span class='ocrx_word' id='word_1_708' title='bbox 1661 4826 1931 4882; x_wconf 87' lang='lat' dir='ltr'><strong>salubrem</strong></span> 
     </span>
    </p>
   </div>
   <div class='ocr_carea' id='block_1_97' title="bbox 360 4911 1936 4984">
    <p class='ocr_par' dir='ltr' id='par_1_97' title="bbox 360 4911 1936 4984">
     <span class='ocr_line' id='line_1_97' title="bbox 360 4911 1936 4984; baseline 0.005 -19"><span class='ocrx_word' id='word_1_709' title='bbox 360 4911 745 4968; x_wconf 86' lang='lat' dir='ltr'><strong>habitationem</strong></span> <span class='ocrx_word' id='word_1_710' title='bbox 799 4922 1198 4983; x_wconf 63' lang='lat' dir='ltr'><strong>praemonstrat.</strong></span> <span class='ocrx_word' id='word_1_711' title='bbox 1265 4914 1539 4984; x_wconf 91' lang='lat' dir='ltr'><strong>Siquidem</strong></span> <span class='ocrx_word' id='word_1_712' title='bbox 1595 4917 1936 4974; x_wconf 85' lang='lat' dir='ltr'><strong>interﬂuente</strong></span> 
     </span>
    </p>
   </div>
   <div class='ocr_carea' id='block_1_98' title="bbox 353 4999 1931 5078">
    <p class='ocr_par' dir='ltr' id='par_1_98' title="bbox 353 4999 1931 5078">
     <span class='ocr_line' id='line_1_98' title="bbox 353 4999 1931 5078; baseline 0.005 -24"><span class='ocrx_word' id='word_1_713' title='bbox 353 4999 613 5064; x_wconf 83' lang='lat' dir='ltr'><strong>Iordane,</strong></span> <span class='ocrx_word' id='word_1_714' title='bbox 638 5001 1006 5072; x_wconf 80' lang='lat' dir='ltr'><strong>duodeviginti</strong></span> <span class='ocrx_word' id='word_1_715' title='bbox 1035 5019 1287 5073; x_wconf 88' lang='lat' dir='ltr'><strong>passuum</strong></span> <span class='ocrx_word' id='word_1_716' title='bbox 1325 5005 1562 5062; x_wconf 88' lang='lat' dir='ltr'><strong>millibus</strong></span> <span class='ocrx_word' id='word_1_717' title='bbox 1597 5009 1652 5062; x_wconf 87' lang='lat' dir='ltr'><strong>in</strong></span> <span class='ocrx_word' id='word_1_718' title='bbox 1691 5008 1931 5078; x_wconf 88' lang='lat' dir='ltr'><strong>longum,</strong></span> 
     </span>
    </p>
   </div>
   <div class='ocr_carea' id='block_1_99' title="bbox 357 5081 1931 5166">
    <p class='ocr_par' dir='ltr' id='par_1_99' title="bbox 357 5081 1931 5166">
     <span class='ocr_line' id='line_1_99' title="bbox 357 5081 1931 5166; baseline 0.004 -22"><span class='ocrx_word' id='word_1_719' title='bbox 357 5098 414 5145; x_wconf 68' lang='lat' dir='ltr'><strong>ct</strong></span> <span class='ocrx_word' id='word_1_720' title='bbox 457 5090 697 5160; x_wconf 87' lang='lat' dir='ltr'><strong>quinque</strong></span> <span class='ocrx_word' id='word_1_721' title='bbox 745 5092 1053 5147; x_wconf 77' lang='lat' dir='ltr'><strong>extenditur</strong></span> <span class='ocrx_word' id='word_1_722' title='bbox 1102 5081 1156 5148; x_wconf 84' lang='lat' dir='ltr'><strong>in</strong></span> <span class='ocrx_word' id='word_1_723' title='bbox 1204 5094 1390 5150; x_wconf 87' lang='lat' dir='ltr'><strong>latum.</strong></span> <span class='ocrx_word' id='word_1_724' title='bbox 1459 5095 1684 5166; x_wconf 80' lang='lat' dir='ltr'><strong>Mystice</strong></span> <span class='ocrx_word' id='word_1_725' title='bbox 1729 5105 1931 5163; x_wconf 88' lang='lat' dir='ltr'><strong>autem,</strong></span> 
     </span>
    </p>
   </div>
   <div class='ocr_carea' id='block_1_100' title="bbox 357 5180 1935 5256">
    <p class='ocr_par' dir='ltr' id='par_1_100' title="bbox 357 5180 1935 5256">
     <span class='ocr_line' id='line_1_100' title="bbox 357 5180 1935 5256; baseline 0.004 -23"><span class='ocrx_word' id='word_1_726' title='bbox 357 5195 509 5238; x_wconf 74' lang='lat' dir='ltr'><strong>reare</strong></span> <span class='ocrx_word' id='word_1_727' title='bbox 549 5180 764 5236; x_wconf 86' lang='lat' dir='ltr'><strong>turbida</strong></span> <span class='ocrx_word' id='word_1_728' title='bbox 825 5196 891 5236; x_wconf 89' lang='lat' dir='ltr'><strong>ac</strong></span> <span class='ocrx_word' id='word_1_729' title='bbox 933 5185 1195 5240; x_wconf 87' lang='lat' dir='ltr'><strong>tumentia</strong></span> <span class='ocrx_word' id='word_1_730' title='bbox 1240 5187 1422 5241; x_wconf 75' lang='lat' dir='ltr'><strong>szeculi</strong></span> <span class='ocrx_word' id='word_1_731' title='bbox 1461 5186 1620 5256; x_wconf 86' lang='lat' dir='ltr'><strong>hujus</strong></span> <span class='ocrx_word' id='word_1_732' title='bbox 1662 5185 1935 5240; x_wconf 88' lang='lat' dir='ltr'><strong>volumina</strong></span> 
     </span>
    </p>
   </div>
   <div class='ocr_carea' id='block_1_101' title="bbox 357 5272 1929 5348">
    <p class='ocr_par' dir='ltr' id='par_1_101' title="bbox 357 5272 1929 5348">
     <span class='ocr_line' id='line_1_101' title="bbox 357 5272 1929 5348; baseline 0.003 -23"><span class='ocrx_word' id='word_1_733' title='bbox 357 5272 644 5342; x_wconf 83' lang='lat' dir='ltr'><strong>signiﬁcat,</strong></span> <span class='ocrx_word' id='word_1_734' title='bbox 678 5272 733 5328; x_wconf 84' lang='lat' dir='ltr'><strong>in</strong></span> <span class='ocrx_word' id='word_1_735' title='bbox 757 5275 954 5344; x_wconf 87' lang='lat' dir='ltr'><strong>quibus</strong></span> <span class='ocrx_word' id='word_1_736' title='bbox 979 5277 1132 5346; x_wconf 85' lang='lat' dir='ltr'><strong>pravi</strong></span> <span class='ocrx_word' id='word_1_737' title='bbox 1158 5277 1407 5348; x_wconf 83' lang='lat' dir='ltr'><strong>quilibet,</strong></span> <span class='ocrx_word' id='word_1_738' title='bbox 1435 5279 1633 5348; x_wconf 75' lang='lat' dir='ltr'><strong>injuste</strong></span> <span class='ocrx_word' id='word_1_739' title='bbox 1659 5276 1929 5343; x_wconf 89' lang='lat' dir='ltr'><strong>delectati,</strong></span> 
     </span>
    </p>
   </div>
   <div class='ocr_carea' id='block_1_102' title="bbox 355 5361 1928 5438">
    <p class='ocr_par' dir='ltr' id='par_1_102' title="bbox 355 5361 1928 5438">
     <span class='ocr_line' id='line_1_102' title="bbox 355 5361 1928 5438; baseline 0.003 -23"><span class='ocrx_word' id='word_1_740' title='bbox 355 5363 511 5430; x_wconf 79' lang='lat' dir='ltr'><strong>quasi</strong></span> <span class='ocrx_word' id='word_1_741' title='bbox 557 5361 810 5433; x_wconf 84' lang='lat' dir='ltr'><strong>profundi</strong></span> <span class='ocrx_word' id='word_1_742' title='bbox 856 5364 1020 5421; x_wconf 88' lang='lat' dir='ltr'><strong>dediti</strong></span> <span class='ocrx_word' id='word_1_743' title='bbox 1067 5367 1264 5438; x_wconf 83' lang='lat' dir='ltr'><strong>pisces,</strong></span> <span class='ocrx_word' id='word_1_744' title='bbox 1317 5375 1553 5422; x_wconf 90' lang='lat' dir='ltr'><strong>mentem</strong></span> <span class='ocrx_word' id='word_1_745' title='bbox 1597 5365 1663 5420; x_wconf 89' lang='lat' dir='ltr'><strong>ad</strong></span> <span class='ocrx_word' id='word_1_746' title='bbox 1701 5379 1928 5433; x_wconf 82' lang='lat' dir='ltr'><strong>superna</strong></span> 
     </span>
    </p>
   </div>
   <div class='ocr_carea' id='block_1_103' title="bbox 356 5453 1929 5522">
    <p class='ocr_par' dir='ltr' id='par_1_103' title="bbox 356 5453 1929 5522">
     <span class='ocr_line' id='line_1_103' title="bbox 356 5453 1929 5522; baseline 0.004 -17"><span class='ocrx_word' id='word_1_747' title='bbox 356 5453 548 5522; x_wconf 79' lang='lat' dir='ltr'><strong>gaudia</strong></span> <span class='ocrx_word' id='word_1_748' title='bbox 596 5470 702 5510; x_wconf 92' lang='lat' dir='ltr'><strong>non</strong></span> <span class='ocrx_word' id='word_1_749' title='bbox 748 5454 1054 5514; x_wconf 88' lang='lat' dir='ltr'><strong>intendunt.</strong></span> <span class='ocrx_word' id='word_1_750' title='bbox 1106 5458 1261 5516; x_wconf 89' lang='lat' dir='ltr'><strong>Unde</strong></span> <span class='ocrx_word' id='word_1_751' title='bbox 1308 5460 1449 5514; x_wconf 89' lang='lat' dir='ltr'><strong>bene</strong></span> <span class='ocrx_word' id='word_1_752' title='bbox 1479 5457 1621 5511; x_wconf 88' lang='lat' dir='ltr'><strong>idem</strong></span> <span class='ocrx_word' id='word_1_753' title='bbox 1648 5471 1799 5510; x_wconf 86' lang='lat' dir='ltr'><strong>mare</strong></span> <span class='ocrx_word' id='word_1_754' title='bbox 1824 5456 1929 5511; x_wconf 85' lang='lat' dir='ltr'><strong>Ga-</strong></span> 
     </span>
    </p>
   </div>
   <div class='ocr_carea' id='block_1_104' title="bbox 358 5543 1926 5622">
    <p class='ocr_par' dir='ltr' id='par_1_104' title="bbox 358 5543 1926 5622">
     <span class='ocr_line' id='line_1_104' title="bbox 358 5543 1926 5622; baseline 0.002 -23"><span class='ocrx_word' id='word_1_755' title='bbox 358 5543 538 5610; x_wconf 68' lang='lat' dir='ltr'><strong>lilaxe,</strong></span> <span class='ocrx_word' id='word_1_756' title='bbox 587 5547 640 5602; x_wconf 92' lang='lat' dir='ltr'><strong>id</strong></span> <span class='ocrx_word' id='word_1_757' title='bbox 682 5557 800 5613; x_wconf 89' lang='lat' dir='ltr'><strong>est,</strong></span> <span class='ocrx_word' id='word_1_758' title='bbox 854 5558 971 5605; x_wconf 82' lang='lat' dir='ltr'><strong>tota</strong></span> <span class='ocrx_word' id='word_1_759' title='bbox 1017 5551 1446 5622; x_wconf 88' lang='lat' dir='ltr'><strong>cognominatur.</strong></span> <span class='ocrx_word' id='word_1_760' title='bbox 1500 5547 1636 5614; x_wconf 90' lang='lat' dir='ltr'><strong>Quia</strong></span> <span class='ocrx_word' id='word_1_761' title='bbox 1674 5547 1926 5602; x_wconf 86' lang='lat' dir='ltr'><strong>nimirum</strong></span> 
     </span>
    </p>
   </div>
   <div class='ocr_carea' id='block_1_105' title="bbox 357 5633 1926 5714">
    <p class='ocr_par' dir='ltr' id='par_1_105' title="bbox 357 5633 1926 5714">
     <span class='ocr_line' id='line_1_105' title="bbox 357 5633 1926 5714; baseline 0.001 -20"><span class='ocrx_word' id='word_1_762' title='bbox 357 5633 508 5701; x_wconf 71' lang='lat' dir='ltr'><strong>amor</strong></span> <span class='ocrx_word' id='word_1_763' title='bbox 553 5637 781 5701; x_wconf 81' lang='lat' dir='ltr'><strong>labentis</strong></span> <span class='ocrx_word' id='word_1_764' title='bbox 827 5645 1038 5712; x_wconf 69' lang='lat' dir='ltr'><strong>saeculi,</strong></span> <span class='ocrx_word' id='word_1_765' title='bbox 1087 5644 1243 5714; x_wconf 88' lang='lat' dir='ltr'><strong>quasi</strong></span> <span class='ocrx_word' id='word_1_766' title='bbox 1291 5643 1344 5697; x_wconf 90' lang='lat' dir='ltr'><strong>in</strong></span> <span class='ocrx_word' id='word_1_767' title='bbox 1392 5639 1710 5712; x_wconf 78' lang='lat' dir='ltr'><strong>vertiginem</strong></span> <span class='ocrx_word' id='word_1_768' title='bbox 1765 5643 1926 5696; x_wconf 81' lang='lat' dir='ltr'><strong>corda</strong></span> 
     </span>
    </p>
   </div>
   <div class='ocr_carea' id='block_1_106' title="bbox 2039 4457 3628 4532">
    <p class='ocr_par' dir='ltr' id='par_1_106' title="bbox 2039 4457 3628 4532">
     <span class='ocr_line' id='line_1_106' title="bbox 2039 4457 3628 4532; baseline -0.004 -18"><span class='ocrx_word' id='word_1_769' title='bbox 2039 4459 2164 4515; x_wconf 90' lang='lat' dir='ltr'><strong>Iesu</strong></span> <span class='ocrx_word' id='word_1_770' title='bbox 2194 4461 2334 4516; x_wconf 90' lang='lat' dir='ltr'><strong>dona</strong></span> <span class='ocrx_word' id='word_1_771' title='bbox 2375 4459 2600 4530; x_wconf 88' lang='lat' dir='ltr'><strong>spiritus</strong></span> <span class='ocrx_word' id='word_1_772' title='bbox 2635 4462 2754 4532; x_wconf 85' lang='lat' dir='ltr'><strong>ejus</strong></span> <span class='ocrx_word' id='word_1_773' title='bbox 2791 4458 3020 4529; x_wconf 89' lang='lat' dir='ltr'><strong>mystice</strong></span> <span class='ocrx_word' id='word_1_774' title='bbox 3057 4457 3358 4526; x_wconf 87' lang='lat' dir='ltr'><strong>designent,</strong></span> <span class='ocrx_word' id='word_1_775' title='bbox 3391 4462 3628 4510; x_wconf 88' lang='lat' dir='ltr'><strong>testatur</strong></span> 
     </span>
    </p>
   </div>
   <div class='ocr_carea' id='block_1_107' title="bbox 2042 4545 3620 4622">
    <p class='ocr_par' dir='ltr' id='par_1_107' title="bbox 2042 4545 3620 4622">
     <span class='ocr_line' id='line_1_107' title="bbox 2042 4545 3620 4622; baseline -0.003 -16"><span class='ocrx_word' id='word_1_776' title='bbox 2042 4552 2095 4606; x_wconf 93' lang='lat' dir='ltr'><strong>in</strong></span> <span class='ocrx_word' id='word_1_777' title='bbox 2120 4551 2442 4622; x_wconf 85' lang='lat' dir='ltr'><strong>Apocalypsi</strong></span> <span class='ocrx_word' id='word_1_778' title='bbox 2470 4549 2726 4615; x_wconf 85' lang='lat' dir='ltr'><strong>Ioannes,</strong></span> <span class='ocrx_word' id='word_1_779' title='bbox 2757 4551 2850 4620; x_wconf 74' lang='lat' dir='ltr'><strong>qui</strong></span> <span class='ocrx_word' id='word_1_780' title='bbox 2883 4549 3108 4618; x_wconf 82' lang='lat' dir='ltr'><strong>ﬁgurate</strong></span> <span class='ocrx_word' id='word_1_781' title='bbox 3136 4546 3363 4614; x_wconf 89' lang='lat' dir='ltr'><strong>loquens</strong></span> <span class='ocrx_word' id='word_1_782' title='bbox 3395 4545 3460 4599; x_wconf 86' lang='lat' dir='ltr'><strong>de</strong></span> <span class='ocrx_word' id='word_1_783' title='bbox 3496 4545 3620 4601; x_wconf 75' lang='lat' dir='ltr'><strong>illo:</strong></span> 
     </span>
    </p>
   </div>
   <div class='ocr_carea' id='block_1_108' title="bbox 2042 4637 3622 4715">
    <p class='ocr_par' dir='ltr' id='par_1_108' title="bbox 2042 4637 3622 4715">
     <span class='ocr_line' id='line_1_108' title="bbox 2042 4637 3622 4715; baseline -0.003 -16"><span class='ocrx_word' id='word_1_784' title='bbox 2042 4645 2110 4699; x_wconf 83' lang='lat' dir='ltr'><strong>Et</strong></span> <span class='ocrx_word' id='word_1_785' title='bbox 2130 4646 2254 4712; x_wconf 88' lang='lat' dir='ltr'><strong>vidi,</strong></span> <span class='ocrx_word' id='word_1_786' title='bbox 2282 4645 2476 4714; x_wconf 88' lang='lat' dir='ltr'><strong>inquit,</strong></span> <span class='ocrx_word' id='word_1_787' title='bbox 2494 4661 2687 4715; x_wconf 86' lang='lat' dir='ltr'><strong>agnum</strong></span> <span class='ocrx_word' id='word_1_788' title='bbox 2712 4653 2934 4697; x_wconf 86' lang='lat' dir='ltr'><strong>stantem</strong></span> <span class='ocrx_word' id='word_1_789' title='bbox 2964 4651 3213 4709; x_wconf 84' lang='lat' dir='ltr'><strong>tanquam</strong></span> <span class='ocrx_word' id='word_1_790' title='bbox 3243 4637 3494 4703; x_wconf 86' lang='lat' dir='ltr'><strong>occisum,</strong></span> <span class='ocrx_word' id='word_1_791' title='bbox 3519 4641 3622 4694; x_wconf 84' lang='lat' dir='ltr'><strong>ha—</strong></span> 
     </span>
    </p>
   </div>
   <div class='ocr_carea' id='block_1_109' title="bbox 2040 4730 3621 4806">
    <p class='ocr_par' dir='ltr' id='par_1_109' title="bbox 2040 4730 3621 4806">
     <span class='ocr_line' id='line_1_109' title="bbox 2040 4730 3621 4806; baseline -0.003 -15"><span class='ocrx_word' id='word_1_792' title='bbox 2040 4738 2239 4792; x_wconf 90' lang='lat' dir='ltr'><strong>bentem</strong></span> <span class='ocrx_word' id='word_1_793' title='bbox 2268 4753 2465 4790; x_wconf 84' lang='lat' dir='ltr'><strong>cornua</strong></span> <span class='ocrx_word' id='word_1_794' title='bbox 2500 4746 2712 4806; x_wconf 87' lang='lat' dir='ltr'><strong>septem,</strong></span> <span class='ocrx_word' id='word_1_795' title='bbox 2737 4745 2784 4789; x_wconf 89' lang='lat' dir='ltr'><strong>et</strong></span> <span class='ocrx_word' id='word_1_796' title='bbox 2813 4731 2991 4788; x_wconf 86' lang='lat' dir='ltr'><strong>oculos</strong></span> <span class='ocrx_word' id='word_1_797' title='bbox 3024 4740 3240 4803; x_wconf 86' lang='lat' dir='ltr'><strong>septem,</strong></span> <span class='ocrx_word' id='word_1_798' title='bbox 3266 4730 3358 4801; x_wconf 87' lang='lat' dir='ltr'><strong>qui</strong></span> <span class='ocrx_word' id='word_1_799' title='bbox 3385 4740 3506 4784; x_wconf 87' lang='lat' dir='ltr'><strong>sunt</strong></span> <span class='ocrx_word' id='word_1_800' title='bbox 3534 4749 3621 4786; x_wconf 89' lang='lat' dir='ltr'><strong>se-</strong></span> 
     </span>
    </p>
   </div>
   <div class='ocr_carea' id='block_1_110' title="bbox 2038 4820 3618 4897">
    <p class='ocr_par' dir='ltr' id='par_1_110' title="bbox 2038 4820 3618 4897">
     <span class='ocr_line' id='line_1_110' title="bbox 2038 4820 3618 4897; baseline -0.004 -16"><span class='ocrx_word' id='word_1_801' title='bbox 2038 4837 2176 4897; x_wconf 88' lang='lat' dir='ltr'><strong>ptem</strong></span> <span class='ocrx_word' id='word_1_802' title='bbox 2205 4827 2421 4897; x_wconf 82' lang='lat' dir='ltr'><strong>spiritus</strong></span> <span class='ocrx_word' id='word_1_803' title='bbox 2445 4827 2563 4891; x_wconf 89' lang='lat' dir='ltr'><strong>Dei,</strong></span> <span class='ocrx_word' id='word_1_804' title='bbox 2595 4827 2740 4880; x_wconf 78' lang='lat' dir='ltr'><strong>ntissi</strong></span> <span class='ocrx_word' id='word_1_805' title='bbox 2778 4825 2832 4878; x_wconf 89' lang='lat' dir='ltr'><strong>in</strong></span> <span class='ocrx_word' id='word_1_806' title='bbox 2867 4840 3071 4878; x_wconf 88' lang='lat' dir='ltr'><strong>omnem</strong></span> <span class='ocrx_word' id='word_1_807' title='bbox 3101 4831 3295 4876; x_wconf 87' lang='lat' dir='ltr'><strong>terram</strong></span> <span class='ocrx_word' id='word_1_808' title='bbox 3333 4820 3516 4892; x_wconf 77' lang='lat' dir='ltr'><strong>(Apoc.</strong></span> <span class='ocrx_word' id='word_1_809' title='bbox 3542 4821 3618 4893; x_wconf 85' lang='lat' dir='ltr'><strong>v).</strong></span> 
     </span>
    </p>
   </div>
   <div class='ocr_carea' id='block_1_111' title="bbox 2109 4913 3620 4984">
    <p class='ocr_par' dir='ltr' id='par_1_111' title="bbox 2109 4913 3620 4984">
     <span class='ocr_line' id='line_1_111' title="bbox 2109 4913 3620 4984; baseline -0.007 -8"><span class='ocrx_word' id='word_1_810' title='bbox 2109 4923 2224 4977; x_wconf 82' lang='lat' dir='ltr'><strong>Hoc</strong></span> <span class='ocrx_word' id='word_1_811' title='bbox 2250 4932 2426 4976; x_wconf 87' lang='lat' dir='ltr'><strong>autem</strong></span> <span class='ocrx_word' id='word_1_812' title='bbox 2448 4918 2652 4972; x_wconf 88' lang='lat' dir='ltr'><strong>dicebat</strong></span> <span class='ocrx_word' id='word_1_813' title='bbox 2697 4927 2903 4972; x_wconf 88' lang='lat' dir='ltr'><strong>tentans</strong></span> <span class='ocrx_word' id='word_1_814' title='bbox 2936 4933 3076 4980; x_wconf 81' lang='lat' dir='ltr'><strong>eum,</strong></span> <span class='ocrx_word' id='word_1_815' title='bbox 3121 4917 3231 4984; x_wconf 85' lang='lat' dir='ltr'><strong>ipse</strong></span> <span class='ocrx_word' id='word_1_816' title='bbox 3261 4914 3399 4968; x_wconf 89' lang='lat' dir='ltr'><strong>enim</strong></span> <span class='ocrx_word' id='word_1_817' title='bbox 3425 4913 3620 4967; x_wconf 90' lang='lat' dir='ltr'><strong>sciebat</strong></span> 
     </span>
    </p>
   </div>
   <div class='ocr_carea' id='block_1_112' title="bbox 2033 5003 3622 5084">
    <p class='ocr_par' dir='ltr' id='par_1_112' title="bbox 2033 5003 3622 5084">
     <span class='ocr_line' id='line_1_112' title="bbox 2033 5003 3622 5084; baseline -0.006 -16"><span class='ocrx_word' id='word_1_818' title='bbox 2033 5013 2161 5084; x_wconf 75' lang='lat' dir='ltr'><strong>quid</strong></span> <span class='ocrx_word' id='word_1_819' title='bbox 2193 5020 2325 5067; x_wconf 89' lang='lat' dir='ltr'><strong>esset</strong></span> <span class='ocrx_word' id='word_1_820' title='bbox 2358 5010 2616 5080; x_wconf 81' lang='lat' dir='ltr'><strong>facturus.</strong></span> <span class='ocrx_word' id='word_1_821' title='bbox 2660 5007 2945 5079; x_wconf 84' lang='lat' dir='ltr'><strong>Respondit</strong></span> <span class='ocrx_word' id='word_1_822' title='bbox 2999 5008 3048 5062; x_wconf 85' lang='lat' dir='ltr'><strong>ei</strong></span> <span class='ocrx_word' id='word_1_823' title='bbox 3072 5003 3348 5077; x_wconf 86' lang='lat' dir='ltr'><strong>Philippus</strong></span> <span class='ocrx_word' id='word_1_824' title='bbox 3370 5021 3388 5059; x_wconf 92' lang='lat'><strong><em>:</em></strong></span> <span class='ocrx_word' id='word_1_825' title='bbox 3410 5003 3622 5059; x_wconf 87' lang='lat' dir='ltr'><strong>Ducen-</strong></span> 
     </span>
    </p>
   </div>
   <div class='ocr_carea' id='block_1_113' title="bbox 2035 5099 3622 5170">
    <p class='ocr_par' dir='ltr' id='par_1_113' title="bbox 2035 5099 3622 5170">
     <span class='ocr_line' id='line_1_113' title="bbox 2035 5099 3622 5170; baseline -0.004 -13"><span class='ocrx_word' id='word_1_826' title='bbox 2035 5114 2210 5157; x_wconf 88' lang='lat' dir='ltr'><strong>torum</strong></span> <span class='ocrx_word' id='word_1_827' title='bbox 2245 5100 2582 5155; x_wconf 85' lang='lat' dir='ltr'><strong>denariorum</strong></span> <span class='ocrx_word' id='word_1_828' title='bbox 2613 5117 2773 5170; x_wconf 88' lang='lat' dir='ltr'><strong>panes</strong></span> <span class='ocrx_word' id='word_1_829' title='bbox 2810 5116 2914 5153; x_wconf 89' lang='lat' dir='ltr'><strong>non</strong></span> <span class='ocrx_word' id='word_1_830' title='bbox 2949 5099 3211 5168; x_wconf 66' lang='lat' dir='ltr'><strong>sufﬁciunt</strong></span> <span class='ocrx_word' id='word_1_831' title='bbox 3241 5099 3337 5163; x_wconf 86' lang='lat' dir='ltr'><strong>eis,</strong></span> <span class='ocrx_word' id='word_1_832' title='bbox 3369 5106 3426 5150; x_wconf 83' lang='lat' dir='ltr'><strong>ut</strong></span> <span class='ocrx_word' id='word_1_833' title='bbox 3457 5112 3622 5150; x_wconf 74' lang='lat' dir='ltr'><strong>unus~</strong></span> 
     </span>
    </p>
   </div>
   <div class='ocr_carea' id='block_1_114' title="bbox 2035 5188 3619 5263">
    <p class='ocr_par' dir='ltr' id='par_1_114' title="bbox 2035 5188 3619 5263">
     <span class='ocr_line' id='line_1_114' title="bbox 2035 5188 3619 5263; baseline -0.003 -17"><span class='ocrx_word' id='word_1_834' title='bbox 2035 5194 2252 5263; x_wconf 85' lang='lat' dir='ltr'><strong>quisque</strong></span> <span class='ocrx_word' id='word_1_835' title='bbox 2279 5192 2541 5246; x_wconf 84' lang='lat' dir='ltr'><strong>modicum</strong></span> <span class='ocrx_word' id='word_1_836' title='bbox 2564 5191 2693 5263; x_wconf 84' lang='lat' dir='ltr'><strong>quid</strong></span> <span class='ocrx_word' id='word_1_837' title='bbox 2712 5192 2956 5262; x_wconf 86' lang='lat' dir='ltr'><strong>accipiat.</strong></span> <span class='ocrx_word' id='word_1_838' title='bbox 2999 5188 3153 5257; x_wconf 83' lang='lat' dir='ltr'><strong>Quod</strong></span> <span class='ocrx_word' id='word_1_839' title='bbox 3180 5199 3361 5244; x_wconf 89' lang='lat' dir='ltr'><strong>autem</strong></span> <span class='ocrx_word' id='word_1_840' title='bbox 3399 5195 3619 5242; x_wconf 82' lang='lat' dir='ltr'><strong>tentans</strong></span> 
     </span>
    </p>
   </div>
   <div class='ocr_carea' id='block_1_115' title="bbox 2032 5277 3618 5349">
    <p class='ocr_par' dir='ltr' id='par_1_115' title="bbox 2032 5277 3618 5349">
     <span class='ocr_line' id='line_1_115' title="bbox 2032 5277 3618 5349; baseline -0.003 -15"><span class='ocrx_word' id='word_1_841' title='bbox 2032 5279 2334 5349; x_wconf 82' lang='lat' dir='ltr'><strong>Philippum</strong></span> <span class='ocrx_word' id='word_1_842' title='bbox 2383 5279 2644 5335; x_wconf 89' lang='lat' dir='ltr'><strong>Dominus</strong></span> <span class='ocrx_word' id='word_1_843' title='bbox 2693 5280 2830 5334; x_wconf 73' lang='lat' dir='ltr'><strong>dixit</strong></span> <span class='ocrx_word' id='word_1_844' title='bbox 2872 5297 2886 5333; x_wconf 92' lang='lat'>:</span> <span class='ocrx_word' id='word_1_845' title='bbox 2931 5277 3105 5344; x_wconf 89' lang='lat' dir='ltr'><strong>Unde,</strong></span> <span class='ocrx_word' id='word_1_846' title='bbox 3151 5279 3353 5348; x_wconf 88' lang='lat' dir='ltr'><strong>inquit,</strong></span> <span class='ocrx_word' id='word_1_847' title='bbox 3388 5291 3618 5330; x_wconf 81' lang='lat' dir='ltr'><strong>ememus</strong></span> 
     </span>
    </p>
   </div>
   <div class='ocr_carea' id='block_1_116' title="bbox 2029 5367 3617 5441">
    <p class='ocr_par' dir='ltr' id='par_1_116' title="bbox 2029 5367 3617 5441">
     <span class='ocr_line' id='line_1_116' title="bbox 2029 5367 3617 5441; baseline -0.003 -18"><span class='ocrx_word' id='word_1_848' title='bbox 2029 5387 2190 5441; x_wconf 87' lang='lat' dir='ltr'><strong>panes</strong></span> <span class='ocrx_word' id='word_1_849' title='bbox 2217 5380 2273 5423; x_wconf 90' lang='lat' dir='ltr'><strong>ut</strong></span> <span class='ocrx_word' id='word_1_850' title='bbox 2297 5370 2609 5425; x_wconf 86' lang='lat' dir='ltr'><strong>manducent</strong></span> <span class='ocrx_word' id='word_1_851' title='bbox 2632 5371 2725 5424; x_wconf 78' lang='lat' dir='ltr'><strong>hi?</strong></span> <span class='ocrx_word' id='word_1_852' title='bbox 2753 5370 2983 5426; x_wconf 88' lang='lat' dir='ltr'><strong>Provida</strong></span> <span class='ocrx_word' id='word_1_853' title='bbox 3004 5370 3191 5439; x_wconf 88' lang='lat' dir='ltr'><strong>utique</strong></span> <span class='ocrx_word' id='word_1_854' title='bbox 3215 5367 3617 5439; x_wconf 85' lang='lat' dir='ltr'><strong>dispensatione</strong></span> 
     </span>
    </p>
   </div>
   <div class='ocr_carea' id='block_1_117' title="bbox 2033 5460 3617 5534">
    <p class='ocr_par' dir='ltr' id='par_1_117' title="bbox 2033 5460 3617 5534">
     <span class='ocr_line' id='line_1_117' title="bbox 2033 5460 3617 5534; baseline -0.003 -18"><span class='ocrx_word' id='word_1_855' title='bbox 2033 5463 2182 5518; x_wconf 90' lang='lat' dir='ltr'><strong>facit.</strong></span> <span class='ocrx_word' id='word_1_856' title='bbox 2225 5463 2342 5519; x_wconf 88' lang='lat' dir='ltr'><strong>Non</strong></span> <span class='ocrx_word' id='word_1_857' title='bbox 2382 5471 2441 5518; x_wconf 90' lang='lat' dir='ltr'><strong>ut</strong></span> <span class='ocrx_word' id='word_1_858' title='bbox 2476 5464 2588 5532; x_wconf 89' lang='lat' dir='ltr'><strong>ipse</strong></span> <span class='ocrx_word' id='word_1_859' title='bbox 2627 5479 2746 5534; x_wconf 72' lang='lat' dir='ltr'><strong>qua:</strong></span> <span class='ocrx_word' id='word_1_860' title='bbox 2777 5480 2885 5520; x_wconf 89' lang='lat' dir='ltr'><strong>non</strong></span> <span class='ocrx_word' id='word_1_861' title='bbox 2925 5471 3171 5529; x_wconf 89' lang='lat' dir='ltr'><strong>noverat,</strong></span> <span class='ocrx_word' id='word_1_862' title='bbox 3209 5463 3407 5527; x_wconf 89' lang='lat' dir='ltr'><strong>discat,</strong></span> <span class='ocrx_word' id='word_1_863' title='bbox 3433 5460 3527 5518; x_wconf 87' lang='lat' dir='ltr'><strong>sed</strong></span> <span class='ocrx_word' id='word_1_864' title='bbox 3557 5469 3617 5512; x_wconf 89' lang='lat' dir='ltr'><strong>ut</strong></span> 
     </span>
    </p>
   </div>
   <div class='ocr_carea' id='block_1_118' title="bbox 2031 5553 3618 5627">
    <p class='ocr_par' dir='ltr' id='par_1_118' title="bbox 2031 5553 3618 5627">
     <span class='ocr_line' id='line_1_118' title="bbox 2031 5553 3618 5627; baseline -0.003 -18"><span class='ocrx_word' id='word_1_865' title='bbox 2031 5555 2309 5627; x_wconf 86' lang='lat' dir='ltr'><strong>Philippus</strong></span> <span class='ocrx_word' id='word_1_866' title='bbox 2361 5557 2670 5611; x_wconf 85' lang='lat' dir='ltr'><strong>tarditatem</strong></span> <span class='ocrx_word' id='word_1_867' title='bbox 2730 5573 2841 5612; x_wconf 75' lang='lat' dir='ltr'><strong>sua:</strong></span> <span class='ocrx_word' id='word_1_868' title='bbox 2899 5555 3065 5622; x_wconf 91' lang='lat' dir='ltr'><strong>ﬁdei,</strong></span> <span class='ocrx_word' id='word_1_869' title='bbox 3134 5571 3296 5626; x_wconf 87' lang='lat' dir='ltr'><strong>quam</strong></span> <span class='ocrx_word' id='word_1_870' title='bbox 3351 5553 3618 5623; x_wconf 86' lang='lat' dir='ltr'><strong>magistro</strong></span> 
     </span>
    </p>
   </div>
   <div class='ocr_carea' id='block_1_119' title="bbox 2032 5643 3609 5718">
    <p class='ocr_par' dir='ltr' id='par_1_119' title="bbox 2032 5643 3609 5718">
     <span class='ocr_line' id='line_1_119' title="bbox 2032 5643 3609 5718; baseline -0.004 -16"><span class='ocrx_word' id='word_1_871' title='bbox 2032 5646 2256 5715; x_wconf 74' lang='lat' dir='ltr'><strong>sciente,</strong></span> <span class='ocrx_word' id='word_1_872' title='bbox 2294 5647 2407 5718; x_wconf 83' lang='lat' dir='ltr'><strong>ipse</strong></span> <span class='ocrx_word' id='word_1_873' title='bbox 2446 5647 2740 5715; x_wconf 77' lang='lat' dir='ltr'><strong>nesciebat,</strong></span> <span class='ocrx_word' id='word_1_874' title='bbox 2776 5656 3016 5712; x_wconf 74' lang='lat' dir='ltr'><strong>tentatus</strong></span> <span class='ocrx_word' id='word_1_875' title='bbox 3057 5653 3314 5718; x_wconf 84' lang='lat' dir='ltr'><strong>agnoscat</strong></span> <span class='ocrx_word' id='word_1_876' title='bbox 3362 5652 3415 5699; x_wconf 90' lang='lat' dir='ltr'><strong>ct</strong></span> <span class='ocrx_word' id='word_1_877' title='bbox 3445 5643 3609 5705; x_wconf 80' lang='lat' dir='ltr'><strong>mira—</strong></span> 
     </span>
    </p>
   </div>
  </div>
