3946 6424
507 244 607 303 158

1787 240 2145 302 SHARACDI
2182 240 2477 302 ABBATIS

3676 258 3787 315 156

500 362 634 416 lium
657 362 857 418 chorus
877 358 1216 429 exprimitur,
1244 356 1373 411 feris
1398 356 1613 426 quidem
1640 354 1950 411 hominibus
1973 355 2079 411 dis-
2106 361 2158 419 Α
2182 356 2310 428 quid
2331 331 2402 410 ibi
2426 362 2676 425 gerentes
2698 354 2987 426 invenerit,
3016 358 3147 429 quid
3197 359 3399 417 ibidem
3445 363 3561 435 ipse
3588 381 3786 436 gesse-

500 461 717 520 pectus,
774 450 866 505 sed
920 451 1065 503 intus
1117 448 1341 505 salutari
1387 449 1515 502 cibo
1564 446 1819 515 repletus.
1858 442 2084 502 Constat

495 541 649 595 enim
679 539 926 611 cophinis
970 552 1132 609 opera
1187 538 1408 594 servilia
1442 539 1555 609 geri
1590 537 1781 592 solere.
1832 536 1940 592 Sed
1966 537 2081 608 ipse

491 632 763 701 cophinos
809 645 1009 700 panum
1061 628 1379 699 fragmentis
1407 627 1646 699 implevit
1676 668 1690 693 ,
1734 627 1828 697 qui
1866 627 2081 681 intlrma

494 721 711 787 .mundi,
752 727 813 775 ut
840 719 1001 774 fortia
1026 718 1404 783 confunderet,
1436 718 1620 789 elegit.

573 813 666 868 Illi
692 830 815 885 ergo
861 813 1118 879 homines,
1151 829 1271 867 eum
1326 812 1572 867 uidissent
1609 811 1750 882 quod
1778 810 1976 882 fecerat
2003 812 2083 865 si-

497 922 680 975 gnum,
702 906 945 961 dicebant
966 918 985 957 :
1008 903 1147 970 Quia
1171 904 1255 959 hic
1278 915 1352 959 est
1372 920 1485 958 rere
1504 904 1775 975 propheta,
1800 904 1891 974 qui
1905 911 2081 957 ventu-

482 984 590 1053 :rus
604 1008 679 1051 est
710 998 766 1051 in
792 997 1066 1050 mundum.
1096 998 1259 1053 Recte
1287 998 1501 1067 quidem
1523 997 1774 1053 dicdbant
1795 996 2082 1051 Dominum

482 1066 820 1159 lprepbetam
850 1103 1103 1159 magnum
1131 1130 1145 1152 ,
1172 1104 1379 1159 magna:
1402 1089 1589 1143 salutis
1620 1102 1946 1158 praeconem,
1966 1088 2081 1158 jam

478 1178 709 1235 ‘mundo
731 1178 992 1234 futurum.
1027 1176 1158 1233 Nam
1188 1189 1243 1235 et
1286 1181 1399 1250 ipse
1426 1182 1747 1251 prephetam
1794 1196 1852 1235 sc
1888 1195 2087 1235 vocare

474 1256 776 1342 'dignatur,
816 1271 906 1325 ubi
938 1272 1014 1324 ait
1042 1284 1057 1323 :
1091 1269 1229 1335 Quia
1274 1287 1374 1324 non
1401 1270 1537 1341 capit
1561 1273 1866 1342 prophetam
1916 1272 2087 1341 perire

497 1374 649 1417 extra
688 1360 1042 1416 Hierusalem.
1090 1362 1196 1417 Sed
1272 1362 1497 1417 necdum
1526 1362 1682 1432 plena
1726 1362 1831 1417 fide
1923 1363 2087 1431 proti—

495 1458 750 1522 ciebant,
782 1455 911 1526 quia
937 1456 1083 1509 hunc
1111 1455 1275 1509 etiam
1318 1453 1488 1509 Deum
1519 1454 1700 1509 dicere
1748 1454 2085 1509 nesciebant.

502 1547 614 1603 Nos
644 1547 880 1603 certiore
925 1545 1200 1617 agnitione
1233 1546 1480 1599 veritatis
1527 1553 1583 1599 et
1623 1544 1748 1600 ﬁdei
1781 1587 1797 1611 ,
1845 1544 2090 1600 videntes

496 1641 781 1704 mundum,
806 1652 965 1707 quem
991 1637 1118 1693 fecit
1136 1636 1315 1703 Iesus,
1338 1644 1393 1691 et
1419 1637 1571 1705 signa
1597 1637 1792 1708 quibus
1821 1637 1968 1693 illum
1998 1654 2087 1694 re-

2193 450 2284 514 rit,
2319 450 2598 506 videmnus

2250 540 2320 594 Et
2362 541 2557 595 invenit
2605 542 2662 597 in
2708 544 2898 613 templo
2927 585 2943 610 ,
2974 545 3249 601 uendentes
3286 548 3437 604 boves
3479 558 3531 605 et
3580 568 3700 608 aves
3727 563 3785 611 et

2186 634 2451 689 columbas
2488 645 2537 690 et
2595 637 2975 692 nummularios
3008 639 3265 694 sedentes.
3305 639 3674 699 Nummularii
3701 647 3783 702 ad

2186 725 2290 781 hoc
2322 725 2586 782 sedebant
2605 729 2671 783 ad
2698 743 2917 785 mensas
2948 770 2962 796 ,
2993 738 3055 784 ut
3105 732 3248 786 inter
3272 742 3551 802 emptores
3578 737 3778 792 vendi-

2188 824 2441 886 toresque
2470 817 2770 873 hostiarum
2813 831 3063 890 prompta
3092 829 3238 875 esset
3264 823 3510 891 pecunia
3537 827 3771 879 taxatio.

2188 906 2521 962 Videbantur
2543 922 2672 976 ergo
2693 906 2842 963 licite
2876 907 3035 963 vendi
3062 909 3116 964 in
3157 911 3381 981 templo,
3410 928 3534 983 quas
3555 914 3625 968 ad
3670 915 3779 970 hoc

2188 996 2528 1062 emebantur,
2564 1005 2623 1050 ut
2647 996 2700 1051 in
2722 997 2914 1052 eodem
2937 999 3138 1069 templo
3163 1000 3492 1057 oll‘errentur
3517 1004 3774 1059 Domino.

2189 1086 2295 1142 Sed
2320 1086 2505 1141 nolens
2529 1084 2640 1155 ipse
2656 1087 2915 1142 Dominus
2940 1087 3142 1158 aliquid
3164 1090 3220 1143 in
3237 1091 3395 1146 domo
3417 1108 3514 1147 sua
3540 1102 3779 1149 terrente

2191 1179 2573 1249 negotiationis
2596 1220 2611 1244 ,
2642 1195 2711 1234 ne
2747 1179 2863 1250 ejus
2899 1181 3138 1249 quidem,
3182 1196 3305 1252 qum
3332 1182 3568 1239 honesta
3609 1194 3774 1255 puta-

2188 1282 2359 1335 retur,
2378 1269 2647 1337 exhiberi,
2668 1270 2889 1339 dispulit
2903 1272 3269 1342 negotiatores
3287 1272 3536 1343 iniustos,
3552 1284 3609 1328 et
3626 1274 3777 1330 foras

2189 1378 2378 1418 omnes
2402 1362 2562 1417 simul
2584 1378 2705 1417 cum
2731 1362 2815 1417 his
2838 1377 2958 1432 quae
2981 1364 3402 1433 negotiabantur
3420 1364 3602 1434 eiecit.
3632 1367 3781 1435 Quid

2188 1472 2340 1527 ergo,
2368 1454 2564 1510 fratres
2587 1454 2730 1521 mei,
2762 1455 2889 1525 quid
2911 1464 3164 1525 putamus
3192 1456 3394 1514 faceret
3415 1459 3705 1525 Dominus,
3728 1462 3777 1516 si

2190 1548 2324 1603 rixis
2347 1547 2670 1603 dissidentes
2698 1586 2713 1610 ,
2753 1546 2800 1601 si
2839 1546 3037 1601 fabulis
3067 1556 3345 1614 vacantes,
3380 1550 3467 1605 vel
3495 1550 3605 1605 alio
3631 1567 3776 1621 quo-

2189 1640 2320 1696 libet
2366 1639 2569 1695 scelere
2612 1638 2875 1707 reperiret
2920 1639 3159 1695 irretitos
3186 1641 3210 1694 ?
3234 1641 3326 1711 qui
3377 1642 3614 1709 hostias,
3648 1660 3779 1713 quae

490 1729 679 1799 plevit.
711 1729 963 1784 Dicamus
991 1743 1006 1781 :
1036 1728 1169 1794 Quia
1191 1727 1278 1782 hic
1320 1735 1405 1783 est
1445 1743 1570 1781 vere
1596 1727 1864 1782 mediator
1893 1727 1990 1782 Dei
2021 1736 2079 1783 et
2106 1731 2152 1790 B
2181 1729 2285 1785 sibi
2312 1729 2745 1795 immolarentur,
2792 1737 3036 1785 ementes
3072 1730 3128 1785 in
3158 1730 3356 1802 templo
3391 1732 3549 1794 vidit.
3579 1742 3635 1788 et
3668 1734 3776 1789 eli-

498 1822 800 1887 hominum,
828 1822 920 1892 qui
949 1820 1196 1890 impleret
1215 1819 1475 1875 mundum
1498 1820 1803 1886 divinitate,
1839 1827 1894 1874 et
1924 1836 2085 1874 mun-

495 1911 596 1966 dus
630 1926 730 1981 per
767 1912 942 1981 ipsum
975 1909 1151 1965 factus
1178 1917 1280 1964 est.
1313 1910 1451 1977 Quia
1481 1909 1535 1964 in
1560 1910 1780 1981 propria
1808 1910 1956 1965 venit
1984 1910 2085 1965 hu-
2126 1940 2133 1955 ρ

497 2004 757 2056 manitate
774 2042 789 2067 ,
815 2014 1061 2072 quaerere
1107 2011 1163 2054 et
1205 1999 1416 2055 salvare
1441 1999 1583 2068 quod
1622 1998 1888 2071 perierat,
1912 2014 1976 2055 ac
1998 2014 2086 2054 re-

487 2106 683 2148 creare
710 2092 966 2148 mundum
992 2106 1155 2161 quem
1185 2088 1408 2145 fecerat.

674 2212 884 2268 FERIA
931 2210 1253 2291 SECUNDA
1287 2211 1466 2268 POST
1506 2211 1906 2269 VICESIMAM.

889 2308 1227 2348 EVANGELIUI
1246 2308 1482 2357 JOANNIS,
1510 2307 1629 2348 CAP.
1660 2308 1723 2347 ιι.

575 2404 593 2436 ι
641 2382 815 2457 Pr0pe
835 2391 957 2439 erat
977 2383 1184 2439 Pascha
1210 2380 1518 2439 Judzeorum
1538 2423 1555 2449 ,
1583 2391 1637 2437 ct
1662 2382 1906 2437 ascendit
1927 2381 2087 2439 Jesus

508 2495 527 2526 ι
575 2475 1028 2548 Hierosolymam.
1046 2476 1114 2529 Et
1131 2476 1337 2531 invenit
1359 2475 1415 2530 in
1432 2474 1629 2547 templo
1641 2475 1936 2530 vendentes
1953 2490 2087 2531 oves

486 2586 526 2615 -i
574 2576 631 2621 et
658 2568 825 2621 boves
872 2573 928 2621 et
976 2565 1256 2620 columbas
1289 2572 1344 2620 et
1377 2564 1768 2620 nummularios
1808 2565 2081 2621 sedentes.

498 2679 522 2707 ιι
570 2658 775 2713 Etcum
793 2656 1013 2713 fecisset
1029 2657 1185 2727 quasi
1211 2654 1479 2729 ﬂagellum
1503 2656 1569 2712 de
1587 2654 1863 2719 funiculis,
1891 2670 2083 2712 omnes

506 2770 525 2799 ι
569 2747 730 2818 ejecit
753 2749 819 2805 de
838 2748 1039 2819 templo
1059 2789 1074 2815 ,
1099 2763 1229 2805 oves
1252 2764 1467 2819 quoque
1495 2756 1551 2805 et
1578 2748 2082 2814 boves,etnummu-

492 2860 520 2889 -ι
568 2839 826 2895 lariorum
857 2837 1044 2894 ell‘udit
1077 2854 1181 2905 aes,
1213 2848 1269 2894 et
1303 2854 1519 2894 mensas
1550 2837 1838 2893 subvertit.
1882 2837 1950 2892 Et
1992 2837 2080 2894 his

502 2948 523 2979 ί
566 2930 659 3000 qui
680 2930 961 2985 columbas
998 2930 1303 2985 vendebant
1326 2927 1750 2985 dixitzAuferte
1778 2928 1883 2985 ista
1924 2927 2077 2995 hinc,

495 3040 522 3072 4
565 3031 621 3103 et
641 3022 808 3078 nolite
836 3021 1021 3079 facere
1056 3023 1275 3078 domum
1307 3022 1489 3093 patris
1510 3022 1618 3078 mei
1665 3023 1887 3078 domum
1914 3037 2079 3095 nego-

2191 1822 2401 1876 minare
2427 1821 2679 1876 curavit?

2257 1912 2326 1967 Et
2350 1928 2467 1966 cum
2494 1911 2697 1981 fecisset
2722 1912 2877 1983 quasi
2894 1912 3164 1984 ﬂagellum
3187 1913 3253 1969 de
3279 1913 3557 1984 funiculis,
3589 1932 3775 1972 omnes

2186 2004 2335 2076 ejeeit
2361 2003 2426 2058 de
2452 2002 2641 2075 templo
2670 2044 2687 2070 ,
2718 2020 2834 2059 oves
2876 2021 3081 2077 quoque
3107 2015 3156 2061 et
3200 2005 3435 2075 boves,et
3463 2009 3775 2063 nummulo-

2187 2098 2388 2152 riorum
2413 2099 2604 2167 effudit
2631 2116 2727 2161 tes,
2755 2108 2802 2153 et
2831 2116 3040 2154 mensas
3076 2100 3348 2168 subuertit,
3372 2109 3421 2155 et
3461 2101 3545 2155 his
3566 2103 3658 2173 qui
3682 2119 3776 2156 co-

2183 2185 2389 2242 lumbas
2413 2188 2699 2244 vendebant
2720 2230 2735 2254 ,
2767 2189 2942 2243 dixit:
2968 2189 3183 2259 Auferte
3204 2191 3309 2245 ista
3340 2191 3462 2245 hinc
3488 2233 3503 2254 ,
3532 2202 3582 2246 et
3611 2193 3776 2247 nolite

2191 2272 2359 2348 facere
2390 2276 2604 2330 domum
2632 2274 2812 2331 Patris
2850 2278 2951 2331 mei
2997 2278 3212 2332 domum
3255 2280 3648 2350 negotiationis.
3685 2281 3776 2335 Ti-

2184 2362 2439 2421 mendum
2470 2367 2603 2422 satis
2630 2375 2715 2421 est
2740 2406 2755 2433 ,
2797 2382 2866 2421 ne
2892 2381 2994 2422 nos
3024 2366 3079 2422 in
3126 2367 3327 2437 templo
3352 2370 3770 2436 nummularies,

2185 2470 2255 2511 ne
2300 2455 2610 2512 venditores
2654 2454 2851 2511 bovum
2884 2496 2900 2522 ,
2945 2457 3127 2511 ovium
3157 2498 3174 2524 ,
3200 2457 3645 2515 columbarumve
3690 2477 3775 2516 re-

2183 2548 2402 2619 periens
2443 2549 2678 2605 damnet.
2707 2546 2900 2615 Boves,
2948 2549 3147 2620 quippe
3184 2550 3485 2606 doctrinam
3512 2552 3639 2606 vita:
3661 2568 3771 2609 cae-

2184 2640 2357 2695 lestis.
2392 2640 2534 2695 Oves
2583 2654 2746 2710 opera
2796 2639 3075 2695 munditiae
3108 2650 3164 2694 et
3208 2642 3447 2711 pietatis.
3493 2641 3772 2698 Columba:

2184 2729 2358 2785 sancti
2375 2728 2608 2799 Spiritus
2624 2728 2765 2784 dona
2792 2728 3097 2801 designant.
3115 2730 3369 2786 Vendunt
3380 2740 3562 2786 autem
3575 2732 3769 2797 boves,

2183 2835 2275 2890 qui
2312 2820 2539 2875 verbum
2573 2817 2884 2890 Evangelii,
2915 2830 3023 2873 non
3061 2819 3244 2875 divino
3269 2835 3457 2876 amore
3479 2863 3495 2888 ,
3534 2822 3633 2877 sed
3660 2831 3772 2878 ter-

2182 2908 2301 2964 reni
2329 2916 2569 2979 quaastus
2592 2906 2790 2962 intuitu
2833 2908 3177 2964 audientibus
3207 2910 3548 2982 impendunt,
3577 2912 3769 2982 quales

2184 2996 2529 3069 reprehendit
2571 2996 2882 3069 Apostolus,
2909 2998 3035 3068 quia
3081 2997 3356 3056 Christum
3382 3001 3772 3058 annuntiarent

501 3131 521 3164 ι
566 3098 824 3171 tiattonis.
858 3114 1145 3170 Recordati
1192 3087 1327 3169 vero
1352 3123 1478 3170 sunt
1506 3113 1754 3185 discipuli
1785 3112 1921 3183 ejus,
1946 3087 2075 3185 quia

2185 3100 2285 3146 non
2302 3091 2535 3146 sincere.
2550 3087 2804 3144 Vendunt
2828 3104 2975 3152 oves,
2993 3089 3084 3159 qui
3108 3089 3356 3145 humana:
3380 3091 3554 3163 gratia
3566 3091 3767 3159 laudis,

490 3221 520 3252 σε
564 3203 826 3273 scriptum
847 3211 962 3259 est:
989 3202 1149 3258 Zelus
1171 3202 1365 3258 domus
1394 3210 1501 3256 tua;
1535 3200 1773 3257 comedit
1797 3217 1905 3256 me.
1939 3201 2075 3258 Res-

501 3310 519 3340 «
560 3291 869 3359 ponderum
895 3306 1026 3361 ergo
1050 3289 1243 3357 Judzei,
1282 3300 1339 3345 et
1390 3290 1649 3346 dixerunt
1673 3291 1721 3347 ei
1753 3309 1766 3344 :
1802 3290 1957 3359 Quod
2003 3292 2077 3347 si-

489 3399 519 3431 a
566 3395 731 3451 gnum
782 3379 1024 3435 ostendis
1059 3380 1236 3446 nobis,
1282 3380 1408 3451 quia
1436 3381 1552 3436 hinc
1576 3379 2078 3455 facis?Respondit

489 3496 519 3527 ,ι
565 3474 740 3537 Jcsus,
773 3482 832 3530 et.
855 3473 995 3529 dixit
1025 3474 1143 3530 eis:
1170 3473 1378 3530 Solvite
1403 3474 1663 3546 templum
1687 3474 1792 3531 hoc
1820 3484 1876 3531 et
1903 3477 1958 3532 in
1983 3477 2077 3532 tri-

501 3588 517 3615 ‹
566 3567 667 3620 bus
707 3565 895 3621 diebus
930 3566 1181 3620 excitabo
1212 3564 1359 3621 illud.
1388 3566 1653 3623 Dixerunt
1690 3583 1822 3641 ergo
1857 3568 2071 3625 Judmi:

438 3680 440 3683 -
500 3678 516 3703 ι
564 3656 933 3727 Quadraginta
952 3664 1007 3711 et
1028 3672 1122 3711 sex
1151 3658 1309 3714 annis
1333 3658 1660 3717 aediﬁcatum
1701 3671 1786 3718 est
1814 3662 2075 3732 templum

497 3769 514 3797 ι
564 3749 667 3804 hoc
696 3788 712 3813 ,
736 3755 793 3803 et
820 3756 875 3802 tu
926 3748 981 3803 in
1016 3748 1188 3804 tribus
1230 3750 1421 3806 diebus
1457 3752 1725 3808 excitabis
1774 3752 1949 3808 illud?
1981 3753 2076 3808 llle

499 3858 516 3887 ε
566 3845 746 3893 autem
782 3837 995 3894 dicebat
1022 3839 1089 3895 de
1133 3840 1331 3911 templo
1372 3843 1617 3914 corporis
1648 3845 1753 3899 sui.
1782 3842 1918 3899 Cum
1944 3858 2075 3915 ergo

490 3951 517 3980 -ι
568 3932 956 3987 resurrexissct
990 3948 1022 3987 a
1052 3933 1312 4001 mortuis,
1351 3934 1621 3990 recordati
1665 3944 1791 3991 sunt
1818 3935 2070 4006 discipuli

486 4042 515 4071 Α
563 4020 705 4091 ejus,
731 4022 853 4092 quia
882 4023 998 4079 hzec
1023 4023 1255 4080 dicebat.
1294 4024 1363 4079 Et
1390 4026 1741 4082 crediderunt
1780 4024 2077 4095 Scripturze

497 4131 514 4161 ι
561 4121 618 4166 et
650 4113 889 4167 sermoni
928 4128 1089 4183 quem
1131 4114 1269 4170 dixit
1303 4113 1484 4172 Jesus.
1542 4115 1676 4171 Cum
1708 4124 1890 4172 autem
1930 4123 2079 4170 esset

488 4222 512 4253 Α
556 4202 942 4276 Hierosolymis
978 4205 1041 4260 in-
1061 4205 1294 4274 Pascha,
1326 4209 1381 4264 in
1410 4207 1500 4263 die
1534 4204 1697 4273 festo,
1722 4206 1877 4262 multi
1901 4206 2077 4262 credi-

490 4314 513 4343 ι
561 4294 756 4349 derunt
803 4296 857 4350 in
890 4296 1109 4353 nomine
1150 4295 1289 4368 ejus,
1313 4286 1561 4353 videntes
1585 4297 1737 4369 signa
1760 4313 1880 4367 quae
1911 4296 2075 4352 facie-

494 4407 515 4435 ‹
562 4385 670 4440 bat.
697 4385 814 4456 Ipse
854 4397 1034 4444 autem
1074 4387 1232 4445 Iesus
1263 4404 1370 4445 non
1404 4390 1659 4444 credebat
1702 4389 1942 4457 seipsum
1971 4388 2069 4450 eis,

2180 3198 2344 3253 opera
2365 3180 2587 3253 pietatis
2604 3187 2876 3247 exercent,
2893 3182 2959 3236 de
2984 3180 3181 3252 quibus
3208 3181 3469 3238 Dominus
3481 3183 3561 3237 ait
3586 3201 3602 3237 :
3625 3182 3769 3250 Quia

2180 3282 2481 3344 receperunt
2503 3271 2792 3328 mercedem
2817 3285 2990 3327 suam.
3036 3271 3283 3328 Vendunt
3314 3271 3595 3330 columbas
3626 3316 3643 3336 .
3671 3276 3769 3347 qui

2179 3370 2459 3433 acceptam
2504 3360 2744 3433 Spiritus
2781 3362 3008 3433 gratiam
3042 3403 3057 3429 ,
3111 3378 3219 3418 non
3268 3362 3438 3434 gratis
3466 3404 3481 3429 ,
3519 3372 3579 3418 ut
3627 3380 3771 3436 pra:-

2179 3462 2394 3525 ceptum
2418 3460 2522 3520 est,
2552 3454 2645 3509 sed
2666 3453 2733 3508 ad
2754 3454 3037 3525 praemium
3060 3454 3212 3522 dant,
3236 3456 3331 3526 qui
3359 3455 3768 3526 impositionem

2178 3566 2373 3605 manus
2400 3590 2415 3615 ,
2448 3566 2554 3621 qua
2568 3550 2808 3621 Spiritus
2833 3553 3120 3624 accipitur,
3188 3552 3294 3610 etsi
3333 3568 3443 3608 non
3472 3553 3540 3609 ad
3587 3567 3769 3623 (103:5-

2179 3648 2294 3695 tum
2324 3642 2581 3710 pecuniae,
2614 3642 2683 3697 ad
2704 3641 2851 3714 vulgi
2881 3651 3060 3698 tamen
3082 3643 3322 3699 favorem
3356 3644 3602 3698 tribuunt
3627 3658 3643 3698 :
3670 3646 3765 3713 qui

2178 3746 2364 3787 sacros
2390 3733 2609 3788 ordines
2637 3748 2745 3788 non
2766 3733 2836 3788 ad
2864 3734 2991 3788 vita:
3019 3733 3293 3800 meritum,
3324 3733 3503 3789 sed‘ad
3529 3736 3766 3805 gratiam

2178 3823 2497 3894 largiuntur.
2529 3821 2788 3905 Nummos
2811 3824 2940 3880 dant
2975 3833 3164 3880 mutuo
3202 3826 3256 3879 in
3285 3824 3503 3895 templo,
3532 3825 3627 3894 qui
3659 3842 3766 3880 non

2178 3916 2428 3972 simulate
2439 3917 2767 3983 coelestibus,
2783 3918 2879 3973 sed
2892 3927 3078 3989 aperte
3094 3919 3327 3974 terrenis
3339 3920 3502 3974 rebus
3516 3919 3573 3974 in
3586 3918 3770 3975 Eccle-

2178 4009 2258 4065 sia
2285 4008 2615 4073 deserviunt,
2640 4024 2735 4064 sua
2764 4016 3091 4079 qurerentes,
3114 4024 3223 4064 non
3250 4024 3371 4080 qua:
3389 4008 3519 4065 Jesu
3532 4009 3764 4065 Christi.

2252 4098 2534 4155 Recordati
2572 4116 2692 4154 vero
2714 4111 2836 4155 sunt
2862 4099 3110 4172 discipuli
3153 4100 3308 4171 ejus,
3348 4103 3474 4173 quia
3509 4102 3765 4171 scriptum

2177 4198 2303 4244 est:
2352 4186 2510 4245 Zelus
2555 4189 2743 4245 domus
2796 4200 2903 4244 tute
2958 4191 3184 4245 comedit
3226 4207 3327 4245 me.
3371 4190 3475 4263 (Ex
3503 4190 3765 4261 August.)

2185 4278 2633 4352 Unumquemque
2680 4281 3049 4337 Christianum
3103 4283 3251 4338 zelus
3291 4284 3482 4338 domus
3536 4283 3633 4337 Dei
3672 4297 3767 4337 co-

2178 4374 2378 4428 medat.
2411 4372 2467 4427 In
2498 4390 2602 4444 qua
2630 4374 2793 4429 domo
2817 4372 2918 4428 Dei
2944 4375 3231 4429 membrum
3253 4392 3307 4431 es
3337 4416 3355 4440 ,
3385 4375 3431 4430 si
3460 4376 3592 4445 quid
3621 4375 3765 4432 forte

496 4498 515 4527 ‹
562 4493 627 4533 eo
648 4480 793 4548 quod
840 4480 955 4551 ipse
982 4490 1169 4537 nosset
1190 4496 1400 4537 omnes.
1448 4481 1517 4535 Et
1566 4481 1692 4550 quia
1717 4495 1853 4549 opus
1885 4480 1935 4534 ei
1967 4497 2073 4535 non

2185 4482 2493 4538 perversum
2539 4468 2740 4523 videris
2765 4509 2781 4534 ,
2822 4477 3007 4538 satage
3049 4468 3292 4537 corrigi,
3317 4467 3611 4523 emendare
3653 4484 3765 4524 non

493 4590 513 4622 ε
557 4581 704 4640 erat,
745 4581 807 4629 ut
850 4575 975 4646 quis
1010 4572 1378 4630 testimonium
1406 4572 1721 4644 perhiberet
1735 4573 1800 4627 de
1831 4572 2068 4627 homine.

492 4682 514 4716 ε
552 4662 669 4733 Ipse
693 4665 838 4720 enim
865 4666 1071 4721 sciebat
1096 4665 1381 4736 quidesset
1416 4664 1470 4718 in
1493 4663 1731 4719 homine.
1767 4682 1785 4715 ι

562 4753 734 4826 Prope
774 4764 886 4809 erat
916 4753 1129 4810 Pascha
1150 4753 1489 4821 Iudaeorum,
1519 4763 1567 4809 et
1597 4754 1833 4807 ascendit
1875 4752 2069 4810 Hiero-

488 4845 748 4918 solymam
772 4847 950 4902 Iesus.
981 4846 1136 4914 Quod
1162 4855 1344 4901 autem
1366 4848 1833 4918 appropinquante
1866 4845 2071 4903 Pascha

523 4957 648 4998 esus
692 4940 937 4997 ascendit
986 4938 1419 5009 Hierosolymam
1448 4980 1463 5002 ,
1490 4938 1647 4995 nobis
1685 4938 1929 5010 profecto
1978 4942 2073 4998 dat

485 5034 830 5105 exemplum,
859 5040 1064 5103 quanta
1103 5031 1271 5086 animi
1304 5031 1582 5103 vigilantia
1607 5032 1913 5090 Dominicis
1951 5034 2073 5090 sub—

486 5127 585 5202 jici
624 5127 918 5191 debeamus
960 5123 1225 5196 imperiis,
1256 5140 1378 5179 cum
1422 5126 1539 5196 ipse
1579 5125 1635 5181 in
1660 5125 2073 5182 hominisinliev

487 5220 682 5278 mitate
697 5210 988 5291 apparens,
1002 5215 1197 5271 eadem
1214 5230 1335 5286 quae
1359 5231 1427 5272 ex
1451 5216 1764 5273 Divinitatis
1781 5217 2076 5274 auctorita-

487 5324 543 5367 te
563 5308 755 5366 statuit
786 5307 1005 5362 decreta
1025 5306 1311 5363 custodiat.
1342 5306 1420 5363 Ne
1448 5308 1592 5363 enim
1626 5316 1884 5378 putarent
1908 5307 2070 5375 servi,

486 5399 695 5469 absque
729 5397 938 5453 crebris
957 5397 1259 5453 orationum
1284 5398 1660 5470 bonorumque
1684 5409 1900 5454 actuum
1924 5398 2075 5453 victi-

488 5489 618 5557 mis,
631 5486 717 5543 vel
733 5484 941 5558 llagclla
963 5487 1208 5555 evadere,
1227 5488 1311 5544 vel
1334 5488 1562 5559 praemia
1577 5504 1636 5544 se
1656 5503 1814 5559 posse
1834 5486 2071 5557 percipe-

492 5597 574 5647 re,
590 5587 643 5634 et
663 5580 777 5650 ipse
796 5579 940 5634 inter
960 5579 1276 5648 servientes,
1302 5579 1635 5647 adorandum
1653 5576 2067 5633 immolandum-

491 5689 597 5742 quc
622 5672 712 5729 Dei
746 5670 912 5727 Filius
944 5672 1199 5728 ascendit.
1226 5671 1328 5741 Qui
1355 5671 1577 5727 veniens
1614 5666 2062 5738 Hierosolymam,

2175 4558 2446 4628 quiescas.
2479 4557 2641 4613 Verbi
2692 4558 2867 4627 gratia
2899 4598 2914 4623 ,
2964 4557 3116 4612 vides
3162 4556 3390 4613 fratrem
3434 4572 3660 4612 currere
3693 4558 3765 4613 ad

2177 4651 2471 4715 theatrum,
2498 4649 2745 4721 prohibe,
2770 4663 2954 4715 mone,
2980 4656 3310 4713 contestare,
3333 4647 3380 4702 si
3397 4646 3546 4703 zelus
3568 4648 3765 4705 domus

2174 4742 2271 4797 Dei
2292 4743 2525 4798 comedit
2547 4750 2616 4797 te.
2640 4742 2804 4797 Vides
2818 4740 2952 4796 alios
2971 4754 3214 4808 currere,
3234 4748 3291 4794 et
3311 4739 3586 4795 inebriare
3598 4738 3761 4805 velle,

2172 4834 2399 4905 prohibe
2436 4848 2572 4903 quos
2611 4840 2789 4901 potes,
2808 4839 2933 4887 tene
2961 4846 3098 4902 quos
3125 4839 3300 4901 potes,
3351 4837 3558 4886 terreto
3621 4846 3765 4901 quos

2170 4936 2347 4997 potes,
2370 4927 2564 4997 quibus
2591 4934 2744 4997 potes
2772 4923 3017 4980 blandire
3038 4963 3052 4988 ,
3087 4922 3197 4978 noli
3236 4932 3417 4978 tamen
3456 4917 3760 4992 quiescere.

2170 5021 2394 5077 Amicus
2413 5028 2515 5086 est,
2546 5021 2902 5073 admoneatur
2943 5015 3141 5071 leniter
3172 5033 3185 5069 :
3223 5014 3371 5077 Uxor
3400 5022 3503 5080 est,
3526 5016 3765 5071 severis—

2174 5112 2310 5168 sime
2334 5109 2673 5165 refrenetur:
2702 5106 2911 5162 Ancilla
2940 5115 3047 5173 est,
3074 5105 3239 5161 etiam
3264 5104 3584 5162 verberibus
3612 5121 3765 5167 com-

2173 5208 2447 5273 pescatur.
2472 5198 2583 5254 Fac
2612 5197 2875 5269 quidquid
2897 5204 3052 5267 potes
3071 5210 3172 5265 pro
3190 5210 3424 5266 persona
3443 5211 3611 5271 quam
3634 5211 3766 5268 por-

2177 5301 2281 5358 tas,
2307 5291 2413 5347 noli
2441 5292 2724 5362 quiescere
2762 5289 2965 5344 lucrari
3009 5287 3285 5345 Christum
3317 5329 3332 5354 ,
3357 5289 3484 5358 quia
3516 5289 3767 5345 lucratus

2172 5398 2233 5438 es
2261 5398 2291 5436 a
2320 5381 2558 5447 Christo,
2588 5389 2644 5435 et
2670 5378 2889 5450 perficis
2930 5379 2985 5433 in
3014 5386 3105 5433 te:
3130 5376 3287 5432 Zelus
3324 5379 3512 5434 domus
3536 5389 3645 5434 tua:
3675 5395 3765 5435 co-

2173 5474 2333 5529 medit
2358 5488 2459 5527 me.
2491 5469 2550 5526 Si
2579 5478 2761 5525 autem
2807 5468 2977 5524 fueris
3002 5467 3253 5539 frigidus,
3283 5469 3581 5536 marcidus,
3610 5470 3683 5524 ad
3712 5478 3767 5525 te

2172 5569 2346 5624 solum
2371 5571 2690 5637 exspectans
2716 5604 2731 5630 ,
2778 5570 2833 5617 et
2860 5561 3015 5632 quasi
3049 5562 3146 5616 tibi
3169 5562 3442 5617 sulliciens
3476 5569 3533 5617 et
3569 5561 3766 5617 dicens

2172 5665 2226 5720 in
2256 5662 2415 5718 cor-ie
2447 5668 2538 5714 tuo
2565 5677 2575 5710 :
2609 5656 2744 5725 Quid
2788 5655 2919 5712 mihi
2958 5669 3149 5710 curare
3180 5663 3259 5710 est
3299 5653 3472 5710 aliena
3502 5662 3755 5724 peccata,
