3946 6418
150 234 247 294 157
956 222 1477 282 COLLECTIONES
1514 225 1582 282 IN
1622 223 2006 285 EPISTOLAS
2042 228 2131 285 ET
2171 230 2583 289 EVANGELIA.
3322 241 3422 301 133

144 350 339 409 sufﬁcit
360 348 498 406 mihi
519 345 698 403 anima
719 360 861 412 mea,
878 344 1050 416 ipsam
1076 348 1344 420 integram
1368 367 1581 410 servem
1596 353 1720 421 Deo,

1834 362 2142 421 ﬁcationem
2168 346 2498 436 signiﬁcant.
2526 365 2741 422 Primus
2786 365 2933 422 enim
2973 366 3231 424 Salomon
3279 379 3420 427 tem-

142 443 305 499 etiam
329 455 441 496 non
473 438 568 495 tibi
593 439 743 494 venit
772 438 828 492 in
853 447 1091 493 mentem
1120 455 1311 497 servus
1340 442 1453 509 ille,
1488 445 1581 515 qui
1606 447 1732 501 abs-
1834 452 2005 524 plum,
2034 455 2087 508 in
2116 456 2353 511 maxima
2386 457 2538 527 regni
2585 458 2669 513 sui
2714 473 2870 529 pace,
2903 459 3285 517 decentissima
3330 477 3419 518 δε-

141 533 328 592 condit
352 532 617 623 talentum
631 538 691 587 et
708 528 888 623 noluit
907 545 1137 600 erogare
1158 530 1497 590 ?Notandum
1522 543 1728 604 autem,
1832 553 1980 615 ptem
2024 562 2288 603 annorum
2328 564 2493 619 apere
2528 528 2787 620 perfecit,
2816 553 2958 623 quod
3002 553 3341 613 destructum
3388 572 3419 611 a

141 626 267 699 quia
315 642 425 682 non
450 622 626 680 solum
654 622 968 678 venditores
988 632 1118 679 sunt
1143 623 1537 693 columbarum,
1561 635 1616 683 et
1634 629 1720 686 do-

1832 634 2119 702 Cbaldaais,
2148 646 2269 707 post
2302 636 2643 709 septuaginta
2665 622 2849 696 annos
2868 642 2935 696 ad
2959 642 3263 712 jussionem
3288 643 3418 718 Cyri

141 733 286 774 mum
312 715 412 773 Dei
445 713 651 771 faciunt
684 714 906 770 domum
944 715 1325 785 negotiationis
1348 758 1363 782 ,
1404 718 1499 787 qui
1542 734 1729 776 sacros
1830 723 2042 789 Persae,
2072 724 2254 782 laxata
2292 726 2639 796 captivitate,
2665 729 2985 785 resediﬁcari
3023 740 3263 803 emptum
3308 713 3415 790 est.

139 810 374 873 ordines,
398 806 676 879 largiendo
693 806 929 877 pretium
959 805 1202 877 pecunia:
1222 806 1306 863 vel
1335 807 1534 878 laudis,
1564 811 1647 866 vel
1672 818 1729 865 et
1831 813 1939 870 Sed
1962 816 2056 870 lilii
2079 818 2593 890 transmigrationis,
2618 835 2786 889 opus,
2817 822 2962 891 quod
3005 823 3309 882 Zorobabel
3353 835 3411 882 et

138 900 249 971 jam
269 896 1050 968 bonoris,inquirnnt.Verum
1074 897 1129 951 lii
1149 913 1364 969 quoque
1383 913 1475 968 qut
1494 901 1725 972 gradum
1828 904 1957 961 Jesu
1987 906 2260 962 faciebant
2287 916 2511 979 propter
2544 909 3009 981 impugnationem
3057 913 3295 983 gentium
3335 916 3416 969 vi-

140 994 221 1050 vel
254 991 490 1065 gratiam
520 991 577 1046 in
613 988 857 1045 Ecclesia
907 989 1209 1060 spiritalem
1236 1029 1253 1057 ,
1285 1006 1450 1061 quam
1491 993 1726 1051 Domino

138 1087 399 1159 largiente
438 1098 733 1155 percepero
762 1122 777 1148 ,
829 1096 935 1137 non
966 1082 1199 1152 simplici
1246 1082 1547 1141 intentione
1578 1126 1596 1152 ,
1625 1087 1722 1142 sed

136 1179 422 1249 cujuslibet
450 1180 698 1234 humana:
714 1192 881 1232 causa
909 1176 1285 1233 retributionis
1306 1187 1580 1246 exercent,
1599 1196 1724 1236 con-

139 1282 218 1329 tra
238 1271 367 1328 illud
404 1269 633 1340 apostoli
658 1268 805 1324 Petri
831 1286 844 1322 :
872 1267 978 1334 Qui
1008 1267 1263 1339 loquitur,
1285 1272 1436 1340 quasi
1458 1288 1721 1327 sermones

137 1363 227 1418 Dei
256 1403 272 1429 ,
292 1361 384 1433 qui
412 1361 676 1416 ministrat
702 1370 954 1417 tanquam
993 1376 1058 1414 ea:
1079 1360 1269 1414 virtute
1298 1400 1313 1424 ,
1337 1378 1496 1431 quant
1545 1362 1718 1416 admi-

1825 999 2097 1064 cinarum,
2120 1007 2245 1054 ante
2266 1000 2627 1072 quadraginta
2653 1010 2709 1055 et
2746 1016 2841 1056 sex
2873 1016 3045 1057 annos
3072 1003 3296 1073 implere
3323 1020 3416 1059 ne-

1826 1091 2136 1159 quiverunt,
2167 1091 2258 1160 qui
2288 1091 2453 1145 etiam
2496 1106 2761 1146 numerus
2798 1107 3061 1146 annorum
3090 1092 3412 1163 pet'l‘ectioni

1826 1182 2041 1239 Domini
2062 1183 2308 1253 corporis
2330 1183 2608 1252 aptissime
2635 1183 2903 1253 congruit.
2940 1183 3184 1239 Tradunt
3211 1185 3413 1240 etenim

1825 1274 2153 1328 naturalium
2184 1274 2481 1344 scriptores
2515 1290 2718 1339 rerum,
2751 1273 2981 1329 formam
3021 1276 3267 1345 corporis
3313 1278 3414 1333 ltu-

1823 1348 1969 1420 niani
2001 1372 2079 1419 tot
2108 1365 2319 1420 dierum
2349 1364 2526 1436 spatio
2563 1363 2771 1433 perﬁci.
2820 1363 2960 1431 Quia
3011 1365 3261 1420 videlicet
3300 1367 3413 1436 pri-

137 1446 317 1510 nistrtit
360 1453 505 1508 Deus
530 1493 547 1519 ,
590 1462 646 1507 ut
689 1453 745 1507 in
768 1452 1011 1506 omnibus
1055 1453 1435 1521 Itonori/tcetur
1465 1454 1605 1508 Deus
1626 1472 1720 1524 per
1820 1457 1927 1511 mis
1957 1472 2051 1512 sex
2083 1472 2114 1511 a
2145 1456 2500 1527 conceptione
2538 1455 2729 1510 diebus
2765 1455 2923 1510 lactis
2973 1455 3173 1511 habeat
3218 1456 3412 1511 simili-

136 1544 312 1603 .lesum
332 1541 601 1598 Christum
623 1541 675 1614 (l
709 1539 857 1597 Petr.
889 1543 984 1613 tv).
1015 1542 1260 1599 Fun'culi
1290 1545 1486 1613 quibus
1531 1544 1716 1617 ﬂagel-

136 1639 291 1696 lando
314 1639 512 1710 impios
558 1639 626 1695 de
653 1638 854 1709 templo
883 1639 1090 1709 expulit
1116 1681 1132 1707 ,
1167 1650 1445 1698 crementa
1474 1654 1601 1700 sunt
1627 1660 1715 1702 ac-

1822 1547 2084 1603 tudinem.
2114 1546 2480 1616 Sequenlibus
2504 1561 2695 1601 novem
2720 1554 3073 1601 convertatur
3101 1546 3169 1601 ad
3191 1548 3412 1618 sangui-

1820 1653 1964 1692 nem.
1994 1637 2195 1691 Deinde
2216 1636 2499 1692 duodecim
2531 1636 2814 1691 solidetur.
2859 1636 3108 1706 Reliquis
3134 1638 3321 1693 decem
3355 1647 3413 1694 et

139 1732 333 1787 tionum
373 1730 643 1791 malarum
668 1772 687 1797 ,
714 1730 783 1786 de
814 1731 1013 1802 quibus
1037 1733 1265 1788 materia
1295 1733 1588 1790 damnandi
1623 1751 1710 1792 re-
1745 1722 1791 1781 B
1818 1736 1944 1782 octo
1967 1728 2215 1782 ﬁrmetur
2237 1742 2410 1796 usque
2438 1726 2505 1780 ad
2549 1726 2790 1796 perfecta
2821 1726 3135 1783 liniamenta
3163 1730 3410 1785 omnium

137 1826 328 1895 probos
426 1825 678 1882 districto
704 1823 877 1893 judiei
926 1824 1104 1881 datur.
1149 1824 1285 1881 llinc
1338 1827 1540 1882 ctenim
1583 1828 1717 1884 dicit
1814 1821 2203 1883 membrorum.
2234 1829 2290 1873 cl
2316 1819 2444 1873 hinc
2470 1817 2584 1886 iam
2613 1819 2824 1888 reliquo
2861 1826 3104 1889 tempore
3132 1836 3303 1891 usque
3340 1822 3408 1877 ad

138 1917 323 1974 Isaias:
352 1914 1440 1988 Vthuitraltitisiniquitatentinfunieulis
1463 1920 1711 1976 vanitatis
1816 1920 2027 1983 tempus
2064 1918 2278 1981 partus,
2318 1910 2694 1982 magnitudine
2741 1919 3021 1983 augeatur.
3071 1911 3178 1969 Sex
3222 1923 3405 1969 autem

140 2007 353 2080 (lss.v).
377 2007 447 2064 Et
468 1994 1710 2081 inProverbiisSalomon:lniquitates,inquit,
1813 2014 1869 2060 et
1897 2018 2090 2059 novem
2113 2046 2128 2064 .
2152 2013 2208 2059 et
2238 2003 2550 2068 duodecim,
2576 2011 2635 2059 ct
2671 2002 2860 2059 decem
2890 2011 2946 2059 et
2972 2014 3100 2061 octo
3119 2045 3132 2071 ,
3164 2006 3404 2074 Quadra-

138 2098 1714 2171 stttrcapiuntimpium,“funibuspcccatorumsuorumcon-
1796 2097 1946 2171 ginta
1967 2097 2201 2172 quinque
2234 2094 2461 2151 faciunt.
2492 2096 2698 2162 Quibus
2734 2097 2779 2152 si
2807 2113 2976 2153 unum
3018 2096 3401 2167 adjecerimus,

138 2189 793 2262 stringitur(Prov.v).Qui
808 2191 953 2245 enim
968 2198 1191 2259 peccata
1210 2193 1581 2263 peccatis,pro
1598 2193 1714 2264 qui-
1810 2189 1871 2245 id
1895 2198 2003 2255 est,
2030 2189 2206 2259 ipsum
2233 2188 2400 2254 diem,
2425 2203 2534 2258 quo
2558 2189 2793 2243 discreta
2815 2204 2912 2259 per
2938 2189 3183 2245 membra
3206 2205 3405 2261 corpus

138 2279 235 2335 bus
248 2281 424 2336 acrius
443 2280 732 2335 danmetur
748 2280 1073 2348 accumulat,
1099 2282 1256 2352 quasi
1287 2281 1575 2348 funiculos,
1599 2284 1714 2353 qui—
1814 2288 2154 2335 crementum
2184 2294 2401 2335 sumere
2428 2280 2640 2350 incipit,
2671 2287 2748 2335 tot
2768 2280 3024 2335 nimirum
3046 2281 3163 2337 dies
3189 2282 3245 2336 in
3273 2282 3404 2337 tedi-

137 2371 515 2442 busligeturac
532 2371 848 2442 ﬁagelletur,
863 2374 1123 2444 paulatim
1144 2376 1706 2449 augendOprolongat.
1811 2372 2064 2428 ﬁcatione
2106 2372 2353 2443 corporis
2407 2371 2669 2438 Domini,
2692 2381 2827 2442 quot
2864 2372 2919 2426 in
2968 2371 3175 2428 fabrica
3215 2373 3403 2443 templi

139 2461 621 2519 Nummulariorum
653 2478 869 2535 quoque
904 2482 1042 2536 quos
1069 2449 1353 2537 expulerat
1394 2468 1584 2524 eﬁ‘udit
1612 2484 1705 2529 tes,
1811 2481 1983 2523 annos
2004 2466 2332 2523 invenimus.
2382 2465 2452 2520 Et
2486 2466 2613 2534 quia
2655 2466 2916 2536 templum
2945 2464 3076 2521 illud
3125 2480 3289 2519 manu
3320 2464 3403 2519 fa-

138 2561 186 2606 et
220 2567 432 2607 mensas
449 2552 740 2620 subvertit,
769 2556 897 2626 quia
919 2556 1191 2612 damnatis
1216 2558 1271 2612 in
1298 2557 1405 2613 ﬁne
1441 2560 1708 2629 reprobis,
1808 2565 1979 2623 ctum,
2003 2566 2406 2613 sacrosanctam
2435 2556 2651 2612 Domini
2693 2572 2941 2619 carnem,
2969 2571 3133 2629 quam
3169 2572 3237 2611 ex
3292 2557 3403 2611 vir-

139 2644 286 2698 ctiam
317 2644 557 2714 ipsarum
589 2661 728 2715 quas
765 2646 1008 2702 dilexere
1045 2664 1228 2703 rerum
1254 2648 1404 2704 tollet
1452 2649 1703 2721 ﬁguram,
1808 2652 1935 2722 gine
1957 2650 2208 2720 sumpsit,
2244 2657 2302 2704 ut
2335 2664 2404 2705 ex
2451 2649 2557 2704 hoc
2601 2646 2720 2704 loco
2768 2648 3062 2715 discimus,
3096 2648 3401 2719 ﬁgurabat,

131 2733 271 2803 juxta
298 2736 396 2792 hoc
423 2737 573 2807 quod
595 2738 852 2807 scriptum
878 2747 1000 2793 est:
1034 2738 1099 2793 Et
1134 2739 1364 2796 mundus
1387 2742 1634 2797 transibit
1657 2753 1707 2797 et
1807 2757 1930 2812 quae
1960 2742 2089 2812 quia
2115 2758 2183 2797 ea
2209 2741 2355 2811 quod
2400 2757 2600 2812 corpus
2641 2742 2787 2811 ejus,
2811 2741 2956 2812 quod
3003 2748 3091 2797 est
3131 2740 3401 2809 Ecclesia,

139 2830 548 2900 concupiscentia
572 2830 707 2901 ejus.
739 2832 809 2886 Et
827 2831 915 2888 'cis
938 2833 1030 2903 qui
1057 2833 1341 2890 columbas
1382 2835 1707 2902 vendebant,
1806 2832 1937 2903 quia
1962 2832 2333 2902 unusquisque
2366 2830 2603 2887 ﬁlelinm
2632 2846 2833 2902 corpus
2858 2832 3211 2902 animamque
3254 2832 3401 2887 desi-

138 2920 263 2974 disit
289 2939 302 2975 :
327 2921 547 2991 Auferte
570 2923 672 2978 ista
709 2924 854 2990 hinc,
884 2932 931 2979 et
959 2924 1118 2980 nolite
1164 2925 1336 2980 facere
1360 2926 1576 2982 domum
1606 2925 1712 2983 Pa—
1807 2923 2025 2993 gnabat.
2056 2922 2131 2980 Ut
2163 2923 2218 2979 in
2248 2923 2522 2994 plerisque
2556 2921 2967 2992 Scripturarum
3012 2921 3148 2978 locis
3190 2923 3404 2979 inveni-

137 3011 225 3066 tris
255 3013 353 3068 ηιιί
384 3014 609 3069 domum
636 3016 1001 3087 negotiationis
1082 3016 1277 3087 (locu.
1314 3016 1399 3091 ιι).
1429 3018 1708 3075 Venditio-
1743 3080 1779 3091 Α
1809 3030 1953 3070 mus.
1976 3013 2151 3070 Adam
2201 3028 2334 3070 vero
2373 3013 2581 3083 primus
2624 3020 2749 3082 post
2788 3020 3075 3083 peccatum
3124 3012 3336 3068 audivit
3386 3032 3398 3065 :

136 3118 247 3159 nem
277 3104 655 3161 columbarum
696 3080 765 3162 de
806 3106 1005 3178 templo
1045 3080 1248 3163 auferri
1276 3080 1552 3179 praecepit,
1581 3110 1709 3180 quia
1734 3080 1780 3143 Ο
1815 3105 1983 3161 Terra
1998 3122 2054 3161 es
2077 3106 2205 3161 etin
2233 3080 2432 3159 terrain
2455 3102 2553 3158 ibis
2584 3080 2751 3176 (Cen.
2781 3080 2902 3175 in).
2934 3101 3217 3159 Secundus
3271 3116 3409 3159 vero

132 3194 216 3264 qui
241 3196 478 3266 gratiam
494 3194 728 3267 Spiritus
752 3198 923 3269 gratis
943 3199 1175 3269 accepit,
1197 3200 1369 3269 gratis
1388 3200 1708 3258 debetdare.
1809 3198 1984 3255 Adam
2012 3199 2079 3255 de
2104 3198 2284 3269 seipso
2329 3197 2408 3252 ait
2434 3215 2448 3250 :
2478 3194 2674 3253 Solvite
2708 3194 2962 3267 templum
2985 3195 3105 3261 ltoc,
3133 3204 3183 3249 et
3218 3195 3274 3251 in
3299 3196 3400 3251 tri-

136 3286 274 3343 Unde
313 3287 511 3345 Simon
549 3288 637 3345 ille
690 3305 883 3362 magus
935 3291 1027 3361 qui
1078 3290 1219 3347 banc
1263 3307 1445 3348 emere
1484 3294 1711 3362 pecunia
1812 3290 1907 3345 bus
1959 3290 2142 3346 diebus
2184 3288 2425 3345 excitabo
2471 3287 2606 3342 illud
2652 3286 2836 3360 (Joan.
2859 3286 2943 3359 ιι).
2989 3286 3224 3358 Sparsus
3271 3300 3404 3341 vero

133 3377 309 3445 voluit,
331 3386 392 3434 ut
416 3377 636 3449 majore
653 3381 831 3450 pretio
856 3382 1135 3447 venderet,
1185 3383 1394 3438 audivit
1424 3402 1437 3437 :
1473 3381 1712 3440 Pecunia
1812 3382 1914 3440 fuit
1938 3384 2150 3454 primus
2190 3383 2365 3439 Adam
2408 3396 2510 3455 per
2554 3380 2872 3435 universum
2915 3378 3200 3443 mundum,
3225 3377 3319 3448 qui
3345 3377 3401 3431 in

137 3478 218 3522 tua
243 3479 407 3524 tecum
458 3470 530 3525 sit
572 3470 627 3526 iu
646 3471 957 3541 perditione,
992 3488 1097 3527 non
1135 3482 1212 3527 est
1259 3472 1352 3527 tibi
1398 3490 1522 3529 ours
1550 3491 1713 3546 neque
1811 3476 2049 3531 secundo
2072 3473 2335 3531 collectus
2359 3481 2465 3539 est,
2492 3472 2636 3543 quod
2666 3469 2933 3543 signiﬁcat
2960 3484 3156 3526 nomen
3195 3469 3400 3535 Adam,

138 3574 241 3613 sors
265 3560 318 3613 in
335 3576 578 3616 sermone
597 3561 695 3618 hoc
723 3562 863 3631 (Act.
894 3561 1032 3630 vtu).
1810 3565 1955 3638 quod
2002 3572 2237 3636 quatuor
2262 3564 2463 3621 litteris
2500 3562 2784 3630 scribitur,
2808 3585 2845 3619 at
2867 3560 2897 3619 δ
2914 3595 2935 3625 ι
2959 3560 3155 3616 iterum
3184 3583 3220 3617 α
3247 3570 3304 3615 et
3340 3585 3401 3636 μ,

203 3649 599 3723 Responderunt
639 3670 761 3725 ergo
780 3652 959 3710 Judtm
979 3664 1028 3710 et
1071 3655 1318 3712 dixerunt
1342 3657 1391 3712 ei
1415 3670 1434 3710 :
1457 3656 1613 3724 Quod
1645 3675 1714 3713 st-
1810 3676 1933 3731 qua:
1953 3668 2188 3730 quatuor
2212 3658 2409 3714 littera:
2438 3666 2675 3728 quatuor
2705 3663 2890 3727 partes
2917 3655 3067 3711 orbis
3088 3655 3397 3727 designant,

138 3755 285 3809 gnum
308 3741 541 3797 ostendis
567 3742 713 3798 nobis
751 3744 876 3811 quia
904 3744 1016 3800 Ita'c
1053 3744 1227 3815 facis?
1255 3746 1592 3819 Respondeas
1621 3749 1713 3804 Je-
1812 3755 1868 3809 in
1892 3768 2030 3824 quas
2056 3766 2281 3822 sparsus
2304 3758 2390 3805 est
2412 3749 2584 3804 Adam
2618 3749 2671 3803 in
2706 3747 2832 3802 ﬁliis
2868 3746 3004 3803 suis.
3032 3745 3154 3802 Ideo
3177 3746 3229 3802 in
3251 3747 3402 3816 prin-

140 3849 222 3888 sus
239 3843 283 3888 et
304 3834 434 3891 dixit
461 3836 540 3890 eis
566 3848 585 3887 :
616 3834 812 3894 Solvite
838 3836 1086 3909 templum
1112 3838 1235 3904 hoc,
1259 3850 1306 3894 et
1332 3840 1388 3894 in
1412 3842 1580 3896 tribus
1599 3842 1711 3897 die-
1810 3846 1969 3917 cipiis
1996 3844 2277 3900 nominum
2311 3841 2549 3912 partium
2577 3839 2786 3904 mundi,
2818 3837 2902 3893 ha:
2930 3844 3167 3907 quatuor
3200 3835 3401 3892 littera:
3447 3851 3456 3861 '

140 3922 227 3978 bus
242 3926 476 3981 excitabo
495 3925 650 3981 illud.
676 3925 755 3983 De
780 3943 890 3997 quo
916 3928 1113 3999 templo
1126 3930 1353 3996 diceret,
1379 3933 1711 4004 evangelista
1811 3937 2081 4008 leguntur.
2109 3935 2247 3991 Nam
2274 3932 2481 4013 ὅμως,
2515 3931 2659 4003 quod
2690 3939 2775 3987 est
2799 3929 3129 4000 septentrio,
3152 3930 3222 3984 ab
3247 3951 3285 3985 α
3314 3928 3402 3984 in-

140 4026 251 4085 post
268 4019 501 4089 aperuit,
535 4019 784 4076 videlicet
836 4022 903 4077 tle
930 4023 1128 4094 templo
1156 4025 1402 4096 corporis
1423 4026 1528 4092 sui,
1565 4026 1711 4097 quod
1810 4032 1963 4103 cipit.
1986 4030 2055 4086 Et
2074 4029 2230 4091 δύσις
2252 4027 2401 4099 quod
2421 4035 2506 4082 est
2531 4025 2805 4089 occidens,
2837 4038 2865 4078 a
2894 4022 2924 4081 δ
2945 4022 3154 4091 incipit.
3183 4021 3253 4076 Et
3277 4023 3406 4079 ἁνα-

139 4111 201 4166 ab
220 4112 326 4170 illis
349 4114 606 4186 passione
633 4116 870 4172 solutum
897 4157 911 4180 ,
948 4117 1062 4188 ipse
1091 4128 1216 4189 post
1240 4120 1475 4175 triduum
1501 4120 1710 4175 excita-
1821 4126 1967 4189 τολή,
1990 4122 2133 4192 quod
2154 4129 2238 4177 est
2263 4121 2467 4183 oriens,
2493 4119 2564 4174 ab
2583 4141 2617 4173 α
2653 4117 2865 4186 incipit,
2902 4116 3231 4188 μεσημϐρία,
3255 4115 3401 4182 quod

140 4206 211 4260 vit
233 4207 300 4264 de
326 4217 524 4265 morte.
562 4207 699 4277 Quia
724 4224 857 4281 ergo
882 4210 1097 4279 signum
1127 4210 1444 4281 quaerebant
1464 4226 1497 4265 a
1526 4209 1709 4264 Domi-
1809 4220 1894 4269 est
1917 4211 2200 4277 meridies,
2224 4211 2293 4266 ab
2320 4233 2360 4281 μ
2388 4209 2599 4278 incipit,
2624 4222 2746 4276 quae
2789 4214 2921 4261 sunt
2946 4215 3182 4275 quatuor
3216 4214 3407 4275 partes

141 4310 222 4361 uo,
254 4314 420 4369 quare
446 4298 607 4356 solita
651 4301 978 4357 commercia
1016 4302 1286 4372 projicere
1322 4302 1610 4359 debuerint
1641 4302 1711 4357 de
1810 4304 1980 4360 orbis.
2012 4302 2101 4357 Ab
2122 4302 2208 4357 bis
2236 4307 2471 4371 quatuor
2496 4298 2696 4353 litteris
2717 4296 3006 4366 incipiens,
3034 4310 3156 4365 quae
3178 4292 3397 4357 litterm,

141 4391 362 4463 templo?
382 4393 703 4463 Respondit,
731 4394 853 4450 ideo
883 4408 943 4449 se
969 4395 1271 4451 rectissime
1302 4395 1497 4465 impios
1529 4404 1711 4450 exter-
1734 4448 1787 4465 Ἀ
1811 4398 1856 4454 si
1880 4398 1933 4453 in
1954 4403 2211 4465 computo
2236 4394 2425 4449 Grzcco
2458 4392 2893 4463 considerentur,
2915 4389 3275 4462 quadraginta
3305 4405 3402 4447 sex

140 4448 339 4540 minare
363 4485 430 4542 de
446 4448 671 4556 templo,
702 4486 831 4557 quia
862 4487 1037 4557 ipsum
1084 4487 1342 4557 templum
1370 4448 1711 4558 signiﬁcave-
1734 4448 1790 4509 D
1811 4488 2039 4551 faciunt,
2065 4448 2192 4541 nam
2220 4508 2254 4542 κ
2287 4502 2478 4551 unum,
2507 4485 2535 4540 δ
2564 4493 2892 4555 quatuor,et
2916 4485 3115 4539 iterum
3140 4506 3174 4539 α
3210 4499 3406 4548 unum,

140 4570 205 4626 rit
237 4575 493 4646 templum
528 4578 773 4648 corporis
800 4578 909 4643 sui,
939 4578 991 4634 in
1026 4594 1135 4649 quo
1167 4579 1311 4634 nulla
1336 4596 1562 4651 prorsus
1588 4596 1710 4638 esse
1812 4603 1851 4652 μ
1875 4576 2257 4649 quadrag'nta,
2286 4577 2433 4647 quod
2466 4584 2595 4632 sunt
2640 4576 2801 4630 simul
2847 4575 2995 4630 ducti
3040 4573 3408 4645 quadraginta

137 4662 304 4728 potuit
326 4656 560 4735 alicujus
588 4666 801 4722 macula
838 4667 1074 4736 peccati.
1106 4666 1293 4737 Neque
1325 4668 1601 4724 immerito
1629 4679 1711 4741 ty-
1813 4688 1926 4737 sex,
1957 4673 2186 4743 mystice
2210 4670 2505 4741 designans
2532 4670 2885 4740 quadraginta
2919 4685 3012 4725 sex
3053 4683 3227 4727 annos
3272 4668 3402 4736 qui~

137 4753 309 4821 picum
330 4757 647 4829 purgaverit
672 4774 702 4813 a
728 4758 1024 4815 sceleribus
1052 4759 1314 4830 templum
1347 4800 1362 4826 ,
1397 4761 1492 4830 qui
1520 4776 1710 4816 verum
1814 4764 1917 4820 bus
1940 4762 2203 4834 templum
2227 4762 2473 4831 corporis
2503 4760 2704 4816 Christi
2733 4760 2787 4815 in
2820 4768 2976 4815 utero
3000 4758 3247 4830 virginali
3273 4758 3404 4813 mdi-

138 4839 227 4898 Dci
253 4847 533 4919 templum,
571 4849 640 4904 ab
672 4849 984 4906 hominibus
1022 4858 1196 4906 morte
1222 4850 1481 4915 solutum,
1515 4852 1711 4907 divina:
1816 4852 2035 4908 ﬁcatum
2082 4860 2187 4917 est,
2238 4852 2381 4906 sicut
2427 4850 2988 4920 suprriusdiximus.
3035 4849 3185 4904 Caro
3218 4856 3413 4903 autem

137 4937 365 5000 potentia
386 4937 687 5008 majestatis
707 4940 947 5008 excitare
975 4949 1207 5011 posseta
1233 4941 1486 4997 mortuis.
1813 4942 2042 5007 Christi,
2068 4956 2190 5012 quae
2224 4940 2291 4996 de
2319 4940 2489 4995 Adam
2517 4948 2733 5009 sumpta
2771 4948 2874 5001 est,
2918 4939 3197 4995 destructa
3237 4946 3323 4993 est
3369 4953 3409 4993 a

204 5021 460 5082 Dixerunt
494 5043 617 5099 ergo
643 5028 821 5084 Judaei
857 5045 877 5084 :
918 5028 1289 5100 Quadraginta
1316 5038 1365 5084 et
1413 5046 1506 5084 sea;
1556 5032 1712 5086 annis
1811 5034 2035 5100 Jttdmis,
2055 5041 2111 5088 et
2134 5028 2374 5103 a'seipso
2398 5032 2595 5087 iterum
2621 5030 2906 5095 mdiﬁcata,
2936 5029 3237 5083 secundum
3256 5026 3409 5082 Scri-

139 5117 450 5186 a'diﬁcatunt
474 5131 550 5176 est
577 5122 825 5194 templum
845 5124 963 5186 hac,
986 5133 1034 5178 et
1060 5134 1116 5178 tu
1148 5124 1202 5177 in
1227 5124 1397 5178 tribus
1418 5124 1602 5180 diebus
1623 5142 1714 5181 ιντε-
1813 5135 2003 5197 pturas
2025 5125 2438 5195 prophetarum.
2486 5123 2552 5177 Et
2577 5122 2697 5178 ideo
2722 5122 2854 5177 dicit
2877 5121 3210 5193 evangelista
3243 5138 3255 5174 :
3286 5119 3409 5174 Hoc

138 5208 315 5266 citabis
336 5211 512 5268 illud?
558 5213 840 5282 Quomodo
884 5215 1284 5281 intellexerunt,
1313 5216 1387 5270 ita
1427 5220 1716 5288 rcsponde-
1814 5217 1957 5273 enim
1982 5215 2188 5270 dicebat
2208 5214 2273 5269 dc
2302 5212 2493 5285 templo
2524 5214 2759 5283 corporis
2793 5213 2899 5267 sui.

142 5312 279 5357 runt.
302 5304 409 5361 Sed
435 5321 505 5362 ne
539 5322 639 5363 nos
674 5324 890 5381 quoque
937 5309 1279 5381 spiritualem
1329 5309 1544 5365 Domini
1590 5326 1710 5366 ser-
1885 5305 2019 5362 Cum
2046 5322 2168 5377 ergo
2220 5305 2594 5360 resurrexisset
2641 5321 2675 5358 a
2726 5304 2969 5367 mortuis,
2994 5302 3256 5358 recordati
3280 5310 3405 5357 sunt

142 5402 349 5449 mortem
398 5396 692 5452 carnaliter
736 5398 1065 5454 sentiremus
1085 5439 1101 5465 ,
1150 5398 1486 5470 evangelista
1531 5400 1716 5455 subse-
1815 5398 2059 5470 discipuli
2089 5398 2226 5469 ejus,
2251 5414 2376 5469 quia
2408 5396 2506 5451 hoc
2535 5395 2772 5461 dicebat,
2805 5404 2854 5450 et
2884 5396 3215 5452 crediderunt
3250 5392 3407 5447 Scri-

142 5494 393 5552 quenter,
438 5488 505 5543 de
550 5504 660 5560 quo
718 5489 916 5560 templo
969 5492 1392 5563 subsequeretur
1439 5493 1710 5563 exposuit.
1814 5490 2085 5563 ptumam
2122 5498 2208 5545 est
2238 5488 2655 5559 Prophetarum,
2698 5486 2789 5557 qui
2833 5485 3205 5557 pra-dixerunt
3246 5482 3404 5536 Chri-

143 5570 291 5639 ρυοά
319 5586 500 5635 autem
527 5581 678 5637 aiunt
705 5582 773 5638 de
801 5582 1395 5655 templo,quadraginta
1414 5592 1470 5638 et
1498 5599 1590 5639 sex
1618 5598 1712 5638 au-
1815 5593 1958 5640 stum
2006 5583 2166 5638 tertia
2211 5581 2300 5637 die
2343 5595 2648 5651 resurgere,
2679 5587 2732 5634 et
2781 5576 3017 5633 sermoni
3058 5589 3217 5644 quem
3265 5571 3402 5629 dixit

149 5664 225 5725 nis
248 5669 530 5741 aediﬁcato,
563 5688 666 5731 non
696 5674 948 5745 primum,
974 5676 1066 5732 sed
1093 5676 1383 5733 secundam
1413 5676 1555 5732 illius
1584 5674 1712 5729 :cdi-
1817 5676 1993 5744 lcsus,
2017 5676 2067 5731 id
2100 5685 2201 5741 est,
2236 5675 2376 5744 quod
2426 5672 2497 5727 ait
2544 5689 2555 5725 :
2609 5669 2798 5728 Solvite
2844 5668 3089 5737 rrmplum
3116 5665 3233 5730 ιἰοτν
3266 5674 3311 5718 τί
3351 5664 3405 5717 ἱη
