3946 6416
473 938 482 1109 Ξ

503 246 607 305 159

1781 239 2136 299 SMARAGDI
2171 236 2462 294 ABBATIS

3668 235 3772 290 160

499 362 666 418 tribus
689 363 870 418 diebus
897 361 1133 416 excitabo
1155 359 1310 427 illud,
1333 361 1440 414 hoc
1474 365 1579 424 est,
1611 356 1774 410 tertia
1803 355 1892 411 die
1928 369 2076 409 resu-
2106 354 2155 413 Λ
2187 368 2204 400 ι
2251 356 2431 401 autem
2460 360 2600 399 ιιυηο
2623 342 2805 397 Videat
2828 341 3231 404 “eSCimusiam
3256 337 3380 408 quis
3406 337 3623 408 apem"
3643 352 3780 393 θίν’

500 455 708 511 scitabo
728 454 868 524 quod
896 469 991 507 vos
1011 452 1233 507 solvetis
1258 453 1310 505 in
1341 464 1522 506 cruce.

569 546 700 601 Cum
720 556 893 601 autem
921 556 1053 601 esset
1078 545 1460 617 Hierosolymis
1487 545 1543 599 in
1566 540 1778 597 Pascha
1805 541 1861 594 in
1884 540 1968 593 die
1994 538 2073 608 fe-

498 650 600 704 sto,
622 638 773 692 multi
812 638 1146 693 crediderunt
1172 639 1227 691 in
1257 637 1463 691 nomine
1491 633 1639 705 ejus,
1661 632 1891 688 videntes
1925 630 2077 699 signa

496 732 609 799 ejus
635 745 753 800 quie
781 729 1024 799 faciebat,
1048 729 1157 799 ipse
1199 738 1371 782 autem
1412 725 1569 780 Iesus
1593 741 1695 779 non
1729 722 1969 777 credebat
1997 736 2079 773 se-

496 825 770 895 metipsum
791 823 884 887 eis,
910 840 970 877 eo
997 824 1138 894 quod
1162 824 1271 892 ipse
1295 832 1464 876 nosset
1504 836 1697 882 omnes,
1721 827 1770 871 et
1796 817 1922 889 quia
1947 832 2078 886 opus

496 917 543 969 ei
567 932 670 969 non
695 922 900 979 erat,nt
924 914 1039 983 quis
1069 913 1417 967 testimonium
1446 910 1731 982 perhiberet
1758 908 1823 963 de
1845 908 2077 973 homine,

500 1008 610 1076 ipse
635 1006 775 1060 enim
802 1005 995 1059 sciebat
1026 1005 1152 1075 quid
1172 1013 1303 1057 esset
1332 1004 1384 1057 in
1413 1002 1639 1056 homine.
1664 999 1785 1055 Non
1822 999 1968 1053 enim
1997 998 2077 1053 sic

499 1099 795 1156 credebant
818 1101 870 1155 in
901 1116 1023 1155 eum
1048 1107 1108 1152 ut
1132 1098 1279 1168 digni
1306 1107 1489 1151 essent
1524 1095 1797 1150 Christum
1830 1092 2078 1148 habitare

498 1194 552 1247 in
574 1193 672 1258 eis,
698 1206 926 1261 quorum
959 1189 1089 1243 fides
1114 1182 1520 1243 catechumeuis
1542 1186 1848 1255 comparari
1878 1194 2075 1255 potest,

497 1292 559 1338 ut
582 1283 805 1336 credant
828 1282 879 1335 in
906 1279 1205 1343 Christum,
1237 1278 1330 1332 sed
1355 1276 1610 1332 Christus
1650 1293 1753 1331 non
1776 1276 1949 1331 credit
1991 1290 2077 1330 se-

497 1376 671 1445 ipsum
699 1374 799 1439 eis,
823 1374 947 1443 quia
977 1373 1081 1426 nisi
1104 1372 1225 1441 quis
1259 1382 1479 1426 renatus
1515 1371 1679 1425 fuerit
1730 1387 1795 1424 ex
1840 1387 1980 1440 aqua
2024 1378 2079 1425 ct

495 1466 707 1536 spiritu,
744 1481 850 1519 non
874 1473 1051 1535 potest
1088 1463 1312 1518 introire
1344 1464 1395 1517 in
1433 1478 1654 1534 regnum
1701 1462 1817 1516 Dei.
1864 1461 2077 1516 Nemini

494 1571 626 1611 vero
651 1571 709 1609 se
733 1555 905 1609 credit
935 1554 1202 1619 Christus,
1228 1555 1329 1608 nisi
1356 1556 1448 1625 qui
1488 1555 1682 1624 dignus
1720 1564 1804 1608 est
1847 1554 2077 1608 introire

495 1647 551 1702 iu
579 1661 802 1717 regnum
832 1644 948 1709 Dei,
974 1644 1152 1699 nullus
1186 1645 1328 1699 enim
1378 1645 1574 1716 dignus
1618 1652 1701 1698 est
1748 1644 1972 1697 introire
2020 1643 2074 1696 in

498 1750 722 1806 regnum
758 1734 882 1799 Dei,
912 1734 1014 1788 nisi
1046 1735 1135 1804 qui
1165 1742 1387 1788 renatus
1414 1743 1585 1788 estex
1612 1748 1751 1803 aqua
1777 1741 1831 1787 et
1858 1733 2073 1803 spiritu.
2108 1705 2151 1764 Β

703 1868 913 1924 FERIA
942 1868 1228 1935 QUARTA
1264 1866 1441 1922 POST
1469 1865 1864 1921 VICESIMAM.

844 1995 1182 2035 EVANGELIUI
1221 1995 1457 2044 JOANNIS,
1495 1995 1616 2034 CAP.
1645 1996 1722 2034 IS.

569 2112 587 2144 ι
633 2092 957 2147 Praeteriens
987 2090 1146 2147 Jesus
1170 2092 1304 2146 vidit
1329 2091 1603 2146 hominem
1644 2107 1846 2147 caecum
1877 2107 1907 2146 a
1938 2093 2077 2146 nati-

500 2206 521 2237 ‹
564 2186 761 2249 vitate,
800 2191 856 2239 et
898 2184 1372 2255 interrogaverunt
1424 2198 1548 2237 eum
1588 2184 1834 2253 discipuli
1890 2184 2008 2253 ejus
2059 2203 2072 2239 :

498 2295 516 2327 i
564 2275 759 2340 Rablgi,
784 2275 906 2344 quis
929 2274 1194 2345 peccavit,
1218 2274 1307 2329 hic
1337 2282 1429 2327 aut
1448 2282 1699 2343 parentes
1725 2273 1861 2342 ejus,
1886 2282 1946 2328 ut
1974 2289 2076 2329 ca:-

498 2385 517 2416 ι
564 2381 662 2419 cus
685 2364 1034 2420 nasceretur?
1061 2363 1357 2432 Respondit
1379 2361 1537 2417 Jesus
1562 2380 1573 2415 :
1610 2361 1792 2431 Neque
1816 2362 1907 2417 hic
1950 2378 2077 2432 pec-

499 2482 518 2512 σ
564 2462 711 2515 cavit
753 2475 929 2530 neque
967 2467 1222 2529 parentes
1255 2456 1401 2525 ejus,
1436 2459 1530 2513 sed
1570 2465 1630 2512 ut
1660 2455 2077 2511 manifestentur

500 2570 519 2601 ι
564 2567 733 2622 opera
777 2551 872 2605 Dei
917 2550 972 2604 in
1011 2550 1124 2603 illo.
1165 2548 1249 2602 Me
1277 2556 1491 2618 oportet
1513 2547 1730 2617 operari
1763 2561 1930 2617 Opera
1958 2544 2075 2613 ejus

499 2658 518 2690 ο
565 2639 656 2708 qui
681 2639 829 2693 misit
857 2653 965 2703 me,
991 2639 1162 2693 donec
1209 2637 1327 2692 dies
1369 2644 1472 2693 est.
1512 2637 1675 2691 Venit
1708 2652 1817 2691 nox
1855 2636 2076 2705 quando

500 2749 519 2782 ι
565 2744 724 2785 nemo
769 2738 947 2799 potest
1000 2730 1235 2799 operari,
1292 2728 1528 2799 quandiu
1577 2729 1634 2783 in
1685 2727 1887 2783 mundo
1930 2741 2071 2792 sum,

499 2840 517 2870 ι
564 2820 655 2874 lux
685 2834 804 2875 sum
828 2819 1033 2874 mundi.
1064 2819 1188 2875 Haec
1209 2835 1330 2874 cum
1362 2819 1618 2885 dixisset,
1638 2819 1828 2889 expuit
1864 2818 1921 2872 in
1963 2825 2076 2872 ter-

498 2929 517 2960 ι
565 2923 702 2973 ram,
723 2917 781 2963 et
805 2907 933 2964 fecit
950 2908 1121 2963 lutum
1143 2924 1210 2964 ex
1237 2917 1419 2980 sputo,
1439 2917 1494 2963 et
1514 2908 1690 2963 linivit
1712 2909 1883 2964 lutum
1909 2923 2075 2977 super
2118 2916 2121 2919 ‘

498 3020 518 3053 ι
562 3000 749 3056 oculos
766 3000 905 3071 ejus,
930 3009 985 3055 et
1011 3001 1145 3056 dixit
1170 3002 1221 3056 ei
1252 3020 1265 3055 :
1298 3002 1448 3057 Vade
1477 3008 1532 3055 et
1566 3000 1752 3056 lavare
1777 3000 1833 3055 in
1859 3008 2074 3055 natato-

498 3111 516 3143 ι
562 3093 644 3148 ria
675 3070 843 3158 Siloe,
871 3093 1014 3163 quod
1062 3093 1448 3163 interpretatur
1484 3093 1704 3148 missus.
1754 3090 1903 3147 Abiit
1942 3105 2073 3162 ergo
2097 3070 2143 3133 θ·

500 3205 519 3239 ι
564 3194 621 3241 et
653 3185 804 3252 lavit,
829 3194 885 3241 et
911 3186 1060 3240 venit
1097 3185 1305 3240 videns.
1335 3184 1522 3255 Itaque
1559 3185 1723 3239 vicini
1743 3191 1800 3239 et
1817 3184 1909 3254 qui
1927 3185 2076 3240 vide-

502 3298 521 3328 ι
569 3286 692 3332 rant
719 3293 844 3332 enm
880 3278 1057 3347 prius,
1093 3277 1222 3346 quia
1251 3277 1535 3333 mendicus
1569 3285 1718 3343 erat,
1748 3277 1999 3334 dicebant
2053 3297 2068 3333 :

493 3386 516 3419 ί
562 3367 751 3422 Nonne
792 3368 883 3423 hic
927 3381 1011 3423 est
1056 3368 1148 3438 qui
1204 3369 1427 3423 sedebat
1471 3379 1527 3424 et
1564 3368 1939 3425 mendicabat?
1966 3370 2072 3425 Alii

496 3477 516 3508 ι
564 3457 836 3524 dicebant,
859 3459 986 3527 quia
1034 3459 1124 3513 hic
1175 3467 1276 3513 est.
1326 3459 1431 3514 Alii
1479 3468 1678 3529 autem,
1705 3477 2069 3534 nequaquam,

426 3538 433 3544 ’
498 3568 516 3599 ι
565 3549 660 3604 sed
687 3549 881 3605 similis
905 3558 991 3605 est
1014 3551 1087 3604 ei.
1114 3550 1208 3604 Ille
1231 3566 1361 3606 vero
1387 3551 1617 3619 dicebat,
1649 3554 1775 3625 quia
1802 3569 1903 3626 ego
1929 3569 2072 3610 sum.

432 3666 435 3667 ν
499 3659 516 3690 ι
566 3639 823 3695 Dicebant
850 3655 980 3711 ergo
1006 3641 1055 3695 ei
1088 3659 1100 3695 :
1126 3642 1406 3709 Quomodo
1430 3647 1600 3715 aperti
1626 3656 1753 3702 sunt
1779 3648 1877 3703 tibi
1897 3647 2075 3704 oeuli?

497 3746 515 3777 ι
565 3727 860 3797 ReSpondit
886 3746 899 3781 :
923 3728 1015 3784 Ille
1034 3730 1197 3785 homo
1221 3732 1313 3801 qui
1337 3733 1534 3789 dicitur
1551 3734 1729 3801 Jesus,
1747 3737 1919 3791 lutum
1947 3736 2075 3791 fecit

498 3836 515 3867 ι
562 3825 619 3871 et
644 3818 800 3871 unxit
827 3817 1015 3873 oculos
1042 3834 1214 3885 meos,
1237 3829 1293 3876 et
1331 3821 1468 3877 dixit
1495 3825 1628 3879 mihi
1657 3842 1671 3879 :
1706 3824 1854 3880 Vade
1888 3825 1955 3880 ad
1977 3841 2076 3880 na-

498 3928 516 3960 ι
566 3909 818 3963 tatoriam
874 3908 1048 3976 Siloe,
1090 3920 1147 3966 et
1182 3912 1322 3967 lava.
1354 3913 1421 3969 Et
1456 3917 1565 3970 abii
1595 3925 1652 3972 et
1678 3917 1784 3971 lavi
1812 3926 1869 3972 et
1892 3918 2068 3973 video.

502 4016 520 4048 ι
568 3998 634 4052 Et
657 3999 910 4054 dixerunt
932 4001 982 4055 ei
1016 4018 1029 4055 :
1065 4001 1165 4057 Ubi
1196 4013 1278 4059 est
1320 4004 1444 4060 ille?
1488 4007 1567 4061 ait
1596 4024 1611 4060 :
1641 4007 1846 4062 nescio.
1890 4006 2075 4064 Addu-

496 4109 515 4142 ς
557 4099 688 4145 euut
721 4107 843 4147 eum
878 4094 945 4148 ad
982 4093 1316 4162 Phariszeos,
1347 4098 1439 4167 qui
1478 4114 1655 4154 aecus
1698 4098 1894 4154 fuerat.
1940 4100 2074 4155 Erat

501 4201 518 4231 ι
565 4191 744 4237 autem
773 4181 1066 4239 Sabbatum
1086 4189 1301 4255 quando
1330 4188 1503 4244 lutum
1528 4188 1656 4244 fecit
1676 4187 1925 4256 Jesus,et
1947 4207 2074 4262 ape-

496 4295 515 4328 ι
562 4278 671 4333 ruit
692 4279 876 4336 oculos
903 4281 1039 4351 ejus.
1081 4281 1281 4339 lterum
1327 4299 1460 4355 ergo
1495 4284 1904 4356 interrogabant
1946 4301 2071 4341 eum

495 4389 513 4420 ι
552 4369 1134 4473 Ριιωνίεωίζειξιιοωοςιο
1162 4376 1404 4432 vidisset.
1434 4376 1527 4473 ille
1555 4378 1905 4473 autem‘dixit
1939 4379 2020 4433 eis
2050 4397 2063 4433 :
2090 4414 2146 4473 Β

494 4478 513 4511 ι
552 4461 745 4516 Lutum
774 4463 904 4518 mihi
930 4465 1113 4533 posuit
1148 4480 1312 4535 super
1338 4466 1544 4529 oculos,
1572 4474 1628 4522 et
1655 4466 1760 4520 lavi
1790 4474 1847 4521 et
1882 4468 2061 4523 video.

492 4570 510 4602 ι
558 4552 818 4607 Dicebant
837 4568 967 4625 ergo
995 4571 1061 4610 ex
1095 4555 1388 4610 Pharisaris
1411 4555 1631 4625 quidam
1664 4575 1677 4610 :
1713 4556 1830 4611 Non
1855 4565 1941 4613 est
1977 4558 2067 4613 hic

492 4664 510 4695 ι
556 4646 718 4701 homo
741 4661 773 4701 a
796 4647 908 4703 Deo
931 4649 1022 4718 qui
1053 4648 1351 4704 Sabbatnm
1371 4665 1479 4705 non
1505 4649 1758 4704 custodit.
1782 4649 1888 4705 Alii
1915 4650 2065 4705 dice-

491 4754 509 4787 ι
556 4737 685 4792 bant
718 4756 731 4792 :
771 4737 1052 4806 Quomodo
1077 4749 1253 4811 potest
1285 4741 1446 4795 homo
1474 4749 1732 4811 peccator
1756 4742 1873 4797 haec
1908 4743 2063 4814 signa

490 4847 510 4880 ι
555 4829 766 4885 facere?
796 4832 863 4886 Et
881 4833 1116 4889 schisma
1139 4840 1257 4886 erat
1272 4832 1415 4887 inter
1431 4847 1544 4887 eos.
1561 4833 1756 4887 Dicunt
1773 4849 1903 4904 ergo
1921 4849 2065 4890 caeco

490 4938 509 4971 ι
556 4921 750 4976 iterum
781 4942 793 4977 :
821 4922 901 4977 Tu
924 4922 1054 4993 quid
1084 4923 1219 4978 dicis
1248 4924 1313 4977 de
1337 4937 1425 4988 eo,
1449 4923 1539 4992 qui
1569 4924 1781 4993 aperuit
1813 4926 1910 4980 tibi
1934 4941 2061 4982 ocu-

491 5029 509 5062 ι
554 5010 634 5066 los
682 5013 837 5068 tuos?
887 5012 981 5068 Ille
1023 5020 1203 5067 autem
1236 5013 1417 5067 dixit:
1457 5014 1591 5077 Quia
1637 5017 1900 5085 propheta
1956 5029 2058 5075 est.

489 5105 667 5160 «Non
698 5105 1047 5161 crediderunt
1072 5119 1203 5172 ergo
1228 5103 1396 5159 Judzni
1443 5107 1510 5161 de
1555 5106 1665 5173 illo,
1715 5110 1839 5178 quia
1889 5127 2067 5169 carens

488 5219 505 5250 ι
550 5199 739 5255 fuisset
759 5207 815 5254 et
847 5198 1090 5263 vidisset,
1122 5199 1294 5253 donec
1329 5209 1655 5256 vocaverunt
1676 5211 1927 5273 parentes
1948 5204 2065 5274 ejus

487 5310 506 5342 ι
550 5291 644 5361 qui
668 5290 896 5354 videret,
920 5297 975 5343 et
1002 5289 1475 5359 interrogaverunt
1498 5307 1593 5348 eos
1636 5292 1879 5351 dicentes
1910 5313 1924 5348 :
1957 5295 2058 5351 Hic

486 5397 505 5431 σ
549 5387 636 5434 est
654 5377 799 5431 ﬁlius
819 5384 1019 5442 vester,
1034 5392 1196 5447 quem
1220 5393 1315 5434 vos
1339 5379 1536 5445 dicitis,
1555 5382 1680 5452 quia
1706 5386 1882 5440 caecus
1900 5394 2060 5442 natus

486 5489 504 5517 α
550 5477 652 5525 est.
686 5467 966 5534 Quomodo
994 5483 1125 5538 ergo
1151 5485 1293 5526 nunc
1317 5472 1497 5527 videt?
1538 5473 1953 5544 Responderunt
1978 5478 2059 5532 eis

487 5582 506 5611 ι
546 5566 799 5631 parentes
823 5558 941 5628 ejus
970 5567 1025 5614 et
1067 5560 1357 5616 dixerunt:
1401 5564 1613 5619 Scimus
1661 5566 1785 5635 quia
1838 5567 1926 5622 hic
1976 5577 2059 5622 est

488 5671 502 5703 ‹
542 5653 685 5708 ﬁlius
733 5658 933 5719 uoster,
964 5659 1016 5708 et
1043 5653 1168 5724 quia
1217 5670 1391 5711 CtECUS
1441 5664 1598 5711 natus
1643 5665 1744 5726 est,
1789 5660 2056 5727 quomodo

2185 457 2203 489 ι
2248 437 2327 490 los
2354 436 2472 505 ejus
2501 449 2599 489 nos
2638 433 2932 496 nescimus,
2958 430 3133 499 ipsum
3175 429 3526 498 interrogate,
3552 433 3776 481 atatem

2183 549 2203 582 ι
2246 528 2427 593 habet,
2453 527 2568 597 ipse
2590 526 2655 580 de
2684 540 2743 579 se
2766 523 3042 593 loquatur.
3083 521 3210 575 “me
3239 520 3493 575 dicebant
3511 527 3778 589 parentes

2183 640 2202 672 ι
2247 617 2385 687 ejus,
2408 617 2534 687 quia
2564 612 3076 670 timebantJudteos.
3100 610 3220 665 Jam
3250 610 3395 664 enim
3421 610 3777 681 conspirave-

2184 731 2202 763 ι
2250 722 2373 765 rant
2399 708 2593 774 Judzei,
2618 714 2677 762 ut
2714 708 2761 762 si
2795 707 2917 776 quis
2943 720 3066 760 eum
3087 703 3442 760 conﬁteretur
3463 702 3772 770 Christum,

2184 824 2202 857 ‹
2249 814 2405 861 extra
2436 818 2766 876 synagogam
2815 802 2989 856 fieret.
3017 801 3312 871 Propterea
3349 808 3607 870 parentes
3651 798 3779 867 ejus

2185 917 2203 949 ι
2250 897 2504 952 dixerunt
2538 915 2552 951 :
2585 896 2712 967 quia
2740 902 2956 949 aetatem
2981 894 3163 958 habet,
3192 894 3368 963 ipsum
3407 893 3767 962 interrogate.

2185 1007 2204 1040 ι
2248 990 2591 1044 Vocaverunt
2615 1001 2745 1058 ergo
2775 1000 2992 1040 rursum
3025 984 3299 1039 hominem
3326 984 3419 1053 qui
3451 982 3632 1038 fuerat
3658 998 3771 1037 cae-

2187 1099 2206 1132 ι
2248 1094 2367 1141 cus,
2392 1088 2447 1134 et
2473 1079 2727 1134 dixerunt
2760 1077 2810 1131 ei
2841 1095 2854 1130 :
2880 1077 2958 1131 Da
2980 1076 3208 1147 gloriam
3248 1077 3391 1141 Deo,
3415 1091 3516 1130 nos
3558 1075 3770 1129 scimus

2185 1192 2203 1223 ι
2246 1172 2373 1241 quia
2403 1173 2492 1226 hic
2523 1172 2685 1226 homo
2712 1178 2968 1240 peccator
3001 1178 3103 1223 est.
3138 1168 3284 1222 Dixit
3326 1182 3458 1236 ergo
3502 1166 3596 1221 ille
3646 1185 3660 1220 :
3712 1165 3773 1221 Si

2186 1284 2204 1315 ι
2253 1272 2509 1335 peccator
2536 1271 2619 1317 est
2643 1263 2854 1326 nescio;
2880 1277 3045 1315 unum
3086 1262 3220 1325 seio,
3248 1260 3374 1330 quia
3417 1274 3597 1314 caseus
3645 1273 3771 1312 cum

2187 1376 2203 1407 ‹
2252 1370 2450 1419 essem,
2484 1356 2645 1409 modo
2668 1354 2843 1408 video.
2871 1353 3136 1407 Dixerunt
3161 1367 3290 1422 ergo
3310 1352 3385 1405 illi
3421 1368 3434 1404 :
3466 1350 3609 1416 Quid
3644 1349 3775 1402 fecit

2185 1466 2203 1498 ε
2252 1446 2385 1500 tibi?
2415 1446 2685 1514 quomodo
2709 1445 2921 1513 aperuit
2941 1444 3039 1499 tibi
3062 1444 3284 1499 oculos?
3327 1424 3766 1513 Responditeis:

2186 1556 2205 1590 ι
2251 1536 2373 1591 Dixi
2399 1537 2555 1591 vobis
2574 1536 2688 1605 jam
2717 1544 2772 1589 et
2793 1535 3040 1601 audistis,
3062 1534 3190 1605 quid
3230 1534 3426 1589 iterum
3463 1532 3633 1588 vultis
3673 1548 3772 1586 au-

2185 1649 2204 1681 c
2247 1628 2399 1684 dire?
2428 1628 2679 1699 Nunquid
2715 1635 2770 1682 et
2815 1643 2914 1682 vos
2957 1627 3118 1681 vultis
3152 1624 3401 1694 discipuli
3441 1624 3563 1693 ejus
3615 1622 3772 1678 ﬁeri?

2185 1740 2205 1771 ί
2251 1720 2645 1775 maledixerunt
2668 1720 2718 1774 ei
2744 1727 2795 1773 et
2821 1719 3077 1773 dixerunt
3109 1734 3121 1769 :
3156 1715 3238 1770 Tu
3275 1716 3573 1784 discipulus
3624 1715 3770 1769 illius

2185 1832 2202 1864 ι
2249 1813 2355 1877 sis,
2380 1828 2479 1867 nos
2501 1820 2682 1867 autem
2704 1810 2876 1882 Moysi
2905 1808 3154 1879 discipuli
3186 1824 3391 1863 sumus.
3425 1807 3535 1863 Nos
3562 1808 3771 1862 scimus

2186 1924 2202 1956 ι
2245 1905 2372 1974 quia
2405 1904 2572 1974 Moysi
2602 1904 2817 1958 locutus
2837 1910 2919 1956 est
2932 1901 3256 1965 Deus,huuc
3276 1909 3457 1954 autem
3487 1899 3769 1954 nescimus

2184 2012 2203 2047 ι
2250 1995 2392 2049 unde
2426 1996 2514 2049 sit.
2542 1994 2841 2063 Respondit
2874 1993 2964 2047 ille
2993 1993 3176 2057 homo,
3205 2000 3261 2047 et
3280 1992 3415 2047 dixit
3434 1992 3552 2046 eis:
3580 1992 3640 2045 In
3661 1991 3768 2047 hoc

2183 2104 2202 2135 α
2244 2087 2389 2141 enim
2416 2086 2665 2141 mirabile
2703 2094 2810 2151 est,
2835 2086 2962 2155 quia
2990 2101 3089 2140 vos
3125 2085 3347 2140 nescitis
3393 2087 3539 2140 unde
3585 2086 3681 2151 sit,
3710 2095 3769 2140 et

2183 2199 2200 2230 ι
2247 2182 2458 2250 aperuit
2483 2180 2667 2235 oculos
2693 2194 2861 2234 meos.
2906 2179 3120 2234 Scimus
3160 2186 3342 2232 autem
3393 2178 3519 2248 quia
3564 2193 3767 2248 pecca-

2183 2290 2200 2323 t
2247 2280 2395 2327 tores
2426 2274 2567 2327 Deus
2593 2288 2698 2326 non
2725 2272 2902 2336 audit,
2930 2272 3023 2325 sed
3051 2271 3094 2325 si
3124 2270 3247 2339 quis
3290 2268 3384 2323 Dei
3431 2268 3614 2324 cultor
3655 2278 3744 2323 est

2183 2382 2201 2413 ι
2246 2372 2301 2418 et
2336 2364 2667 2419 voluntatem
2696 2364 2812 2433 ejus
2838 2364 2986 2428 facit,
3013 2362 3157 2416 hunc
3195 2359 3435 2416 exaudit.
3467 2360 3507 2414 A
3562 2362 3766 2416 szcculo

2182 2474 2199 2507 ε
2246 2472 2353 2511 non
2380 2465 2466 2511 est
2497 2457 2769 2521 auditum,
2799 2456 2926 2525 quia
2983 2455 3196 2525 aperuit
3234 2454 3359 2524 quis
3402 2453 3590 2509 oculos
3629 2455 3761 2508 ατρθί

2182 2568 2201 2600 ι
2242 2549 2391 2602 nati?
2418 2549 2520 2603 nisi
2545 2557 2691 2602 esset
2715 2548 2802 2603 hic
2827 2564 2857 2601 a
2878 2548 3011 2613 Deo,
3037 2563 3144 2602 non
3165 2553 3378 2618 poterat
3397 2545 3579 2601 facere
3607 2546 3765 2616 quid-

2181 2660 2200 2693 ι
2245 2657 2429 2711 quam.
2459 2638 2875 2710 Responderunt
2901 2646 2957 2693 et
2998 2639 3255 2694 dixerunt
3299 2638 3348 2693 ci
3377 2651 3392 2689 :
3419 2637 3476 2691 In
3524 2639 3765 2707 peccatis

2181 2750 2201 2784 ‹
2246 2741 2407 2787 natus
2430 2747 2490 2786 es
2533 2738 2698 2793 totus,
2717 2737 2774 2785 et
2799 2738 2857 2784 tu
2882 2730 3044 2784 doces
3072 2730 3208 2783 nos?
3235 2728 3303 2783 Et
3330 2727 3613 2798 ejecerunt
3637 2742 3764 2782 eum

2182 2842 2200 2875 ι
2240 2821 2407 2879 foras.
2433 2822 2651 2876 Audivit
2673 2820 2830 2876 Jesus
2860 2820 2988 2891 quia
3021 2821 3300 2891 ejecerunt
3339 2834 3464 2874 eum
3503 2818 3672 2884 foras,
3707 2826 3765 2873 et

2181 2934 2199 2967 ι
2245 2931 2369 2971 cum
2396 2914 2689 2969 invenisset
2714 2928 2860 2979 eum,
2883 2911 3022 2967 dixit
3061 2912 3112 2966 ei
3137 2931 3150 2965 :
3193 2911 3274 2965 'l‘u
3300 2912 3475 2967 credis
3509 2912 3565 2965 in
3590 2910 3761 2965 (ilium

2180 3027 2199 3060 ι
2242 3007 2372 3062 Dei?
2406 3005 2705 3076 Respondit
2733 3005 2823 3059 ille
2844 3012 2900 3059 et
2924 3003 3099 3059 dixit:
3126 3002 3258 3070 Quis
3291 3010 3396 3069 est,
3426 3003 3675 3067 Domine,
3704 3009 3765 3056 ut

2181 3117 2199 3150 ι
2245 3098 2460 3153 credam
2491 3096 2545 3150 in
2568 3096 2728 3151 eum?
2757 3094 2825 3149 Et
2853 3095 2988 3150 dixit
3006 3095 3065 3149 ei
3092 3094 3251 3151 Iesus
3275 3113 3288 3148 :
3313 3095 3380 3149 Et
3405 3094 3587 3148 vidisti
3609 3107 3759 3158 eum,

2181 3207 2199 3239 ‹
2244 3195 2299 3243 et
2334 3188 2424 3256 qui
2459 3186 2702 3257 loquitur
2730 3195 2909 3242 tecum
2940 3187 3056 3257 ipse
3075 3197 3177 3242 est.
3210 3186 3280 3240 At
3306 3186 3394 3241 ille
3423 3187 3535 3241 ait:
3559 3185 3760 3250 Credo,

2179 3297 2198 3330 ‹
2246 3279 2494 3343 Domine,
2522 3286 2579 3334 et
2600 3278 2884 3349 procidens
2917 3279 3163 3337 adoravit
3197 3293 3342 3333 eum.
3373 3298 3391 3329 ι

2246 3364 2560 3421 Prwteriens
2611 3365 2768 3421 Iesus
2804 3360 2930 3422 vidit
2966 3368 3226 3421 hominem
3261 3384 3457 3421 circum
3487 3385 3519 3420 a
3569 3368 3763 3421 nativi-

2175 3468 2303 3525 tate,
2330 3466 2435 3514 etc.
2463 3457 2646 3515 Genus
2672 3460 2964 3514 humanum
2998 3459 3270 3529 signiﬁcat
3292 3460 3392 3515 iste
3411 3475 3605 3515 decus.
3632 3460 3761 3515 Haec

2174 3550 2318 3606 enim
2339 3550 2556 3606 caecitas
2571 3550 2795 3621 contigit
2814 3551 2869 3604 iu
2889 3551 3066 3621 primo
3086 3551 3304 3608 homine
3322 3567 3422 3621 per
3447 3560 3754 3622 peceatum,

2173 3642 2241 3697 de
2273 3656 2382 3712 quo
2421 3656 2612 3697 omnes
2646 3641 2912 3712 originem
2946 3642 3219 3707 duximus,
3246 3657 3354 3697 non
3392 3644 3566 3699 solum
3610 3658 3759 3697 mor-

2177 3734 2265 3799 tis,
2295 3734 2393 3789 sed
2437 3734 2602 3788 etiam
2630 3733 2958 3803 iniquitatis.
3001 3733 3164 3790 Venit
3202 3735 3484 3802 Dominus,
3510 3736 3660 3805 spuit
3700 3738 3759 3792 in

2176 3840 2397 3896 terram,
2421 3830 2487 3885 de
2515 3830 2682 3885 saliva
2714 3845 2810 3885 sua
2831 3830 3001 3885 lutum
3030 3830 3176 3898 fecit,
3209 3831 3335 3901 quia
3363 3831 3588 3887 verbum
3626 3847 3760 3888 caro

2174 3921 2375 3976 factum
2398 3928 2499 3986 est,
2515 3929 2568 3974 et
2594 3922 2749 3976 unxit
2771 3922 2977 3989 oculos,
2993 3930 3048 3977 et
3062 3923 3209 3977 misit
3225 3921 3377 3977 illum
3395 3922 3461 3976 ad
3483 3922 3756 3993 piscinam

2175 4011 2408 4077 Siloem,
2433 4013 2525 4081 qui
2561 4013 2950 4083 interpretatur
2991 4014 3207 4070 missus.
3258 4013 3453 4070 Missus
3496 4030 3629 4071 vero
3673 4027 3760 4072 est

2172 4104 2430 4159 Dominus
2448 4103 2604 4160 Iesus
2615 4103 2863 4160 Christus
2879 4122 2892 4172 ;
2911 4106 3012 4160 nisi
3034 4107 3178 4161 enim
3203 4106 3293 4161 ille
3318 4104 3508 4161 fuisset
3530 4108 3753 4171 missus,

2175 4213 2333 4253 nemo
2363 4206 2606 4253 nostrum
2630 4206 2776 4254 esset
2823 4200 2893 4253 ab
2938 4198 3224 4268 iniquitate
3272 4200 3546 4254 dimissus.
3596 4199 3760 4255 Lavit

2172 4305 2301 4360 ergo
2321 4290 2507 4345 oculos
2546 4290 2600 4344 in
2631 4305 2692 4345 ea
2730 4290 2953 4360 piscina,
2978 4291 3282 4360 baptizatus
3310 4298 3395 4346 est
3425 4292 3479 4345 in
3508 4290 3755 4358 Christo,

2171 4388 2227 4435 et
2255 4380 2586 4435 illuminatus
2606 4388 2707 4434 est.
2725 4379 2948 4435 Caecitas
2967 4380 3111 4435 enim
3138 4380 3424 4436 infidelitas
3441 4390 3546 4446 est,
3560 4391 3615 4435 et
3636 4382 3760 4436 illu-

2171 4470 2396 4525 minatio
2416 4470 2569 4525 ﬁdes.
2596 4470 2959 4537 Qumstionem
2985 4471 3183 4541 quippe
3203 4471 3430 4526 Domino
3456 4486 3758 4543 proposue-

2168 4570 2331 4616 runt:
2367 4561 2497 4628 Quis
2538 4563 2783 4632 peccavit,
2818 4562 2902 4616 hic
2933 4572 3024 4615 aut
3056 4571 3298 4632 parentes
3331 4562 3471 4632 ejus,
3495 4573 3553 4615 ut
3581 4580 3758 4620 Circus

2168 4666 2467 4709 nasceretur
2482 4656 2506 4708 ε)
2519 4654 2811 4723 Respondit
2822 4654 2979 4710 Jesus
2996 4673 3008 4707 :
3028 4652 3209 4724 Neque
3220 4654 3303 4708 hic
3322 4657 3574 4725 peccavit,
3591 4673 3756 4728 neque

2165 4757 2405 4818 parentes
2428 4750 2565 4819 ejus,
2587 4758 2643 4801 ut
2693 4764 2859 4802 eweus
2909 4756 3226 4802 nasceretur.
3271 4748 3559 4804 Habebam
3604 4752 3753 4806 enim

2165 4849 2449 4910 peccatum
2477 4849 2729 4913 parentes
2753 4839 2892 4909 ejus,
2914 4842 3006 4897 sed
3030 4856 3135 4896 non
3159 4842 3274 4911 ipso
3301 4852 3523 4912 peccato
3544 4843 3753 4899 factum

2167 4938 2268 4995 est,
2315 4939 2375 4985 ut
2419 4946 2595 4985 caecus
2638 4940 2990 4997 nasceretur,
3028 4932 3119 4986 sed
3178 4941 3234 4985 ut
3281 4932 3754 5001 manifestarentur

2166 5038 2324 5092 opera
2360 5021 2451 5075 Dei
2474 5024 2528 5075 iu
2554 5020 2665 5075 illo.
2695 5022 2849 5089 Quod
2878 5020 3059 5077 autem
3087 5021 3219 5078 dicit
3250 5041 3262 5076 :
3293 5022 3380 5077 Me
3404 5036 3608 5094 Oportet
3638 5044 3756 5097 ope-

2167 5110 2278 5163 rari
2303 5126 2458 5179 opera
2484 5109 2600 5178 ejus
2622 5112 2713 5180 qui
2755 5111 2894 5165 misit
2936 5128 3038 5176 me,
3086 5111 3251 5166 donec
3282 5113 3394 5166 dies
3422 5122 3520 5178 est,
3552 5125 3757 5171 semet-

2166 5204 2342 5275 ipsum
2366 5203 2554 5272 utique
2580 5203 2721 5258 diem
2745 5203 2799 5258 in
2843 5204 2944 5259 hoc
2974 5204 3092 5259 loco
3131 5205 3299 5261 voluit
3329 5206 3558 5278 intelligi
3590 5226 3605 5273 ;
3635 5209 3755 5280 ipse

2159 5295 2301 5350 enim
2322 5295 2399 5348 ait
2424 5312 2437 5348 :
2465 5292 2713 5358 Quandiu
2735 5310 2851 5348 sum
2878 5295 2930 5349 in
2958 5296 3056 5349 hoc
3077 5297 3271 5351 mundo
3286 5295 3380 5350 tua:
3398 5314 3515 5351 smn
3540 5300 3750 5354 mundi.

2159 5386 2313 5453 Quod
2341 5401 2471 5441 vero
2497 5386 2573 5439 ait
2605 5403 2618 5439 :
2666 5383 2815 5440 Venit
2847 5404 2969 5446 nox.
3002 5387 3057 5441 in
3097 5405 3202 5460 qua
3252 5406 3401 5443 nemo
3426 5400 3595 5459 potest
3628 5408 3753 5462 ope-

2162 5476 2288 5537 rari,
2320 5475 2386 5529 tle
2421 5483 2576 5529 nocte
2630 5475 2717 5528 illa
2763 5484 2964 5530 mterna
3019 5481 3412 5548 tenebrosaque
3460 5481 3629 5545 dicit,
3659 5483 3751 5536 ubi

2162 5567 2373 5637 reprobi
2423 5565 2699 5620 cruciaudi
2759 5578 2884 5622 sunt
2938 5571 3051 5624 sine
3096 5569 3216 5635 line,
3256 5571 3453 5641 quibus
3483 5573 3729 5629 dicetur;

2164 5661 2242 5716 Ile
2267 5663 2317 5716 in
2351 5664 2516 5730 ignem
2552 5672 2821 5729 «Mutua,
2854 5665 2941 5732 qui
2967 5676 3183 5734 paratus
3212 5677 3292 5721 est
3321 5666 3607 5741 diuboloret
3654 5686 3750 5723 an-
