3946 6424
190 311 279 369 161

962 311 1486 370 COLLECTIONES
1522 312 1590 369 IN
1631 312 2014 370 EPISTOLAS
2055 316 2142 371 ET
2183 319 2599 401 EV’ANDELIA.

3358 324 3462 381 162

182 428 310 501 geli;
336 427 477 498 ejus.
507 426 784 483 Tenebras
811 425 1020 482 scilicet
1047 428 1347 483 exteriores
1375 428 1430 482 in
1472 443 1610 498 quas
1649 443 1767 484 ser-
1794 428 1846 488 A
1876 447 1896 479 ι
1942 428 2165 486 vissimo
2194 432 2299 486 die.
2332 434 2475 489 Dicit
2500 434 2548 489 ei
2575 432 2734 492 Iesus
2762 453 2775 491 :
2809 436 2921 509 Ego
2965 454 3085 495 sum
3134 438 3462 500 resurrectio

183 535 282 575 vus
303 534 536 589 nequam
560 518 741 590 ligatis
779 519 1028 575 manibus
1049 529 1107 574 et
1148 519 1377 590 pedibus
1429 520 1763 591 projicietur.

183 614 324 683 Ergo
358 615 487 669 dum
522 612 641 669 dies
674 613 834 670 nobis
866 623 981 680 est,
1008 614 1097 670 ille
1142 615 1233 685 qui
1271 615 1410 670 dixit
1440 633 1451 668 :
1484 614 1618 669 Ecce
1672 632 1767 686 ego

1877 542 1897 575 ι
1942 531 1998 577 et
2025 525 2135 578 vita
2161 544 2174 579 :
2198 525 2289 595 qui
2314 527 2489 581 credit
2532 528 2586 582 in
2620 544 2729 595 me,
2760 531 2974 585 etiamsi
3015 542 3264 590 mortuus
3301 531 3467 589 fuerit.

1874 633 1894 667 ι
1940 615 2102 671 vivet.
2132 614 2200 671 Et
2225 618 2404 672 omnis
2433 620 2526 688 qui
2551 619 2684 674 vivit
2712 631 2767 678 ct
2792 624 2966 678 credit
2992 625 3047 679 in
3072 639 3183 690 me,
3207 641 3316 680 non
3337 639 3457 682 meo

182 708 442 762 robiscum
478 723 594 761 sum
620 708 862 762 omnibus
890 708 1072 763 diebus
1104 726 1265 780 usque
1318 709 1387 764 ad
1431 726 1766 765 consumma-
1870 725 1892 761 ι
1936 708 2107 764 rietur
2132 709 2187 764 in
2221 716 2507 765 teternum.
2548 710 2737 769 Credis
2778 714 2914 770 hoc?
2959 716 3035 770 ait
3087 716 3197 771 illi:
3232 716 3460 788 Utique,

180 804 370 857 tionem
419 802 624 857 statuti.
678 801 980 872 Operemur
1013 803 1216 858 bonum
1245 802 1315 857 ad
1341 818 1552 867 omnes,
1579 810 1639 857 ut
1666 820 1763 859 nos

180 894 265 949 illa
285 910 393 949 nox
419 910 528 949 non
558 894 997 965 comprehendat,
1020 894 1113 950 ubi
1141 911 1303 952 nemo
1326 896 1499 968 possit
1521 896 1759 968 Operari,

178 989 268 1044 sed
293 986 439 1056 quod
462 998 719 1059 operatus
745 998 833 1044 est
867 989 1130 1059 recipere.

245 1081 354 1152 (Ea:
376 1080 627 1154 Hieron.)
681 1081 830 1137 Siloa
884 1082 1006 1138 fons
1053 1092 1139 1139 est
1182 1084 1251 1140 ad
1298 1086 1513 1143 radices
1558 1085 1760 1142 montis

176 1171 324 1237 Sion,
346 1172 441 1242 qui
470 1188 578 1228 non
606 1172 827 1244 iugibus
856 1174 1036 1243 aquis,
1058 1176 1155 1231 sed
1183 1175 1408 1232 incertis
1434 1177 1588 1231 horis
1607 1178 1759 1232 ebul-

174 1264 233 1320 lit
251 1282 348 1336 per
376 1281 617 1322 concava
650 1275 938 1331 terrarum,
972 1268 1064 1322 ubi
1103 1283 1280 1324 cacus
1312 1269 1427 1325 luto
1443 1268 1756 1340 lavato,c:n-

172 1357 332 1412 citate
357 1356 595 1423 detersa,
621 1358 827 1413 clarum
854 1359 1135 1414 oculorum
1169 1360 1351 1416 lumen
1381 1362 1612 1431 accepit,
1647 1377 1756 1433 quo

175 1450 456 1515 indicatur,
486 1465 595 1505 non
620 1450 777 1506 aliter
796 1452 1096 1508 cmcitatem
1122 1450 1432 1509 Iuda-orum
1451 1454 1537 1509 vel
1565 1470 1756 1512 omnes

166 1542 476 1600 incredulos
500 1557 660 1612 posse
683 1544 887 1610 sanari,
914 1545 1018 1600 nisi
1045 1545 1294 1601 doctrina
1315 1561 1580 1616 aquarum
1600 1547 1755 1603 Chri-

171 1639 258 1703 sti,
286 1655 407 1709 qua:
434 1641 642 1709 absque
667 1640 895 1710 strepitu
924 1647 979 1695 et
1022 1639 1260 1696 clamore
1299 1642 1590 1697 verborum
1620 1642 1753 1698 levi-

170 1739 251 1787 ter
278 1729 413 1798 fluit,
442 1732 497 1785 in
529 1732 665 1787 lsaia
713 1732 860 1785 enim
904 1730 1166 1800 legimus,
1207 1744 1378 1802 aquas
1425 1729 1597 1797 Siloe,
1627 1747 1749 1804 qum

172 1822 366 1878 radunt
387 1838 514 1877 cum
550 1822 784 1878 silentio.

385 1960 593 2016 FERIA
633 1959 862 2017 SEXTA
894 1960 1072 2017 POST
1110 1960 1509 2020 WCESIMAM.

512 2088 855 2129 EVANGELIUII
892 2089 1129 2141 IOANXIS,
1144 2092 1267 2132 CAP.
1306 2093 1385 2131 ΙΙ.

234 2209 252 2242 ι
289 2190 416 2245 Erat
447 2193 671 2261 quidam
711 2192 971 2263 languens
999 2193 1239 2249 Lazarus
1281 2209 1312 2248 a
1360 2193 1645 2261 Bethania,
1677 2196 1744 2249 de

170 2302 188 2333 ι
227 2282 445 2341 castello
477 2283 662 2339 Maria:
687 2292 742 2340 et
772 2284 995 2340 Martha:
1021 2286 1227 2341 sororis
1254 2284 1391 2355 ejus.
1440 2285 1609 2341 Maria
1648 2300 1745 2340 au-

166 2398 183 2429 ι
226 2389 328 2435 tem
346 2388 466 2434 erat
487 2395 612 2449 qua:
640 2379 794 2434 unxit
815 2378 1104 2435 Dominum
1132 2385 1406 2450 unguento
1434 2385 1491 2433 et
1513 2378 1745 2434 extersit

166 2489 184 2522 ι
221 2470 380 2541 pedes
405 2471 529 2541 ejus
558 2470 765 2540 capillis
793 2470 925 2535 suis,
958 2469 1112 2538 cujus
1149 2470 1320 2524 frater
1364 2468 1608 2525 Lazarus
1635 2469 1741 2547 .iu-

164 2580 182 2614 ι
225 2560 561 2618 firmabatur.
591 2561 855 2617 Miserunt
880 2576 1011 2633 ergo
1042 2576 1259 2618 sorores
1302 2561 1420 2632 ejus
1471 2560 1540 2616 ad
1588 2576 1735 2628 eum,

163 2674 180 2704 ι
222 2655 458 2710 dicentes
496 2655 782 2718 :Domine,
815 2668 944 2710 ecce
1000 2667 1161 2723 quem
1210 2668 1361 2708 amas
1407 2651 1733 2708 infirmatur.

162 2764 179 2796 ‹
220 2745 448 2802 Audiens
469 2754 653 2801 autem
675 2743 832 2801 Iesus
857 2744 994 2801 dixit
1014 2745 1095 2800 eis
1125 2762 1138 2799 :
1168 2743 1462 2800 Infirmitas
1482 2745 1600 2800 luce
1627 2759 1733 2799 non

162 2857 179 2889 ι
219 2838 391 2894 est-ad
418 2846 676 2905 mortem,
711 2838 807 2895 sed
831 2852 932 2908 pro
960 2837 1133 2909 gloria
1162 2837 1280 2904 Dei,
1311 2845 1376 2893 ut
1401 2836 1737 2910 glorificetur

159 2948 177 2981 ι
218 2930 378 2987 Filius
396 2932 493 2987 Dei
517 2946 615 3002 per
636 2946 776 2986 eam.
801 2929 1069 3003 Diligebat
1089 2936 1271 2986 autem
1290 2928 1447 2985 Iesus
1467 2929 1734 2986 Martham

159 3043 176 3075 ι
216 3033 269 3079 et
288 3040 533 3081 sororem
562 3024 679 3095 ejus
702 3023 928 3079 Mariam
954 3032 1010 3079 et
1028 3023 1315 3080 Lazarum.
1336 3023 1408 3080 Ut
1436 3037 1565 3096 ergo
1587 3023 1735 3079 audi-

159 3133 177 3167 ι
216 3116 287 3170 vit
310 3117 433 3188 quia
466 3115 872 3182 infirmahatur,
898 3123 1025 3172 tunc
1043 3116 1261 3186 quidem
1292 3116 1495 3171 mansit
1521 3114 1731 3172 duobus
1758 3155 1802 3218 Ο

155 3228 174 3262 ι
214 3211 395 3267 diebus
419 3211 476 3265 in
502 3209 692 3266 eodem
719 3208 862 3267 loco.
895 3208 1099 3265 Deinde
1126 3208 1391 3279 posthaec
1439 3207 1575 3263 dicit
1626 3207 1732 3264 dis-

155 3320 171 3351 ι
212 3302 395 3373 cipulis
421 3302 540 3358 suis
577 3320 591 3355 :
633 3300 834 3356 Eamus
857 3301 911 3356 in
931 3299 1173 3356 Iudmam
1199 3299 1417 3354 iterum.
1444 3300 1643 3354 Dicunt
1678 3298 1727 3353 ei

157 3413 171 3444 ι
212 3395 450 3464 discipuli
476 3414 491 3449 :
522 3392 1203 3463 Rabbi,nuncqu'.crebant
1222 3399 1275 3447 te
1294 3389 1464 3446 Iudaei
1486 3389 1729 3462 lapidare

154 3496 171 3535 ι
211 3494 262 3540 et
307 3487 503 3541 iterum
548 3486 703 3540 vadis
750 3485 910 3540 illuc?
955 3483 1252 3555 Respondit
1295 3483 1455 3540 Iesus
1492 3503 1504 3539 :
1538 3484 1728 3540 Nonne

154 3596 169 3626 ι
210 3578 486 3633 duodecim
516 3577 664 3632 hora:
693 3586 819 3634 sunt
848 3576 989 3633 diei?
1017 3574 1076 3631 Si
1107 3576 1231 3646 quis
1268 3576 1629 3632 ambulaverit
1671 3576 1725 3631 in

152 3686 168 3718 ι
208 3669 290 3723 die
318 3685 422 3723 non
456 3668 702 3731 offendit,
730 3669 857 3740 quia
898 3669 1074 3723 lucem
1108 3666 1270 3736 hujus
1323 3668 1508 3722 mundi
1554 3667 1720 3722 videt.

153 3779 167 3810 ι
211 3760 264 3815 Si
292 3772 470 3817 autem
505 3761 861 3817 ambulaverit
895 3762 945 3816 in
983 3770 1163 3825 nocte,
1195 3761 1438 3824 oll'cndit,
1471 3760 1596 3831 quia
1630 3760 1723 3815 lux

153 3871 168 3899 ι
209 3868 306 3908 non
338 3863 420 3908 est
447 3855 504 3908 in
536 3868 618 3907 eo.
646 3852 769 3908 llzec
794 3854 890 3907 ait.
933 3854 1001 3907 Et
1025 3862 1146 3922 post
1170 3855 1287 3908 haec
1312 3853 1443 3908 dicit
1469 3852 1588 3909 eis:
1620 3850 1723 3905 La-

151 3961 167 3992 ι
209 3961 359 3999 zarus
384 3945 596 3999 amicus
623 3954 807 3998 noster
836 3944 1059 4009 dormit,
1082 3944 1175 3997 sed
1213 3943 1353 3998 vado
1377 3951 1437 3996 ιιι
1465 3958 1495 3996 a
1530 3958 1721 3997 somno

150 4052 166 4084 ι
208 4038 431 4092 excitem
460 4053 608 4092 etim.
650 4036 920 4093 Dixerunt
960 4052 1090 4107 ergo
1127 4037 1375 4107 discipuli
1426 4037 1581 4107 ejus:
1616 4038 1721 4091 Do-

149 4144 166 4177 ‹
206 4129 364 4193 mine,
388 4129 431 4183 si
464 4128 687 4191 dormit,
719 4128 899 4183 salvus
924 4129 1048 4183 erit.
1076 4129 1297 4183 Dixerat
1338 4136 1521 4182 autem
1562 4124 1725 4183 Iesus'

150 4237 166 4268 ι
210 4220 269 4274 de
294 4229 467 4276 morte
495 4219 634 4288 ejus,
657 4220 730 4276 illi
759 4229 938 4275 autem
974 4228 1322 4292 putaverunt,
1356 4220 1483 4290 quia
1507 4218 1574 4273 de
1595 4221 1719 4273 dor-

148 4328 163 4359 ι
202 4309 415 4367 mitione
449 4312 628 4367 somni
656 4311 883 4368 diceret.
911 4312 1065 4367 Tunc
1100 4328 1229 4381 ergo
1275 4312 1413 4366 dixit
1452 4311 1531 4366 eis
1558 4308 1717 4366 Iesus

148 4419 163 4451 ι
202 4403 478 4460 manifeste
512 4419 525 4458 :
562 4403 804 4461 Lazarus
836 4413 1082 4460 mortuus
1110 4413 1215 4469 est,
1240 4413 1295 4459 et
1333 4404 1543 4474 gaudeo
1587 4419 1716 4474 pro-

1869 818 1890 852 ι
1938 800 2184 867 Domine,
2210 817 2311 873 ego
2340 803 2566 868 credidi,
2588 808 2711 874 quia
2736 814 2788 858 tu
2816 821 2876 861 cs
2902 806 3153 863 Cbristus
3168 809 3338 866 Filius
3360 810 3458 868 Dei

1869 910 1889 944 ι
1930 892 2061 959 vivi,
2087 894 2180 963 qui
2206 893 2259 947 in
2287 893 2433 949 hunc
2467 895 2729 949 munzlum
2775 896 2995 951 venisti.
3046 897 3113 953 Et
3166 915 3289 954 cum
3338 901 3455 956 hzec

1869 1000 1888 1033 ι
1934 982 2183 1049 dixisset,
2206 983 2340 1038 abiit
2366 993 2422 1040 et
2463 986 2678 1041 vocavit
2719 985 2945 1042 Mariam
3000 1003 3245 1045 sororem
3298 1008 3451 1048 suam

1868 1095 1887 1128 ι
1934 1077 2172 1143 silentio,
2199 1078 2386 1134 dicens
2419 1098 2430 1133 :
2464 1078 2722 1150 Magister
2763 1081 2948 1148 adest,
2976 1090 3032 1137 et
3066 1092 3227 1138 vocat
3256 1092 3328 1138 te.
3357 1084 3452 1140 illa

1867 1186 1886 1220 ι
1928 1177 1989 1223 ιιι
2017 1170 2243 1234 audivit,
2274 1171 2509 1225 surrexit
2534 1172 2664 1237 cito,
2688 1180 2743 1227 et
2766 1173 2913 1228 venit
2931 1174 3000 1228 ad
3031 1190 3176 1230 cum.
3202 1175 3452 1231 Nondum

1866 1278 1885 1312 ι
1930 1260 2077 1316 enim
2116 1269 2341 1316 venerat
2364 1260 2522 1318 Iesus
2552 1263 2607 1317 in
2647 1264 2963 1332 castellum,
2991 1267 3086 1322 sed
3126 1276 3245 1323 erat
3275 1267 3450 1323 adhuc

1864 1370 1883 1404 ι
1929 1353 1983 1409 in
2006 1353 2098 1408 illo
2123 1354 2244 1409 loco
2278 1354 2368 1410 ubi
2399 1364 2715 1411 occurrerat
2738 1357 2788 1411 ei
2820 1356 3050 1412 Martha.
3090 1357 3262 1415 Iudmi
3313 1377 3448 1432 ergo

1862 1462 1882 1495 ι
1927 1446 2020 1516 qui
2057 1454 2362 1503 erantcum
2386 1462 2449 1502 ea
2483 1447 2538 1502 in
2565 1448 2746 1513 domo,
2778 1458 2833 1504 et
2856 1450 3276 1507 consolabantur
3298 1467 3443 1517 eam,

1860 1554 1881 1587 ι
1923 1551 2047 1591 cum
2073 1537 2337 1592 vidissent
2362 1536 2612 1603 Mariam,
2635 1539 2761 1609 quia
2794 1540 2904 1595 cito
2936 1542 3174 1597 surrexit
3201 1550 3256 1597 et
3289 1543 3445 1606 exiit,

1860 1647 1881 1680 ι
1926 1630 2100 1685 secuti
2126 1638 2255 1685 sunt
2292 1645 2415 1686 eam
2447 1630 2690 1687 dicentes
2723 1651 2735 1686 :
2777 1632 2912 1699 Quia
2941 1634 3089 1689 vadit
3128 1635 3197 1690 ad
3244 1650 3437 1691 monu-

1861 1742 1882 1777 ι
1926 1733 2195 1791 mentum,
2230 1733 2292 1780 ut
2327 1726 2503 1796 ploret
2535 1726 2631 1781 ibi.
2656 1727 2826 1783 Maria
2862 1743 2995 1799 ergo
3040 1745 3163 1784 cum
3204 1731 3443 1785 venisset

1777 1796 1825 1856 Β
1860 1836 1879 1871 ι
1922 1819 2015 1874 ubi
2041 1828 2161 1874 erat
2183 1817 2364 1885 Iesus,
2394 1819 2586 1875 videns
2607 1834 2731 1875 eum
2756 1796 2956 1875 cecidit
2979 1821 3048 1876 ad
3088 1821 3256 1891 pedes
3297 1822 3439 1891 ejus,

1858 1927 1875 1961 ι
1919 1920 1975 1966 et
1996 1910 2137 1966 dixit
2158 1911 2209 1966 ei
2236 1929 2249 1964 :
2276 1909 2526 1975 Domine,
2555 1910 2603 1965 si
2629 1908 2829 1965 fuisses
2849 1910 2956 1975 hic,
2983 1926 3090 1966 non
3113 1921 3257 1967 esset
3286 1926 3435 1966 mor-

1853 2021 1873 2055 ι
1918 2011 2044 2059 tuus
2068 2004 2241 2060 frater
2262 2019 2437 2060 meus.
2468 2002 2628 2059 Iesus
2653 2018 2785 2073 ergo
2816 2011 2876 2058 ut
2901 2003 3035 2058 vidit
3062 2018 3181 2059 eam
3223 2004 3438 2074 ploran-

1857 2112 1872 2148 ι
1917 2103 2026 2151 tem
2068 2106 2126 2150 et
2166 2095 2403 2159 Iudaeos,
2431 2094 2525 2165 qui
2551 2102 2815 2150 venerant
2866 2110 2992 2150 cum
3028 2110 3094 2151 ea
3135 2095 3430 2166 plorantes,

1846 2204 1870 2239 ι
1913 2186 2135 2242 fremuit
2169 2186 2384 2257 spiritu,
2413 2195 2470 2241 ct
2496 2186 2734 2241 turbavit
2752 2187 3012 2256 seipsum,
3040 2195 3097 2242 et
3124 2187 3262 2242 dixit
3289 2206 3301 2241 :
3330 2185 3437 2243 Ubi

1846 2298 1868 2332 ι
1909 2280 2338 2350 posuistiseum?
2376 2279 2574 2335 Dicunt
2617 2280 2667 2335 ei
2698 2295 2713 2335 :
2752 2279 3002 2345 Domine,
3031 2281 3154 2335 veni
3199 2291 3255 2333 et
3291 2279 3438 2337 vide.

1847 2389 1867 2422 ι
1909 2371 1977 2425 Ει
2006 2371 2342 2441 lacrymatus
2373 2378 2457 2426 est
2486 2371 2664 2428 Iesus.
2710 2370 2976 2426 Dixerunt
3016 2385 3148 2440 ergo
3193 2368 3366 2426 Iudzci
3413 2386 3431 2426 :

1847 2485 1867 2519 ι
1912 2466 2055 2522 Ecce
2078 2467 2349 2536 quomodo
2383 2469 2602 2523 amabat
2623 2483 2770 2524 eum.
2802 2466 3036 2536 Quidam
3063 2476 3246 2524 autem
3274 2467 3433 2524 dixe-

1847 2575 1868 2610 ι
1911 2567 2041 2613 ιίιηι
2064 2574 2131 2615 ex
2156 2560 2290 2630 ipsis
2319 2574 2335 2614 :
2363 2559 2480 2615 Non
2510 2569 2728 2630 poterat
2750 2560 2861 2626 hic,
2882 2559 2977 2632 qui
2999 2561 3213 2631 aperuit
3237 2561 3428 2619 oculos

1845 2666 1868 2702 ι
1909 2650 2040 2706 (επεί
2083 2652 2218 2716 nati,
2252 2650 2451 2716 facere,
2472 2662 2533 2707 ut
2562 2660 2619 2707 et
2638 2653 2728 2708 hic
2758 2668 2864 2708 non
2899 2657 3240 2710 moreretur?
3268 2654 3429 2718 Iesus

1843 2758 1866 2795 ι
1909 2757 2040 2815 ergo
2067 2759 2285 2799 rursum
2311 2743 2553 2801 fremens
2576 2746 2630 2800 in
2652 2747 2946 2817 semetipso
2971 2747 3122 2803 venit
3142 2749 3211 2803 ad
3238 2764 3435 2804 monu-

1842 2854 1865 2890 ι
1907 2846 2174 2895 mentum.
2204 2839 2337 2895 Erat
2376 2849 2559 2897 autem
2593 2842 2851 2913 spelunca
2880 2851 2935 2899 et
2958 2843 3097 2914 lapis
3123 2847 3435 2917 superposi-

1841 2947 1862 2983 ‹
1908 2938 1996 2987 tus
2023 2940 2142 2988 erat
2169 2932 2241 2989 ei.
2277 2933 2372 2988 Ait
2396 2932 2555 2990 Iesus
2598 2954 2612 2989 τ
2649 2935 2842 2991 Tollite
2882 2935 3136 3007 lapidem.
3190 2939 3332 2993 Dicit
3378 2939 3428 2994 ei

1841 3040 1862 3075 ι
1907 3023 2117 3080 Martha
2162 3039 2319 3081 soror
2341 3025 2475 3095 ejus,
2503 3028 2596 3097 qui
2634 3036 2882 3084 mortuus
2919 3029 3097 3085 fuerat
3126 3046 3141 3085 :
3173 3031 3424 3096 Domine,

1841 3132 1863 3166 ο
1898 3112 2013 3184 jam
2040 3114 2216 3180 fmtet,
2247 3116 2646 3186 quatriduanus
2676 3118 2823 3172 enim
2855 3126 2957 3173 est.
2984 3119 3195 3174 Dicitei
3225 3119 3425 3176 Iesus:
3495 3154 3501 3159 —

1839 3229 1859 3262 ι
1904 3209 2096 3265 Nonne
2117 3210 2227 3265 dixi
2256 3210 2373 3273 tibi,
2398 3211 2655 3281 quoniam
2684 3210 2730 3265 si
2759 3208 3058 3268 credideris
3081 3212 3293 3267 videbis
3313 3213 3428 3285 glo-

1838 3320 1858 3353 ι
1906 3302 2045 3356 riam
2085 3301 2220 3357 Dei?
2268 3301 2533 3357 Tulerunt
2560 3316 2692 3373 ergo
2724 3301 2982 3373 lapidem.
3033 3300 3193 3359 Iesus
3237 3311 3422 3361 autem

1836 3412 1856 3445 ι
1900 3393 2128 3449 elevatis
2171 3408 2387 3449 sursum
2432 3393 2607 3449 oculis
2631 3393 2765 3448 dixit
2797 3412 2810 3447 :
2839 3393 3036 3459 Pater,
3068 3393 3275 3465 gratias
3320 3411 3425 3465 ago

1835 3505 1854 3538 ι
1900 3486 2019 3550 tibi,
2050 3487 2305 3556 quoniam
2337 3485 2533 3541 audisti
2558 3499 2666 3551 me,
2692 3501 2793 3558 ego
2807 3495 2988 3541 autem
3015 3486 3276 3553 sciebam,
3295 3488 3421 3563 quia

1835 3598 1854 3630 ι
1897 3594 2115 3649 semper
2138 3594 2227 3635 me
2253 3578 2430 3634 audis.
2476 3577 2583 3634 Sed
2629 3587 2854 3650 propter
2897 3578 3153 3651 populum
3196 3580 3288 3650 qui
3313 3581 3424 3636 cir-

1833 3688 1853 3723 ι
1898 3679 2136 3727 cumstat
2168 3670 2301 3735 dixi,
2327 3680 2388 3725 ut
2416 3670 2602 3725 credat
2652 3670 2778 3740 quia
2805 3678 2863 3724 tu
2888 3685 2978 3725 me
3009 3671 3227 3726 misisti.
3281 3669 3411 3727 Haec

1830 3781 1850 3813 ι
1894 3777 2020 3817 cum
2045 3762 2290 3825 dixisset,
2318 3774 2454 3817 voce
2479 3776 2675 3831 magna
2716 3759 2973 3816 clamavit
3005 3780 3016 3815 :
3046 3760 3274 3823 Lazare.
3292 3763 3417 3818 veni

1830 3872 1849 3910 ι
1897 3851 2064 3909 foras.
2104 3852 2173 3907 Et
2206 3853 2391 3907 statim
2420 3853 2643 3923 prodiit,
2667 3853 2758 3923 qui
2800 3852 2977 3908 fuerat
3008 3854 3419 3925 mortuus,liga-

1829 3963 1849 3997 ι
1893 3954 1983 4001 tus
2010 3960 2208 4000 manus
2234 3952 2291 3999 et
2317 3946 2483 4015 pedes
2504 3944 2727 3999 institis.
2757 3944 2827 3999 Et
2849 3944 3015 4001 facies
3033 3945 3176 4002 illius
3197 3947 3418 4002 sudario

1829 4057 1848 4091 ι
1891 4046 2012 4093 erat
2037 4037 2222 4108 ligata.
2252 4035 2398 4090 Dixit
2425 4032 2671 4090 eisIesus
2712 4053 2725 4089 :
2765 4034 2970 4090 Solvite
2991 4051 3139 4098 eum.
3170 4044 3228 4091 et
3255 4037 3418 4092 sinite

1828 4149 1848 4182 ι
1894 4130 2065 4184 abire.
2096 4127 2246 4182 Multi
2300 4141 2432 4195 ergo
2476 4141 2540 4181 ex
2590 4124 2825 4191 Iudmis,
2873 4126 2967 4196 qui
3022 4135 3284 4181 venerant
3345 4130 3416 4183 ad

1829 4240 1848 4273 ι
1893 4219 2118 4275 Mariam
2175 4226 2232 4274 et
2282 4218 2533 4271 viderant
2580 4208 2701 4286 quae
2751 4215 2912 4280 fecit,
2954 4217 3306 4272 crediderunt
3359 4220 3412 4274 in

1828 4332 1847 4364 ι
1890 4328 2035 4369 eum.
2084 4331 2102 4364 I

1892 4405 2024 4459 Erat
2054 4412 2229 4458 autem
2257 4401 2472 4473 quidam
2500 4402 2753 4473 languens
2797 4402 3037 4458 Lazarus
3080 4421 3113 4458 a
3151 4402 3411 4460 Bethania
3496 4466 3499 4471 I

147 4511 165 4544 ι
204 4503 317 4566 pter
342 4512 458 4563 vos,
483 4504 545 4550 ut
570 4497 827 4561 credatis,
852 4498 979 4568 quia
1008 4512 1113 4552 non
1155 4512 1304 4551 eram
1347 4497 1443 4559 ibi,
1477 4496 1573 4551 sed
1628 4511 1714 4550 ea-
1741 4521 1794 4582 D
1821 4497 1885 4552 de
1921 4494 2133 4551 castello
2170 4493 2361 4548 Maria:
2385 4502 2433 4548 et
2462 4492 2690 4549 Mart/ur
2711 4496 2911 4551 sororis
2942 4495 3077 4566 ejus,
3111 4504 3225 4551 etc-
3263 4498 3412 4553 Inter

146 4602 164 4635 ι
204 4602 319 4642 mus
346 4588 411 4642 ad
432 4603 579 4643 eum.
620 4589 769 4643 Dixit
790 4603 919 4658 ergo
995 4589 1233 4643 Thomas
1264 4588 1355 4658 qui
1392 4588 1591 4642 dicitur
1609 4587 1715 4659 Dy-

147 4692 164 4727 ι
206 4676 398 4744 dimus,
426 4679 494 4734 ad
522 4679 1155 4749 condiscipulos:Eamus
1197 4687 1252 4735 et
1289 4696 1389 4734 nos
1429 4687 1484 4734 et
1514 4680 1718 4735 moria-

145 4791 162 4823 ι
203 4791 321 4830 mur
344 4793 466 4832 cum
513 4791 597 4830 eo.
628 4774 790 4831 Venit
833 4777 1015 4847 itaque
1058 4775 1216 4833 Iesus
1264 4784 1319 4831 et
1358 4776 1563 4831 invenit
1590 4790 1713 4829 cum

143 4883 161 4915 ι
203 4874 427 4937 quatuor
452 4867 569 4921 dies
585 4865 695 4934 jam
752 4867 804 4921 in
840 4875 1191 4923 monumento
1218 4867 1530 4922 habentem.
1581 4866 1714 4921 Erat

144 4972 161 5004 ι
204 4965 375 5012 autem
403 4957 661 5013 Bethania
687 4956 838 5025 juxta
870 4957 1495 5029 llierosolymam,quasi
1523 4959 1715 5015 stadiis

144 5066 160 5099 ι
201 5049 523 5118 quindecim.
558 5048 707 5105 Multi
757 5058 937 5105 autem
985 5066 1049 5107 ex
1095 5050 1295 5107 Iudmis
1334 5059 1601 5109 venerant
1642 5052 1711 5107 ad

144 5157 161 5189 ι
200 5139 461 5198 Martham
481 5150 537 5199 et
561 5143 628 5197 ad
658 5143 879 5198 Mariam
899 5184 914 5208 ,
946 5156 1003 5200 ut
1048 5144 1462 5201 consolarentur
1505 5160 1600 5202 eas
1644 5145 1713 5202 de

144 5248 161 5282 ι
200 5230 362 5290 fratre
386 5252 501 5291 suo.
525 5235 733 5293 Martha
760 5254 889 5311 ergo
908 5249 967 5293 ut
994 5238 1200 5293 audivit
1217 5237 1341 5309 quia
1358 5234 1516 5293 Iesus
1535 5236 1705 5303 venit,

144 5339 160 5371 α
198 5327 432 5382 occurrit
458 5327 551 5382 illi.
582 5327 747 5384 Maria
775 5337 956 5384 autem
977 5329 1121 5385 domi
1142 5328 1384 5385 sedebat.
1408 5329 1555 5384 Dixit
1577 5343 1709 5399 ergo

143 5431 158 5461 ι
186 5413 386 5473 Martha
429 5418 495 5473 ad
529 5417 712 5475 Iesum
742 5439 753 5474 :
781 5420 1027 5487 Domine,
1068 5422 1113 5475 si
1167 5420 1361 5477 fuisses
1400 5420 1511 5483 hic,
1535 5419 1704 5477 frater

143 5521 159 5554 ι
198 5523 342 5565 meus
381 5526 486 5565 non
531 5510 721 5567 fuisset
761 5520 1026 5569 mortuus.
1068 5511 1174 5569 Sed
1219 5530 1363 5569 nunc
1406 5513 1541 5579 scio,
1573 5512 1701 5584 quia

142 5612 159 5646 ι
195 5613 521 5672 qumcunque
561 5604 873 5674 poposceris
915 5620 944 5659 a
975 5606 1085 5661 Deo
1112 5606 1257 5660 dabit
1290 5605 1382 5660 tibi
1415 5606 1576 5659 Deus.
1610 5604 1701 5658 Di-

137 5696 158 5733 ι
198 5688 267 5743 cit
290 5690 363 5745 illi
390 5690 582 5749 Iesus:
613 5693 881 5766 Resurget
903 5694 1069 5750 frater
1098 5705 1238 5751 tuus.
1290 5696 1430 5751 Dicit
1467 5698 1514 5751 ci
1558 5694 1701 5750 Mar-

133 5796 150 5829 t
198 5784 281 5840 tha
313 5804 326 5840 :
359 5786 505 5854 Scio,
532 5788 658 5860 quia
692 5799 935 5861 resurget
962 5793 1013 5845 in
1057 5793 1456 5847 resurrectione
1504 5792 1556 5846 in
1604 5807 1699 5847 no-

1819 4591 2000 4647 omnia
2022 4588 2285 4644 miracula
2308 4604 2429 4659 qua:
2450 4587 2577 4643 fecit
2596 4588 2859 4644 Dominus
2882 4598 3066 4645 noster
3083 4588 3240 4645 Iesus
3257 4589 3413 4645 Chri-

1818 4689 1960 4746 stus,
1982 4680 2178 4735 Lazari
2208 4680 2537 4735 resurrectio
2561 4682 2833 4752 praecipue
2875 4682 3219 4752 praedicatur.
3273 4681 3410 4741 Tres

1818 4784 2000 4832 tamen
2024 4782 2274 4830 mortuos
2315 4789 2345 4828 a
2378 4773 2607 4829 Domino
2636 4776 2995 4832 resuscitatos
3024 4776 3079 4831 in
3116 4776 3409 4847 Evangelia

1815 4866 2064 4938 legimus.
2098 4865 2461 4921 Resuscitavit
2491 4865 2656 4920 filiam
2707 4867 3118 4941 archisynagogi
3149 4870 3327 4927 adhuc
3355 4873 3408 4929 in

1818 4960 1977 5016 domo
1996 4955 2270 5027 iacentem
2302 4976 2315 5011 :
2352 4957 2698 5012 resuscitavit
2716 4955 2998 5027 juvenem,
3036 4958 3205 5015 filium
3230 4962 3409 5020 vidua:

1816 5058 1971 5106 extra
1996 5058 2209 5120 portam
2246 5047 2482 5103 civitatis
2506 5047 2741 5103 elatum:
2768 5050 3116 5105 resuscitavit
3138 5050 3405 5111 Lazarum

1814 5140 2083 5213 sepultum
2112 5138 2555 5210 quatriduanum.
2598 5139 2735 5195 Tres
2767 5139 2853 5196 iSti
2882 5142 3082 5197 mortui
3107 5150 3217 5200 tres
3239 5146 3407 5216 signi-

1814 5233 1983 5291 ficant
2008 5229 2439 5287 resurrectiones
2471 5230 2798 5287 animarum.
2848 5229 3132 5289 Intueatur
3173 5237 3406 5308 quisque.

1812 5327 2050 5383 animam
2097 5340 2273 5392 suam,
2305 5324 2351 5381 si
2392 5330 2604 5395 peccat,
2634 5323 2897 5388 moritur,
2922 5335 3207 5397 peccatum
3250 5344 3401 5384 mors

1810 5418 2006 5474 anima:
2048 5426 2149 5472 est.
2174 5415 2356 5471 Prima
2397 5430 2563 5478 mors,
2596 5416 2883 5472 consensio
2912 5424 2995 5472 est
3014 5418 3400 5487 peccati,hane

1808 5518 2040 5567 mortem
2081 5506 2424 5579 signiﬁcabat
2452 5505 2628 5577 puella
2662 5505 2789 5573 illa,
2832 5523 2953 5578 qua:
2996 5508 3235 5563 nondum
3279 5521 3400 5568 erat

1809 5602 1956 5659 foras
1988 5601 2149 5666 elata,
2184 5600 2276 5655 sed
2316 5600 2371 5654 in
2414 5600 2575 5653 domo
2612 5608 2828 5655 mortua
2876 5600 3113 5670 jacebat,
3141 5608 3197 5654 et
3237 5608 3395 5674 quasi

1806 5701 2090 5766 peccatum
2143 5692 2372 5747 interius
2416 5690 2635 5746 latebat.
2691 5689 2937 5745 Secunda
2968 5704 3117 5746 mors
3143 5700 3249 5758 est,
3280 5712 3386 5751 non

1807 5789 1979 5846 solum
2006 5786 2313 5841 consentire
2342 5791 2587 5855 peccato,
2614 5783 2707 5839 sed
2728 5782 2893 5838 etiam
2927 5779 3128 5840 facere.
3176 5784 3286 5845 lloc
3314 5791 3386 5846 si-
