3946 6412
522 316 630 386 'th

1819 319 2178 378 SMARAGDI
2213 316 2506 376 ABBA'I'IS

3706 317 3809 376 166

523 442 1065 518 gniﬁcahatjuvenis,
1085 452 1247 513 quem
1269 441 1530 497 Dominus
1555 441 1910 510 ptenitentem
1938 437 2102 492 matri
2135 438 2185 497 Α
2210 436 2345 492 tales
2374 436 2636 492 Dominus
2679 432 2999 490 excitandos
3028 446 3137 489 non
3164 432 3492 503 dedignatur
3516 436 3803 495 accedere.

525 553 658 603 suae,
690 537 743 591 id
779 544 882 599 est,
905 533 1161 589 Ecclesia:
1190 531 1582 589 ‘resuscitatum
1624 530 1822 587 reddit.
1865 530 2109 586 Tertium

521 644 691 699 genus
742 627 943 682 mortis
983 626 1221 680 immane
1248 634 1355 690 est,
1385 624 1721 680 consuetudo
1764 624 1928 690 mala,
1966 624 2111 692 quod

519 719 862 791 signiﬁcatur
889 732 989 789 per
1026 725 1318 782 Lazarum,
1347 717 1491 772 unde
1521 724 1576 772 et
1600 717 1740 771 bene
1764 717 1832 771 de
1854 715 1949 772 illo
1977 713 2111 771 dici-

518 815 627 872 tur,
656 806 829 862 ftetet.
863 806 1058 878 Incipit
1097 806 1244 861 enim
1292 806 1495 861 habere
1536 806 1830 876 pessimam
1881 805 2107 871 famam,

517 912 589 952 ne
615 897 871 967 desperet
894 905 1173 968 peccator,
1199 896 1326 967 quia
1360 897 1619 953 Dominus
1649 910 1842 952 omnes
1889 897 2106 952 miseri-

514 988 757 1043 corditer
797 989 1163 1044 resuscitavit.
1196 988 1350 1056 Quod
1378 997 1559 1043 autem
1590 990 1842 1045 subditur
1882 1008 1897 1044 :
1941 989 2108 1060 Inﬁr-

519 1079 674 1132 mitas
702 1079 814 1132 lucc
855 1096 960 1133 non
995 1089 1070 1133 est
1111 1078 1180 1132 ad
1206 1087 1445 1144 mortem,
1470 1089 1867 1149 consequenter
1915 1080 2110 1150 adjun-

520 1168 601 1221 xit
625 1186 639 1220 :
667 1168 758 1221 sed
782 1185 877 1239 pro
907 1168 1077 1239 gloria
1109 1168 1224 1234 Dei,
1246 1178 1304 1223 ut
1334 1169 1659 1241 gloriﬁcetur
1677 1169 1856 1226 Filius
1884 1171 1981 1226 Dei
2008 1188 2102 1243 per

518 1271 658 1311 eam.
687 1257 827 1312 Sunt
852 1257 1113 1324 haeretici,
1146 1259 1237 1328 qui
1261 1258 1363 1313 hoc
1393 1267 1594 1330 negant
1627 1259 1770 1329 quod
1812 1259 1983 1317 Filius
2012 1263 2107 1317 Dei

519 1348 592 1403 sit
628 1348 792 1404 Deus.
842 1348 982 1404 Ecce
1031 1349 1258 1404 audiant
1290 1368 1301 1404 :
1334 1349 1627 1419 Inﬁrmitas
1651 1352 1764 1406 Iure
1797 1369 1901 1406 non
1930 1361 2005 1407 est
2036 1355 2106 1407 ad

510 1450 759 1505 mortem,
785 1441 875 1494 sed
898 1457 993 1511 pro
1020 1440 1189 1511 glaria
1221 1441 1339 1505 Dei,
1367 1442 1420 1496 id
1450 1450 1555 1508 est,
1583 1443 1703 1498 Filii
1740 1442 1853 1497 Dei.

594 1528 878 1600 Respondit
902 1540 1076 1584 autem
1098 1532 1275 1597 Iesus,
1299 1549 1469 1587 nonne
1490 1533 1766 1589 duodecim
1788 1535 1934 1590 liora:
1981 1546 2104 1591 sunt

519 1620 666 1674 diei?
692 1630 796 1676 etc.
821 1622 959 1689 Quid
983 1623 1084 1678 sibi
1106 1624 1219 1678 vult
1243 1625 1345 1679 ista
1366 1628 1684 1696 responsio?
1711 1627 1818 1682 Sed
1841 1635 2103 1699 quantum

519 1712 652 1765 mihi
675 1712 889 1766 videtur
912 1714 1236 1783 redarguere
1273 1716 1444 1770 voluit
1465 1717 1679 1772 illorum
1702 1718 2098 1774 dubitationem

517 1808 574 1855 et
602 1802 992 1858 inﬁdelitatem.
1024 1804 1326 1860 Voluerunt
1354 1806 1500 1861 enim
1530 1809 1820 1863 consilium
1842 1810 1973 1865 dare
1995 1810 2100 1865 Do-

516 1891 684 1956 mino,
708 1908 776 1948 ne
804 1904 1132 1960 moreretur,
1161 1897 1254 1965 qui
1287 1907 1518 1953 venerat
1534 1899 1672 1953 mori
1690 1914 1707 1965 ;
1726 1900 1987 1971 corripuit
2009 1914 2105 1955 eos

510 1988 572 2034 et
618 1981 696 2035 ait
732 2001 745 2035 :
786 1983 976 2037 Nonne
1030 1984 1308 2039 duodecim
1362 1987 1509 2041 horae
1550 1997 1681 2042 sunt
1717 1988 1868 2043 dici?
1908 1991 1957 2044 si
1982 1992 2104 2060 quis

517 2072 862 2128 ambulaverit
882 2076 940 2129 in
964 2076 1051 2130 die
1073 2093 1178 2130 non
1204 2078 1443 2147 o/fendit.
1484 2080 1639 2135 Diem
1657 2089 1838 2135 autem
1866 2082 2105 2151 seipsum

514 2172 673 2217 osten
698 2164 918 2230 litesse,
956 2166 1083 2236 quia
1122 2165 1238 2237 ipse
1277 2166 1596 2237 spiritaliter
1620 2179 1705 2224 est
1754 2186 1918 2226 verus
1966 2172 2102 2236 dies,

514 2252 802 2308 duodecim
848 2268 977 2310 vero
1023 2255 1201 2321 bone,
1228 2258 1513 2313 duodecim
1549 2258 1791 2329 Apostoli
1834 2271 1958 2315 sunt
1990 2276 2006 2315 :
2038 2262 2106 2317 Ut

507 2352 701 2399 autem
729 2344 875 2400 diem
902 2360 963 2401 se
984 2348 1317 2413 ostenderet,
1346 2349 1629 2405 duodecim
1664 2351 1956 2421 discipulos
1991 2352 2105 2407 elc-

513 2438 594 2508 git
615 2455 628 2492 :
653 2436 713 2493 Si
744 2455 840 2510 ego
870 2456 1009 2505 sum,
1029 2441 1225 2511 inquit,
1250 2441 1387 2507 dies,
1416 2453 1464 2496 et
1489 2457 1576 2497 vos
1606 2444 1782 2508 liora,
1805 2460 1888 2498 me
1932 2445 2106 2516 sequi—

508 2530 667 2596 mini,
690 2531 816 2600 quia
841 2531 987 2586 liora:
1014 2531 1152 2586 diem
1167 2542 1478 2599 sequuntur,
1507 2548 1613 2589 non
1641 2535 1752 2590 dies
1776 2536 1957 2591 horas.
2006 2536 2105 2592 Se-

506 2627 756 2689 quantur
811 2636 943 2692 ergo
987 2622 1136 2677 bone
1180 2623 1357 2687 diem,
1400 2624 1698 2694 pnedicent
1744 2626 1895 2681 hom
1937 2627 2100 2682 diem.

510 2709 675 2765 Horae
703 2708 1042 2765 illustrantur
1062 2727 1093 2766 a
1130 2712 1235 2776 die,
1274 2714 1422 2768 horae
1449 2708 1822 2771 illuminentur
1856 2730 1886 2771 a
1918 2715 2028 2781 die,
2051 2723 2107 2772 et

514 2813 614 2868 per
640 2800 899 2855 horarum
930 2802 1371 2871 praedicationem
1394 2804 1588 2861 credat
1606 2806 1839 2863 mundus
1857 2806 1914 2861 in
1938 2807 2100 2863 diem.

516 2889 633 2947 lioe
662 2905 793 2961 ergo
816 2891 893 2946 ait
928 2892 995 2947 de
1028 2894 1365 2964 compendio,
1412 2909 1501 2950 me
1550 2896 1870 2967 sequimini,
1900 2897 1949 2952 si
1996 2913 2103 2953 non

514 2980 678 3037 vultis
700 2980 995 3037 otl‘endere.
1022 2984 1177 3051 Quod
1199 2992 1385 3041 autem
1408 2986 1579 3042 dixit:
1612 2986 1852 3043 Lucam
1898 2990 2103 3044 osurus

510 3080 690 3125 uoster
710 3071 923 3137 dormit,
954 3087 1141 3129 verum
1168 3074 1326 3130 dixit.
1359 3072 1654 3132 Sororibus
1675 3085 1927 3133 mortuus
1958 3088 2099 3145 erat,

504 3181 672 3237 quem
694 3168 962 3224 suscitare
988 3183 1101 3224 non
1120 3177 1394 3239 poterant,
1414 3166 1643 3226 Domino
1672 3172 2101 3243 dormiebat,qui

509 3266 662 3313 tanta
697 3259 959 3315 facilitate
988 3276 1115 3315 eum
1153 3261 1441 3316 suscitavit
1493 3262 1563 3318 de
1603 3261 1876 3331 sepulcro,
1898 3271 2102 3334 quanta

504 3360 570 3404 tu
597 3363 743 3407 nunc
774 3350 986 3406 excites
1022 3351 1383 3408 dormientem
1427 3351 1495 3405 de
1529 3350 1687 3407 lecto.
1743 3353 1820 3408 De
1865 3363 2103 3424 quatuor

510 3441 705 3497 diebus
723 3441 891 3496 multa
911 3442 1134 3511 quidem
1156 3442 1263 3498 dici
1298 3449 1554 3512 possunt,
1586 3444 1667 3500 sic
1704 3452 1763 3499 ut
1803 3461 1863 3503 se
1900 3446 2102 3503 trahent

503 3532 743 3587 obscura
767 3530 1197 3601 Scripturarum,
1223 3548 1345 3603 qua:
1386 3548 1488 3604 pro
1535 3534 1852 3595 diversitate
1896 3538 2098 3595 intelli-

425 3679 428 3682 _
504 3622 755 3691 gentium
776 3622 979 3678 multos
1007 3638 1199 3679 sensus
1218 3623 1455 3694 pariunt.
1486 3613 1737 3682 Dicamus
1754 3636 1811 3682 et
1831 3643 1951 3695 nos,
1968 3630 2097 3698 quid

509 3712 669 3769 nobis
719 3712 969 3769 videatur
1019 3713 1330 3785 signiﬁcare
1388 3723 1636 3771 mortuus
1674 3717 2095 3787 quatriduanus,

510 3802 783 3874 quomodo
802 3804 857 3859 in
886 3804 978 3860 illo
1003 3819 1148 3861 caeco
1168 3805 1518 3877 intelligimus
1570 3809 1971 3879 quodammodo
1997 3810 2095 3865 hu-

510 3908 732 3949 manum
753 3908 942 3965 genus,
972 3894 1052 3950 sic
1089 3892 1252 3959 forte,
1281 3885 1346 3951 et
1382 3896 1434 3951 in
1479 3896 1587 3954 isto
1636 3906 1854 3954 mortuo
1897 3898 2097 3956 multos

510 3983 837 4039 intellecturi
862 4000 1068 4040 sumus.
1099 3985 1339 4043 Diversis
1358 3988 1503 4043 enim
1533 3989 1708 4045 modis
1760 4004 1868 4044 una
1896 4005 1985 4045 res
2015 3991 2092 4046 si-

505 4077 758 4150 gniﬁcari
808 4086 1006 4151 potest.
1059 4079 1231 4136 Homo
1269 4082 1488 4152 quando
1528 4078 1940 4148 nascitur,jam
1969 4097 2094 4138 cum

426 4191 430 4195 ν
506 4180 684 4227 morte
711 4172 969 4237 nascitur,
995 4173 1119 4243 quia
1151 4173 1218 4229 de
1244 4173 1418 4230 Adam
1437 4181 1723 4245 peceatum
1747 4175 1936 4239 trahit,
1965 4190 2093 4231 ecce

502 4261 677 4319 habes
703 4279 866 4319 unum
895 4264 1037 4320 diem
1072 4266 1286 4330 mortis,
1304 4266 1450 4335 quod
1477 4266 1641 4321 homo
1667 4265 1835 4322 trahit
1858 4267 1925 4321 de
1947 4282 2092 4322 mor-

501 4353 582 4408 tis
602 4354 912 4425 propagine.
939 4355 1142 4410 Deinde
1164 4358 1384 4420 crescit,
1415 4355 1603 4425 incipit
1631 4356 1887 4412 accedere
1915 4356 1984 4411 ad
2007 4373 2093 4412 ra-

502 4445 738 4502 tionales
777 4462 968 4512 annos,
1013 4454 1076 4502 ut
1117 4446 1292 4518 legem
1348 4447 1527 4517 sapiat
1572 4448 1897 4514 naturalem,
1926 4465 2088 4519 quam

496 4552 692 4593 omnes
713 4537 915 4593 habent
936 4537 992 4592 in
1017 4538 1179 4592 corde
1202 4536 1365 4591 lixam
1394 4554 1408 4590 :
1441 4534 1597 4601 Quod
1619 4536 1714 4591 tibi
1743 4554 1848 4592 non
1872 4538 1969 4604 vis,
1994 4539 2089 4594 alii

504 4642 570 4680 ne
598 4626 800 4696 feceris,
823 4635 878 4682 et
916 4628 1057 4682 hanc
1085 4627 1260 4698 legem
1304 4626 1774 4696 transgrediuntur
1817 4627 2085 4697 homines,

504 4735 632 4775 ecce
667 4720 833 4776 altera
860 4722 974 4777 dies
1005 4723 1199 4778 mortis
1225 4722 1349 4776 data
1378 4729 1483 4784 est,
1512 4728 1567 4776 ct
1588 4722 1753 4776 etiam
1782 4722 1869 4778 lex
1904 4724 2085 4781 divina

504 4825 602 4879 per
642 4809 902 4866 famulum
950 4812 1048 4867 Dei
1096 4811 1319 4881 Moysen
1359 4810 1492 4864 dicit
1530 4811 1605 4864 illi
1636 4829 1650 4865 :
1681 4812 1805 4865 Non
1860 4816 2081 4882 occides,

502 4918 608 4956 nou
643 4903 997 4967 mter/laberis,
1038 4918 1142 4956 nou
1174 4901 1369 4971 falsum
1404 4903 1754 4957 testimonium
1781 4905 1939 4960 dices.
1970 4906 2083 4962 Ho-

496 5006 633 5044 nora
663 5001 862 5060 patrem
892 5002 1040 5044 tuum
1079 5000 1128 5045 et
1185 5000 1407 5045 matrem
1447 5000 1630 5057 tuam,
1669 5002 1774 5048 etc.
1818 4995 1959 5052 Ecce
1998 4998 2084 5053 lex

503 5081 703 5149 scripta
727 5089 828 5144 est,
861 5088 918 5134 et
959 5080 1075 5148 ipsa
1119 5080 1682 5154 eontemniturhecec
1736 5086 1926 5141 tertius
1967 5088 2085 5144 dies

499 5172 716 5241 mortis;
743 5171 871 5240 quid
908 5171 1113 5225 restat?
1158 5169 1319 5225 Venit
1349 5172 1721 5244 Evangelium,
1753 5178 1873 5233 ideo
1902 5178 2081 5236 littera

498 5263 618 5316 sine
660 5260 833 5330 gratia
876 5274 998 5316 reos
1038 5259 1288 5324 faciebat,
1329 5279 1463 5333 quos
1515 5268 1833 5324 conﬁtentes
1902 5272 2083 5342 gratia

494 5355 786 5410 liberabat.
812 5352 1144 5409 Prtedieatur
1172 5356 1367 5427 ubique
1399 5358 1677 5425 Christus,
1708 5365 1947 5419 minatur
1988 5382 2082 5436 ge-

498 5446 757 5510 hennam,
786 5444 951 5499 vitam
996 5448 1262 5516 promittit
1294 5458 1571 5514 (eternam.
1605 5462 1661 5508 et
1687 5454 1800 5523 ipsa
1840 5465 2082 5512 eontem-

496 5536 679 5600 nitur,
732 5539 1200 5607 transgrediuntur
1244 5542 1493 5598 homines
1529 5544 1901 5616 Evangelium,
1951 5565 2080 5604 ecce

2284 549 2430 603 Dixit
2459 565 2581 620 ergo
2605 546 2818 602 Martha
2844 547 2913 602 ad
2933 545 3139 613 Iesum,
3164 546 3388 602 Domine
3406 549 3454 603 si
3472 548 3670 619 fuisses
3694 551 3801 620 hic,

2210 643 2379 715 frater
2398 660 2544 697 meus
2561 659 2663 697 non
2688 642 2871 713 fuisset
2896 649 3156 695 mortuus.
3184 640 3330 695 Dixit
3354 640 3436 696 illi
3457 641 3620 698 Iesus
3649 662 3668 697 :
3703 643 3805 698 Rc-

2209 745 2385 806 surget
2416 735 2583 805 frater
2606 743 2747 788 tuus.
2776 733 2912 801 Quia
2935 747 3035 803 ego
3062 747 3183 787 sum
3210 736 3543 789 resurrectio
3576 742 3633 790 et
3665 735 3801 802 vita,

2209 826 2301 896 qui
2329 825 2501 881 credit
2522 825 2576 879 in
2602 840 2710 886 me,
2736 832 2790 879 et
2806 821 2919 891 jam
2952 823 3013 879 si.
3036 831 3286 879 mortuus
3320 822 3485 880 fuerit
3522 824 3578 880 in
3609 841 3801 893 carne,

2209 916 2355 971 vivet
2396 915 2451 970 in
2501 916 2682 969 anima
2728 915 2903 969 donec
2948 921 3214 985 resurgat,
3242 922 3298 969 et
3338 929 3467 971 caro
3518 931 3802 987 nunquam

2207 1014 2395 1076 postea
2425 1006 2707 1060 moritura.
2734 1004 2800 1059 Et
2823 1003 3001 1059 omnis
3025 1005 3118 1075 qni
3144 1002 3279 1059 vivit
3311 1004 3366 1059 in
3395 1019 3583 1072 carne,
3605 1014 3662 1062 et
3683 1022 3804 1063 cre-

2208 1097 2289 1153 dit
2316 1097 2371 1151 in
2398 1111 2505 1161 me,
2536 1104 2593 1151 et
2627 1096 2672 1150 si
2707 1094 2973 1150 morietur
2995 1093 3065 1149 ad
3111 1103 3343 1166 tempus,
3378 1106 3607 1167 propter
3653 1115 3801 1154 mor-

2210 1196 2317 1242 tem
2345 1186 2670 1250 carnis,non
2701 1186 2969 1241 morietur
3004 1186 3057 1240 in
3078 1196 3358 1250 mternum,
3378 1197 3606 1258 propter
3624 1190 3795 1245 vitam

2208 1278 2461 1348 spiritus,
2492 1286 2549 1333 et
2592 1277 3056 1331 immortalitatem
3106 1278 3547 1334 resurrectionis.
3603 1278 3797 1335 Credis

2203 1369 2343 1425 hoc?
2370 1369 2456 1423 Ait
2501 1369 2579 1423 illi
2604 1386 2622 1424 :
2648 1366 2854 1433 Utique,
2889 1368 3234 1438 Domine,ego
3264 1370 3625 1442 credidi,quia
3659 1382 3717 1426 tu
3742 1390 3797 1427 es

2203 1458 2445 1514 Christus
2478 1459 2650 1513 Filius
2708 1456 2823 1521 Dei,
2869 1456 3043 1528 quiin
3099 1457 3238 1512 hunc
3286 1461 3541 1514 mundum

2202 1552 2429 1621 Quando
2446 1552 2549 1608 hoc
2575 1554 2800 1615 credidi,
2824 1551 3034 1607 credidi
3057 1552 3185 1623 quia
3213 1559 3270 1606 tu
3292 1567 3354 1608 es
3376 1552 3715 1609 resurrectio
3740 1562 3798 1609 et

2200 1646 2313 1700 vita
2333 1684 2348 1709 ,
2376 1651 2433 1701 et
2460 1645 2552 1715 qui
2583 1646 2636 1699 in
2670 1654 2722 1699 te
2751 1644 2942 1709 credit,
2966 1650 3022 1698 et
3054 1644 3102 1698 si
3134 1652 3385 1699 mortuus
3414 1644 3604 1710 fuerit,
3625 1645 3794 1700 vivet.

2129 1778 2176 1838 Β
2272 1752 2428 1811 Iesus
2456 1774 2601 1825 ergo,
2626 1765 2681 1810 ut
2706 1757 2832 1810 cidit
2859 1772 2972 1810 eam
2997 1755 3312 1827 plorantem,
3333 1755 3547 1827 fremuit
3579 1758 3793 1828 spiritu,

2207 1861 2313 1909 etc.
2363 1850 2502 1919 Quid
2557 1852 2840 1920 est,quo;l
2888 1851 3071 1904 turbat
3119 1850 3470 1919 semetipsum
3517 1848 3805 1907 Christus?

2205 1943 2310 1998 nisi
2359 1952 2416 1998 ut
2464 1943 2732 2011 signiﬁcet
2776 1942 2898 2007 tibi,
2927 1944 3200 2011 quomodo
3228 1942 3436 1997 turbari
3487 1952 3544 1999 tu
3595 1945 3797 2000 debeas

2206 2050 2329 2090 cum
2353 2043 2499 2089 tanta
2526 2035 2666 2089 mole
2693 2034 2900 2105 peccati
2930 2032 3174 2105 gravaris
3205 2041 3260 2088 et
3283 2033 3572 2104 premeris.
3607 2033 3799 2090 Atten-

2207 2127 2332 2183 disti
2368 2128 2512 2182 enim
2554 2135 2626 2190 te,
2655 2127 2835 2181 vidisti
2889 2133 2940 2181 te
2986 2141 3157 2189 reum,
3181 2134 3464 2196 computas
3514 2125 3799 2181 tibizillud

2207 2217 2330 2283 feci,
2357 2228 2410 2275 et
2441 2217 2679 2289 pepercit
2703 2215 2865 2279 Deus,
2896 2215 3023 2271 illud
3061 2216 3332 2280 commisi,
3360 2223 3415 2271 et
3440 2214 3654 2270 distulit
3688 2231 3797 2282 me,

2203 2308 2555 2380 Evangelium
2578 2307 2779 2372 audivi,
2808 2315 2863 2362 et
2888 2306 3208 2379 contempsi,
3228 2303 3537 2376 baptizatus
3568 2318 3716 2373 sum,
3741 2311 3797 2362 e’t

2204 2400 2401 2457 iterum
2436 2398 2503 2454 ad
2538 2401 2729 2454 eadem
2766 2399 3043 2453 revolutus
3083 2413 3223 2453 sum.
3258 2396 3398 2466 Quid
3425 2397 3606 2453 facio?
3650 2399 3801 2452 unde

2204 2491 2410 2547 evado?
2445 2492 2659 2563 quando
2707 2490 2807 2545 ista
2855 2491 3021 2556 dicis,
3057 2491 3170 2562 jam
3213 2489 3407 2546 fremet
3441 2489 3697 2546 Christus
3742 2494 3796 2546 in

2205 2582 2369 2639 corde
2401 2589 2514 2646 tuo,
2539 2579 2665 2651 quia
2695 2581 2827 2636 ﬁdes
2855 2579 3055 2637 fremit.
3084 2581 3142 2637 Si
3175 2582 3311 2637 ﬁdes
3342 2583 3396 2637 in
3424 2583 3603 2648 nobis,
3634 2583 3800 2640 Chri-

2206 2681 2321 2729 stus
2348 2674 2400 2729 in
2421 2673 2595 2737 nobis,
2622 2686 2756 2744 ergo
2784 2672 2917 2727 ﬁdes
2946 2683 3036 2727 tua
3074 2671 3140 2730 de
3167 2670 3386 2729 Christo
3426 2672 3679 2732 Christus
3710 2680 3798 2732 est

2204 2761 2259 2818 in
2286 2763 2450 2819 corde
2479 2769 2593 2828 tuo,
2623 2763 2679 2818 in
2706 2777 2837 2818 voce
2866 2761 3144 2818 frementis
3185 2773 3408 2834 apparet
3444 2780 3567 2836 spes
3608 2782 3799 2823 resur-

2204 2857 2399 2928 gentis.
2432 2854 2653 2912 Fremat
2694 2853 2966 2922 Christus,
2995 2856 3237 2927 increpet
3280 2872 3339 2913 se
3386 2858 3569 2915 homo.
3619 2858 3795 2915 Flevit

2203 2948 2470 3015 Christus,
2499 2948 2624 3005 lleat
2653 2948 2835 3005 homo.
2890 2945 3071 3017 Quare
3120 2949 3261 3004 enim
3313 2948 3460 3007 ﬂevit
3504 2951 3796 3009 Christus?

2201 3039 2307 3095 nisi
2334 3041 2459 3111 quia
2485 3040 2614 3096 ﬁere
2640 3040 2915 3096 hominem
2963 3040 3167 3098 docuit.
3215 3041 3472 3099 Fremcrc
3522 3048 3793 3116 quodam-

2086 3130 2099 3208 ξ
2129 3130 2173 3193 C
2205 3132 2366 3189 modo
2404 3134 2563 3189 debet
2586 3134 2749 3189 homo
2775 3135 2830 3188 in
2857 3134 3205 3190 accusatione
3232 3135 3497 3191 malorum
3529 3152 3791 3208 operum,

2206 3233 2265 3280 ut
2289 3225 2560 3282 violentizn
2585 3226 2882 3296 pmnitendi
2921 3227 3078 3283 cedat
3124 3226 3460 3284 consuetudo
3498 3232 3788 3301 peccandi.

2201 3314 2350 3371 Dixit
2380 3331 2396 3371 :
2437 3313 2539 3371 Ubi
2569 3318 2817 3389 posuistis
2840 3319 2997 3373 eum?
3024 3317 3148 3375 Seis
3176 3320 3302 3390 quia
3337 3329 3585 3378 mortuus
3616 3323 3713 3388 sit,
3738 3333 3791 3380 et

2201 3407 2381 3462 nescis
2401 3407 2491 3462 ubi
2521 3408 2591 3463 sit
2609 3408 2884 3479 sepultus?
2940 3408 3011 3464 Et
3038 3411 3143 3465 ista
3173 3411 3501 3482 signiﬁcatio
3527 3423 3634 3480 est,
3658 3417 3789 3487 quia

2200 3498 2279 3553 sic
2309 3498 2579 3567 perditum
2603 3496 2899 3566 hominem,
2926 3500 3080 3571 quasi
3116 3502 3293 3558 nescit
3315 3501 3478 3560 Deus.
3514 3502 3661 3563 Talis
3704 3518 3790 3565 est

2198 3600 2302 3642 vox
2338 3588 2433 3642 Dei
2473 3587 2526 3642 in
2561 3588 2819 3645 Paradiso
2840 3633 2854 3657 ,
2880 3598 3237 3662 posteaquam
3287 3591 3452 3650 homo
3496 3600 3788 3667 peccavit:

2199 3676 2389 3743 Adam,
2416 3678 2506 3733 ubi
2530 3681 2627 3735 es?
2652 3680 2848 3737 Dicunt
2876 3683 2924 3738 ei
2943 3696 2963 3735 :
2992 3681 3233 3751 Domine,
3259 3685 3374 3740 veni
3402 3697 3452 3741 et
3476 3688 3615 3744 vide.
3641 3689 3790 3758 Quid

2197 3780 2314 3836 est,
2362 3771 2522 3827 vide?
2548 3771 2829 3842 miserere,
2860 3776 3008 3831 videt
3046 3775 3192 3832 enim
3246 3777 3512 3836 Dominus
3564 3783 3789 3852 quando

2198 3863 2503 3918 miseretur.

2264 3976 2522 4031 Dixerunt
2540 3995 2661 4049 ergo
2678 3978 2860 4034 Iuda’i
2882 3997 2900 4035 :
2926 3979 3063 4036 Ecce
3083 3984 3343 4053 quomodo
3370 3986 3584 4042 amabat
3638 4005 3785 4057 eum,

2194 4075 2249 4123 et
2271 4067 2367 4123 rel.
2386 4067 2525 4136 Quid
2547 4078 2649 4135 est,
2667 4070 2886 4126 amabat
2904 4072 3062 4127 eum?
3089 4072 3205 4128 Non
3227 4075 3350 4131 veni
3371 4091 3565 4133 vocare
3578 4077 3787 4151 justus,

2193 4158 2287 4213 sed
2314 4168 2651 4229 peceatores.
2683 4161 2925 4217 Mortuus
2958 4164 3059 4219 sub
3089 4164 3298 4235 lapide,
3336 4182 3462 4224 reus
3499 4171 3602 4226 sub
3638 4172 3785 4245 lege.

2194 4251 2305 4305 Lex
2355 4267 2477 4321 qua:
2509 4254 2635 4308 data
2659 4264 2744 4309 est
2765 4253 2986 4321 Iudaeis,
3016 4255 3071 4311 in
3090 4255 3270 4327 lapide
3294 4260 3501 4331 scripta
3525 4272 3633 4318 est.
3657 4264 3791 4321 0m-

2193 4356 2292 4397 nes
2319 4352 2499 4399 autem
2521 4344 2599 4399 rei
2631 4345 2731 4399 sub
2760 4344 2875 4416 lege.
2900 4355 3045 4413 sunt,
3070 4348 3208 4404 bene
3228 4350 3473 4409 viventes
3500 4370 3623 4409 eum
3642 4356 3784 4429 lege.

2194 4432 2334 4500 Quid
2355 4442 2439 4488 est
2460 4449 2589 4505 ergo
2606 4434 2835 4505 lapidem
2864 4440 3178 4495 removere?
3196 4438 3436 4497 Gratiam
3456 4446 3782 4514 praedicare.

2196 4523 2335 4590 Quid
2353 4523 2499 4593 quod
2511 4540 2642 4579 voce
2666 4541 2856 4596 magna
2882 4527 3136 4583 clamavit
3161 4548 3174 4583 :
3200 4526 3419 4596 Lazare,
3448 4535 3565 4588 ueni
3593 4535 3788 4605 foras?

2195 4615 2369 4683 Quam
2395 4615 2605 4672 dillieile
2626 4618 2817 4689 surgit,
2836 4636 2995 4690 quem
3013 4621 3177 4677 moles
3195 4623 3350 4679 make
3369 4630 3785 4687 consuetudinis

2193 4706 2412 4776 premitl
2442 4706 2550 4764 Sed
2582 4717 2759 4764 tamen
2788 4712 2980 4783 surgit,
3005 4714 3215 4769 occulta
3241 4719 3414 4787 gratia
3454 4719 3604 4778 intus
3644 4726 3781 4782 vivi-

2194 4799 2386 4856 ﬁcatur
2415 4820 2427 4855 :
2461 4802 2635 4872 surgit
2661 4812 2783 4872 post
2811 4819 2997 4859 vocem
3037 4813 3410 4877 magnam,sed
3426 4812 3604 4870 adhuc
3648 4815 3781 4888 liga—

2192 4892 2261 4947 tis
2287 4892 2537 4946 manibus
2564 4900 2615 4945 et
2647 4894 2870 4962 pedibus
2903 4911 2917 4948 :
2950 4896 3017 4950 Et
3048 4897 3209 4963 facies
3250 4899 3394 4955 illius
3419 4905 3644 4961 sudario
3664 4921 3779 4964 erat

2189 4981 2376 5054 ligata,
2404 4993 2581 5037 tamen
2617 4983 2760 5039 foras
2792 4984 2906 5055 jam
2959 4991 3244 5057 processit,
3290 4993 3420 5062 quid
3468 4995 3779 5068 signiﬁcat?

2190 5073 2405 5143 quando
2427 5075 2994 5142 contemnis,mortuus
3011 5077 3184 5146 jaces,
3208 5084 3326 5139 etsi
3359 5092 3504 5141 tanta
3532 5099 3779 5146 contem-

2191 5179 2309 5229 nas,
2338 5173 2539 5236 quanta
2567 5166 2707 5230 dixi,
2754 5170 2995 5238 sepultus
3032 5170 3206 5242 jaees;
3230 5177 3446 5244 quando
3494 5179 3777 5237 conﬁteris

2188 5254 2459 5322 procedis,
2487 5256 2580 5309 sed
2611 5259 2996 5315 ntconﬁtcaris
3025 5261 3167 5317 Deus
3192 5263 3339 5327 facit,
3365 5266 3600 5326 humana
3644 5287 3776 5328 voce

2188 5346 2490 5413 clamando,
2517 5348 2570 5403 id
2595 5358 2699 5411 est,
2735 5366 2927 5422 magna
2955 5356 3127 5423 gratia
3156 5359 3423 5424 vocando;
3446 5364 3541 5418 sed
3573 5373 3634 5419 ut
3663 5366 3774 5421 sol-

2187 5446 2441 5495 verentur
2461 5451 2680 5511 peccata
2710 5443 2846 5513 ejus,
2873 5447 3134 5503 ministris
3164 5451 3267 5505 hoc
3296 5454 3432 5508 dixit
3462 5454 3729 5516 Dominus
3757 5476 3772 5516 :

2190 5527 2386 5584 Solvite
2413 5529 2560 5584 illum
2584 5542 2631 5584 et
2655 5533 2809 5588 sinite
2832 5536 2996 5603 abire,
3026 5537 3128 5594 hoc
3148 5549 3230 5594 est
3253 5583 3265 5607 ,
3295 5559 3634 5620 quaecunque
3659 5551 3770 5610 sol-

498 5634 727 5690 quartus
774 5628 887 5684 dies
915 5633 1135 5699 mortis,
1164 5636 1359 5690 merito
1380 5636 1490 5703 jam
1527 5638 1696 5693 instet.
1729 5638 1997 5711 Numquid
2026 5652 2082 5697 et
2184 5621 2372 5678 Verius
2401 5621 2455 5676 in
2487 5631 2652 5691 “ma:
2676 5626 2847 5681 εοῖυίθ
2888 5640 3046 5685 enim
3076 5641 3130 5688 οι
3163 5633 3213 5687 in
3246 5636 3403 5693 εαξῖοο

495 5717 698 5774 ιλιέἱὺυε
755 5724 993 5795 neganda
1034 5734 1115 5779 est
1155 5726 1563 5783 misericordia?
1603 5729 1765 5796 absit,
1790 5730 1973 5803 etiam
2004 5735 2073 5788 ad
