3946 6420
181 338 284 396 {65

326 446 658 509 DOMINICA
682 443 940 515 QUlNTA
965 442 1036 499 IN
1063 442 1627 511 QUADRAGESIMA.

182 560 443 605 EPIG’I’OLA
479 558 641 601 ΒΕΑΤΙ
677 556 830 598 PAULI
869 554 1127 596 APOSTOLI
1154 555 1222 594 AD
1251 552 1525 604 HEBREOS,
1551 552 1771 601 οΑΡηικ.

264 658 286 695 ι
322 636 577 699 Christus
595 633 859 689 assistens
881 628 1132 687 Pontifex
1154 630 1461 687 futurorum
1485 630 1772 697 bonorum,

193 749 214 786 ι
258 743 357 801 per
397 726 635 797 amplius
667 732 725 781 et
755 721 1052 801 perfectius
1077 718 1489 777 tabernaculum
1517 732 1629 773 non
1655 730 1774 801 ma-

195 838 215 875 ι
260 793 563 883 nufactum,
593 815 649 871 id
667 793 775 881 est,
807 828 917 871 non
946 793 1107 882 hujus
1132 810 1447 875 ereationis,
1474 823 1651 879 neque
1674 799 1776 879 per

194 926 215 965 ι
251 907 576 981 sanguinem
608 904 886 962 hircorum
925 909 1021 957 aut
1044 900 1358 964 vitulorum,
1383 897 1479 954 sed
1514 911 1614 966 per
1645 909 1774 968 pro-

195 1012 216 1056 r
257 999 436 1070 prium
460 996 781 1068 sanguinem
812 991 1059 1048 introivit
1076 990 1245 1049 semel
1264 990 1320 1046 in
1336 996 1526 1045 sancta
1544 995 1771 1054 aeterna,

195 1108 215 1143 ς
258 1088 629 1159 redemptione
657 1086 896 1144 inventa.
928 1082 989 1141 Si
1021 1083 1170 1139 enim
1211 1080 1435 1152 sanguis
1471 1080 1768 1143 hircorum,

195 1199 215 1237 ι
258 1192 350 1239 aut
373 1187 679 1244 taurorum,
703 1185 760 1233 et
784 1174 923 1232 cinis
954 1174 1137 1231 vitula:
1170 1186 1430 1243 aspersus
1454 1170 1772 1241 inquinatos

195 1296 213 1331 ι
257 1272 564 1332 sanctiﬁcat
592 1269 660 1326 ad
688 1267 1125 1326 emundationem
1146 1265 1349 1330 carnis,
1365 1273 1568 1334 quanto
1597 1260 1773 1333 magis

197 1385 214 1419 ι
259 1365 482 1435 sanguis
510 1360 749 1425 Christi,
775 1359 870 1431 qui
897 1373 995 1429 per
1022 1356 1287 1427 Spiritum
1307 1360 1556 1410 sanctum
1579 1350 1774 1407 obtulit

200 1479 219 1511 ι
262 1458 620 1526 semetipsum
658 1451 1066 1509 immaculatum
1112 1451 1250 1515 Deo,
1288 1446 1602 1503 emundabit
1641 1459 1771 1500 con-

196 1568 214 1605 t
258 1549 545 1605 scientiam
575 1552 820 1600 nostram
855 1543 924 1598 ab
974 1539 1235 1612 operibus
1273 1537 1504 1594 mortuis
1546 1535 1618 1591 ad
1662 1550 1772 1590 ser-

196 1663 214 1698 ι
257 1642 510 1698 viendum
565 1640 676 1695 Deo
724 1634 952 1702 viventi,
997 1641 1055 1689 et
1101 1633 1223 1688 ideo
1268 1630 1403 1687 Novi
1434 1628 1769 1688 Testamenti

197 1754 215 1788 ι
260 1732 530 1791 mediator
557 1738 669 1795 est,
699 1736 763 1784 ut
800 1733 976 1782 morte
1018 1721 1414 1785 intercedente,
1446 1721 1502 1774 in
1548 1718 1767 1775 redem-

990 324 1509 388 COLLECTIONES
1545 327 1614 386 IN
1654 327 2035 388 EPISTULAS
2068 329 2158 385 ET
2197 318 2610 389 EVANGELIA.

3355 326 3456 396 i66

1798 443 1850 507 Α
1874 456 2117 507 aspersus
2136 441 2434 510 inquinatos
2468 444 2762 514 sanctiﬁcat
2789 445 2860 501 ad
2885 447 3313 504 emundatiouem
3341 466 3461 507 car-

1875 533 1979 596 uis,
2004 540 2201 601 quanto
2223 531 2391 602 magis
2412 535 2627 604 sanguis
2657 532 2874 589 Christi.
2906 535 3004 609 (Ex
3020 535 3195 611 Orig.)
3226 536 3286 594 Si
3313 540 3459 596 enim

1874 635 2119 687 carnem,
2143 621 2341 693 inquit,
2369 631 2547 693 potest
2575 625 2838 681 mundare
2880 628 3101 698 sanguis
3145 638 3421 686 taurorum
3446 672 3461 698 ,

1873 710 2045 768 multo
2064 709 2294 782 amplius
2316 712 2510 768 animae
2531 714 2744 769 sordem
2777 713 2977 771 delevit
2997 718 3215 789 sanguis
3234 718 3460 787 Christi,

1870 809 1928 859 et
1947 802 2001 857 in
2031 802 2135 858 hac
2154 802 2269 874 ipsa
2296 804 2596 859 hostiarum
2625 805 2964 874 diversitate,
2987 808 3093 865 illis
3122 810 3312 871 umbra
3336 812 3459 867 data

1873 900 1978 949 est.
2003 892 2171 950 Nobis
2195 909 2328 950 vero
2366 911 2465 968 per
2488 894 2673 952 Jesum
2716 897 2997 955 Christum
3038 901 3242 958 veritas
3281 906 3460 959 reser-

1870 991 1996 1038 vata
2024 991 2128 1050 est,
2154 1000 2257 1056 pro
2283 985 2391 1041 illis
2417 994 2598 1043 autem
2625 988 2795 1047 boves
2820 999 2875 1044 et
2894 990 3032 1047 hirci
3053 992 3471 1065 jugulahantnr,

1870 1080 1926 1129 et
1947 1081 2168 1141 aves,et
2194 1074 2372 1135 simila
2415 1079 2907 1149 conspergebatur,
2937 1096 3036 1153 pro
3078 1082 3234 1141 nobis
3279 1092 3462 1140 autem

1872 1166 1969 1222 Dei
1992 1167 2156 1223 Filius
2182 1176 2266 1225 est
2295 1169 2627 1226 immolatus.
2656 1170 2792 1229 Nam
2830 1180 2886 1228 et
2906 1174 3205 1231 hostiarum
3234 1176 3462 1233 diversi-

1871 1267 2046 1315 tatum
2071 1269 2228 1333 typus
2254 1260 2545 1335 imaginem
2572 1264 2841 1336 passionis
2866 1265 3070 1322 Christi
3109 1268 3457 1339 praeferebat.

1870 1349 2006 1404 Nam
2044 1360 2333 1421 postquam
2370 1351 2486 1423 ipse
2520 1352 2735 1408 oblatus
2778 1362 2883 1420 est,
2910 1370 3102 1412 omnes
3128 1356 3231 1412 illa:
3269 1358 3461 1415 hostire

1869 1450 2237 1508 cessaverunt,
2251 1459 2371 1514 quae
2395 1444 2451 1499 in
2482 1452 2608 1515 typo
2635 1444 2718 1499 vel
2741 1446 2933 1502 umbra
2959 1445 3201 1515 ejusdem
3226 1464 3460 1519 praeces-

1869 1540 2067 1597 serant,
2091 1532 2506 1605 prmﬁgurantes
2536 1534 2668 1590 illud
2692 1535 3043 1605 sacriﬁcium,
3071 1538 3213 1609 quod
3243 1556 3384 1595 unus
3409 1549 3469 1595 et

1869 1638 2031 1678 verus
2058 1624 2316 1680 sacerdos
2361 1626 2577 1691 obtulit,
2618 1627 2884 1683 mediator
2919 1627 3017 1683 Dei
3058 1637 3114 1686 et
3155 1630 3459 1697 hominum,

1869 1712 2024 1784 cujus
2051 1715 2304 1771 sacriﬁcii
2331 1716 2685 1787 promissivas
2714 1716 2916 1789 ﬁguras
2956 1718 3011 1772 in
3062 1719 3302 1775 victimis
3343 1721 3465 1775 ani-

196 1845 215 1878 s
258 1825 497 1896 ptionem
533 1834 719 1877 earum
748 1816 1262 1888 praevaricationum
1283 1852 1299 1879 ,
1329 1822 1450 1882 quae
1480 1817 1643 1867 erant
1668 1809 1770 1865 sub
1797 1795 1847 1855 Β
1874 1807 2100 1862 malium
2146 1806 2426 1862 celebrare
2465 1816 2593 1866 ante
2620 1810 2940 1881 oportebat,
2980 1820 3204 1883 prepter
3238 1813 3467 1869 munda-

196 1934 215 1971 ο
261 1915 427 1986 priori
458 1914 807 1967 Testamento
834 1904 1323 1977 repromissionem‘
1353 1900 1646 1972 accipi-ant,
1676 1899 1771 1969 qui

196 2026 215 2060 σ
258 2005 433 2063 vocati
462 2011 588 2060 sunt
631 2010 847 2057 aeterna:
881 1995 1217 2054 haereditatis
1266 1993 1321 2050 in
1369 1991 1592 2050 Christo
1640 1988 1769 2047 Jesu

195 2119 215 2150 ο
260 2095 487 2152 Domino
511 2099 722 2151 nostro.
755 2110 775 2144 ι

256 2185 498 2242 Christus
524 2182 774 2239 assistens
802 2175 1191 2249 Pontifez.(Ex
1219 2171 1394 2245 Orig.)
1429 2170 1526 2227 Est
1554 2168 1774 2241 quidem

186 2293 324 2334 unus
343 2273 588 2349 pontifex
611 2286 837 2343 magnus
853 2267 1116 2325 Dominus
1128 2272 1313 2321 noster
1323 2260 1481 2318 Jesus
1501 2257 1771 2326 Christus,

188 2370 279 2441 qui
307 2384 415 2425 non
448 2366 625 2422 solum
648 2360 990 2420 sacerdotum
1014 2365 1097 2414 est
1114 2353 1360 2426 pontifex
1378 2392 1393 2416 ,
1420 2349 1513 2412 Sed
1545 2357 1600 2409 et
1631 2365 1773 2420 pon-

190 2461 393 2517 tiﬁcum
412 2455 689 2532 pontifex,
717 2467 819 2510 nec
859 2448 1204 2507 sacerdotum
1243 2444 1499 2519 princeps
1540 2447 1776 2497 tantum-

187 2553 370 2618 modo,
400 2550 498 2607 sed
525 2557 581 2605 et
606 2548 858 2621 princeps
883 2543 1188 2616 principum
1234 2537 1577 2597 sacerdotum
1632 2533 1777 2591 sicut

185 2654 241 2698 et
272 2642 389 2697 ilex
428 2644 708 2711 regum,et
748 2634 999 2692 dominus
1023 2627 1506 2702 Dominorum,qui
1530 2625 1775 2681 velamen

189 2732 356 2805 (quod
377 2729 668 2803 Apostolus
686 2727 1077 2797 interpretatus
1098 2730 1183 2777 est
1203 2717 1416 2777 ctelum‘
1456 2725 1775 2789 penetrans,

189 2822 397 2880 assistit
419 2836 565 2877 nunc
591 2818 761 2874 vultui
789 2816 884 2873 Dei
924 2829 1026 2884 pro
1050 2813 1231 2880 nobis,
1255 2825 1473 2879 semper
1492 2810 1683 2866 vivens
1707 2808 1777 2865 ad

189 2915 663 2987 interpellandum.

260 3005 593 3061 Futurorum
615 3004 891 3060 bonorum.
914 3000 1043 3058 Sive
1066 3012 1258 3055 eorum
1284 2996 1627 3053 diversorum
1645 2994 1777 3053 cha-

190 3078 495 3164 rismatum,
524 3096 619 3169 qui
663 3095 721 3151 in
759 3094 934 3165 primo
990 3091 1227 3147 adventu
1272 3086 1644 3151 credentibus,
1672 3099 1774 3147 per

1875 1896 2079 1979 tionem
2112 1895 2350 1951 futuram
2396 1899 2577 1954 carnis
2589 1906 2645 1954 et
2661 1900 2964 1970 sanguinis,
2985 1916 3082 1972 per
3102 1918 3265 1972 quam
3293 1918 3456 1958 unam

1872 1987 2147 2044 victimam
2194 1988 2351 2043 ﬁeret
2376 1989 2626 2045 remissio
2666 1999 3037 2062 peccatorum,
3080 1991 3148 2047 de
3192 2007 3361 2048 carne
3403 2000 3462 2048 et

1873 2077 2136 2148 sanguine
2154 2085 2585 2144 contractorum,
2615 2095 2736 2150 qua:
2756 2096 2979 2153 regnum
3000 2081 3096 2136 Dei
3133 2098 3241 2138 non
3283 2084 3461 2154 possi-

1872 2168 2099 2238 debunt,
2125 2185 2247 2242 quae
2289 2173 2482 2229 eadem
2517 2172 2822 2229 substantia
2863 2174 3162 2245 corporalis
3209 2174 3265 2229 in
3304 2174 3454 2230 caele

1874 2271 2010 2319 stem
2039 2262 2463 2319 commutabitur
2489 2262 2824 2335 qualitatem.
2851 2264 2973 2336 ipse
3009 2265 3155 2325 enim
3185 2266 3242 2320 in
3271 2265 3463 2330 vitulo,

1872 2362 2099 2427 propter
2132 2355 2388 2411 virtutem
2443 2355 2625 2413 crucis
2674 2355 3027 2412 offerebatur.
3064 2357 3184 2428 Ipse
3222 2358 3277 2413 in
3327 2373 3479 2429 agno-

1872 2453 2095 2517 propter
2122 2446 2509 2504 innocentiam.
2534 2446 2595 2502 1n
2615 2447 2810 2516 ariete,
2839 2456 3062 2519 propter
3079 2448 3464 2520 principatum,

1874 2537 1931 2593 in
1952 2537 2107 2593 hirco
2129 2548 2351 2612 propter
2377 2537 2786 2595 similitudinem
2824 2540 3010 2596 carnis
3038 2541 3267 2613 peccati,
3301 2550 3361 2596 ut
3395 2542 3463 2597 de

1873 2635 2099 2699 peccato
2123 2629 2409 2684 damnaret
2436 2639 2746 2700 peccatum.
2770 2630 2827 2689 in
2855 2638 3067 2689 turture
3091 2640 3147 2688 et
3187 2632 3461 2698 columba,

1874 2729 2096 2793 propter
2126 2722 2295 2778 Deum
2336 2730 2392 2777 et
2432 2723 2730 2790 hominem,
2772 2725 2898 2795 quia
2951 2724 3218 2782 mediator
3263 2725 3362 2781 Dei
3410 2735 3467 2781 et

1874 2811 2150 2877 hominis,
2206 2812 2263 2866 in
2310 2811 2540 2867 duarum
2597 2814 3025 2870 substantiarum
3078 2816 3462 2887 conjunctione

1873 2902 2281 2961 ostendebatur.
2327 2905 2498 2961 Porro
2554 2905 2612 2960 in
2657 2906 2980 2978 similaginis
3033 2910 3423 2979 conspersione
3449 2951 3463 2974 ,

1874 2994 2210 3052 credentium
2246 3010 2347 3067 per
2392 3012 2590 3066 aquam
2637 2997 2982 3066 baptismatis
3038 2997 3323 3053 collectam
3369 2998 3470 3054 Ec-

1874 3085 2252 3157 clesiam,qum
2279 3101 2477 3157 corpus
2496 3085 2696 3142 Christi
2723 3087 3005 3158 perspicue
3034 3087 3477 3144 demonstrabat..

192 3190 457 3263 Spiritum
478 3197 727 3246 sanctum
745 3187 870 3245 data
891 3192 1019 3241 sunt
1038 3180 1368 3245 hominibus,
1393 3179 1510 3234 sive
1528 3176 1772 3233 omnium
1797 3155 1843 3219 δ
1874 3176 1984 3233 Nos
2004 3155 2187 3238 autem
2216 3155 2497 3232 moraliter
2530 3155 2738 3233 munus,
2759 3155 2869 3230 Deo
2892 3176 3119 3231 vitulum
3158 3175 3467 3241 offerimus,

190 3283 495 3340 futurorum
537 3281 825 3345 bonorum,
845 3278 919 3334 de
954 3275 1154 3347 quibus
1178 3271 1466 3333 Psalmista
1492 3267 1772 3325 conﬁdens

191 3374 369 3430 aiebat
394 3391 408 3428 :
446 3370 616 3429 Credo
643 3370 813 3425 uidere
834 3367 971 3423 bona
993 3364 1213 3421 Domini
1232 3363 1290 3417 in
1309 3370 1455 3417 terra
1488 3359 1771 3415 viventium

190 3465 363 3536 (Psal.
397 3480 525 3521 xxvi
550 3464 589 3536 ).

260 3555 370 3611 Per
394 3554 622 3626 amplius
645 3563 692 3609 et
717 3552 1000 3625 perfectius
1023 3546 1441 3607 tabernaculum.
1470 3545 1574 3618 (Ex
1608 3542 1769 3603 Joan.

189 3646 408 3719 Chrys.)
438 3645 537 3701 llic
564 3659 782 3701 carnem
805 3629 1007 3699 Christi
1031 3639 1267 3712 appellat
1283 3636 1574 3716 Apostolus
1595 3635 1772 3692 taber—

190 3740 464 3799 naculum.
490 3735 920 3795 Tabernaculum
953 3733 1100 3790 enim
1128 3745 1258 3787 caro
1283 3728 1482 3785 dicitur
1532 3724 1775 3792 Christi,

191 3839 398 3894 habens
424 3836 477 3891 in
499 3848 560 3892 se
588 3832 948 3895 divinitatem,
971 3829 1026 3886 in
1054 3827 1146 3883 illo
1169 3822 1433 3890 enim,ait
1457 3820 1771 3893 Apostolus,

191 3930 400 3986 habitat
425 3927 604 3984 omnis
630 3922 909 3997 plenitudo
945 3919 1246 3978 divinitatis
1285 3914 1662 3987 corporaliter.
1706 3912 1776 3967 Et

191 4024 328 4079 bene
355 4021 593 4093 amplius
604 4028 662 4076 et
685 4016 985 4090 perfectius
1002 4010 1408 4070 tabernaculum
1429 4006 1631 4065 Christi
1651 4021 1780 4060 ear-

190 4134 315 4174 nem
345 4116 498 4180 dixit,
526 4114 791 4184 siquidem
826 4117 885 4167 et
919 4110 1062 4165 Deus
1082 4106 1332 4165 verbum.
1353 4110 1410 4159 et
1427 4106 1624 4158 cuncta
1650 4094 1776 4169 Spi-

191 4211 330 4264 ritus
358 4207 605 4279 operatio
628 4204 839 4260 habitat
865 4201 923 4257 in
956 4216 1043 4256 eo.

263 4297 390 4355 Non
414 4314 576 4352 manu
604 4295 823 4367 factum.
846 4291 963 4349 Hoc
986 4297 1090 4356 est,
1120 4302 1229 4344 non
1249 4283 1395 4341 virili
1416 4282 1623 4339 semine
1642 4295 1775 4336 eon-

189 4400 429 4456 cretum,
449 4389 547 4447 sed
576 4388 641 4445 de
671 4386 881 4457 Spiritu
906 4390 1095 4440 saneto
1120 4396 1189 4437 ex
1231 4376 1402 4434 Maria
1444 4374 1657 4446 virgine
1683 4388 1777 4428 na-

191 4491 326 4538 tum.
369 4481 553 4551 ipsum,
594 4477 738 4534 enim
759 4476 1013 4546 lapidem,
1042 4473 1097 4527 id
1117 4478 1222 4535 est,
1247 4468 1546 4529 Christum,
1576 4461 1773 4518 Daniel

189 4574 257 4630 de
278 4580 482 4637 monte,
510 4570 565 4626 id
602 4576 718 4633 est,
746 4568 816 4624 de
843 4579 1009 4636 regno
1035 4562 1345 4619 Iudaeorum
1377 4558 1496 4614 sine
1520 4555 1775 4612 manibus

188 4667 324 4721 vidit
350 4664 636 4735 praecisum
667 4660 831 4735 (Dan.
859 4658 944 4729 ιι),
980 4656 1105 4727 quia
1153 4654 1274 4710 sine
1320 4663 1485 4721 opere
1527 4646 1776 4718 nuptiali,

188 4757 286 4829 qui
311 4756 486 4827 gratia
510 4768 609 4810 sua
640 4751 955 4807 universum
988 4745 1247 4802 mundum
1273 4740 1535 4812 implevit.

261 4848 388 4904 Non
415 4847 576 4917 huius
610 4842 913 4900 creationis.
959 4840 1075 4897 lloc
1120 4844 1226 4901 est,
1250 4848 1361 4889 non
1408 4833 1527 4891 sine
1572 4828 1780 4899 Spiritu

190 4956 309 4997 eam
333 4936 663 5000 construxit,
689 4947 865 5003 neque
894 4946 964 4986 ex
1001 4930 1104 4984 hac
1129 4934 1383 4982 creatura
1414 4932 1519 4985 est,
1541 4922 1645 4975 hoc
1675 4926 1777 4980 est,

192 5047 304 5089 non
344 5037 431 5086 est
465 5042 534 5084 ex
570 5026 657 5083 his
698 5020 990 5085 creaturis,
1020 5018 1117 5075 sed
1163 5012 1429 5086 spiritalis
1475 5026 1541 5065 ex
1574 5008 1787 5078 Spiritu

193 5130 404 5181 sancto.

266 5211 453 5284 Neque
477 5225 571 5281 per
604 5221 915 5277 sanguinem
951 5203 1220 5258 hircorum
1244 5209 1336 5252 aut
1364 5193 1780 5258 mtulorum,sea

190 5305 405 5381 proprio
425 5303 683 5374 sanguine
705 5297 937 5355 introivit
963 5293 1122 5352 semel
1140 5294 1199 5347 in
1218 5300 1404 5346 sancta
1425 5297 1648 5353 (eterna,
1672 5292 1781 5341 etc.

190 5378 387 5459 Omnia
441 5393 771 5468 permutavit
829 5390 1096 5453 Christus,
1146 5385 1240 5456 qui
1284 5398 1394 5439 non
1445 5380 1655 5445 alieno,
1686 5378 1782 5436 sed

192 5491 414 5565 proprio
439 5485 702 5559 sanguine
723 5481 891 5539 semel
917 5477 1163 5535 introivit
1202 5477 1257 5531 in
1301 5479 1488 5528 sancta
1508 5513 1522 5537 ,
1549 5471 1652 5527 hoc
1679 5477 1788 5537 cst,

192 5562 247 5639 in
274 5562 499 5646 omium,
530 5587 584 5635 et
604 5591 704 5648 per
727 5587 897 5630 unum
924 5574 1249 5644 ingressum,
1276 5574 1540 5623 aeternam
1566 5562 1782 5619 redem-

189 5675 438 5748 ptionem
462 5670 692 5729 invenit.
1028 5738 1031 5745 _

260 5760 326 5832 ἐἰ
336 5770 478 5831 enim
490 5764 706 5838 sanguis
718 5762 979 5817 hircorum
994 5767 1084 5813 aut
1110 5766 1383 5813 taurorum
1404 5763 1448 5809 et
1469 5751 1597 5808 emis
1613 5747 1789 5807 vitqu

1870 3278 1995 3320 cum
2019 3263 2201 3347 carnis
2224 3264 2533 3335 superbiam
2553 3263 2825 3319 vincimus
2858 3278 2872 3318 :
2913 3280 3112 3337 agnum
3155 3280 3279 3321 cum
3323 3265 3465 3322 irra-

1871 3355 2159 3412 tionabiles
2178 3362 2384 3421 motus,
2404 3362 2459 3410 et
2482 3354 2801 3425 insipientes
2827 3355 3188 3427 corrigimus:
3221 3357 3461 3423 hmdum,

1872 3449 2000 3505 dum
2037 3447 2319 3504 lasciviam
2343 3461 2665 3518 superamus
2697 3466 2711 3503 :
2745 3447 3077 3515 columbam,
3104 3447 3234 3504 dum
3263 3450 3469 3521 simpli-

1872 3541 2092 3597 citatem
2118 3538 2452 3612 proferimus
2474 3539 2676 3623 mentis
2707 3558 2721 3594 :
2771 3548 3037 3595 turturem
3058 3581 3073 3607 ,
3110 3539 3241 3595 dum
3287 3542 3471 3597 carnis

1872 3648 2159 3692 servamus
2179 3633 2488 3690 castitatem
2514 3651 2528 3686 :
2555 3646 2724 3703 panes
2752 3647 3002 3705 azymos,
3038 3631 3087 3688 si
3124 3632 3182 3688 in
3218 3632 3308 3687 via
3350 3633 3470 3689 sin-

1872 3725 2117 3783 ceritatis
2139 3733 2197 3780 et
2214 3724 2466 3781 veritatis
2493 3724 2855 3780 ambulemus.

1944 3842 2050 3909 Qui
2075 3858 2169 3914 per
2196 3840 2454 3913 Spiritum
2491 3847 2733 3895 sanctum
2777 3839 3114 3910 semetipsum
3155 3835 3342 3893 obtulit
3372 3838 3474 3893 im-

1872 3933 2194 3990 maculatum
2226 3932 2357 3988 Deo.‘
2392 3931 2507 3989 Hoc
2527 3940 2611 3988 est
2632 3972 2647 3998 ,
2672 3930 3001 3988 sacriﬁcium
3034 3930 3469 3987 immaculatum.

1872 4026 2005 4081 Erat
2034 4024 2294 4080 mundum
2318 4039 2349 4078 a
2369 4022 2749 4093 peceatis,hoc
2773 4021 2921 4077 enim
2945 4028 3050 4088 est,
3073 4034 3173 4092 per
3200 4018 3479 4091 Spiritum.

1873 4124 2123 4174 sanctum
2152 4132 2262 4172 non
2287 4130 2401 4187 per.
2425 4116 2628 4187 ignem,
2673 4129 2781 4169 non
2828 4128 2928 4185 per
2973 4113 3150 4169 aliena
3195 4111 3468 4183 quaedam.

1944 4227 2015 4283 Et
2064 4226 2334 4282 mandarit
2391 4225 2764 4280 conscientiam
2820 4232 3056 4279 nostram
3110 4225 3175 4277 ab
3229 4222 3481 4295 operibus

1872 4325 2113 4389 mortuis,
2138 4323 2208 4378 ad
2234 4319 2561 4377 serviendum
2606 4319 2715 4373 Deo
2755 4318 2962 4373 viventi.
3009 4316 3110 4373 llic
3133 4315 3477 4385 manifestat,

1872 4420 2002 4492 quia
2044 4434 2207 4490 opera
2254 4423 2467 4471 mortua
2518 4412 2822 4477 habentes,
2861 4410 2914 4467 id
2945 4419 3031 4467 est
3088 4422 3472 4482 peccata,non

1799 4501 2106 4584 Dpossunt
2128 4509 2334 4565 servire
2363 4521 2496 4562 vero
2524 4513 2581 4561 et
2624 4505 2748 4559 vivo
2795 4504 2926 4559 Deo.
2981 4501 3135 4559 Sicut
3182 4501 3329 4557 enim
3378 4501 3475 4571 qui

1879 4612 2155 4663 mortuum
2179 4598 2438 4672 tangebat
2464 4596 2833 4669 polluebatnr,
2857 4594 2935 4649 sic
2961 4601 3016 4649 et
3056 4592 3148 4663 qui
3186 4598 3471 4665 peccatum

1879 4704 2138 4765 operatur
2181 4693 2356 4760 magis
2394 4690 2673 4761 polluitur.
2707 4686 2975 4743 lilortuum
3018 4686 3219 4757 quippe
3247 4692 3473 4755 tangere

1881 4796 1987 4853 est,
2025 4803 2080 4841 ιη
2124 4783 2367 4857 peccatis
2411 4789 2686 4838 mortuum
2728 4778 3038 4850 quempiam
3068 4776 3151 4833 vel
3190 4775 3343 4848 sequi
3389 4775 3473 4831 vel

1883 4880 2107 4936 imitari.

1955 4995 2025 5051 Et
2056 4994 2173 5049 ideo
2200 4992 2341 5047 Novi
2364 4988 2684 5046 Testamenti
2719 4987 2980 5042 mediator
3006 4994 3103 5050 est,
3122 4993 3178 5038 ut
3205 4991 3371 5038 morte
3399 4986 3475 5035 in-

1885 5098 2277 5152 terceaente,m
2324 5081 2676 5153 redemptione
2724 5094 2907 5135 earum
2955 5075 3473 5149 praevaricationum,

1882 5194 1999 5251 qua:
2022 5185 2169 5232 erant
2188 5174 2282 5228 sub
2299 5171 2472 5238 priore
2489 5169 2839 5233 Testamento,
2864 5164 3313 5236 repromissionem
3337 5162 3478 5217 acci-

1886 5266 2153 5343 piant,qui
2181 5265 2349 5320 vocati
2377 5271 2746 5323 sunt,(ctcrnar
2770 5258 3115 5315 Itwrcditatis.
3148 5256 3250 5311 llic
3278 5254 3478 5309 media-

1889 5370 1976 5419 tor
2003 5359 2145 5414 ﬁlius
2174 5356 2351 5411 factus
2393 5354 2673 5414 cstPatris
2701 5360 2754 5406 et
2793 5359 2982 5405 noster
3012 5368 3025 5404 :
3069 5362 3347 5404 sermones
3376 5345 3477 5397 de-

1888 5455 2030 5521 tulit,
2052 5460 2106 5507 ct
2128 5449 2308 5506 attulit
2331 5446 2487 5502 nobis
2513 5462 2541 5499 a
2558 5445 2717 5500 Patre
2736 5457 2829 5512 per
2847 5448 3244 5500 transvectores
3274 5452 3288 5490 :
3328 5450 3481 5490 mor-

1889 5557 2013 5604 tuus
2043 5552 2126 5599 est
2151 5556 2250 5612 pro
2282 5538 2459 5601 nobis,
2492 5541 2548 5590 et
2590 5532 2717 5588 fecit
2755 5547 2855 5587 nos
2910 5532 3101 5601 dignos
3144 5525 3482 5587 testamenti,

1889 5644 1994 5698 hoc
2021 5636 2181 5695 modo
2211 5632 2424 5688 ﬁramm
2452 5625 2653 5683 factum
2680 5631 2763 5681 est
2791 5627 3190 5679 lcstanwntum.
