3978 6432
507 352 607 407 167

808 478 1142 527 εΥΑΝϐΕιΙυΙ
1178 479 1413 530 IOANNIS,
1452 478 1622 519 CAPUT
1663 477 1781 517 VIII.

570 572 608 635 ἰ
645 582 868 637 Dicebat
911 578 1069 634 Iesus
1115 577 1290 631 turbis
1324 575 1631 631 Iudaeorum
1668 583 1723 629 et
1750 573 2087 645 principibus

509 693 531 725 σ
576 673 917 729 sacerdotum
945 688 959 725 :
986 670 1118 737 Quis
1142 685 1207 724 ex
1231 669 1383 724 vobis
1402 679 1594 741 arguet
1620 685 1706 725 me
1737 669 1803 725 de
1829 667 2086 739 peccato?

509 782 527 815 ι
573 762 630 820 Si
686 764 971 819 veritatem
1021 763 1164 827 dico,
1193 777 1363 831 quare
1397 777 1492 817 vos
1519 777 1627 817 non
1656 761 1879 817 creditis
1918 759 2086 815 mihi?

509 873 527 903 α
572 851 674 921 Qui
701 863 783 910 est
802 839 869 908 ex
892 850 1023 918 Deo,
1048 853 1212 907 verba
1234 852 1329 906 Dei
1353 852 1524 917 audit,
1542 859 1826 922 propterea
1855 866 1953 905 vos
1976 866 2083 904 non

507 962 526 993 ι
572 943 792 1005 auditis,
821 942 949 1011 quia
978 957 1046 995 ex
1067 942 1178 995 Deo
1210 956 1316 996 non
1338 940 1491 996 estis.
1519 938 1933 1011 Responderunt
1956 954 2084 1009 ergo

506 1050 525 1082 ‹
571 1030 739 1086 Iudaei
768 1038 823 1085 et
870 1030 1123 1085 dixerunt
1148 1026 1200 1083 ei
1232 1047 1245 1082 :
1279 1025 1636 1088 Nonne.bene
1675 1028 1904 1082 dicimus
1952 1043 2079 1092 nos,

506 1140 525 1172 ‹
571 1120 699 1191 quia
723 1119 1103 1174 Samaritanus
1125 1134 1185 1173 es
1209 1126 1287 1184 tu,
1314 1125 1370 1173 et
1398 1117 1723 1172 daemonium
1753 1115 1957 1172 habes?
1979 1117 2083 1170 Ile-

506 1231 526 1264 s
575 1211 791 1282 spondit
822 1210 978 1265 Iesus
1010 1223 1025 1262 :
1062 1208 1174 1279 Ego
1220 1206 1545 1263 dmmonium
1594 1223 1705 1261 non
1755 1207 1956 1270 habeo,
1988 1208 2083 1263 sed

505 1325 524 1357 ι
569 1304 868 1361 honoriﬁco
889 1311 1098 1373 patrem
1129 1310 1417 1369 meum,‘et
1456 1317 1555 1355 vos
1578 1301 1948 1356 inbonorastis
1972 1317 2078 1367 me,

504 1416 522 1449 ‹
568 1412 668 1467 ego
692 1404 869 1451 autem
893 1394 1121 1466 gloriam
1143 1409 1322 1449 meam
1353 1408 1458 1447 non
1489 1408 1693 1462 quaero,
1709 1400 1793 1447 est
1818 1393 1909 1463 qui
1936 1408 2084 1462 qua:—

505 1506 522 1537 ι
568 1494 654 1541 rat
675 1495 729 1540 et
750 1484 973 1557 judicct.
1013 1484 1181 1539 Amen
1218 1498 1376 1537 amen
1410 1484 1531 1538 dico
1557 1482 1731 1549 vobis,
1756 1485 1803 1539 si
1826 1483 1947 1553 quis
1973 1500 2084 1539 ser-

503 1596 522 1628 ‹
569 1591 784 1631 nionem
818 1591 996 1630 meum
1024 1574 1345 1638 servaverit,
1374 1583 1604 1628 mortem
1642 1589 1748 1628 non
1790 1573 1992 1629 videbit
2023 1575 2079 1628 in

503 1686 522 1717 ι
565 1675 848 1720 mternum.
872 1664 1134 1719 Dixerunt
1155 1678 1283 1732 ergo
1303 1658 1472 1718 Iudaei
1500 1681 1513 1717 :
1541 1662 2075 1734 Nunccognovimus,

502 1742 521 1809 ὲ
564 1759 691 1829 quia
721 1758 1042 1813 dzemonium
1069 1756 1258 1811 habes.
1284 1755 1558 1811 Abraham
1608 1764 1853 1811 mortuus
1894 1763 1980 1811 est
2023 1762 2080 1810 et

1791 345 2145 402 SMABAGDI
2182 345 2474 401 ABBA'I‘IS
2732 413 2740 421 '

2112 460 2166 521 Α
2259 458 2372 529 Ego
2393 458 2709 512 dwmonium
2736 475 2839 512 non
2873 457 3057 523 habeo,
3094 457 3185 513 sed
3233 459 3527 531 honoriﬁco
3572 475 3779 533 patrem

3680 349 3782 409 168

2186 565 2379 613 meum,
2434 558 2483 603 et
2530 565 2619 603 vos
2656 550 3009 603 inbonorastis
3061 565 3161 603 me.
3204 550 3344 617 Quia
3386 555 3535 609 enim
3583 553 3783 614 Sam-

2188 639 2398 694 ritanus
2426 640 2819 710 interpretatur
2838 647 3041 705 custos,
3062 648 3119 695 et
3148 640 3264 710 ipse
3289 646 3561 701 veraciter
3588 656 3779 706 custos

2184 740 2287 796 est,
2313 734 2379 789 de
2412 749 2522 804 quo
2548 732 2837 789 Psalmista
2865 736 2941 789 ait
2974 753 2989 789 :
3024 735 3147 790 Nisi
3174 735 3436 792 Dominus
3460 740 3779 797 custodierit

2184 823 2466 888 civitatem,
2499 823 2554 877 in
2578 839 2769 878 vanum
2808 824 3044 895 vigilant,
3071 838 3163 896 qut
3212 827 3514 882 custodiunt
3556 846 3699 897 eant,
3720 841 3782 888 ct.

2183 912 2269 967 cui
2300 929 2398 984 per
2441 913 2665 978 Isaiam,
2689 911 2876 968 Custos
2894 914 3021 984 quid
3049 916 3115 969 de
3143 924 3317 978 nocte,
3344 927 3522 973 custos
3552 920 3685 990 quid
3710 921 3779 975 de

2183 1014 2332 1057 nocte
2374 1002 2561 1074 (Isaia
2587 1004 2701 1075 xxi)
2731 1022 2744 1057 :
2782 1005 3113 1075 respondere
3142 1006 3314 1062 noluit
3358 1008 3644 1075 Dominus,
3673 1008 3777 1066 Sa-

2182 1093 2482 1148 maritanus
2507 1109 2612 1148 non
2635 1109 2775 1159 sum,
2808 1096 2905 1151 sed
2936 1110 3039 1167 ego
3065 1097 3391 1154 daemonium
3418 1116 3529 1156 non
3568 1103 3769 1161 habeo.

2182 1183 2300 1237 Duo
2335 1183 2531 1253 quippe
2556 1184 2608 1238 ei
2636 1184 2802 1240 inlata
2832 1185 3066 1251 fuerant,
3094 1203 3262 1242 unum
3281 1192 3523 1261 negavit,
3553 1200 3612 1247 ct
3645 1193 3779 1251 alte-

2183 1289 2305 1328 rum
2337 1275 2562 1330 tacendo
2587 1278 2881 1333 consensit.
2913 1277 3109 1335 Custos
3133 1296 3370 1353 namque
3415 1283 3642 1340 humani
3683 1302 3777 1356 ge-

2182 1366 2329 1420 neris
2354 1374 2594 1433 venerat,
2617 1376 2670 1423 et
2700 1370 2746 1424 si
2787 1368 3192 1426 Samaritanum
3233 1387 3293 1428 se
3319 1389 3429 1429 non
3465 1389 3593 1431 esse
3623 1378 3775 1432 dice-

2180 1465 2283 1523 ret,
2308 1472 2429 1514 esse
2455 1460 2734 1515 custodem
2761 1471 3002 1533 negaret,
3025 1465 3122 1519 sed
3152 1467 3323 1521 tacuit
3342 1468 3485 1537 quod
3513 1484 3777 1541 recogno-

2178 1545 2279 1611 vit,
2305 1554 2360 1601 et
2392 1547 2663 1617 patienter
2695 1550 2891 1620 repulit
2939 1552 3084 1621 quod
3128 1554 3330 1609 dictum
3378 1555 3646 1613 fallaciter
3673 1575 3773 1614 au-

2179 1637 2316 1691 divit
2335 1637 2522 1694 dicens
2554 1654 2569 1693 :
2601 1639 2716 1711 Ego
2744 1642 3062 1696 daemonium
3093 1660 3197 1698 non
3242 1644 3425 1701 habeo.
3485 1646 3588 1703 Hic
3637 1665 3772 1706 vero

2178 1724 2235 1781 in
2257 1728 2547 1799 semetipso
2576 1730 2732 1787 nobis
2752 1732 3012 1788 Dominus
3032 1735 3307 1804 patientia:
3330 1738 3563 1805 praebuit
3583 1755 3770 1797 exem-

502 1870 520 1902 ι
966 1810 1025 1901 tu
1054 1810 1189 1902 dicis
1224 1810 1242 1900 7:
1282 1810 1353 1900 Si
1388 1845 1511 1915 quis
1550 1810 1856 1901 sermonem
1896 1810 2077 1901 meum
2105 1813 2153 1873 Β
2179 1816 2347 1921 Plu“?
2388 1817 2491 1921 QE“
2514 1819 2562 1921 fi
2590 1822 2918 1921 Ῐθεβοηάθνθ
2961 1810 3220 1921 νξηῧῖεεσῖξ
3264 1825 3489 1921 iudicis.
3518 1843 3619 1885 '08
3659 1831 3771 1886 d3-

499 1961 518 1993 ‹
566 1939 903 2005 servaverit,
953 1953 1060 1993 non
1117 1937 1359 2007 gustabit
1409 1946 1639 1992 mortem
1691 1937 1745 1991 in
1792 1945 2072 1992 aeternum.

498 2052 517 2084 ε
562 2032 814 2100 Nunquid
844 2039 899 2084 tu
929 2028 1102 2098 major
1124 2044 1183 2083 es
1219 2036 1374 2098 patre
1411 2036 1597 2083 nostro
1645 2026 1917 2082 Abraham
1938 2067 1953 2094 ,
1982 2027 2076 2098 qui

499 2143 518 2176 ι
562 2130 809 2178 mortuus
837 2119 954 2175 est?
980 2126 1035 2174 et
1072 2119 1351 2189 prophetae
1374 2117 1572 2172 mortui
1616 2126 1765 2183 sunt,
1783 2105 1953 2176 Quem
2002 2126 2079 2172 te—

501 2233 519 2265 s
568 2214 741 2284 ipsum
781 2210 948 2266 facis?
999 2208 1296 2279 Respondit
1342 2206 1501 2263 Iesus
1536 2226 1548 2262 :
1584 2207 1642 2263 Si
1689 2222 1789 2279 ego
1833 2207 2074 2278 gloriﬁco

500 2325 519 2357 ε
564 2306 851 2376 meipsum,
872 2303 1041 2376 gloria
1072 2318 1191 2357 mea
1220 2302 1354 2356 nihil
1385 2310 1492 2357 est.
1522 2300 1619 2357 Est
1639 2309 1794 2372 pater
1817 2301 2074 2371 meusqui

498 2413 517 2445 ι
564 2392 829 2465 gloriﬁcat
855 2408 960 2459 me,
985 2407 1145 2462 quem
1174 2407 1272 2447 vos
1315 2391 1517 2456 dicitis,
1546 2391 1670 2461 quia
1707 2391 1848 2446 Deus
1891 2399 2075 2450 vester

498 2506 517 2538 ι
561 2494 665 2554 est,
687 2498 740 2541 et
761 2502 869 2542 non
902 2485 1229 2558 cognovistis
1267 2500 1413 2541 eum.
1456 2483 1573 2555 Ego
1617 2493 1798 2539 autem
1845 2484 2072 2555 cognovi

497 2597 516 2629 ε
562 2592 706 2633 eum.
738 2576 808 2631 Et
831 2576 877 2632 si
900 2577 1110 2642 dixero,
1139 2574 1264 2645 quia
1293 2590 1401 2630 non
1432 2575 1558 2630 novi
1584 2589 1731 2640 eum,
1759 2589 1852 2630 ero
1878 2574 2071 2630 similis

497 2688 516 2721 ι
561 2668 715 2724 vobis
752 2668 1001 2723 mendax.
1044 2666 1151 2722 Sed
1191 2667 1304 2722 scio
1329 2681 1476 2731 eum,
1505 2676 1560 2722 et
1602 2682 1908 2722 sermonem
1953 2667 2070 2737 ejus

497 2782 517 2813 s
560 2778 737 2818 servo.
765 2762 1035 2816 Abraham
1066 2770 1223 2832 pater
1261 2768 1440 2816 vester
1458 2760 1749 2816 exsultavit
1777 2769 1836 2816 ut
1861 2760 2071 2815 videret

496 2873 516 2905 ι
564 2855 705 2909 diem
729 2869 930 2920 meum,
959 2860 1014 2907 et
1041 2852 1192 2918 vidit,
1217 2860 1273 2906 et
1292 2852 1508 2923 gavisus
1524 2860 1624 2907 est.
1652 2850 1915 2906 Dixerunt
1938 2865 2069 2922 ergo

497 2962 516 2994 ε
559 2941 728 2999 Iudaei
758 2943 825 2998 ad
854 2959 1015 2998 eum:
1055 2941 1454 3013 Quinquaginta
1485 2958 1653 2998 annos
1686 2936 1925 2997 nondum
1965 2940 2066 2995 ha-

498 3052 517 3086 s
559 3035 656 3091 bes
680 3042 736 3090 et
776 3033 1048 3089 Abraham
1079 3033 1304 3088 vidisti?
1358 3032 1500 3087 Dicit
1543 3033 1626 3088 eis
1665 3029 1823 3087 Iesus
1853 3030 2064 3087 :Amen

493 3144 513 3176 ι
558 3140 715 3181 amen
741 3125 863 3181 dico
894 3124 1067 3192 vobis,
1096 3132 1386 3195 antequam
1430 3123 1706 3179 Abraham
1750 3122 1925 3189 ﬂeret,
1963 3138 2065 3197 ego

493 3235 511 3266 ι
557 3232 697 3272 sum.
749 3214 1012 3273 Tulerunt
1054 3232 1185 3288 ergo
1222 3214 1448 3287 lapides,
1477 3223 1539 3270 ut
1560 3215 1808 3285 jacerent
1834 3216 1888 3270 in
1917 3231 2061 3271 eum.

492 3324 511 3356 ι
554 3303 712 3362 Iesus
741 3314 921 3361 autem
946 3305 1229 3362 abscondit
1253 3321 1331 3372 se,
1356 3317 1410 3363 et
1444 3306 1616 3362 exivit
1657 3307 1724 3363 de
1769 3307 1989 3378 templo.
2040 3329 2060 3362 ι

567 3420 779 3476 Dicebat
804 3422 963 3478 Iesus
989 3424 1155 3479 turbis
1190 3423 1504 3480 Iudaeorum
1535 3434 1582 3481 et
1616 3426 1936 3497 principibus
1978 3444 2065 3482 sa-

495 3512 769 3572 cerdotutn
791 3528 811 3567 :
843 3512 974 3579 Quis
995 3530 1061 3569 ex
1085 3514 1227 3569 vobis
1258 3525 1443 3586 arguet
1471 3532 1553 3570 me
1578 3516 1644 3571 de
1666 3517 1919 3586 peccato?
1951 3516 2065 3586 (Ex

488 3600 673 3675 Greg.)
695 3602 924 3659 Pensate
949 3604 1418 3660 mansuetudinem
1440 3603 1557 3669 Dei,
1571 3604 1816 3661 relaxare
1840 3614 2065 3675 peccata

439 3693 443 3697 '
488 3702 711 3745 venerat
737 3699 793 3746 et
825 3691 1077 3749 dicebat:
1106 3693 1235 3761 Quis
1263 3711 1328 3750 ea:
1353 3695 1493 3749 nobis
1532 3706 1715 3766 arguet
1752 3713 1832 3751 me
1855 3697 1921 3751 de
1940 3713 2065 3767 pec-

487 3780 644 3857 cato?
672 3779 791 3836 Non
812 3782 1134 3854 dedignatur
1155 3798 1223 3839 ex
1245 3784 1453 3839 ratione
1473 3785 1759 3840 ostendere
1788 3800 1847 3841 se
1873 3800 2066 3854 pecca-

487 3879 660 3925 torem
687 3886 793 3927 non
823 3887 971 3940 esse,
1004 3874 1097 3945 qui
1142 3891 1209 3932 ex
1261 3876 1462 3932 virtute
1506 3876 1808 3933 divinitatis
1851 3886 2065 3949 poterat

485 3971 802 4033 peceatores
823 3964 1146 4036 justiﬁcare.

559 4072 621 4128 Si
658 4076 928 4132 veritatem
970 4078 1106 4145 dico,
1131 4097 1297 4150 quare
1331 4098 1418 4136 vos
1466 4098 1572 4136 non
1629 4084 1843 4137 creditis
1896 4084 2064 4140 mihi?

485 4162 687 4232 Quare,
717 4167 819 4221 nisi
848 4167 973 4238 quia
1001 4169 1094 4225 lilii
1120 4171 1317 4227 diaboli
1338 4173 1606 4241 cstis,non
1639 4174 1918 4229 veritatis?
1941 4175 2064 4230 Filii

485 4269 590 4310 non
625 4265 839 4325 natura,
883 4262 976 4315 sed
1022 4261 1345 4319 imitatione.
1385 4263 1645 4319 Creatura
1706 4280 1938 4336 namque
1969 4267 2064 4321 Dei

483 4356 658 4412 erant,
688 4348 801 4418 ipse
825 4351 968 4407 enim
999 4360 1081 4408 est
1116 4364 1334 4411 creator
1360 4356 1541 4410 carnis
1581 4364 1637 4410 et
1681 4356 1896 4421 animae,
1930 4357 2064 4413 vitio

483 4435 783 4496 imitatores
809 4451 964 4497 erant
982 4442 1201 4499 diaboli.

554 4546 659 4614 Qui
677 4561 750 4606 est
779 4569 843 4608 ea"
867 4553 999 4621 Deo,
1027 4555 1181 4610 verba
1208 4555 1307 4610 Dei
1335 4557 1504 4611 audit.
1544 4554 1826 4626 Propterea
1852 4574 1939 4621 vos
1953 4575 2057 4613 non

480 4640 697 4709 auditis,
725 4645 848 4714 quia
886 4661 950 4699 ea;
993 4645 1104 4700 Deo
1138 4662 1243 4700 non
1270 4647 1414 4700 estis.
1468 4645 1527 4701 Si
1564 4647 1710 4701 enim
1748 4647 1863 4717 ipse
1891 4649 2057 4704 verba

481 4729 575 4785 Dei
600 4731 769 4798 audit,
799 4734 893 4803 qui
929 4749 998 4789 ex
1030 4734 1143 4789 Deo
1169 4743 1274 4798 est,
1296 4743 1352 4788 et
1383 4735 1572 4791 audire
1605 4735 1768 4790 verba
1794 4734 1912 4805 ejus
1949 4754 2055 4793 non

478 4831 657 4892 potest
685 4826 930 4897 quisquis
956 4843 1026 4882 ex
1066 4825 1157 4881 illo
1185 4842 1293 4882 non
1324 4835 1441 4893 est,
1484 4829 1781 4899 interroget
1813 4845 1871 4885 se
1899 4847 2057 4887 unus-

479 4914 729 4984 quisque,
753 4917 796 4972 si
825 4918 992 4973 verba
1017 4917 1113 4972 Dei
1140 4918 1191 4971 in
1229 4931 1361 4972 aure
1400 4919 1580 4975 cordis
1606 4922 1853 4990 percipit,
1882 4931 1937 4978 ct
1973 4925 2055 4978 in-

482 5004 672 5077 telligit
699 5009 840 5062 unde
865 5009 956 5063 sit.
980 5007 1266 5063 Caelestem
1298 5010 1532 5078 patriam
1575 5011 1883 5069 desiderare
1918 5016 2056 5071 veri-

482 5105 563 5152 tas
577 5098 751 5170 jubet,
775 5101 956 5156 carnis
983 5100 1248 5154 desideria
1287 5110 1586 5168 conterere,
1619 5105 1800 5160 mundi
1831 5106 2053 5177 gloriam

479 5190 775 5257 declinare,
800 5192 972 5247 aliena
996 5206 1102 5246 non
1122 5206 1338 5260 rapere,
1365 5196 1582 5263 propria
1607 5195 1811 5267 largiri.
1860 5197 2058 5254 Penset

479 5297 609 5352 ergo
638 5283 777 5351 apud
805 5296 864 5337 se
894 5282 1266 5352 unusquisque
1303 5292 1560 5352 vestrum,
1595 5288 1638 5341 si
1672 5289 1785 5343 haec
1822 5305 1928 5344 vox
1958 5289 2052 5343 Dei

481 5373 535 5428 in
563 5372 742 5429 cordis
770 5371 886 5440 ejus
913 5387 1045 5426 aure
1086 5373 1378 5439 convaluit,
1426 5387 1481 5429 et
1518 5378 1641 5447 quia
1676 5376 1789 5445 jam
1834 5394 1900 5431 ex
1945 5379 2055 5432 Deo

482 5464 552 5519 sit
577 5461 845 5535 agnoscit.

552 5555 814 5609 Dixerunt
837 5572 957 5625 ergo
969 5555 1179 5612 Juda’i:
1198 5557 1385 5613 Nonne
1407 5559 1530 5614 bene
1556 5561 1777 5615 dicimus
1806 5561 2057 5632 nos,quia

483 5646 850 5701 Samaritanus
863 5664 915 5702 es
928 5662 1003 5713 tu,
1018 5659 1066 5705 et
1081 5649 1397 5705 da’monium
1410 5650 1605 5704 habes?
1625 5652 1858 5721 Accepta
1877 5659 2055 5705 autem

484 5745 629 5791 tanta
666 5740 1007 5807 contumelia,
1033 5741 1158 5811 quid
1184 5741 1443 5798 Dominus
1471 5743 1791 5813 respondeat
1820 5744 2054 5801 audiam.

2089 4509 2143 4568 ἶ)
2233 4509 2904 4622 ῥίπὲῶἷᾟὲξῖἇηάαυε
2956 4571 2975 4609 .-

2176 1909 2417 1963 monium
2441 1910 2677 1979 habetis,
2709 1927 2896 1967 verum
2941 1916 3129 1986 utique
3169 1918 3434 1987 dixisset,
3468 1922 3598 1991 quia
3659 1923 3768 1979 nisi

2174 1998 2381 2069 impleti
2408 2002 2705 2068 daemonio,
2731 2013 2844 2059 tam
2886 2020 3145 2075 perverse
3188 2010 3258 2065 de
3300 2009 3413 2066 Deo
3457 2012 3605 2083 loqui
3653 2031 3765 2072 non

2170 2096 2413 2162 posSent.
2438 2092 2545 2149 Sed
2569 2104 2791 2166 accepta
2813 2097 3031 2168 injuria,
3055 2109 3112 2153 et
3122 2099 3236 2169 jam
3260 2103 3404 2171 quod
3435 2117 3624 2158 verum
3646 2114 3770 2162 erat

2171 2181 2353 2238 dicere
2375 2185 2577 2242 veritas
2598 2187 2790 2253 noluit,
2817 2203 2885 2244 ne
2926 2205 3033 2245 non
3078 2192 3283 2248 dixisse
3324 2195 3638 2261 veritatem,
3665 2200 3764 2255 sed

2169 2286 2495 2344 provocatus
2510 2282 2889 2336 contumeliam
2911 2283 3211 2342 reddidisse
3233 2288 3531 2345 videretur.
3550 2292 3634 2347 Ex
3654 2308 3762 2363 qua

2169 2370 2384 2440 requid
2409 2372 2567 2427 nobis
2595 2372 2859 2441 innuitur,
2909 2376 3012 2431 nisi
3056 2385 3118 2432 ut
3156 2393 3221 2434 eo
3272 2387 3517 2451 tempore
3567 2399 3678 2454 quo
3730 2401 3762 2441 a

2168 2461 2433 2528 proximis
2460 2477 2527 2517 ex
2569 2461 2804 2520 falsitate
2843 2468 3198 2525 contumelias
3231 2472 3545 2541 accipimus,
3568 2490 3760 2532 eorum

2169 2550 2334 2605 etiam
2382 2567 2509 2609 vera
2555 2554 2694 2610 mala
2743 2564 3048 2626 taceamus,
3076 2575 3144 2616 ne
3190 2562 3554 2619 ministerium
3592 2565 3759 2635 justas

2168 2642 2527 2712 correptionis
2554 2645 2607 2698 in
2637 2661 2789 2700 arma
2817 2655 3092 2704 vertamus
3130 2648 3368 2707 furoris?

2240 2731 2353 2803 Ego
2382 2744 2555 2788 autem
2584 2751 2687 2790 non
2715 2753 2893 2808 qua-ro
2926 2738 3147 2809 gloriam
3171 2757 3358 2805 nteant,
3384 2752 3461 2797 est
3490 2746 3583 2817 qui
3607 2763 3754 2818 qum-

2168 2828 2253 2873 rat
2274 2829 2324 2874 et
2341 2819 2566 2891 judicet.
2601 2821 2875 2895 Scriptum
2922 2835 3007 2882 est
3042 2845 3055 2881 :
3091 2827 3412 2901 Quiapater
3438 2848 3593 2888 omne
3613 2835 3761 2905 judi-

2169 2909 2305 2964 cium
2326 2911 2467 2966 dedit
2490 2912 2603 2982 filio
2630 2912 2811 2986 (Ioan.
2834 2916 2915 2989 v),
2942 2927 3000 2974 et
3025 2933 3152 2975 ecce
3182 2920 3323 2976 idem
3361 2922 3504 2978 ﬁlius
3530 2924 3759 2994 injurias

2169 3000 2457 3073 accipiens,
2482 3004 2659 3060 illatas
2680 3009 3034 3066 contumelias
3063 3012 3233 3080 patris
3257 3012 3465 3084 judicio
3486 3028 3755 3083 reservat,

2167 3099 2230 3147 ut
2254 3094 2411 3149 nobis
2438 3097 2681 3164 profecto
2705 3098 2961 3168 insinuet,
2984 3110 3246 3172 quantum
3274 3119 3375 3161 nos
3395 3120 3516 3162 esse
3543 3109 3759 3178 patien-

2091 3169 2137 3233 C
2169 3190 2252 3238 tes
2277 3183 2591 3253 debeamus,
2614 3187 2742 3244 dum
2768 3190 2945 3246 adhuc
2970 3169 3029 3249 se
3052 3193 3239 3249 ulcisci
3261 3210 3368 3250 non
3393 3196 3526 3262 vult,
3543 3169 3611 3252 ἐι
3636 3199 3757 3270 ipse

2168 3274 2259 3343 qui
2300 3274 2525 3344 judicat.
2561 3277 2733 3345 Quem
2778 3281 2894 3336 vult
2920 3283 3143 3356 intelligi
3174 3300 3297 3341 cum
3326 3286 3496 3343 dicit:
3533 3289 3634 3343 Est
3660 3292 3755 3361 qui

2166 3374 2376 3435 quaerat
2395 3375 2451 3422 et
2474 3367 2826 3437 judicet?nisi
2857 3381 3094 3444 patrem;
3114 3376 3244 3447 quid
3265 3386 3349 3433 est
3379 3378 3631 3449 judicat?
3675 3383 3758 3438 di-

2167 3460 2386 3513 scernit.
2420 3459 2698 3528 Quomodo
2727 3473 2812 3519 est
2849 3465 2940 3535 qui
2968 3475 3178 3536 quaerat
3208 3476 3264 3522 et
3282 3467 3492 3537 judicet
3511 3512 3526 3537 ,
3549 3480 3637 3527 est
3662 3489 3747 3543 pa»

2167 3558 2253 3605 ter
2274 3552 2365 3621 qui
2392 3552 2620 3623 gloriam
2664 3571 2841 3611 meam
2882 3572 2914 3612 a
2954 3566 3138 3613 vestra
3169 3559 3340 3631 gloria
3394 3563 3673 3619 discernat
3699 3572 3755 3621 et

2166 3652 2401 3711 separet,
2422 3658 2546 3699 nam
2568 3646 2863 3702 secundum
2892 3647 3124 3704 formam
3142 3652 3308 3718 servi,
3324 3652 3551 3707 multum
3583 3653 3754 3709 inter.

2164 3739 2268 3795 est,
2296 3732 2439 3787 inter
2471 3734 2696 3804 gloriam
2721 3735 2926 3793 Christi
2971 3748 3028 3794 et
3081 3751 3401 3798 czeterorum
3441 3744 3751 3799 hominum.

2234 3817 2403 3871 Amen
2429 3834 2583 3873 amen
2619 3819 2739 3874 dico
2765 3823 2929 3887 vobis,
2973 3826 3021 3879 si
3066 3827 3185 3897 quis
3236 3844 3527 3882 sermonem
3569 3846 3749 3883 meum

2164 3908 2464 3973 servaverit,
2491 3918 2597 3965 etc.
2636 3910 2714 3967 Dc
2754 3924 2928 3969 morte
2971 3916 3208 3971 secunda
3259 3918 3424 3984 dicit,
3455 3919 3523 3974 de
3571 3928 3755 3977 morte

2164 4006 2389 4065 aeterna,
2420 4000 2489 4055 de
2533 4011 2708 4057 morte
2763 4002 3147 4071 damnationis,
3178 4023 3300 4063 cum
3336 4009 3552 4064 diabolo
3579 4017 3636 4065 et
3658 4026 3758 4064 an~

2165 4089 2301 4157 gelis
2331 4088 2470 4157 ejus,
2494 4090 2609 4162 ipsa
2631 4100 2717 4148 est
2737 4109 2865 4149 vera
2903 4112 3069 4151 mors.
3101 4096 3237 4153 Nam
3279 4100 3383 4156 ista
3434 4116 3586 4161 mors
3629 4117 3755 4157 cor-

2164 4182 2332 4249 poris,
2363 4182 2859 4253 migratioqutedam
2886 4197 2968 4242 est
3001 4191 3206 4246 sanctis
3243 4192 3311 4247 ad
3350 4194 3628 4253 meliorem
3673 4200 3755 4253 vi-

2165 4280 2291 4327 tam.
2322 4273 2508 4344 lmpiis
2533 4289 2666 4331 vero
2691 4277 2759 4332 ad
2780 4293 2969 4347 pinnas
2987 4292 3293 4353 perpetuas.
3319 4285 3491 4354 Quam
3518 4301 3755 4348 mortem

2165 4361 2255 4417 hic
2286 4363 2491 4418 veritas
2513 4363 2801 4436 designare
2822 4369 3008 4437 voluit,
3031 4386 3153 4427 cum
3180 4374 3311 4431 dicit
3344 4394 3357 4431 :
3392 4377 3623 4436 Mortem
3646 4399 3755 4439 non

2171 4455 2372 4511 videbit
2400 4457 2454 4511 in
2477 4467 2760 4516 aeternum.

3036 4558 3193 4615 Nunc
3245 4566 3581 4634 cognorimus
3625 4573 3756 4640 quia

2163 4640 2481 4696 daemonium
2533 4644 2711 4707 habes,
2768 4647 3032 4704 Abraham
3066 4664 3303 4709 mortuus
3352 4666 3462 4722 est,
3511 4668 3561 4712 et
3629 4679 3759 4731 pro-

2156 4731 2342 4801 phetm.
2393 4731 2463 4786 Et
2500 4736 2751 4801 tudicis,
2779 4738 2827 4792 si
2869 4741 2986 4810 quis
3028 4759 3318 4799 sermonem
3374 4764 3546 4802 meum
3572 4789 3588 4815 ,
3641 4761 3753 4807 ctc.

2155 4822 2531 4879 Irascebantur
2567 4826 2693 4895 quia
2727 4826 2841 4895 jam
2878 4833 3079 4886 mortui
3109 4843 3267 4889 erant
3290 4836 3379 4891 illa
3416 4850 3597 4894 morte
3631 4858 3758 4911 qua:

2154 4914 2371 4969 vitanda
2409 4925 2544 4971 erat.
2579 4916 2714 4973 Nam
2748 4920 2894 4975 illam
2927 4932 3158 4981 mortem
3211 4928 3387 4985 vitare
3439 4946 3545 4985 non
3597 4943 3760 5001 pote—

2161 5018 2324 5071 rant,
2376 5024 2483 5079 qna
2547 5021 2792 5068 mortuus
2843 5023 2929 5070 est
2988 5001 3262 5073 Abraham
3312 5028 3369 5075 et
3427 5024 3755 5092 prophetae,

2159 5098 2264 5154 hoc
2291 5108 2403 5164 est,
2434 5109 2662 5156 mortem
2691 5105 2891 5160 carnis.
2922 5106 3056 5162 Nam
3082 5107 3357 5165 Abraham
3383 5118 3439 5166 et
3472 5116 3757 5183 propheta:

2161 5192 2223 5245 in
2247 5193 2435 5261 spiritu
2466 5193 2740 5260 vivebant,
2773 5197 2838 5251 de
2867 5199 3064 5268 quibus
3087 5199 3202 5269 ipsa
3233 5200 3448 5257 Veritas
3469 5204 3544 5256 ait
3573 5221 3586 5255 :
3628 5202 3754 5258 Non

2161 5295 2237 5340 est
2299 5285 2436 5341 Deus
2488 5297 2857 5355 mortuorum,
2901 5291 2992 5343 sed
3050 5292 3283 5346 vivorum
3325 5292 3553 5360 (Matth.
3574 5311 3684 5349 χχιι
3710 5297 3753 5365 ).

2236 5374 2519 5445 Respondit
2546 5376 2701 5430 Iesus
2725 5390 2743 5427 :
2767 5377 2824 5433 Si
2868 5397 2961 5450 ego
2984 5380 3220 5451 gloriﬁco
3257 5386 3509 5454 meipsum
3531 5427 3546 5453 ,
3580 5388 3757 5457 gloria

2165 5487 2278 5524 mea
2311 5470 2441 5523 nihil
2469 5480 2543 5524 est
2569 5511 2584 5535 ,
2613 5481 2688 5526 est
2711 5482 2860 5541 pater
2887 5492 3030 5528 meus
3053 5477 3142 5546 qui
3172 5474 3431 5546 glorificat
3454 5493 3537 5531 me
3560 5520 3572 5541 ,
3600 5496 3757 5548 quem

2165 5581 2253 5618 eos
2297 5564 2468 5618 dicitis
2498 5580 2517 5617 :
2550 5563 2687 5628 Quia
2723 5565 2866 5619 Deus
2921 5577 3084 5623 vester
3126 5578 3200 5621 est
3228 5609 3242 5632 ,
3286 5580 3332 5621 et
3366 5586 3468 5623 non
3508 5573 3756 5640 cognori—

2164 5657 2257 5710 stis
2281 5673 2421 5720 eum,
2449 5672 2539 5725 ego
2568 5668 2741 5711 autem
2766 5657 2884 5710 nori
2914 5675 3052 5711 eum.
3082 5658 3144 5711 Et
3176 5660 3219 5713 si
3249 5660 3454 5724 dixero,
3485 5662 3613 5727 quin
3647 5678 3756 5713 non

2168 5747 2283 5801 novi
2297 5763 2435 5817 eum,
2450 5763 2538 5802 ero
2562 5748 2745 5803 similis
2770 5750 2907 5805 vobis
2924 5749 3145 5803 mendax
3163 5767 3179 5812 ;
3199 5749 3287 5803 sed
3302 5751 3407 5805 scio
3423 5768 3564 5819 eum,
3583 5763 3629 5805 t’.’
3645 5770 3725 5806 scr
3738 5779 3759 5791 -
