3978 6416
285 315 380 370 ιδιι
468 382 479 391 ,

1111 318 1628 377 COLLECTtONES
1658 307 1733 377 is
1770 320 2150 382 emsrotas
2184 310 2273 382 ET
2306 329 2719 388 EVANGELIA.

3468 343 3565 401 lTli

279 429 612 497 matteittejus
635 444 798 482 servo.
821 427 1005 484 Refert
1024 431 1393 501 crgogloriam
1412 450 1563 488 suam
1589 436 1880 491 adPatrem
1914 442 1959 500 Α
1993 456 2010 486 1
2056 438 2210 506 phas.
2250 430 2317 494 Et
2355 442 2638 498 Consilium
2670 446 2915 503 fecerunt
2948 459 3005 503 ut
3045 450 3228 508 Jesum
3266 455 3389 511 dolo
3422 465 3565 513 tene-

281 521 540 576 Dominus
549 518 710 577 Iesus
723 521 989 586 Christus,
1007 525 1072 579 de
1083 538 1192 594 quo
1207 535 1290 579 est
1301 528 1444 595 quod
1460 526 1603 583 Deus
1616 538 1717 583 est.
1738 525 1879 584 Dicit

282 610 492 667 l‘atrem
514 627 696 679 suum,
735 628 893 682 quem
930 614 1005 668 illi
1028 614 1278 670 dicebant
1312 617 1482 672 Deum
1513 634 1693 682 suum,
1719 635 1878 690 quem

277 720 389 759 non
408 714 805 775 cognoverunt.
838 703 894 761 Si
916 706 1066 765 enim
1083 703 1300 763 Patrem
1329 710 1735 780 cognovissent,
1759 711 1878 781 ejus

284 794 450 849 filium
491 794 849 865 recepissent.
880 793 1199 853 Sermonem
1221 796 1397 854 Patris
1429 808 1691 870 tanquam
1733 801 1877 857 ﬁlius

280 898 510 940 servans
536 886 858 955 loquebatur
883 925 901 952 ,
945 893 1001 942 et
1027 886 1141 957 ipse
1164 895 1286 945 erat
1319 904 1517 954 sermo,
1566 900 1622 946 et
1653 891 1875 947 verbum

272 975 453 1031 i'atris
485 1016 500 1040 ,
549 977 640 1045 qui
691 976 1005 1050 hominibus
1032 978 1369 1049 loquebatur.
1415 980 1482 1037 Et
1526 983 1871 1049 notandum,

277 1066 423 1135 quod
467 1067 601 1121 vidit
638 1081 733 1121 eos
783 1066 1045 1123 Dominus
1099 1076 1285 1141 aperta
1320 1069 1422 1125 sibi
1466 1070 1873 1143 itnpugnatione

278 1160 564 1221 resistere,
612 1168 668 1213 et
706 1168 884 1215 tamen
917 1160 996 1214 eis
1028 1174 1088 1216 se
1115 1159 1313 1215 iterata
1358 1177 1464 1217 non
1512 1162 1872 1231 desinit'VOcc

280 1251 601 1319 praedicare,
639 1250 827 1305 dicens
856 1268 870 1303 :

352 1340 620 1394 Abraham
660 1351 814 1410 pater
845 1351 1014 1397 vester
1052 1342 1370 1405 exsultauit,
1408 1354 1464 1399 ut
1504 1346 1697 1401 videret
1730 1348 1870 1407 diem

278 1446 471 1491 nicum,
503 1430 631 1484 vidit
658 1440 706 1483 et
726 1431 936 1500 gavisus
956 1443 1053 1486 est.
1080 1432 1232 1488 Tunc
1257 1434 1455 1505 quippe
1481 1438 1624 1493 diem
1655 1439 1869 1495 Domini

276 1519 553 1574 Abraham
576 1521 732 1584 vidit,
780 1537 907 1576 cum
934 1523 988 1577 in
1015 1523 1186 1594 figura
1221 1522 1731 1601 summat'l‘rinitatis
1758 1539 1869 1586 tres

276 1609 499 1679 angelos
524 1610 761 1679 hospitio
791 1613 1015 1682 recepit.
1053 1613 1263 1682 Quibus
1300 1615 1546 1686 profecto
1575 1620 1863 1690 suSceptiS,

277 1701 360 1755 sic
386 1700 560 1755 tribus
593 1702 747 1771 qnasi
776 1700 889 1758 uno
926 1704 1137 1771 locutus
1186 1716 1288 1762 est.
1327 1708 1463 1776 Quia
1501 1718 1556 1764 et
1580 1710 1629 1765 si
1662 1711 1716 1767 in
1740 1727 1868 1781 per-

280 1791 433 1845 sonis
462 1806 722 1848 numerus
753 1794 1012 1852 trinitatis
1033 1806 1119 1851 est
1145 1837 1161 1863 ,
1199 1798 1252 1853 in
1283 1808 1476 1855 natura
1522 1802 1869 1881 unitasdivi-

279 1882 487 1950 uitatis.
523 1881 631 1937 Sed
657 1884 905 1940 carnales
937 1896 1149 1947 mentes
1191 1889 1526 1945 audientium
1551 1932 1567 1955 ,
1616 1891 1804 1948 oculos
1832 1910 1863 1947 a

272 1980 443 2025 carne
476 1989 580 2028 non
606 1974 911 2041 sublevant,
932 1978 1065 2033 ineo
1092 1983 1262 2038 sciam
1285 1983 1469 2039 carnis
1495 1992 1711 2040 :etatem
1734 2002 1866 2055 pcn-

279 2069 424 2123 saut,
448 2062 691 2119 dicentes
725 2084 736 2117 :

352 2153 739 2225 Quinquaginta
794 2174 960 2213 annos
1010 2163 1240 2217 nondum
1281 2166 1462 2229 habes,
1504 2178 1552 2221 et
1597 2169 1864 2225 Abraham

277 2246 452 2298 vidisti
477 2247 501 2299 Σ)
528 2245 673 2312 Quos
706 2250 931 2321 benigne
951 2254 1259 2324 redemptor
1287 2267 1475 2313 noster
1502 2263 1731 2318 acaruis
1754 2278 1866 2318 sure

274 2336 359 2389 int
381 2339 474 2418 ritu
500 2340 771 2394 submovit
801 2383 815 2405 ,
841 2352 894 2396 et
929 2344 997 2401 acl
1026 2346 1327 2403 divinitatis
1353 2353 1863 2422 contemplationem

276 2429 446 2483 trah‘t
475 2431 661 2486 dicens
688 2452 700 2485 :

348 2521 535 2586 Amen,
565 2541 715 2578 auten
753 2526 870 2579 dico
903 2529 1067 2592 vobis,
1100 2541 1378 2603 an!eqaam
1404 2536 1672 2593 Abraham
1717 2540 1864 2609 ﬁeret

276 2628 368 2681 ego
413 2631 547 2669 sum.
592 2614 728 2671 Ante
772 2620 916 2674 enim
968 2625 1224 2691 pneteriti
1278 2630 1535 2696 temporis
1582 2642 1694 2696 est,
1744 2650 1862 2688 sum

277 2707 576 2773 prmseutis.
597 2707 662 2762 Et
685 2710 807 2777 quia
822 2714 1152 2780 praeteritum
1172 2726 1380 2789 tempus
1405 2730 1459 2775 et
1474 2722 1711 2780 futurum
1729 2726 1866 2782 divi-

271 2792 422 2847 nitas
460 2809 565 2855 non
608 2797 769 2852 habet
793 2838 807 2863 ,
835 2801 930 2856 sed
963 2818 1179 2875 semper
1208 2823 1332 2863 esse
1360 2810 1523 2868 habet
1601 2831 1708 2869 non
1736 2818 1815 2872 ait
1845 2833 1859 2871 :

280 2882 418 2937 Ante
443 2884 718 2943 Abraham
749 2904 850 2960 ego
880 2890 986 2956 fui,
1020 2894 1259 2954 sed’ante
1289 2899 1561 2957 Abraham
1588 2919 1689 2972 ego
1719 2922 1858 2961 scim.

278 2974 434 3032 l'nde
464 2988 518 3032 et
544 2980 611 3034 azl
642 2980 820 3040 Mosen
851 2985 1051 3043 dicitur
1083 3007 1097 3042 :
1128 2989 1242 3061 Ego
1265 3009 1381 3049 sum
1408 2995 1498 3064 qui
1524 3013 1638 3053 sum
1661 2996 1858 3070 (Esod.

274 3068 384 3139 ιιι).
415 3069 487 3123 Et
510 3072 658 3128 dices
685 3073 808 3130 filiis
842 3076 1007 3133 lsrael
1032 3098 1043 3132 :
1081 3079 1184 3145 Qui
1206 3093 1282 3141 est
1307 3122 1324 3148 ,
1366 3086 1510 3141 misit
1547 3104 1626 3142 me
1652 3068 1722 3145 ad
1750 3107 1858 3146 vos.

1989 546 2006 578 1
2054 539 2171 583 rent
2198 540 2254 586 et
2281 534 2611 590 occiderent.
2660 538 2920 594 Dicebant
2949 551 3129 597 autem
3162 560 3176 597 :
3224 543 3339 601 Non
3372 549 3425 602 in
3471 550 3561 606 die

1987 640 2004 669 1
2055 621 2189 676 festo
2221 664 2236 690 ,
2267 640 2333 678 ne
2381 626 2518 683 forte
2570 629 2833 687 tumultus
2881 632 3037 689 fieret
3083 636 3137 690 in
3173 640 3391 710 populo.
3425 638 3559 696 Cum

1984 728 2001 759 1
2046 720 2228 779 autem
2276 722 2421 769 esset
2456 712 2611 773 Jesus
2641 717 2692 774 in
2726 717 3005 791 Bethania,
3036 722 3089 778 in
3126 726 3286 782 domo
3324 730 3563 786 Simonis

1984 817 2001 847 1
2046 799 2244 870 leprosi
2269 843 2284 867 ,
2312 805 2543 858 accessit
2581 807 2647 860 ad
2684 822 2807 861 eum
2858 811 3055 867 mulier
3118 814 3323 872 habens
3355 819 3564 876 alabas-

1982 908 1999 940 1
2048 898 2189 945 trum
2222 894 2476 963 unguenti
2513 896 2735 965 pretiosi
2762 938 2777 965 ,
2806 908 2860 953 ct
2882 899 3070 957 ed‘udit
3099 922 3261 978 super
3290 919 3453 980 caput
3490 911 3566 987 ip-

1981 996 1999 1028 1
2047 978 2160 1041 sius
2191 983 2579 1045 recumbentis,
2632 986 2890 1043 Vidcutes
2931 1000 3114 1047 autem
3160 978 3405 1069 discipuli
3432 1041 3447 1062 ,
3482 978 3562 1054 in-

1980 1088 1999 1120 1
2044 1070 2247 1141 dignati
2276 1083 2423 1138 sunt,
2452 1075 2691 1132 dicentes
2727 1097 2737 1131 :
2778 1078 2846 1135 Ut
2867 1081 2992 1151 quid
3020 1084 3254 1153 perditio
3278 1072 3397 1143 haec
3417 1082 3440 1142 ?
3463 1106 3558 1159 po.

1981 1179 2000 1212 1
2042 1163 2151 1218 tuit
2174 1165 2320 1218 enim
2349 1166 2492 1229 istud
2524 1172 2817 1225 venundari
2858 1174 3049 1239 multo,
3073 1185 3128 1231 et
3155 1176 3272 1237 dari
3308 1180 3562 1252 pauperi-

1980 1271 1997 1303 1
2047 1255 2165 1309 bus.
2201 1252 2391 1311 Sciens
2416 1268 2597 1315 autem
2632 1259 2790 1317 Jcsus
2825 1304 2838 1328 ,
2864 1263 2946 1318 ait
2989 1265 3094 1323 illis
3125 1286 3139 1321 :
3173 1266 3313 1339 Quid
3348 1272 3557 1330 molesti

1979 1361 1998 1393 1
2043 1343 2177 1399 estis
2201 1345 2327 1403 huic
2354 1349 2604 1404 mulieri?
2632 1368 2767 1423 opus
2800 1354 2949 1409 enim
2990 1357 3188 1414 bonum
3229 1370 3449 1434 operata
3481 1375 3565 1417 est

1978 1452 1997 1483 1
2045 1434 2100 1488 in
2144 1436 2249 1499 me,
2299 1454 2423 1493 nam
2449 1456 2661 1512 semper
2687 1458 2957 1515 pauperes
3002 1448 3215 1505 habetis
3256 1453 3560 1519 vobiscum,

1977 1545 1995 1576 1
2046 1544 2131 1585 me
2154 1538 2332 1584 autem
2356 1536 2458 1586 non
2486 1548 2700 1604 semper
2720 1535 3012 1593 habebitis.
3037 1539 3253 1600 Mittens
3272 1545 3418 1599 enim
3445 1546 3560 1605 inec

1972 1626 1995 1667 ’1
2044 1631 2381 1690 unguentum
2412 1624 2515 1679 hoc
2543 1626 2594 1679 in
2625 1642 2823 1697 corpus
2845 1638 3023 1686 meum
3052 1674 3067 1698 ,
3099 1633 3165 1689 ad
3195 1636 3560 1706 sepeliendum

1979 1726 1997 1759 1
2044 1726 2130 1765 me
2156 1711 2303 1767 fecit.
2322 1715 2492 1771 Amen
2523 1718 2642 1773 dico
2667 1721 2849 1788 vobis,
2875 1724 3180 1795 ubicunque
3207 1729 3558 1798 praedicatum

1897 1813 1943 1872 Β
1976 1817 1995 1850 1
2040 1798 2205 1856 fuerit
2230 1801 2333 1857 hoc
2358 1807 2695 1877 evangelium
2716 1810 2775 1863 in
2802 1819 2915 1867 toto
2941 1815 3160 1881 mundo,
3184 1817 3394 1875 dicetur
3412 1824 3556 1890 quod

1978 1909 1996 1940 1
2044 1891 2161 1948 haec
2192 1891 2318 1947 fecit
2345 1895 2396 1953 in
2439 1899 2753 1954 memoriam
2783 1900 2918 1970 ejus.
2950 1896 3104 1960 Tunc
3146 1908 3279 1963 abiit
3329 1926 3468 1971 unus
3493 1914 3558 1967 de

1972 2001 1990 2034 1
2034 1983 2339 2051 duodecim,
2361 1988 2450 2058 qui
2478 1990 2761 2047 dicebatur
2781 1986 2948 2049 Iudas
2962 1994 3247 2067 [.mariotb,
3278 2002 3342 2056 ad
3359 2005 3558 2072 princi-

1975 2090 1992 2125 1
2034 2070 2133 2143 pes
2155 2077 2519 2146 sacerdotum,
2537 2084 2676 2136 etait
2695 2083 2798 2139 illis
2822 2084 2993 2152 :Quid
3017 2070 3558 2162 vultismihidare,et

1972 2181 1990 2212 1
2036 2177 2133 2233 ego
2148 2164 2297 2221 vobis
2312 2183 2432 2222 eum
2453 2171 2693 2226 tradant?
2708 2174 2778 2229 At
2800 2175 2876 2231 illi
2889 2179 3285 2237 constituerunt
3305 2185 3352 2239 ei
3371 2186 3557 2258 trigin-

1970 2272 1989 2304 1
2037 2265 2087 2309 ta
2104 2266 2406 2328 argenteos.
2426 2261 2490 2315 Et
2504 2264 2698 2320 exinde
2713 2269 2986 2334 quzerebat
3001 2275 3481 2343 opportunitatem,
3499 2289 3560 2351 ut

1972 2363 1989 2395 1
2037 2360 2159 2401 eum
2185 2349 2439 2404 traderet.
2459 2352 2547 2406 Pri
2557 2371 2637 2407 nia
2655 2365 2833 2411 autem
2852 2357 2938 2415 die
2962 2370 3299 2433 azymerum,
3321 2382 3556 2425 accesse-

1971 2454 1990 2487 1
2035 2448 2159 2494 runt
2183 2441 2429 2511 discipuli
2458 2445 2522 2499 ad
2551 2445 2733 2502 Jesum
2756 2447 2995 2507 dicentes
3025 2471 3036 2505 :
3068 2452 3170 2509 Ubi
3202 2456 3283 2511 vis
3303 2472 3556 2526 paremus

1970 2546 1989 2581 1
2038 2529 2131 2586 tibi
2149 2535 2434 2590 comedere
2472 2534 2802 2595 Pascha?At
2837 2540 2995 2598 Jesus
3010 2545 3554 2621 dixitzlteincivita-

1971 2636 1990 2668 1
2039 2627 2143 2675 tem
2160 2621 2225 2675 ad
2242 2626 2551 2693 quemdam,
2567 2636 2620 2682 et
2634 2629 2799 2685 dicite
2814 2630 2863 2686 ei
2881 2648 2894 2685 :
2914 2632 3167 2704 Magister
3181 2638 3328 2704 dirit,
3347 2648 3557 2712 tempus

1970 2728 1989 2762 1
2038 2726 2215 2766 meum
2241 2729 2405 2786 prope
2433 2727 2535 2783 est,
2559 2720 2701 2791 apud
2722 2730 2773 2776 te
2798 2721 2936 2779 facio
2953 2723 3157 2781 Pascha
3180 2744 3304 2783 cum
3328 2730 3557 2802 discipu-

1969 2822 1986 2850 1
2035 2803 2102 2858 lis
2127 2807 2281 2861 meis.
2311 2808 2376 2863 Et
2425 2811 2673 2867 fecerunt
2696 2815 2944 2888 discipuli
2975 2819 3116 2873 sicut
3146 2824 3429 2879 constituit
3452 2824 3557 2881 illis

1966 2902 1987 2946 ’1
2033 2893 2287 2960 Jesus,et
2316 2915 2643 2969 paraverunt
2663 2906 2894 2964 Pascha.
2924 2910 3160 2981 Vespere
3181 2924 3361 2970 autem
3384 2915 3549 2982 facto,

1972 3002 1991 3043 1
2035 2985 2410 3042 discumbebat
2458 3007 2581 3047 cum
2630 2994 2914 3052 duodecim
2965 3000 3243 3072 discipulis
3295 3006 3427 3061 suis.
3483 3007 3551 3062 Et

1973 3092 1993 3124 1
2036 3075 2320 3132 edentibus
2347 3078 2452 3134 illis
2486 3082 2621 3135 dixit
2652 3102 2665 3137 :
2691 3082 2863 3141 Amen
2899 3088 3020 3143 dico
3043 3092 3229 3158 vobis,
3254 3095 3382 3163 quia
3413 3112 3553 3151 unus

277 3158 417 3212 Ante
451 3177 580 3231 ergo
602 3164 680 3218 vel
719 3168 1130 3235 postmmham
1152 3174 1362 3240 habui"
1396 3179 1488 3248 qui
1516 3187 1574 3234 ει
1599 3184 1862 3239 accedere
1889 3154 1934 3217 C
1974 3183 1991 3215 1
2040 3175 2279 3222 vestrum
2311 3186 2395 3224 me
2427 3173 2724 3232 traditurus
2772 3186 2875 3232 est.
2906 3180 2973 3234 Et
3012 3182 3321 3239 contristati
3372 3188 3550 3255 valde,

269 3252 455 3319 potuit
480 3268 576 3323 per
619 3256 1007 3316 exhibitionem
1036 3267 1337 3332 praesentiae
1360 3296 1379 3332 -,
1405 3279 1460 3323 et
1488 3273 1745 3329 recedere
1765 3290 1864 3344 per

272 3356 497 3398 cursum
529 3348 667 3403 vitae.
720 3349 930 3409 Veritas
961 3371 1089 3411 vero
1112 3373 1329 3429 semper
1359 3376 1481 3417 esse
1508 3364 1692 3431 habet,
1733 3369 1860 3437 quia

288 3435 338 3488 ei
372 3437 666 3509 quidquam
710 3456 807 3497 nec
831 3446 997 3514 priori
1031 3457 1270 3518 tempore
1313 3453 1570 3523 incipitur
1596 3498 1610 3520 ,
1639 3474 1737 3515 nec
1764 3462 1864 3516 sub

275 3530 530 3597 sequenti
582 3533 923 3589 terminatur.
970 3536 1075 3593 Sed
1117 3542 1385 3597 sustinere
1412 3546 1533 3600 xista
1591 3552 1863 3606 mternita-

281 3618 351 3672 tis
375 3620 537 3675 verba
562 3632 770 3678 mentes
806 3625 1104 3683 infidelium
1140 3647 1245 3688 non
1275 3634 1538 3702 valentes,
1569 3639 1634 3693 ad
1657 3640 1863 3711 lapides

276 3720 522 3765 currunt.
555 3713 793 3784 thuem
821 3719 1119 3792 iute!ligere
1145 3741 1251 3783 non
1292 3737 1565 3795 poterant,
1596 3732 1863 3803 lapidibus

274 3802 507 3856 obruere
538 3807 873 3874 quterebant.
907 3810 1043 3877 Quid
1090 3824 1270 3871 autem
1305 3826 1495 3875 contra
1527 3802 1764 3880 furorem
1788 3828 1862 3881 la-

274 3891 576 3961 pidantium
599 3896 857 3957 Dominus
888 3902 1018 3958 fecit
1040 3934 1063 3971 δ
1092 3909 1400 3964 ostenditur
1442 3927 1570 3968 cum
1608 3920 1863 3985 protinus

276 3983 436 4036 snbin
446 3984 635 4040 fertur.

346 4073 502 4129 Jesus
527 4088 699 4132 autent
729 4080 1071 4140 absconditae
1096 4098 1141 4141 et
1163 4091 1319 4145 exivit
1345 4094 1410 4147 de
1429 4097 1636 4167 templa.
1670 4099 1861 4154 Mirum

282 4162 437 4217 valde
464 4174 567 4229 est,
602 4166 799 4224 fratres
828 4173 1157 4242 charissimi,
1186 4195 1283 4233 cur
1324 4194 1700 4250 persecutores
1739 4205 1866 4244 suos

280 4252 539 4310 Dominus
581 4274 701 4313 sese
736 4262 1117 4322 abscondendo
1145 4270 1533 4339 declinaverit,
1573 4279 1664 4346 qui
1708 4281 1753 4334 si
1778 4282 1866 4334 .di-

279 4344 521 4401 vinitatis
574 4365 684 4406 sua:
727 4356 1023 4425 potentiam
1059 4374 1317 4417 exercere
1364 4365 1622 4423 voluisset
1651 4405 1669 4433 ν
1699 4373 1865 4427 tacito

281 4444 415 4490 nutu
445 4441 642 4507 mentis
686 4443 740 4498 iu
771 4446 884 4502 suis
912 4463 1008 4504 eos
1044 4451 1243 4507 ictibus
1274 4453 1468 4524 ligaret
1488 4492 1509 4521 -,
1545 4470 1637 4513 aut
1670 4462 1724 4517 in
1744 4477 1863 4530 pm-

1974 3273 1991 3305 1
2037 3271 2321 3327 cmperunt
2342 3262 2731 3332 singulidicere
2764 3287 2777 3322 :
2812 3268 3062 3342 Nunquid
3076 3288 3177 3345 ego
3199 3291 3340 3342 sum,
3372 3277 3548 3335 Domi.

1974 3366 1991 3397 1
2040 3349 2139 3403 ne?
2167 3349 2236 3403 At
2268 3350 2383 3423 ipse
2425 3359 2758 3426 respondens
2792 3362 2903 3417 ait:
2934 3363 3038 3431 Qui
3076 3366 3295 3440 intingit
3337 3387 3547 3428 mecum

1974 3457 1990 3488 1
2038 3455 2254 3495 manum
2287 3443 2339 3497 in
2366 3449 2669 3517 paropside,
2690 3450 2777 3507 hic
2807 3469 2891 3508 me
2910 3457 3101 3511 tradet.
3132 3458 3302 3516 Filius
3329 3464 3546 3534 quidem

1973 3545 1991 3576 1
2039 3528 2272 3597 hominis
2303 3536 2442 3589 vadit
2470 3537 2610 3593 sicut
2629 3542 2888 3612 scriptum
2918 3555 3003 3599 est
3023 3547 3087 3601 de
3103 3547 3213 3603 illo.
3246 3551 3338 3608 Va:
3361 3540 3545 3610 autem

1970 3638 1990 3668 1
2037 3622 2242 3677 homini
2270 3625 2342 3679 illi
2384 3644 2486 3697 per
2533 3646 2690 3700 quem
2724 3632 2864 3688 filius
2894 3636 3128 3694 hominis
3156 3644 3417 3699 tradetur.
3447 3646 3551 3701 Bo-

1972 3730 1990 3762 1
2039 3728 2167 3769 nun:
2195 3725 2314 3770 erat
2340 3719 2388 3773 ei
2424 3720 2467 3773 si
2503 3732 2661 3777 natus
2696 3740 2802 3779 non
2850 3726 3040 3783 fuisset
3075 3732 3236 3790 homo
3266 3735 3371 3790 ille.
3418 3736 3553 3795 Res-

1973 3820 1991 3850 1
2035 3803 2276 3870 pendens
2306 3808 2668 3867 autemJudas
2695 3816 2785 3884 qui
2805 3819 3024 3874 tradidit
3055 3838 3176 3877 eum
3199 3825 3336 3881 dixit
3364 3847 3376 3881 :
3407 3829 3550 3885 Nun-

1972 3909 1989 3938 1
2037 3893 2163 3961 quid
2187 3911 2284 3965 ego
2314 3914 2456 3963 smn,
2476 3900 2680 3957 Rabbi?
2700 3906 2789 3960 Ait
2810 3906 2912 3962 illi:
2939 3908 3018 3965 Tu
3042 3913 3245 3969 dixisti.
3271 3916 3550 3976 (imitanti—

1973 4000 1989 4031 1
2037 3984 2137 4039 bus
2175 3995 2353 4042 autem
2397 3990 2499 4045 illis
2530 4034 2544 4056 ,
2578 3998 2784 4067 accepit
2822 3998 2978 4057 Jesus
3015 4019 3209 4073 panem
3238 4048 3252 4072 ,
3293 4018 3347 4062 et
3383 4010 3547 4067 bene—

1972 4091 1991 4120 1
2035 4073 2170 4127 dixit
2204 4116 2218 4138 ,
2244 4092 2306 4131 ac
2331 4078 2488 4149 fregit
2517 4123 2531 4146 ,
2566 4085 2819 4156 delitque
2860 4090 3136 4163 discipulis
3163 4097 3275 4150 suis
3301 4138 3318 4163 ,
3352 4109 3408 4153 et
3427 4101 3537 4156 ait:

1974 4184 1990 4214 1
2035 4165 2277 4236 Accipite
2303 4180 2355 4223 et
2407 4177 2674 4230 coinedite
2710 4218 2724 4242 ,
2762 4179 2865 4235 hoc
2893 4192 2976 4237 est
3016 4200 3213 4254 corpus
3252 4203 3451 4245 meum.
3481 4194 3548 4249 Et

1975 4274 1992 4305 1
2039 4258 2311 4327 accipiens
2337 4263 2558 4318 calicem
2578 4270 2779 4337 gratias
2804 4274 3001 4343 cgit,et
3024 4275 3170 4331 dedit
3198 4278 3542 4337 illisdicens:

1975 4365 1992 4413 1
2036 4345 2214 4402 Bibite
2244 4366 2307 4404 ex
2340 4354 2440 4407 hoc
2466 4370 2676 4411 omnes.
2710 4358 2809 4414 llic
2835 4372 2919 4416 est
2960 4366 3104 4421 enim
3141 4372 3362 4441 sanguis
3394 4390 3545 4431 meus
3582 4386 3599 4397 ’

1976 4456 1992 4486 1
2043 4437 2175 4492 Novi
2210 4441 2559 4512 'i‘estann‘nti,
2590 4450 2678 4519 qui
2702 4466 2801 4520 pro
2840 4454 3022 4511 multis
3047 4458 3353 4516 eflundetur
3380 4465 3432 4517 in
3463 4484 3545 4521 rc-

279 4540 405 4579 mm
442 4531 629 4587 monis
654 4532 848 4589 suum
871 4537 1141 4597 obrueret.
1181 4541 1285 4598 Sed
1312 4512 1446 4615 Qui“
1476 4512 1583 4619 éa“
1616 4512 1856 4619 νέῶςᾶ
1892 4512 1942 4570 Ι)
1973 4546 1991 4577 1
2038 4529 2346 4585 missionem
2398 4547 2765 4604 peccatorum.
2811 4542 2942 4599 Dico
2989 4557 3169 4603 autem
3213 4553 3402 4608 vobis:
3439 4573 3547 4612 non

277 4633 536 4675 exercere
575 4622 837 4692 judicium
884 4630 1120 4688 nolebat.
1169 4635 1280 4692 Cur
1325 4640 1608 4699 abscondit
1641 4661 1720 4709 se,
1755 4648 1856 4702 nisi

275 4710 424 4779 quod
454 4712 615 4768 homo
642 4715 785 4771 inter
814 4719 1061 4779 homines
1112 4726 1286 4793 factus
1315 4730 1622 4802 redemptor
1650 4746 1854 4803 noster,

272 4800 382 4854 alia
412 4803 566 4859 nobis
602 4807 766 4863 verbo
801 4810 1057 4881 loquitur,
1090 4816 1194 4872 alia
1214 4800 1649 4891 exemplot’ﬁQuid
1675 4800 1866 4885 autem.

280 4892 566 4950 nobishoc
612 4902 859 4969 exetuplo
888 4903 1151 4975 loquitur,
1189 4911 1291 4966 nisi
1338 4916 1583 4973 utetiam
1623 4933 1691 4977 cu
1714 4936 1745 4971 ιι
1772 4935 1857 4973 re-

274 4985 475 5040 sistere
501 5000 812 5059 possumus,
844 4996 978 5052 iram
1002 5001 1432 5068 superbiendum
1462 5006 1743 5064 humiliter
1765 5011 1859 5066 de-

279 5072 574 5137 clinemus?

273 5203 526 5262 lNCiPlT
546 5208 794 5272 PASSIO
822 5217 1055 5275 DOMINI
1086 5222 1337 5281 NOSTRI
1366 5225 1532 5285 JESU
1562 5230 1855 5289 CHRISTI.

292 5368 295 5371 ,
386 5318 656 5391 (Matt/uri
677 5343 791 5398 cap.
832 5344 995 5397 xxw;
1040 5332 1210 5390 Marci
1239 5354 1363 5405 .vtv;
1399 5339 1555 5395 Luca:
1592 5346 1752 5418 xm.)

358 5450 377 5482 1
416 5432 583 5493 Scitis
628 5440 754 5509 quia
788 5452 909 5513 post
949 5447 1171 5503 biduum
1206 5451 1415 5509 Pascha
1444 5455 1572 5523 ﬁet,
1616 5468 1671 5514 et
1717 5460 1860 5515 ﬁlius

280 5543 303 5573 1
350 5524 591 5584 hominis
614 5532 858 5588 tradetur
886 5544 945 5589 ut
967 5539 1334 5610 crucifigatur.
1367 5544 1519 5601 Tune
1549 5554 1857 5621 congregati

284 5634 304 5666 1
351 5626 478 5673 sunt
522 5622 793 5692 principes
824 5630 1166 5685 sacerdotum
1217 5642 1272 5688 et
1301 5638 1543 5691 seniores
1590 5644 1768 5710 populi
1803 5645 1857 5699 in

284 5725 303 5758 ι
347 5711 546 5767 atrium
585 5716 843 5786 principis
871 5722 1211 5778 sacerdotum
1236 5759 1257 5787 ν
1298 5728 1389 5797 qui
1437 5730 1719 5787 dicebatur
1744 5736 1862 5790 Cai-

569 5806 841 5868 Pu'nor.
882 5810 1012 5871 Cll.

1490 5904 1499 5935 γ’

1970 4643 1988 4669 1
2038 4621 2215 4675 bibam
2269 4629 2462 4681 aznoio
2504 4628 2571 4682 de
2616 4631 2718 4686 hoc
2768 4636 3040 4703 genimine
3087 4642 3209 4696 vitis
3262 4660 3433 4715 usque
3485 4648 3539 4701 in
3606 4712 3611 4719 ε

1972 4730 1988 4759 1
2038 4714 2179 4770 diem
2214 4716 2360 4771 illum
2387 4761 2401 4784 ,
2431 4737 2551 4776 cum
2582 4722 2711 4780 illud
2750 4728 2927 4784 bibam
2955 4733 3228 4788 vobiscum
3267 4753 3460 4792 novum
3492 4742 3543 4794 in

1972 4820 1990 4851 1
2040 4820 2201 4877 regno
2231 4806 2407 4863 Patris
2450 4813 2572 4866 mei.
2624 4815 2687 4867 Et
2729 4816 2929 4886 hymno
2957 4821 3101 4875 dicto
3128 4864 3143 4886 ,
3196 4827 3447 4883 exierunt
3492 4833 3542 4885 in

1969 4914 1988 4945 1
2029 4909 2264 4953 montem
2320 4901 2533 4957 Oliveti.
2566 4905 2719 4961 Tunc
2769 4910 2905 4965 dixit
2954 4911 3057 4967 illis
3082 4914 3241 4973 Jesus
3278 4937 3289 4971 :
3344 4919 3549 4976 Omnes

1970 5005 1988 5036 1
2038 5003 2130 5043 vos
2177 4993 2488 5047 scandalum
2537 4998 2815 5066 patiemini
2875 5003 2925 5056 in
2975 5021 3060 5059 me
3101 5008 3152 5061 in
3214 5010 3313 5064 ista
3364 5026 3543 5070 nocte.

1970 5095 1988 5126 1
2036 5078 2308 5149 Scriptqu
2338 5093 2419 5137 est
2448 5086 2593 5166 enim
2626 5107 2637 5140 :
2672 5088 2978 5148 Percu:iam
3008 5107 3280 5165 pastorem
3306 5144 3320 5166 ,
3352 5113 3407 5158 et
3437 5107 3548 5160 dis--

1969 5189 1986 5219 1
2033 5182 2323 5241 pergentur
2351 5191 2478 5229 oves
2502 5161 2697 5249 gregis.
2720 5182 3011 5254 Postquam
3027 5201 3205 5246 autem
3234 5198 3543 5260 surrexcrti,

1973 5277 1989 5309 t
2036 5264 2334 5329 pnreedam
2378 5281 2472 5320 vos
2515 5269 2567 5321 in
2608 5268 2900 5331 Galilmam.
2966 5276 3318 5350 Respondens
3363 5297 3543 5343 autent

1970 5367 1988 5399 1
2038 5350 2229 5407 Petrus
2267 5353 2341 5407 ait
2382 5355 2452 5409 illi
2491 5377 2503 5411 :
2547 5359 2612 5413 Et
2638 5361 2682 5416 si
2730 5380 2918 5421 omnes
2960 5371 3305 5427 scandalizati
3346 5374 3546 5431 fuerint
3579 5436 3585 5442 ,

1974 5461 1991 5491 1
2040 5443 2091 5495 in
2118 5452 2192 5509 te,
2219 5461 2317 5515 ego
2354 5464 2628 5518 nunquam
2662 5456 3091 5516 scandalizabor.
3132 5464 3222 5519 Ait
3243 5464 3316 5519 illi
3340 5463 3535 5524 Jesus:

1973 5554 1989 5584 1
2036 5535 2206 5589 Amen
2240 5538 2362 5593 dico
2378 5539 2494 5605 tibi,
2521 5542 2645 5611 quia
2673 5543 2727 5599 in
2753 5545 2854 5601 hac
2884 5560 3042 5605 nocte
3059 5561 3347 5623 antequam
3369 5557 3542 5629 gallus

1974 5644 1990 5675 1
2015 5634 2249 5693 ’cantet,
2276 5637 2358 5683 ter
2387 5645 2471 5684 me
2492 5634 2733 5702 negabis.
2773 5636 2863 5690 Ait
2888 5638 2959 5692 illi
2987 5640 3180 5695 Petrus
3211 5662 3222 5696 :
3259 5645 3432 5700 Etiam
3493 5649 3541 5701 si

1974 5738 1991 5766 1
2039 5722 2339 5788 oportuerit
2376 5738 2461 5779 me
2496 5727 2631 5780 mori
2687 5738 2857 5785 tecum
2892 5773 2904 5794 ,
2948 5749 3053 5785 non
3090 5748 3140 5784 te
3181 5745 3407 5805 negabo.
3456 5738 3542 5792 Si-

3146 5846 3184 5904 ϐ
