3978 6484
495 375 584 435 m
1769 366 2047 428 snauac

2160 364 2451 427 ABBATIS

3638 370 3741 432 v72
3765 448 3778 462 .

493 511 513 544 ι
560 492 758 546 militcr
796 499 851 544 et
898 504 1085 543 omnes
1130 478 1373 557 discipuli
1408 486 1678 542 dixerunt.
1711 486 1861 541 Tunc
1908 486 2053 541 venit
2081 493 2128 551 Α
2163 505 2179 535 ι
2217 495 2271 539 et
2295 495 2415 554 post
2446 485 2680 539 trilnnm
2709 486 3035 542 reaediiiearc
3063 488 3211 544 illud.
3244 489 3310 545 Et
3333 496 3562 563 surgens
3579 494 3738 563 'prin-

494 597 514 633 ι
554 580 713 638 Iesus
737 595 858 634 cum
894 577 999 632 illis
1025 577 1080 632 in
1106 577 1287 631 villam
1316 592 1435 647 qua:
1460 577 1660 632 dicitur
1683 576 2053 641 Gethsemaui,

497 691 511 725 ι
554 682 609 729 et
637 672 771 728 dixit
797 669 1072 742 discipulis
1100 670 1213 725 suis
1247 687 1259 723 :
1288 667 1484 725 Sedete
1509 669 1620 736 hic,
1657 670 1826 725 donec
1863 670 2055 724 vadam

496 780 514 812 ι
560 760 685 817 illuc
723 768 779 815 et
818 774 990 816 orem.
1014 759 1085 815 Et
1112 768 1391 829 assumpto
1412 758 1575 815 Petro
1596 768 1653 814 et
1684 759 1893 815 duobus
1933 760 2058 816 filiis

493 873 508 904 ι
557 852 819 918 Zebedmi,
853 851 1022 923 coepit
1046 851 1357 907 contristazi
1395 858 1450 905 et
1478 858 1704 905 moestus
1739 866 1876 905 esse.
1907 848 2057 906 Tunc

492 963 512 996 ι
555 946 633 1001 ait
657 943 802 1000 illis:
834 943 1031 1000 Tristis
1079 951 1165 999 est
1209 942 1389 998 anima
1420 955 1540 996 mea
1590 957 1761 1012 usque
1811 942 1880 997 ad
1916 957 2059 997 mor-

491 1058 510 1091 ι
543 1047 675 1096 tem.
711 1036 986 1095 Sustinete
1032 1035 1123 1091 hic
1172 1041 1229 1091 et
1273 1033 1491 1106 vigilate
1526 1048 1758 1089 mecum.
1808 1033 1876 1088 Et
1932 1048 2059 1104 pro—

491 1148 510 1181 c
547 1144 765 1201 gressus
790 1126 1037 1198 pusillum
1067 1125 1300 1196 procidit
1326 1124 1380 1179 in
1405 1123 1598 1181 faciem
1638 1140 1793 1180 suam
1817 1140 1980 1180 orans
2001 1133 2058 1181 et

491 1237 510 1269 ι
552 1219 778 1275 dicens:
811 1215 881 1271 Mi
908 1215 1072 1271 Pater
1098 1256 1115 1281 ,
1139 1216 1185 1271 si
1219 1215 1476 1286 possibile
1510 1223 1613 1282 est,
1640 1222 1879 1270 transeat
1912 1230 1944 1269 a
1970 1230 2059 1271 me

489 1327 507 1360 ι
553 1309 693 1365 calix
720 1309 843 1365 iste.
891 1306 1273 1364 Verumtamen
1306 1321 1415 1360 non
1449 1304 1591 1359 sicut
1638 1319 1738 1378 ego
1771 1304 1893 1360 volo
1916 1345 1932 1370 ,
1963 1304 2058 1360 sed

489 1419 509 1452 ο
554 1400 694 1457 sicut
714 1408 792 1455 tu.
824 1399 892 1454 Et
914 1399 1063 1454 venit
1084 1398 1150 1454 ad
1174 1397 1466 1470 discipulos
1501 1413 1631 1453 suos
1656 1405 1711 1452 et
1734 1397 1939 1454 invenit
1964 1413 2060 1454 eos

487 1510 505 1541 ι
552 1489 897 1547 dormientes.
924 1489 991 1545 Et
1015 1488 1147 1544 dicit
1178 1487 1341 1544 Petro
1374 1507 1387 1542 :
1420 1487 1514 1544 Sic
1542 1504 1647 1544 non
1676 1488 1930 1558 potuistis
1951 1504 2058 1545 una

490 1601 508 1634 ι
551 1581 683 1638 hora
728 1580 953 1655 vigilare
978 1579 1236 1637 mecum!
1275 1580 1502 1652 Vigilate
1528 1587 1585 1635 et
1617 1588 1771 1636 orate
1798 1621 1813 1647 ,
1842 1589 1903 1636 ut
1949 1597 2055 1637 non

490 1692 509 1723 ι
555 1671 765 1727 intretis
791 1671 844 1726 in
876 1670 1250 1726 tentationem.
1282 1667 1517 1741 S‘piritus
1533 1671 1751 1740 quidem
1778 1678 2059 1741 promptus

484 1784 503 1815 ι
549 1772 633 1820 εει
664 1804 678 1829 ,
706 1779 835 1818 caro
886 1771 1067 1817 autem
1095 1760 1329 1816 infirma.
1367 1760 1567 1816 lterum
1598 1762 1834 1816 secundo
1876 1761 2054 1827 abiit,

2161 595 2178 626 ι
2214 591 2341 645 ceps
2369 576 2740 638 sacerdotum.
2774 578 2851 631 ait
2892 578 2968 631 illi
3003 597 3015 632 :
3051 577 3192 634 Nihil
3226 582 3523 650 respondes
3565 583 3633 637 ad
3676 600 3738 638 ea

2159 682 2179 717 ι
2212 679 2333 736 quae
2380 665 2470 720 isti
2521 666 2911 723 testificantur?
2956 667 3114 725 Iesus
3162 680 3343 727 autem
3391 674 3620 729 tacebat.
3676 676 3739 731 Et

2161 773 2180 806 ι
2211 755 2462 826 princeps
2488 758 2828 813 sacerdotum
2865 759 2945 814 ait
2971 759 3047 814 illi
3081 777 3096 815 :
3128 760 3333 833 Adiuro
3364 771 3417 819 te
3443 779 3541 834 per
3572 767 3740 822 Deum

2160 865 2180 898 ι
2213 845 2418 912 vivum,
2447 855 2507 901 ut
2534 848 2683 904 dicas
2709 850 2889 917 nobis,
2921 853 2968 907 si
2995 858 3053 907 tu
3079 868 3141 909 es
3164 853 3417 911 Christus
3446 857 3587 915 illius
3622 859 3736 915 Dei.

2161 956 2181 989 ι
2213 937 2361 994 Dixit
2393 938 2471 995 illi
2504 938 2700 997 Iesus:
2733 940 2812 996 Tu
2842 943 3048 999 dixisti.
3078 944 3461 1003 Verumtamen
3499 949 3623 1007 dico
3649 966 3735 1007 vo-

2159 1029 2184 1080 c’
2214 1028 2300 1084 bis
2345 1046 2363 1084 :
2410 1029 2621 1086 Amodo
2668 1032 2920 1089 videbitis
2959 1033 3128 1092 tilium
3154 1037 3402 1095 hominis
3463 1041 3741 1098 sedentem

2161 1135 2180 1169 ι
2213 1135 2245 1174 a
2287 1120 2493 1176 dextris
2534 1122 2753 1178 virtutis
2790 1124 2917 1190 Dei,
2958 1133 3016 1181 et
3056 1126 3365 1183 venientem
3410 1128 3466 1184 in
3509 1132 3741 1188 nubibus

2163 1224 2183 1258 ι
2218 1208 2361 1263 coeli.
2393 1209 2544 1265 Tunc
2568 1210 2818 1282 princeps
2843 1215 3182 1271 sacerdotum
3220 1216 3384 1291 scidit
3422 1221 3739 1278 vestimenta

2164 1315 2182 1349 σ
2216 1312 2315 1353 sua
2360 1299 2547 1356 dicens
2589 1319 2602 1353 :
2648 1301 3082 1373 Blaspbemavit,
3123 1306 3252 1377 quid
3295 1307 3476 1365 adhuc
3520 1325 3743 1383 egemus

2165 1406 2183 1438 ι
2217 1389 2484 1445 testibus?
2527 1390 2663 1446 Ecce
2701 1408 2846 1448 nunc
2884 1395 3113 1452 audistis
3149 1396 3561 1467 blasphemiam.
3604 1400 3741 1469 Quid

2163 1497 2183 1529 ί
2214 1480 2367 1535 vobis
2389 1481 2638 1536 videtur?
2654 1483 2725 1537 At
2751 1483 2825 1539 illi
2850 1488 3254 1557 respondentes,
3279 1492 3570 1549 dixerunt?
3595 1495 3739 1553 Reus

2163 1587 2181 1621 ι
2215 1578 2300 1624 εει
2321 1571 2528 1626 mortis.
2560 1572 2712 1629 Tunc
2749 1585 3051 1645 expueruut
3079 1579 3131 1633 in
3155 1578 3347 1636 faciem
3371 1581 3506 1650 ejus,
3530 1592 3584 1638 et
3604 1588 3743 1640 cola-

2164 1676 2183 1709 ι
2215 1659 2338 1728 phis
2364 1674 2489 1715 eum
2531 1662 2864 1729 ceciderunt,
2898 1665 2989 1720 alii
3019 1676 3196 1723 autem
3225 1670 3434 1740 palmas
3464 1673 3517 1728 in
3552 1675 3739 1732 faciem

2165 1768 2184 1800 ι
2218 1749 2336 1819 ejus
2378 1750 2664 1818 dederunt,
2693 1753 2936 1812 dicentes
2964 1774 2978 1811 :
3013 1757 3335 1830 Prophctiza
3367 1763 3543 1831 nobis,
3586 1765 3743 1821 Chri-

482 1877 501 1909 ι
548 1865 604 1913 ει
628 1856 806 1911 oravit
871 1853 1059 1910 dicens
1086 1872 1099 1907 :
1134 1851 1296 1907 Pater
1344 1852 1417 1907 mi
1445 1892 1461 1918 ,
1506 1852 1551 1907 si
1595 1868 1702 1907 non
1740 1859 1921 1923 potest
1967 1851 2057 1908 hic
2083 1853 2130 1913 Β
2164 1856 2184 1888 α
2215 1846 2318 1904 ste,
2349 1841 2471 1910 quis
2495 1851 2579 1896 est
2606 1844 2698 1913 qui
2728 1854 2779 1899 te
2802 1848 3110 1915 percussit?
3146 1848 3339 1907 Petrus
3367 1869 3495 1909 vero
3522 1856 3744 1911 sedebat

484 1968 502 1998 ι
550 1947 693 2003 calix
714 1944 947 2000 transire
977 1944 1082 2000 nisi
1110 1942 1292 1999 bibam
1320 1942 1468 1997 illum
1494 1983 1509 2008 ,
1548 1942 1646 1997 fiat
1672 1943 1921 1997 voluntas
1940 1950 2051 1997 tua.

484 2057 502 2088 ι
549 2037 618 2092 Et
642 2034 792 2091 venit
813 2034 1033 2105 iterum,
1063 2041 1121 2088 et
1141 2031 1347 2087 invenit
1376 2047 1471 2087 eos
1498 2032 1852 2088 dormientes.
1885 2031 2056 2087 Erant

480 2145 498 2177 ι
546 2133 728 2181 autem
753 2124 895 2180 oculi
921 2138 1106 2179 eorum
1138 2123 1366 2196 gravati.
1399 2123 1467 2178 Et
1486 2123 1690 2178 relictis
1716 2122 2054 2190 illis,iterum

482 2235 500 2266 ι
547 2215 683 2271 abiit
700 2223 755 2271 et
782 2214 959 2269 oravit
985 2214 1146 2270 tertio
1184 2215 1433 2269 eumdem
1466 2230 1774 2271 sermonem
1824 2216 2050 2271 dicens:

482 2324 500 2355 ι
552 2303 703 2361 Τυηε
722 2306 872 2361 venit
894 2305 962 2361 ad
992 2304 1286 2375 discipulos
1307 2320 1467 2373 suos,
1489 2314 1545 2362 et
1572 2307 1710 2362 dixit
1741 2306 1881 2362 illis:
1920 2308 2053 2363 Dor-

478 2413 497 2445 ι
536 2395 667 2452 mite
708 2403 764 2451 et
817 2394 1162 2466 requiescite.
1204 2394 1343 2450 Ecce
1393 2397 1846 2468 appropinquavit
1897 2398 2052 2462 hora,

477 2509 494 2539 ι
533 2497 589 2544 ει
626 2487 769 2545 illius
804 2486 1042 2543 hominis
1084 2486 1330 2542 tradetur
1362 2487 1418 2542 in
1457 2504 1650 2545 manus
1682 2499 2051 2559 peccatorum.

477 2599 496 2632 ι
536 2580 751 2650 Surgite
776 2594 983 2643 eamus,
1029 2591 1157 2633 ecce
1197 2578 1648 2650 appmpinquavit
1685 2580 1776 2649 qui
1817 2594 1903 2634 me
1948 2589 2056 2634 tra-

479 2687 497 2719 ι
536 2655 645 2723 det.
674 2667 867 2723 Adhuc
892 2681 960 2723 eo
993 2665 1272 2738 loquente,
1298 2681 1424 2723 ecce
1448 2666 1633 2733 Iudas,
1672 2685 1809 2723 unus
1835 2670 1900 2725 de
1925 2670 2059 2725 duo-

478 2777 497 2809 ‹
534 2757 730 2823 decim,
762 2756 935 2823 venit,
961 2766 1018 2813 et
1046 2773 1171 2813 cum
1196 2771 1263 2812 eo
1293 2759 1448 2813 turba
1485 2758 1650 2812 multa
1669 2800 1684 2823 ,
1714 2775 1835 2814 cum
1865 2759 2057 2830 gladiis

480 2869 498 2901 ι
535 2860 590 2904 ει
616 2847 869 2914 fustibus,
896 2849 1047 2905 missi
1077 2864 1108 2904 a
1132 2848 1467 2920 principibus
1512 2851 1852 2905 sacerdotum
1883 2862 1937 2906 et
1972 2868 2058 2907 se-

477 2959 494 2991 c
533 2940 779 2994 nioribus
821 2938 1024 3011 populi.
1075 2938 1177 3007 Qui
1222 2946 1401 2994 autem
1449 2939 1665 2995 tralidit
1710 2954 1863 3001 eum.
1910 2940 2058 2996 dedit

474 3051 492 3083 ι
529 3031 634 3088 illis
659 3032 893 3103 signum,
916 3032 1138 3088 dicens:
1165 3031 1551 3103 Quemcunque
1577 3034 1850 3089 osculatus
1880 3032 2053 3099 fuero,

473 3146 491 3179 ι
528 3126 642 3197 ipse
683 3133 800 3192 est,
847 3134 1031 3182 tenete
1070 3142 1217 3182 cum.
1260 3127 1330 3182 Et
1368 3126 1651 3183 confestim
1690 3128 1954 3183 accedens
1989 3127 2058 3182 ad

2164 1948 2183 1981 ι
2217 1928 2350 1987 foris
2381 1932 2435 1987 in
2463 1934 2624 1989 atrio.
2661 1935 2730 1989 Et
2753 1938 2987 1993 accessit
3013 1940 3081 1994 ad
3110 1956 3232 1996 eum
3271 1960 3374 1998 una
3414 1946 3633 2013 ancilla,
3664 1949 3744 2003 di-

2163 2041 2184 2072 c
2215 2037 2345 2078 cens
2371 2041 2385 2078 :
2417 2024 2482 2078 Et
2508 2033 2567 2079 tu
2592 2041 2713 2081 cum
2739 2026 2962 2085 Galilzeo
2997 2032 3156 2087 eras?
3182 2033 3252 2088 At
3282 2035 3374 2114 ille
3407 2040 3624 2108 negavit
3652 2056 3741 2095 co-

2164 2131 2182 2163 σ
2218 2129 2332 2168 ram
2373 2116 2627 2172 omnibus
2654 2118 2879 2175 dicens:
2914 2120 3107 2178 Nescio
3143 2127 3273 2195 quid
3314 2128 3467 2184 dicis.
3501 2130 3743 2188 Exeunte

2164 2221 2182 2253 ι
2218 2211 2398 2260 autem
2437 2202 2528 2260 illo
2547 2204 2799 2274 januam,
2845 2211 2980 2266 vidit
3012 2228 3135 2269 eum
3174 2217 3278 2271 alia
3311 2220 3538 2286 ancilla,
3576 2232 3631 2278 et
3667 2224 3744 2277 ait

2162 2309 2185 2343 ο
2216 2293 2301 2349 his
2326 2295 2417 2364 qui
2444 2305 2603 2351 erant
2627 2297 2699 2352 ibi
2727 2316 2740 2352 :
2770 2299 2839 2354 Et
2873 2301 2962 2357 hic
2983 2313 3103 2358 erat
3129 2320 3252 2361 cum
3277 2305 3405 2364 Iesu
3433 2308 3740 2367 Nazarene.

2164 2401 2182 2435 ι
2216 2384 2285 2441 Ει
2323 2384 2519 2441 iterum
2559 2388 2774 2460 negavit
2799 2405 2921 2446 cum
2957 2392 3289 2464 juramento,
3320 2401 3444 2470 quia
3474 2416 3580 2458 nou
3615 2404 3741 2458 uovi

2162 2493 2182 2525 ι
2214 2475 2508 2531 hominem.
2554 2478 2621 2533 Et
2665 2490 2786 2550 post
2820 2484 3096 2553 pusillum,
3125 2501 3471 2547 accesserunt
3511 2496 3602 2563 qui
3647 2497 3734 2550 ad-

2163 2581 2182 2613 ι
2217 2564 2451 2629 stabant,
2479 2576 2533 2621 et
2562 2569 2814 2625 dixerunt
2838 2572 3028 2630 Petro.
3063 2578 3223 2644 Vere,
3250 2589 3305 2635 et
3342 2590 3397 2636 tu
3430 2598 3497 2638 ex
3528 2584 3635 2641 illis
3661 2602 3743 2653 es,

2164 2672 2183 2703 ι
2217 2669 2342 2708 nam
2372 2664 2428 2711 et
2455 2657 2665 2727 loquela
2695 2670 2782 2716 tua
2811 2665 3155 2722 manifestum
3184 2680 3235 2724 te
3270 2670 3417 2727 facit.
3450 2672 3601 2730 Tunc
3625 2678 3741 2731 cte-
3818 2668 3825 2673 ’

2163 2762 2182 2794 σ
2215 2746 2296 2816 pit
2327 2747 2585 2804 detestari
2612 2752 2870 2821 etjurare
2894 2758 3017 2826 quia
3041 2775 3148 2815 non
3181 2763 3419 2819 novisset
3442 2765 3740 2823 hominem.

2161 2854 2181 2887 ι
2215 2837 2283 2892 Ει
2315 2841 2574 2897 continuo
2601 2846 2844 2901 cantavit
2875 2848 3063 2918 gallus.
3096 2851 3163 2907 Et
3194 2855 3507 2912 recordatus
3529 2867 3614 2913 est
3640 2859 3713 2914 Pe
3733 2891 3745 2901 ο

2162 2948 2182 2978 ι
2218 2938 2334 2985 trus
2371 2932 2520 2987 verbi
2557 2931 2687 2990 Iesu
2724 2937 2869 3006 quod
2909 2938 3119 2996 dixerat
3164 2956 3179 2995 :
3221 2942 3544 3015 Priusquam
3575 2949 3748 3017 gallus

2162 3039 2182 3072 ι
2216 3032 2418 3088 cantet,
2465 3034 2548 3080 ter
2593 3041 2681 3082 me
2728 3030 2967 3098 negabis.
3012 3031 3079 3086 Et
3121 3048 3369 3103 egressus
3412 3038 3559 3094 foras
3601 3039 3747 3098 flevit

2163 3132 2183 3164 ι
2219 3129 2422 3169 amare.
2458 3115 2615 3171 Mane
2642 3127 2823 3173 autem
2854 3119 3018 3187 facto,
3050 3125 3332 3179 consilium
3364 3128 3603 3186 inierunt
3627 3149 3746 3187 om-

472 3237 491 3269 ι
524 3216 743 3286 Iesum,
783 3219 920 3275 dixit
950 3238 963 3272 :
996 3218 1127 3283 Ave,
1152 3218 1348 3286 Rabbi,
1383 3228 1440 3276 et
1477 3219 1755 3275 osculatus
1789 3227 1872 3274 est
1906 3234 2050 3283 eum,
2081 3209 2125 3270 C
2162 3219 2182 3252 ⁸
2219 3217 2314 3257 "es
2359 3205 2630 3274 ρτὶιιοίρθε
2672 3209 3041 3277 sacerdotum.
3087 3222 3145 3268 el
3191 3215 3437 3274 seniores
3484 3222 3751 3280 adversus

472 3327 490 3361 ι
526 3308 769 3380 dixitque
829 3308 904 3362 illi
972 3306 1131 3363 Iesus
1180 3326 1193 3362 :
1243 3309 1466 3373 Amice,
1529 3309 1599 3363 ad
1644 3308 1772 3378 quid
1819 3308 2053 3362 venisti?

471 3421 490 3454 ι
525 3400 680 3456 Tunc
707 3408 1088 3464 accesserunt,
1126 3408 1182 3454 et
1217 3415 1406 3454 manus
1447 3398 1747 3469 iniecerunt
1782 3400 1837 3454 in
1868 3398 2053 3454 Iesum

472 3510 490 3542 ι
524 3500 580 3545 ει
609 3497 902 3546 tenuerunt
936 3504 1079 3544 eum.
1119 3488 1187 3544 Et
1215 3503 1341 3543 ecce
1379 3506 1518 3544 unus
1543 3507 1610 3545 ex
1650 3490 1736 3544 his
1770 3489 1861 3559 qui
1899 3498 2056 3546 erant

472 3602 492 3636 ι
524 3597 648 3637 cum
684 3578 843 3647 Iesu,
873 3582 1173 3635 extendens
1205 3596 1422 3635 manum
1451 3581 1651 3635 exemit
1685 3580 1918 3651 gladium
1939 3621 1954 3646 ,
2000 3590 2057 3636 ct

439 3682 443 3686 '
473 3694 497 3726 ι
526 3674 835 3744 percutiens
863 3688 1080 3728 servum
1107 3672 1371 3743 principis
1401 3675 1740 3728 sacerdotum
1762 3713 1778 3737 ,
1810 3683 2055 3744 amputa-

472 3783 491 3815 ι
528 3765 607 3819 vit
641 3762 937 3818 auriculam
967 3763 1103 3833 ejus.
1146 3762 1298 3818 Tunc
1333 3764 1411 3818 ait
1445 3764 1519 3819 illi
1560 3763 1757 3820 Iesus:
1790 3765 2056 3820 Converte

473 3875 491 3906 ι
528 3856 764 3927 gladium
806 3863 955 3910 tuum
998 3855 1052 3909 in
1102 3854 1280 3910 locum
1322 3870 1496 3920 suum,
1541 3872 1731 3911 omnes
1775 3856 1919 3911 enim
1959 3856 2052 3929 qui

418 3984 428 3997 κ
474 3970 491 3997 ι
529 3947 838 4020 acceperint
866 3947 1102 4018 gladium
1130 3946 1307 4020 gladio
1333 3948 1604 4018 peribunt.
1633 3946 1715 4001 An
1743 3956 1903 4018 putas
1928 3948 2052 4017 quia

473 4058 490 4089 ι
529 4054 636 4093 non
679 4053 899 4108 possum
947 4052 1139 4109 rogare
1179 4038 1392 4093 Patrem
1438 4053 1636 4105 meum,
1682 4046 1738 4093 et
1778 4038 2055 4094 exhibebit

473 4151 490 4182 ι
528 4130 661 4186 mihi
700 4131 858 4185 moio
897 4129 1016 4201 plus
1051 4145 1213 4200 quam
1244 4130 1524 4186 duodecim
1563 4131 1801 4203 legiones
1837 4132 2054 4204 angelo-

472 4241 491 4274 ο
529 4223 689 4277 rum?
719 4221 999 4290 Quomodo
1025 4237 1154 4293 ergo
1181 4220 1545 4291 implebuntur
1561 4222 1888 4292 Scripturze?
1924 4227 2050 4294 quia

473 4335 489 4363 ι
528 4315 606 4368 sic
634 4323 848 4384 oportet
886 4313 1020 4368 fieri.
1064 4310 1119 4366 lo
1161 4312 1251 4368 illa
1294 4314 1427 4368 hora
1457 4313 1593 4368 dixit
1628 4313 1787 4370 Iesus
1826 4315 2000 4370 turbis
2032 4332 2046 4369 :

475 4427 496 4454 ι
533 4406 812 4476 Tanquam
844 4405 910 4459 ad
941 4405 1206 4460 latronem
1235 4406 1425 4460 existis
1452 4421 1575 4460 cum
1600 4404 1792 4475 gladiis
1815 4414 1870 4460 et
1899 4404 2053 4460 fusti-

474 4518 491 4549 ι
529 4499 629 4553 bus
657 4496 1115 4567 comprehendere
1152 4511 1269 4561 me,
1309 4496 1548 4566 quotidie
1587 4498 1732 4567 apud
1761 4512 1859 4552 vos
1898 4498 2051 4552 sede-

475 4611 490 4638 σ
529 4591 657 4644 bam
692 4590 891 4644 docens
927 4588 980 4642 in
1021 4585 1238 4656 templo,
1275 4593 1330 4640 ct
1357 4601 1464 4640 non
1503 4600 1591 4640 me
1630 4587 1899 4641 tenuistis.
1938 4585 2050 4641 Hoc

475 4701 490 4727 ι
527 4689 706 4734 autem
732 4686 907 4730 totum
934 4674 1139 4731 factum
1159 4683 1261 4741 est,
1287 4682 1346 4729 ut
1388 4674 1740 4745 implerentur
1758 4675 2052 4745 Scriptum:

477 4754 493 4814 ἆ
531 4768 937 4839 prophetarum.
998 4766 1150 4821 Tunc
1206 4765 1454 4836 discipuli
1499 4781 1718 4831 omnes,
1759 4766 1945 4821 relicto
1984 4782 2051 4822 eo

479 4878 493 4906 ι
532 4858 803 4928 fugerunt.
844 4856 916 4912 At
952 4855 1024 4910 illi
1078 4864 1321 4912 tenentes
1356 4854 1574 4923 Iesum,
1614 4857 1884 4912 duxerunt
1925 4873 2048 4913 eum

478 4968 493 4993 ι
530 4948 596 5001 ad
624 4945 878 5017 Caipham
899 4986 913 5011 ,
943 4945 1239 5016 principem
1265 4947 1630 5012 sacerdotum,
1658 4948 1747 5002 ubi
1775 4936 1968 5003 scriba:
1994 4956 2052 5003 ει

477 5057 493 5086 ι
531 5037 770 5092 seniores
820 5045 1201 5093 convenerant.
1251 5037 1445 5093 Petrus
1494 5049 1672 5094 autem
1724 5042 2049 5111 sequebatur

479 5146 495 5175 ι
531 5143 653 5181 cum
683 5142 715 5181 a
747 5126 922 5199 longe,
965 5143 1135 5198 usque
1174 5128 1227 5184 in
1267 5129 1465 5184 atrium
1504 5130 1763 5202 principis
1799 5133 2048 5188 sacerdo-

478 5237 495 5267 s
532 5226 663 5271 tum.
696 5216 761 5271 Et
790 5216 1063 5289 ingressus
1091 5218 1252 5285 intro,
1285 5219 1507 5275 sedebat
1539 5237 1660 5276 cum
1696 5222 1955 5279 ministris
1988 5233 2048 5278 ut

477 5326 493 5355 ι
531 5307 736 5363 videret
793 5305 973 5363 finem.
1036 5307 1311 5381 Principes
1366 5319 1546 5367 autern
1593 5314 1933 5369 sacerdotum
1994 5324 2050 5369 et

478 5416 498 5448 ι·
528 5413 690 5454 οηηιε
753 5397 1036 5454 concilium
1091 5400 1402 5471 quaerebant
1443 5402 1636 5458 falsum
1684 5406 2045 5461 testimonium

477 5509 496 5537 ι
529 5497 716 5544 contra
746 5485 951 5554 Iesum,
979 5498 1038 5544 ut
1062 5505 1185 5546 cum
1216 5494 1375 5547 morti
1405 5496 1698 5550 traderent.
1734 5497 1801 5550 Et
1833 5514 1938 5552 non
1968 5499 2051 5553 in—

480 5600 496 5630 e
536 5590 829 5649 venerunt,
859 5599 980 5639 cum
1010 5583 1159 5639 multi
1189 5584 1310 5640 falsi
1343 5593 1508 5642 testes
1540 5589 1910 5644 accessissent.
1944 5589 2049 5645 Νο-

479 5696 497 5723 ι
534 5674 749 5732 vissimc
782 5684 962 5731 autem
995 5689 1256 5732 venerunt
1289 5678 1395 5732 duo
1431 5677 1548 5735 falsi
1582 5688 1776 5746 testes,
1814 5692 1868 5736 et
1900 5682 2049 5738 dixe-

537 5774 657 5820 runt
685 5785 697 5820 :
734 5767 830 5822 llic
858 5769 994 5824 dixit
1027 5787 1039 5821 :
1081 5768 1302 5826 Possum
1344 5772 1617 5826 destruere
1645 5775 1898 5837 templum
1931 5775 2044 5842 Dei,

2161 3309 2185 3342 ο
2212 3290 2424 3353 Iesum.
2460 3304 2519 3349 ut
2545 3309 2674 3350 eum
2710 3301 2866 3354 morti
2912 3303 3205 3359 traderent.
3250 3306 3320 3361 Et
3364 3309 3607 3367 vinctum
3649 3317 3748 3370 ad-

2160 3399 2179 3432 ι
2210 3382 2481 3439 duxerunt
2509 3402 2631 3441 cum
2652 3427 2667 3454 ,
2698 3398 2756 3445 et
2790 3392 3126 3448 tradiderunt
3166 3396 3360 3454 Pontio
3391 3399 3566 3476 Pilato
3608 3420 3747 3476 pne-

2160 3499 2183 3531 ο
2213 3482 2336 3536 sidi.
2371 3483 2523 3539 Tunc
2564 3485 2755 3542 videns
2782 3485 2972 3555 Iudas,
3012 3492 3103 3561 qui
3145 3507 3268 3548 cum
3314 3474 3558 3564 tradidit,
3598 3474 3747 3569 quod

2160 3588 2179 3621 ‹
2212 3572 2500 3629 damnatus
2527 3585 2690 3639 esset,
2718 3579 3036 3646 poenitentia
3062 3581 3273 3651 ductus,
3304 3586 3490 3641 retulit
3516 3587 3747 3660 triginta

2159 3677 2179 3710 ι
2213 3672 2499 3731 argenteos
2543 3665 2878 3735 principibus
2923 3672 3266 3727 sacerdotum
3311 3683 3368 3729 et
3413 3677 3746 3744 senioribus,

2161 3768 2183 3801 ι
2215 3751 2404 3808 dicens
2437 3771 2449 3806 :
2481 3753 2740 3822 Peccavi,
2787 3759 3004 3813 tradens
3047 3763 3359 3832 sanguinem
3397 3765 3628 3836 justum.
3673 3772 3749 3826 At

2158 3862 2177 3891 ι
2213 3842 2287 3896 illi
2320 3844 2615 3899 dixerunt:
2653 3846 2795 3913 Quid
2835 3850 2902 3904 ad
2944 3852 3078 3906 nos?
3119 3852 3197 3907 Tu
3241 3855 3460 3912 videris.
3506 3857 3578 3914 Et
3616 3876 3749 3931 pro-

2158 3950 2179 3982 ι
2205 3933 2366 4003 jectis
2402 3936 2676 4006 argenteis
2706 3939 2757 3991 iu
2789 3941 3007 4011 templo,
3042 3945 3298 4012 recessit,
3339 3954 3396 4002 et
3433 3949 3623 4007 abims
3646 3953 3747 4013 ,la-

2158 4043 2178 4075 ι
2211 4040 2350 4094 queo
2371 4042 2428 4081 se
2449 4030 2746 4097 suspendit.
2763 4030 3042 4102 Principes
3067 4044 3247 4091 autem
3271 4041 3637 4109 sacerdotum,
3653 4059 3747 4100 ac-

2157 4133 2176 4164 ι
2209 4117 2381 4186 ceptis
2403 4120 2693 4188 argenteis,
2719 4122 2973 4179 dixerunt
2997 4143 3010 4179 :
3040 4124 3156 4181 Non
3178 4127 3304 4184 licet
3330 4130 3546 4189 mittere
3567 4148 3664 4191 eos
3689 4136 3746 4190 in

2156 4226 2176 4257 ς
2208 4211 2521 4275 oorbonam,
2543 4214 2669 4281 quia
2698 4216 2931 4283 pretium
2960 4220 3237 4289 sanguinis
3257 4230 3359 4276 est.
3384 4222 3624 4281 Consilio
3649 4244 3748 4282 au-

2157 4316 2180 4348 ‹
2211 4309 2320 4354 tem
2351 4301 2507 4367 inito,
2534 4314 2785 4358 emerunt
2811 4320 2879 4360 ex
2908 4306 3019 4362 illis
3044 4323 3232 4378 agrum
3259 4311 3435 4383 figuli,
3469 4314 3522 4369 in
3560 4318 3749 4387 sepul-

2155 4407 2174 4440 ι
2209 4399 2387 4446 turam
2412 4395 2845 4464 peregrinorum.
2873 4397 3101 4469 Propter
3124 4401 3229 4458 hoc
3252 4413 3477 4461 vocatus
3501 4416 3588 4462 est
3615 4425 3749 4481 ager

2157 4497 2176 4530 ι
2215 4479 2305 4535 ille
2331 4481 2749 4549 Acheldemach,
2773 4486 2877 4540 hoc
2903 4496 3007 4553 est,
3023 4504 3164 4560 ager.
3176 4492 3455 4563 sanguinis
3484 4479 3669 4567 usque
3690 4500 3745 4553 iu

2077 4554 2129 4613 Ι)
2159 4585 2181 4618 ι
2215 4568 2533 4625 hodiernum
2561 4572 2726 4629 diem.
2760 4575 2912 4632 Tunc
2946 4554 3226 4648 impletum
3257 4554 3339 4637 est
3365 4586 3507 4653 quod
3538 4554 3775 4644 dictum‘

2159 4677 2179 4708 ε
2214 4667 2331 4725 εει,
2361 4675 2460 4729 per
2485 4661 2809 4720 Hieremiam
2838 4668 3177 4739 prophetam,
3212 4672 3479 4730 dicentem
3512 4690 3527 4727 :
3559 4678 3628 4733 Et
3656 4696 3747 4735 ac-

2159 4769 2179 4801 c
2214 4765 2475 4822 ceperunt
2520 4757 2739 4828 triginta
2790 4768 3096 4831 argenteos,
3140 4765 3373 4834 pretium
3420 4770 3736 4838 apprctiati.

2156 4860 2176 4892 α
2212 4859 2370 4915 quem
2405 4849 2844 4916 appretiaverunt
2869 4868 2899 4907 a
2921 4853 3045 4909 filiis
3068 4855 3256 4923 lsrael,
3278 4867 3333 4912 et
3357 4859 3625 4918 dederunt
3649 4879 3751 4921 eos

2155 4953 2174 4984 ι
2211 4934 2265 4989 in
2290 4949 2481 5006 agrum
2508 4937 2676 5009 ﬁguli,
2705 4941 2847 4998 sicut
2871 4946 3154 5001 constituit
3180 4949 3312 5004 mihi
3344 4950 3626 5010 Dominus.
3655 4954 3748 5012 Ie-

2160 5042 2178 5074 (
2214 5039 2308 5080 sus
2346 5035 2527 5081 autem
2570 5030 2724 5084 stetit
2764 5040 2890 5087 ante
2932 5035 3236 5104 praesidem.
3278 5039 3343 5093 Et
3384 5040 3748 5115 interrogavit

2160 5131 2178 5162 ι
2215 5129 2336 5167 cum
2368 5130 2568 5184 praeses
2607 5121 2793 5175 dicens
2826 5139 2837 5174 :
2873 5122 2951 5176 Tu
2988 5139 3049 5200 es
3090 5142 3183 5181 rex
3221 5125 3570 5186 Iudaeorum?
3599 5133 3752 5191 Dicit

2160 5224 2179 5256 ι
2214 5209 2266 5263 ei
2291 5208 2448 5265 Iesus
2476 5231 2488 5264 :
2521 5213 2599 5266 Tu
2625 5213 2779 5269 dicis.
2813 5215 3026 5272 Etcum
3049 5230 3399 5276 accusaretur
3421 5238 3453 5276 a
3482 5224 3752 5297 principi-

2160 5317 2179 5350 ι
2216 5300 2317 5356 bus
2366 5303 2702 5360 sacerdotum
2752 5315 2807 5361 et
2855 5310 3198 5381 senioribus,
3252 5314 3384 5368 nihil
3436 5320 3747 5387 respondit.

2159 5410 2180 5444 ι
2216 5392 2369 5459 Tunc
2402 5397 2536 5450 dicit
2559 5396 2639 5451 illi
2677 5397 2883 5456 Pilatus
2916 5419 2928 5454 :
2969 5401 3083 5457 Non
3119 5405 3274 5461 audis
3309 5416 3510 5477 quanta
3542 5409 3749 5464 adver-

2154 5502 2173 5535 ι
2209 5490 2326 5541 sum
2357 5496 2410 5542 te
2438 5489 2623 5544 dicunt
2655 5493 2999 5547 testimonia?
3032 5495 3097 5550 Et
3128 5512 3233 5550 nou
3262 5500 3540 5567 respondit
3578 5502 3631 5555 ei
3676 5502 3754 5556 ad

2154 5595 2173 5625 ι
2211 5576 2376 5631 ullum
2408 5579 2629 5633 verbum
2649 5620 2662 5640 ,
2701 5580 2772 5634 ita
2806 5591 2863 5636 ut
2894 5584 3185 5639 miraretur
3222 5602 3423 5654 przescs
3449 5590 3751 5645 vehemen-

2155 5684 2171 5715 ι
2214 5676 2312 5722 ter.
2354 5668 2458 5721 Per
2487 5669 2626 5723 diem
2666 5680 2843 5725 autem
2887 5674 3178 5729 solemnem
3215 5690 3572 5735 consueverat
3602 5696 3753 5751 pra!-

2157 5775 2173 5807 ι
2212 5773 2299 5813 ses
2326 5758 2599 5815 dimiztere
2634 5761 2826 5831 populo
2853 5776 3018 5815 unum
3048 5763 3283 5821 vinctum
3303 5809 3319 5833 ,η
3349 5785 3508 5838 quem
3537 5770 3749 5826 voluis-
