3978 6422
276 344 377 402 173

973 364 983 373 α
1086 337 1600 396 C(lLLECTIONES
1637 334 1702 389 IN
1741 333 2118 389 l‘lPlSTOLAS
2159 334 2243 387 ΕΤ
2285 332 2693 388 EVANGEUA.

3425 332 3529 389 HI

276 483 295 514 ι
330 470 471 517 sent.
512 451 795 514 llabebant
825 460 1002 512 autem
1041 466 1173 511 tunc
1214 472 1378 510 unum
1424 454 1661 508 vinctum
1714 450 1842 503 insi‘
1872 452 1917 509 Α
1952 467 1970 498 ι
2007 450 2368 518 properabam
2390 450 2458 502 ei.
2490 450 2529 502 Α
2552 458 2707 504 sexta
2728 456 2907 503 autem
2930 447 3085 513 hora,
3114 451 3347 505 tenebrae
3378 452 3531 507 facta!

277 574 294 605 ι
332 566 513 624 gnem,
540 551 631 620 qui
659 549 939 604 dicebatur
958 546 1251 611 Barabbas,
1272 548 1362 616 qui
1382 553 1606 616 propter
1627 540 1844 594 seditio-

275 667 292 697 ι
336 661 457 701 nem
480 644 679 699 missus
704 640 880 697 fuerat
903 641 955 694 in
977 653 1271 695 carcerem.
1297 634 1646 707 Congregatis
1665 640 1844 687 autem

273 758 291 790 ι
329 737 455 803 illis,
501 736 639 791 dixit
683 733 929 788 Pilatus:
958 730 1130 798 Quem
1156 729 1316 785 vultis
1359 727 1627 783 dimittam
1670 722 1844 786 vobis,

272 852 291 881 ι
330 829 622 883 Baiabbam
652 838 719 879 an
742 823 927 879 Iesum
950 822 1045 893 qui
1075 820 1277 876 dicitur
1304 818 1588 875 Christus?
1622 815 1847 871 Sciebat

276 941 293 969 ι
329 919 474 973 enim
498 916 641 985 quod
665 930 763 984 per
785 912 1040 969 invidiam
1061 910 1416 966 tradidissent
1441 923 1586 963 eum.
1613 907 1847 962 Sedente

277 1030 293 1060 ι
330 1020 509 1065 autem
541 1008 631 1063 illo
657 1022 757 1077 pro
783 1004 1058 1069 tribunali,
1089 1004 1237 1058 misit
1266 1003 1335 1057 ad
1357 1001 1509 1056 illum
1544 1014 1686 1071 μοι·
1707 996 1845 1066 ejus,

274 1123 292 1153 ι
329 1103 558 1156 dicens:
594 1100 729 1155 nihil
770 1097 863 1153 tibi
906 1106 965 1152 et
996 1094 1145 1165 justo
1172 1095 1269 1159 illi,
1302 1093 1469 1148 multa
1504 1091 1650 1147 enim
1687 1104 1847 1159 passa

273 1214 293 1244 ι
332 1210 451 1248 sum
491 1193 652 1248 hodie
691 1206 788 1261 per
816 1190 992 1244 visum
1019 1195 1410 1259 propter-eum.
1441 1184 1722 1253 Principes
1748 1197 1849 1236 an-

275 1305 293 1335 ι
333 1294 438 1339 tem
479 1283 818 1338 sacerdotum
846 1289 901 1333 et
930 1279 1172 1334 seniores
1206 1282 1595 1347 persuaserunt
1629 1272 1846 1344 populo,

273 1395 294 1423 α
332 1384 390 1427 nt
416 1380 663 1442 peterent
688 1369 1009 1432 Barabbam,
1042 1364 1226 1442 Iesum
1251 1380 1382 1419 vero
1404 1364 1711 1434 perderent.
1742 1360 1848 1415 Re-

276 1482 295 1512 ‹
331 1441 599 1532 spondens
630 1467 808 1514 autem
839 1441 1067 1527 prteses:
1082 1455 1163 1510 ait
1194 1454 1300 1509 illis
1325 1472 1337 1508 :
1365 1453 1536 1521 Quem
1562 1451 1725 1506 vultis
1756 1466 1849 1504 vo-

276 1572 295 1602 ο
332 1552 418 1606 bis
444 1552 508 1606 de
529 1551 737 1605 duobus
759 1546 995 1603 dimitti?
1019 1545 1089 1600 At
1112 1543 1186 1599 illi
1208 1544 1465 1599 dixerunt
1488 1559 1501 1595 :
1528 1540 1853 1600 Barabbam.

280 1667 296 1693 ι
337 1643 477 1698 Dicit
503 1642 609 1696 illis
639 1640 881 1694 Pilatus:
903 1636 1044 1705 Quid
1072 1636 1236 1707 igitur
1265 1634 1460 1689 faciam
1485 1632 1553 1686 de
1580 1630 1732 1695 Iesu,
1752 1630 1846 1699 qui

276 1752 294 1782 ι
332 1733 535 1788 dicitur
561 1729 843 1787 Christus?
871 1729 1064 1783 Dicunt
1090 1740 1279 1782 omnes
1303 1743 1317 1780 :
1350 1722 1729 1792 Cruciﬁgatur.
1757 1720 1849 1774 Ait

1953 558 1971 589 ι
2005 550 2132 594 sunt
2155 556 2319 609 super
2342 540 2649 594 universam
2676 549 2875 594 terram
2906 554 3075 611 usque
3106 538 3175 595 ad
3224 543 3413 598 horam
3439 561 3533 599 no~

1953 647 1972 679 ι
2011 646 2154 684 nam.
2185 630 2251 684 Et
2274 630 2419 685 circa
2444 630 2633 684 lteram
2665 644 2884 696 nontam,
2919 631 3173 687 clamavit
3195 629 3352 689 Iesus
3401 648 3534 689 voce

1955 738 1973 771 ι
2003 734 2197 791 magna
2241 720 2468 775 dicens:
2500 720 2637 787 lleli,
2663 720 2802 784 Heli,
2822 721 2962 776 lama
2995 724 3370 788 sabaththani,
3431 726 3534 780 hoc

1954 829 1973 860 ι
2007 820 2114 875 est,
2148 810 2290 865 Deus
2324 825 2497 876 meus,
2534 811 2677 866 Deus
2723 828 2896 877 meus,
2929 820 2988 867 ut
3022 812 3150 882 quid
3197 815 3533 886 dereliquisri

1954 917 1971 949 ι
2008 900 2125 953 me?
2158 898 2388 966 Quidam
2425 909 2606 956 autem
2633 900 2743 956 illic
2765 893 2970 956 stantes
2995 911 3052 958 et
3078 904 3361 961 audientes
3385 906 3533 961 dice-

1953 1008 1973 1040 ι
2005 991 2163 1044 bant:
2193 990 2402 1045 Heliam
2430 1000 2590 1047 vocat
2611 991 2733 1047 iste.
2760 993 2825 1047 Et
2860 994 3119 1048 continuo
3140 1011 3366 1053 currens
3395 1015 3533 1053 llllllS

1954 1100 1973 1132 ι
2010 1097 2075 1136 ex
2098 1082 2200 1147 eis,
2232 1092 2507 1152 acceptam
2538 1084 2817 1154 spongiam
2849 1086 3094 1155 implevit
3147 1096 3326 1154 aceto,
3349 1099 3405 1147 et
3432 1091 3532 1145 lm-

1954 1188 1973 1220 ι
2000 1171 2185 1238 posuit
2204 1172 2476 1237 arundini,
2502 1180 2558 1226 et
2576 1172 2739 1227 dabat
2770 1174 2819 1228 ei
2849 1175 3052 1230 bibere.
3077 1175 3270 1233 Caeteri
3304 1195 3431 1234 vero
3454 1182 3535 1234 di-

1954 1277 1972 1309 ‹
2015 1261 2245 1315 cebant:
2284 1260 2443 1328 Sine,
2483 1262 2754 1318 videamus
2775 1280 2842 1319 an
2886 1265 3067 1320 veniat
3085 1252 3270 1324 Helias
3297 1269 3534 1328 liberans

1954 1369 1973 1403 ‹
2015 1368 2160 1408 eum.
2195 1352 2358 1409 Iesus
2384 1363 2566 1409 autem
2606 1355 2804 1411 iterum
2851 1357 3093 1413 clamans
3119 1373 3249 1414 voce
3303 1375 3529 1431 magna,

1954 1463 1973 1495 ι
2007 1444 2187 1501 emisit
2209 1444 2481 1514 spiritum.
2511 1444 2578 1500 Et
2597 1462 2725 1502 ecce
2746 1448 2924 1503 velum
2955 1450 3140 1519 templi
3167 1451 3397 1506 scissum
3448 1465 3535 1509 est

1952 1555 1971 1586 ι
2008 1536 2060 1590 in
2082 1536 2218 1592 duas
2238 1546 2442 1606 partes,
2472 1552 2503 1591 a
2530 1552 2742 1593 summo
2786 1553 2958 1608 usque
2984 1539 3262 1595 deorsum.
3299 1541 3365 1595 Et
3388 1550 3531 1597 terra

1952 1648 1973 1680 ι
2007 1638 2151 1685 mota
2186 1638 2303 1698 est,
2352 1642 2408 1685 et
2431 1641 2607 1701 petra:
2650 1631 2833 1687 scissa:
2875 1640 3031 1693 sunt,
3083 1641 3138 1688 et
3181 1644 3528 1691 monumenta

1953 1742 1971 1773 ι
2008 1720 2194 1793 aperia
2221 1733 2369 1788 sunt,
2395 1732 2449 1778 et
2479 1723 2644 1778 multa
2670 1738 2897 1793 corpora
2933 1733 3264 1791 sanctorum,
3293 1726 3387 1796 qui
3409 1727 3521 1781 don

277 1844 294 1875 ι
334 1825 439 1879 illis
464 1838 666 1894 prmses
692 1836 707 1875 :
737 1820 877 1889 Quid
905 1820 1050 1874 enim
1094 1818 1221 1873 mali
1259 1816 1423 1871 fecit?
1464 1814 1535 1869 At
1565 1814 1637 1868 illi
1671 1812 1841 1884 magis
1869 1820 1915 1879 Β
1947 1833 1966 1865 ί
2004 1814 2236 1870 mierant
2260 1822 2691 1870 resurresernnt.
2719 1815 2790 1870 Et
2825 1825 3084 1871 exeuntes
3107 1816 3174 1871 de
3204 1832 3529 1874 monumen-

273 1937 293 1968 ι
332 1917 666 1978 clamabant,
696 1914 935 1969 dicentes
971 1931 983 1965 :
1014 1910 1394 1980 Cruciﬁgatur.
1435 1908 1633 1962 Videas
1661 1913 1845 1959 autem

276 2030 295 2059 ς
334 2008 558 2073 Pilatus,
589 2007 714 2076 quia
744 2005 875 2067 nihil
900 2003 1219 2075 proliceret,
1246 2001 1342 2057 sed
1378 2000 1552 2070 magis
1586 1996 1756 2052 tumul
1784 2013 1847 2051 us

275 2121 293 2150 ι
336 2100 506 2160 ﬁeret,
552 2104 774 2167 accepta
819 2110 983 2166 aqua,
1012 2094 1144 2148 lavit
1187 2108 1377 2147 manus
1404 2104 1587 2145 coram
1628 2088 1843 2158 populo,

275 2208 294 2240 ι
332 2189 518 2243 dicens
543 2206 558 2241 :
582 2187 847 2241 Innocens
869 2200 969 2256 ego
996 2200 1117 2240 sum
1151 2198 1184 2237 a
1219 2181 1482 2253 sanguine
1502 2179 1634 2249 justi
1666 2178 1842 2247 hujus.

270 2300 293 2332 c
334 2296 428 2334 vos
485 2279 751 2333 videritis.
802 2277 869 2331 Et
914 2276 1249 2346 respondens
1293 2274 1580 2330 universus
1618 2270 1847 2343 populus

275 2391 293 2422 ι
332 2372 496 2426 dixit:
515 2369 876 2442 Sangaiscjus
895 2385 1060 2441 super
1078 2384 1179 2423 nos
1196 2377 1251 2423 et
1265 2382 1427 2437 super
1449 2365 1589 2421 ﬁlios
1608 2374 1843 2421 nostros.

274 2483 293 2515 ι
331 2462 482 2519 Tunc
514 2464 717 2518 dimisit
753 2462 859 2518 illis
892 2462 1226 2532 Barabbam,-
1242 2460 1425 2516 Iesum
1461 2468 1636 2515 autem
1670 2458 1847 2529 ﬂagel-

275 2571 294 2604 t
333 2553 497 2608 latum
521 2554 736 2609 tradidit
756 2554 856 2620 eis,
885 2562 944 2607 ut
970 2551 1398 2624 crucifigeretur.
1442 2551 1596 2607 Tunc
1647 2551 1847 2608 milites

274 2662 293 2695 ι
324 2644 568 2713 prmsidis
589 2644 945 2715 suscipientes
974 2641 1156 2697 Iesum
1210 2642 1267 2696 in
1294 2641 1548 2713 prdatorio
1567 2681 1583 2705 ,
1629 2656 1848 2712 congre-

275 2752 293 2783 ι
327 2741 590 2802 gaverunt
607 2734 675 2788 ad
694 2748 817 2788 eum
835 2733 1142 2787 universam
1163 2733 1464 2787 cohortem.
1488 2732 1555 2786 Et
1583 2740 1847 2787 exuentes

274 2841 294 2874 ο
325 2839 471 2889 eum,
499 2822 821 2880 chlamidem
840 2823 1151 2880 coccineam
1175 2821 1645 2878 circumdederunt
1668 2822 1738 2877 ei.
1783 2823 1849 2878 l-Jt

274 2931 294 2962 ι
326 2912 621 2981 plectentes
640 2927 897 2968 coronam
918 2913 985 2968 de
1002 2912 1171 2983 spinis
1184 2920 1482 2982 posuerunt
1504 2927 1667 2982 super
1683 2922 1849 2984 eaput

275 3024 293 3055 ι
331 3004 471 3075 ejus,
504 3012 561 3059 et
581 3006 903 3061 arundinem
929 3005 985 3060 in
1010 3005 1231 3061 dextera
1255 3002 1393 3072 ejus,
1421 3011 1476 3059 et
1516 3019 1653 3075 genu
1708 3004 1847 3061 llexo

276 3115 295 3145 ι
331 3104 458 3150 ante
475 3109 600 3152 eum
626 3096 919 3153 illudebant
939 3095 991 3150 ei
1022 3094 1305 3150 dicentes:
1333 3093 1445 3149 Ave
1470 3135 1486 3157 .
1526 3109 1616 3150 res
1638 3092 1848 3151 Iudaeo—

1946 1923 1970 1955 ι
2005 1905 2075 1959 tis
2113 1915 2236 1975 post
2261 1905 2714 1961 resurrectionem
2737 1904 2878 1975 ejus,
2910 1917 3175 1962 venerunt
3201 1909 3254 1963 in
3281 1918 3525 1964 sanctam

1951 2015 1970 2046 ι
2004 1998 2301 2063 civitatem,
2325 2006 2381 2053 et
2417 2007 2783 2068 apparuerunt
2798 1998 3001 2054 multis.
3037 1998 3296 2055 Centurio
3320 2011 3524 2067 autem,

1951 2109 1970 2141 ι
2011 2099 2064 2145 ct
2109 2091 2354 2160 quicum
2406 2105 2473 2147 eo
2516 2099 2705 2156 erant,
2745 2092 3111 2150 custodientes
3132 2091 3349 2158 Iesum,
3413 2094 3529 2150 viso

1950 2201 1969 2233 ς
2007 2195 2165 2236 terra:
2190 2190 2338 2238 motu
2387 2192 2444 2237 et
2481 2183 2567 2237 bis
2595 2199 2715 2252 qua:
2740 2181 2971 2247 ﬁebant,
3022 2184 3321 2240 timuerunt
3372 2186 3530 2242 valde

1950 2292 1969 2323 ι
1999 2272 2242 2329 dicentes
2273 2293 2285 2327 :
2326 2273 2464 2328 Vere
2498 2273 2640 2329 Illius
2668 2274 2761 2328 Dei
2796 2283 2918 2330 erat
2974 2274 3098 2330 iste.
3134 2275 3303 2332 Erant
3345 2287 3528 2334 autem

1953 2385 1969 2415 ι
2009 2365 2078 2420 ibi
2103 2365 2358 2420 mulieres
2387 2365 2567 2420 multa:
2590 2381 2621 2419 a
2648 2365 2802 2437 longe
2825 2406 2838 2429 ,
2881 2382 3001 2437 qum
3022 2376 3221 2423 secutae
3255 2376 3414 2424 erant
3446 2367 3533 2424 Ie-

1951 2475 1968 2506 ι
2001 2472 2118 2511 sum
2172 2472 2203 2510 a
2233 2455 2473 2522 Galilzea,
2507 2456 2880 2514 ministrantes
2925 2458 3015 2521 ei,
3054 2458 3196 2514 inter
3244 2475 3382 2529 quas
3412 2472 3532 2516 erat

1951 2567 1969 2599 ι
2005 2547 2170 2603 llaria
2204 2546 2515 2618 Magdalene
2562 2556 2615 2602 et
2654 2547 2821 2603 Maria
2856 2546 3064 2614 Iacobi,
3091 2558 3148 2605 et
3185 2548 3385 2623 Ioseph
3413 2569 3528 2609 ma-

1950 2656 1970 2689 ‹
2004 2648 2105 2703 ter,
2133 2648 2192 2693 et
2215 2645 2390 2693 mater
2427 2639 2659 2694 ﬁliorum
2689 2638 2953 2696 Zebedzei.
2995 2640 3131 2696 Cum
3171 2651 3355 2697 autem
3402 2660 3530 2702 sero

1953 2748 1973 2783 ς
2011 2730 2213 2785 factum
2236 2738 2404 2795 esset,
2431 2732 2582 2787 venit
2607 2732 2825 2802 quidam
2870 2732 3034 2789 homo
3054 2734 3206 2791 dives
3228 2734 3299 2790 ab
3319 2734 3534 2792 Arima-

1954 2839 1975 2873 ι
2015 2823 2378 2888 thia,nomine
2392 2821 2616 2894 Ioseph,
2632 2824 2723 2894 qui
2740 2824 3230 2896 etipsediscipulus
3249 2827 3529 2883 eratIesu.

1949 2930 1971 2964 ς
2011 2910 2111 2967 llic
2128 2912 2360 2968 accessit
2381 2914 2449 2968 ad
2472 2912 2969 2986 Pilatum,etpetiit
2990 2931 3188 2986 corpus
3201 2915 3353 2973 Iesu.
3378 2919 3532 2974 Tunc

1951 3021 1973 3054 ι
2004 3001 2207 3057 Pilatus
2227 3003 2390 3074 jussit
2415 3004 2566 3059 reddi
2597 3019 2815 3075 corpus,
2840 3014 2897 3060 et
2919 3016 3142 3077 accepto
3166 3022 3395 3078 corpore
3436 3007 3533 3064 Io-

1954 3111 1973 3143 ι
2008 3094 2139 3163 seph
2174 3092 2397 3148 involvit
2434 3093 2567 3149 illud
2601 3095 2656 3149 in
2699 3096 2926 3151 sindone
2949 3098 3148 3152 munda
3173 3139 3188 3163 ,
3242 3106 3301 3154 et
3349 3101 3531 3169 posuit

274 3204 295 3237 ι
339 3201 477 3240 rum.
495 3186 895 3259 Etesspuentes
915 3186 969 3241 in
996 3200 1138 3251 eum,
1157 3195 1480 3257 acceperunt
1504 3186 1842 3251 arundinem,
1872 3171 1915 3232 (ἶ
1954 3203 1971 3235 ‹
2007 3184 2136 3240 illud
2157 3186 2211 3242 in
2246 3193 2595 3241 monumento
2633 3199 2734 3241 suo
2754 3202 2926 3252 novo,
2965 3187 3110 3257 quod
3155 3189 3435 3245 exciderat
3474 3192 3528 3246 in

274 3293 292 3327 I
333 3285 388 3331 et
421 3277 795 3347 percutiebant
826 3286 987 3349 caput
1037 3278 1172 3349 ejus.
1219 3277 1287 3332 Et
1332 3288 1614 3348 postquam
1668 3278 1846 3334 illuse-

273 3388 292 3419 ι
326 3377 455 3422 runt
480 3370 552 3433 ei,
575 3378 843 3425 exuerunt
865 3385 989 3425 eum
1010 3369 1376 3451 chlamidenet
1400 3369 1693 3425 induerunt
1719 3385 1845 3426 eum

273 3476 293 3509 ε
325 3459 663 3515 vestimentis
686 3458 803 3528 ejus
824 3468 876 3515 et
906 3460 1177 3515 duxerunt
1196 3475 1320 3516 eum
1349 3469 1409 3515 ut
1445 3460 1840 3532 cruriligerent.

271 3570 290 3599 ι
329 3550 600 3606 Exeuntes
628 3558 806 3606 autem
852 3551 1194 3630 invenerunt,
1222 3549 1494 3605 hominem
1527 3548 1843 3621 Cyrenmum

272 3660 293 3690 ι
329 3640 632 3695 venientem
655 3640 866 3695 obviam
912 3640 1274 3717 sibi,bnomine
1325 3638 1605 3695 Simonem
1630 3679 1646 3704 ,
1699 3641 1843 3695 hunc

271 3750 290 3781 ι
326 3730 762 3800 angariaverunt,
789 3738 847 3785 ut
890 3731 1100 3786 tolleret
1129 3743 1346 3785 crucem
1381 3727 1517 3798 ejus.
1568 3728 1639 3783 Et
1682 3743 1843 3784 vene-

270 3842 290 3872 ι
328 3834 453 3877 runt
474 3824 527 3878 in
555 3823 730 3878 locum
759 3823 851 3893 qui
878 3824 1074 3878 dic.tur
1100 3822 1362 3892 Golgotha
1391 3861 1407 3886 ,
1451 3821 1594 3891 quod
1616 3828 1699 3875 est
1720 3819 1841 3876 Cal-

271 3934 289 3965 ι
326 3916 491 3969 varize
515 3915 685 3971 locus.
702 3915 769 3969 Et
788 3915 1053 3970 dederunt
1074 3914 1126 3969 ei
1146 3915 1327 3969 vinum
1353 3914 1544 3969 bibere
1564 3927 1689 3966 cum
1717 3910 1842 3967 felle

269 4028 289 4058 ι
333 4010 568 4063 mistum.
596 4009 807 4064 Etcum
833 4014 1102 4078 gustasset
1125 4005 1298 4061 noluit
1324 4005 1526 4060 bibere.
1546 4004 1841 4073 Postquam

270 4121 290 4153 ι
323 4111 501 4155 autem
534 4101 917 4155 cruciﬁxerunt
962 4114 1086 4153 enm
1108 4138 1128 4165 ,
1185 4098 1485 4153 diviserunt
1521 4096 1840 4151 vestimenta

268 4210 290 4241 ς
327 4189 466 4258 ejus,
491 4201 693 4245 sortem
719 4190 1009 4251 mittentes,
1044 4198 1103 4243 ut
1129 4186 1442 4258 impleretur
1464 4186 1612 4255 quod
1638 4185 1841 4240 dictum

271 4303 290 4333 ι
322 4292 406 4335 est
431 4298 528 4352 per
560 4282 878 4353 Prophetam
913 4282 1182 4337 dicentem
1210 4298 1223 4331 :
1258 4279 1567 4334 Diviserunt
1610 4277 1713 4332 sibi
1746 4293 1842 4333 ve-

272 4395 291 4425 ι
332 4375 584 4429 stimenta
615 4390 732 4428 mea
761 4413 777 4437 ,
823 4382 880 4428 et
923 4388 1087 4442 super
1110 4380 1315 4426 vestem
1361 4384 1536 4424 meam
1579 4369 1844 4427 miserunt

272 4485 291 4515 ι
324 4474 543 4520 sortem.
592 4464 658 4519 Et
693 4465 939 4519 sedentes
964 4462 1253 4518 servabant
1291 4476 1435 4524 eum,
1465 4468 1519 4513 et
1569 4458 1841 4528 imposue-

270 4575 292 4606 ε
331 4566 456 4609 runt
480 4570 642 4625 super
661 4553 957 4625 caputeius
982 4566 1202 4607 causam
1225 4551 1397 4621 ipsius
1417 4550 1672 4619 scriptam
1697 4567 1709 4601 :
1740 4546 1840 4603 Hic

272 4667 290 4698 ι
329 4654 413 4700 est
440 4644 597 4701 Iesus
626 4644 934 4700 Nasarenns
969 4659 1063 4699 rex
1115 4641 1443 4697 Iud-.cornm.
1472 4640 1623 4694 Tunc
1666 4638 1841 4693 cruci-

272 4760 290 4788 ι
331 4738 420 4792 tisi
445 4745 569 4793 sunt
594 4753 718 4793 cum
743 4752 808 4793 eo
830 4737 937 4791 duo
962 4737 1223 4791 latrones.
1269 4748 1409 4787 unus
1438 4748 1467 4785 a
1498 4731 1734 4795 dextris,
1787 4739 1843 4785 et

271 4849 289 4879 ι
326 4845 465 4883 tinus
494 4844 523 4882 a
558 4828 811 4884 sinistris.
840 4827 1234 4882 Pratterenntes
1272 4834 1452 4879 autem
1501 4824 1842 4893 blasphema-

271 4939 289 4967 ι
327 4921 458 4973 bant
498 4934 643 4982 eum,
672 4929 949 4974 moventes
984 4919 1157 4988 capita
1201 4933 1298 4971 sua
1326 4925 1383 4970 et
1407 4915 1650 4970 dicentes
1677 4933 1691 4945 ·
1726 4915 1839 4969 Vah

266 5031 290 5059 4
324 5011 417 5079 qui
455 5011 692 5066 destruis
722 5011 976 5081 templum
1004 5011 1119 5073 Dei,
1140 5021 1202 5065 et
1221 5011 1274 5064 in
1304 5010 1480 5063 triduo
1518 5007 1643 5061 illul
1669 5007 1854 5060 remdi-

272 5121 292 5152 σ
335 5102 485 5165 beas,
515 5102 659 5156 salva
692 5100 1051 5174 temetipsum.
1082 5102 1140 5155 Si
1173 5102 1314 5156 Illius
1362 5101 1453 5155 Dei
1478 5115 1558 5163 es,
1586 5099 1852 5154 descende

271 5212 290 5244 ι
328 5193 393 5246 de
419 5209 598 5248 cruce.
626 5194 888 5250 Similiter
939 5204 994 5249 et
1042 5194 1318 5263 principes
1345 5192 1688 5247 sacerdotum
1730 5189 1849 5244 i’lu-

273 5300 293 5331 ε
329 5283 520 5337 dentes
566 5298 691 5338 cum
719 5284 913 5339 scribis
952 5292 1006 5337 et
1033 5284 1338 5339 senioribus
1387 5282 1668 5336 dicebant:
1702 5279 1850 5335 Alios

272 5389 291 5421 ι
331 5372 511 5427 salvos
535 5371 698 5437 fecit,
751 5374 988 5443 seipsnm
1013 5389 1121 5428 non
1158 5380 1336 5443 potest
1381 5371 1589 5424 salvum
1628 5370 1846 5423 facere?

272 5479 292 5513 ι
327 5461 387 5518 Si
416 5478 511 5518 rex
531 5462 693 5541 Israel
717 5472 820 5528 est,
849 5464 1141 5520 descendat
1180 5480 1324 5519 nunc
1349 5465 1416 5517 de
1439 5476 1622 5524 cruce,
1649 5472 1705 5516 et
1721 5477 1844 5515 cr.)-

273 5569 292 5602 ι
327 5551 508 5607 dimns
528 5554 600 5607 ei.
624 5552 855 5610 Conlldit
899 5555 953 5609 in
992 5554 1126 5619 Deo,
1164 5553 1360 5609 liberet
1394 5568 1526 5622 ergo
1551 5567 1674 5607 eum
1703 5566 1847 5606 nunc

273 5660 291 5692 ι
326 5641 375 5696 si
401 5641 535 5697 vult.
563 5644 706 5699 Dixit
745 5644 889 5700 enim
916 5684 932 5711 ,
977 5644 1102 5715 quia
1129 5644 1270 5699 illius
1297 5645 1389 5699 Dei
1422 5659 1563 5698 sum.
1611 5634 1841 5711 Idi-psum

273 5751 293 5783 ι
324 5743 507 5789 autem
535 5746 585 5790 ct
616 5737 874 5803 latrones,
906 5738 1259 5807 qtzicrucilixi
1284 5746 1579 5793 erantcum
1618 5753 1702 5798 eo,
1737 5735 1840 5789 im-

1951 3297 1971 3328 ι
2003 3286 2176 3347 petra.
2220 3278 2288 3332 Et
2312 3277 2551 3333 advolvit
2581 3293 2771 3333 saxum
2799 3294 3050 3350 magnum
3071 3280 3138 3333 al
3168 3282 3368 3336 ostium
3418 3298 3531 3338 nro-

1948 3387 1972 3422 ‹
1998 3371 2263 3436 num‘enti,
2287 3370 2503 3426 etabiit.
2527 3370 2884 3426 Erantautem
2910 3370 2982 3425 ibi
3000 3370 3166 3427 Maria
3191 3371 3527 3444 Magdalene,

1950 3479 1969 3513 ι
2001 3469 2058 3517 et
2087 3462 2255 3517 altera
2299 3461 2764 3528 Maria,sedentes
2811 3471 3001 3518 contra
3054 3463 3383 3534 sepulcrum.
3444 3466 3533 3519 Al-

1946 3574 1967 3605 ί
2003 3564 2115 3610 tera
2151 3566 2335 3610 autem
2369 3555 2457 3611 die
2490 3569 2610 3625 qua:
2652 3564 2736 3610 est
2773 3554 3132 3621 Paraseeven,
3159 3569 3530 3613 convenerunt

1947 3663 1967 3696 ι
2000 3646 2273 3715 principes
2308 3645 2650 3705 sacerdotum
2701 3654 2757 3700 ct
2779 3645 3034 3701 Pharisaei
3071 3648 3135 3701 ad
3173 3647 3426 3714 Pilatum,
3456 3648 3531 3704 d1-

1948 3754 1966 3786 ι
2002 3744 2188 3790 centes
2218 3753 2231 3788 :
2265 3734 2511 3800 Domine,
2535 3736 2802 3790 recordati
2827 3752 3015 3791 sumus
3038 3778 3055 3801 ,
3096 3716 3224 3809 quia
3270 3740 3527 3812 seductor

1947 3846 1966 3878 ς
2005 3828 2095 3882 ille
2118 3827 2254 3881 dixit
2281 3826 2459 3882 adhuc
2506 3827 2722 3882 vivens:
2756 3827 2886 3883 Post
2906 3838 3019 3884 tres
3062 3830 3178 3884 dies
3224 3846 3524 3901 resurgam.

1948 3938 1967 3970 ι
1997 3918 2133 3974 Iube
2157 3933 2287 3990 ergo
2323 3919 2589 3974 custodiri
2636 3920 2942 3989 sepulcrum
2976 3936 3146 3991 usque
3176 3922 3228 3976 in
3254 3922 3396 3978 diem
3420 3931 3528 3978 trar-

1947 4031 1967 4063 ι
2002 4013 2155 4068 tium.
2186 4027 2255 4067 ne
2297 4010 2436 4067 forte
2471 4011 2691 4066 veniant
2734 4011 2982 4082 discipuli
3019 4011 3158 4080 ejus,
3182 4023 3238 4069 et
3280 4012 3532 4068 furentur

1945 4122 1967 4153 ε
2000 4118 2145 4163 eum,
2168 4113 2223 4157 et
2262 4102 2448 4156 dicant
2486 4102 2626 4172 plebi
2656 4121 2669 4156 :
2702 4102 2954 4157 Surrexit
2989 4117 3020 4156 a
3050 4102 3299 4168 mortuis,
3326 4111 3383 4157 et
3420 4107 3530 4157 erit

1947 4214 1965 4245 ι
2003 4194 2326 4249 novissimus
2367 4207 2523 4247 error
2564 4193 2716 4263 pejor
2748 4193 2965 4262 priore:
3008 4190 3100 4245 Ait
3130 4191 3235 4246 illis
3282 4191 3523 4247 Pilatus:

1948 4300 1967 4333 ι
2004 4281 2225 4336 Habetis
2252 4281 2571 4344 custodiam,
2598 4279 2671 4334 ite
2699 4289 2754 4333 et
2781 4279 3048 4333 custodite
3075 4279 3216 4334 sicut
3247 4280 3419 4335 scitis.
3447 4280 3526 4335 llli

1947 4390 1967 4423 ι
2001 4384 2178 4427 autem
2212 4374 2487 4432 abeuntes,
2508 4371 2817 4426 munierunt
2854 4370 3160 4440 sepulcrum
3188 4412 3202 4437 ,
3249 4373 3527 4445 signantes

1949 4484 1968 4516 α
2003 4465 2232 4535 lapidem
2263 4478 2385 4519 cum
2416 4463 2747 4519 custodibus.
2790 4480 2810 4515 ι

2018 4555 2198 4623 Scitis,
2222 4557 2346 4628 quia
2373 4566 2488 4626 post
2509 4555 2724 4610 biduum
2751 4552 2958 4610 Pascha
2983 4555 3092 4625 ﬁet,
3123 4566 3171 4609 et
3192 4556 3335 4625 ﬁlius
3356 4556 3528 4610 homi-

1947 4650 2028 4703 nis
2055 4648 2293 4702 tradetur
2312 4658 2369 4701 ut
2417 4647 2772 4716 cruci/igitur,
2816 4655 2920 4702 etc.
2955 4646 3083 4702 Post.
3110 4647 3245 4703 duos
3274 4648 3390 4703 dics
3419 4648 3528 4703 cla-

1948 4741 2146 4795 rissimi
2175 4740 2412 4804 luminis,
2444 4739 2653 4794 Veteris
2688 4755 2754 4794 ac
2795 4738 2927 4794 Novi
2959 4739 3311 4803 Testamenti,
3340 4755 3526 4794 verum

1944 4847 2046 4907 pro
2087 4832 2286 4886 mundo
2311 4829 2521 4911 Pascha
2563 4828 2887 4884 celebratur.
2936 4829 3142 4885 Pascha
3170 4871 3184 4895 ,
3235 4830 3379 4901 quod
3428 4830 3530 4887 lle~

1947 4921 2128 4976 braice
2173 4921 2369 4976 dicitur
2402 4929 2540 4983 nos,
2587 4935 2692 4974 non
2740 4934 2768 4973 a
2810 4920 3082 4990 paSsione,
3132 4920 3229 4976 sed
3277 4936 3308 4975 a
3351 4927 3527 4979 trans-

1951 5012 2026 5064 itu
2080 5012 2410 5075 nominatur,
2437 5024 2504 5063 eo
2558 5010 2700 5079 quod
2729 5010 3122 5065 exterminatur
3171 5011 3361 5067 videns
3406 5029 3528 5068 san«

1948 5102 2164 5171 guinem
2205 5100 2259 5154 in
2294 5099 2500 5153 foribus
2547 5098 2910 5154 Israelitarum
2959 5102 3373 5171 pertransierit,
3428 5119 3530 5158 nec

1949 5190 2277 5261 percusserit
2301 5204 2413 5243 eos.
2448 5188 2725 5243 Moraliter
2751 5199 2930 5246 autem
2959 5193 3219 5248 transitus
3246 5201 3447 5252 noster.
3475 5194 3527 5247 id

1947 5290 2031 5337 est
2076 5279 2348 5341 Phase,ita
2370 5279 2696 5343 celebratur,
2724 5282 2769 5335 si
2802 5288 3018 5335 terrena
3044 5292 3097 5336 et
3123 5281 3415 5354 Aigyptum
3445 5283 3525 5338 di-

1950 5364 2245 5431 mittentis,
2277 5368 2343 5422 ad
2372 5370 2613 5424 cmlestia
2655 5369 2989 5427 festinemus.
3055 5372 3165 5428 lloc
3214 5388 3346 5428 sane
3371 5373 3527 5444 juxta

1948 5462 2148 5529 veteris
2161 5461 2499 5515 instrumenti
2513 5461 2868 5533 Seripturam,
2886 5463 3026 5519 inter
3040 5463 3241 5520 Pascha
3264 5471 3322 5519 et
3334 5478 3525 5536 azyma

1949 5550 2135 5616 distat,
2164 5550 2306 5620 quod
2328 5548 2530 5604 Pascha
2559 5549 2674 5621 ipse
2698 5552 2844 5608 solus
2869 5552 2987 5609 dies
3006 5552 3375 5623 appellabatur
3397 5593 3414 5619 ,
3466 5555 3521 5610 in

1948 5658 2057 5713 quo
2081 5658 2252 5712 agnus
2275 5642 2623 5697 occidebatur
2673 5643 2741 5697 ad
2780 5656 3082 5712 vesperam,
3113 5643 3215 5697 hoc
3240 5651 3344 5707 est,
3366 5657 3528 5714 quar~

1950 5736 2213 5789 taderima
2247 5734 2369 5788 luna
2417 5734 2573 5802 primi
2606 5736 2803 5788 mensis
2834 5775 2847 5795 ,
2897 5734 3083 5801 quinta
3106 5734 3295 5788 lcrima
3341 5745 3524 5789 autem
