3978 6414
458 348 564 413 l‘iS

1764 342 2115 400 SilAllAGDl
2153 338 2446 395 AllllA'l'lS

3620 310 3726 379 ne

455 465 605 534 luna,
635 467 847 538 quando
872 470 1122 535 egressus
1172 472 1256 517 est
1282 463 1346 517 de
1389 461 1623 532 .Egypto
1652 500 1664 523 ,
1715 456 2036 511 succedebat
2066 459 2112 513 Α
2140 451 2368 503 Domino
2389 444 2748 538 ministrantis
2778 442 2934 538 ﬁdem
2963 458 3025 538 ac
3056 440 3310 508 pietatem
3339 437 3588 538 dosiguat
3616 437 3725 494 Ec-

456 557 725 613 testivitas
745 568 1081 625 azymorum,
1114 568 1235 623 qua:
1269 560 1473 621 septem
1501 549 1708 611 diebus,
1736 546 1784 600 id
1816 553 1917 607 est,
1947 560 2035 597 ns-

454 661 562 717 que
588 646 657 701 ad
684 644 1001 700 vicesimum
1026 643 1259 713 primum
1289 643 1428 696 diem
1453 640 1692 708 ejusdem
1744 637 1942 690 mensis
1969 634 2035 687 ad

455 746 737 805 vesperam
765 740 851 789 est
874 739 1075 787 statuta
1106 730 1439 785 sclemnitas.
1476 728 1673 782 Verum
1695 724 2037 794 evangelista:

452 822 844 888 indideremer,
873 829 930 877 et
954 821 1096 877 diem
1120 834 1436 892 azymorum
1472 834 1569 889 pro
1596 816 1825 879 Pascha,
1856 822 1912 869 et
1938 827 2037 883 pro

454 914 990 985 diebusasymorum
1010 908 1220 967 Pascha
1243 925 1443 981 ponere
1470 908 1663 963 solent.

526 1003 673 1058 Tunc
702 1004 1000 1073 congregati
1034 1012 1157 1056 sunt
1198 1000 1456 1071 principes
1509 996 1839 1053 sacerdotum
1865 1005 1912 1049 et
1961 1009 2038 1048 se-

454 1094 628 1148 niores
662 1091 841 1163 populi
863 1092 919 1145 in
939 1091 1133 1144 atrium
1180 1089 1431 1160 principis
1473 1087 1824 1150 sacerdotum,
1845 1087 1934 1157 qui
1957 1085 2037 1138 di-

455 1184 671 1237 cebatur
693 1182 951 1252 Caiphas,
979 1191 1028 1235 et
1053 1179 1327 1234 consilium
1351 1178 1607 1248 fecerunt,
1630 1186 1684 1229 ut
1708 1174 1891 1229 Iesum
1915 1174 2037 1228 dolo

455 1281 685 1327 tenerent
719 1280 770 1326 et
799 1270 1110 1325 occiderent.
1146 1267 1396 1322 Dicebant
1441 1275 1661 1319 autem:
1708 1263 1831 1317 Non
1869 1263 1924 1315 in
1952 1262 2038 1315 die

456 1363 609 1432 festo,
639 1378 702 1417 ne
723 1361 858 1431 forte
879 1358 1137 1413 tumultus
1169 1358 1317 1428 ﬁeret
1358 1356 1419 1410 in
1449 1353 1661 1425 populo.
1694 1353 2037 1423 Congregan-

456 1460 568 1516 tur,
592 1452 844 1506 ineuntes
869 1448 1153 1505 consilium
1185 1487 1201 1512 ,
1244 1445 1515 1516 quomodo
1552 1442 1803 1497 occidant
1854 1440 2035 1493 Domi-

454 1555 606 1604 num,
632 1554 741 1594 non
782 1539 1036 1592 timentes
1062 1534 1423 1597 seditionem,
1475 1539 1538 1585 ut
1590 1530 1815 1599 simplex
1859 1542 2039 1583 sermo

455 1630 814 1692 demonstrat,
839 1626 935 1682 sed
956 1632 1211 1680 caventes
1238 1637 1307 1678 ne
1348 1619 1549 1676 auxilio
1601 1618 1783 1689 populi
1809 1618 1875 1672 de
1924 1616 2038 1671 suis

459 1720 705 1776 manibus
735 1719 1032 1774 tolleretur.

2136 538 2313 591 clesia:
2334 544 2555 596 sancte,
2567 548 2686 601 qua:
2709 531 2946 600 loquitur
2971 530 3023 583 iu
3047 542 3249 583 amoris
3263 527 3479 582 cantico
3494 527 3685 582 dicens
3711 546 3725 581 :

2136 625 2273 679 Dum
2301 635 2429 679 esset
2454 640 2544 676 rex
2566 624 2620 676 in
2642 622 2885 675 accubitu
2907 637 3022 681 suo,
3054 617 3255 672 nardus
3279 634 3395 671 mea
3414 616 3560 671 dedit
3591 617 3726 672 odo-

2136 731 2245 769 rem
2268 731 2445 777 suum,
2469 728 2588 782 quae
2616 727 2740 767 cum
2763 710 3057 781 potentiam
3103 708 3303 764 divinae
3325 708 3547 764 virtutis
3566 707 3729 764 Chri-

2135 804 2230 868 sti,
2255 818 2373 873 quae
2397 804 2472 857 illi
2497 818 2603 857 una
2628 810 2713 858 est
2727 816 2851 856 cum
2869 798 3233 870 Patre,digna
3260 799 3571 855 reverentia
3596 814 3730 855 con‘

2135 893 2339 959 litetur,
2372 902 2533 963 caput
2559 890 2802 963 proiecto
2831 890 2976 947 illius
3002 899 3281 960 unguento
3324 891 3570 960 pretioso
3597 906 3727 961 per-
3808 928 3817 935 -

2134 982 2330 1039 fundit.
2384 982 2519 1039 Cum
2556 997 2688 1038 vero
2730 988 3023 1051 assumpta
3065 980 3423 1037 humanitatis
3461 982 3734 1050 mysteria

2134 1074 2292 1143 digna
2318 1073 2621 1127 reverentia
2644 1072 2912 1141 suscipit,
2955 1072 3012 1126 in
3051 1072 3218 1139 pedes
3268 1069 3456 1139 utique
3506 1070 3731 1125 Domini

2136 1171 2464 1231 unguentum
2500 1163 2655 1217 nardi
2704 1162 2954 1231 pistieum
2978 1201 2993 1225 ,
3039 1161 3093 1216 id
3117 1169 3225 1227 est,
3253 1160 3415 1215 ﬁdele
3436 1176 3502 1216 ac
3530 1178 3729 1216 verum

2133 1252 2431 1321 prolundit.
2534 1256 2541 1263 ’

2219 1343 2461 1396 Videntes
2484 1351 2659 1395 autem
2683 1339 2927 1411 discipuli
2990 1340 3249 1410 indignati
3291 1350 3436 1404 sunt,
3466 1340 3724 1405 dicentes,

2136 1446 2192 1489 ut
2231 1434 2357 1505 quid
2387 1433 2610 1504 perditio
2650 1433 2762 1486 lues
2786 1433 2811 1485 ?
2855 1432 3024 1502 potuit
3065 1431 3208 1485 enim
3249 1430 3393 1484 istud
3423 1431 3723 1486 κικιηάαή

2134 1525 2321 1590 multo,
2350 1534 2398 1580 et
2423 1525 2544 1579 dari
2582 1524 2921 1594 pauperibus.
2961 1523 3077 1579 Hoc
3117 1522 3332 1578 Marcus
3367 1524 3642 1592 quomodo
3670 1533 3728 1579 et

2135 1617 2418 1672 Mattlueus
2445 1615 2865 1687 synecdochieos
2901 1615 3160 1686 loquitur,
3186 1614 3451 1684 pluralem
3474 1616 3735 1671 videlicet

2135 1722 2419 1763 numerum
2443 1722 2543 1776 pro
2570 1706 2829 1777 singulari
2861 1720 3088 1776 ponens.
3117 1706 3250 1761 Nam
3271 1702 3509 1762 Iunones
3530 1706 3729 1762 distin-s

884 1771 1012 1859 esset
1032 1804 1187 1859 Iesus
1228 1802 1281 1857 in
1303 1771 1585 1862 Bethania.
1607 1798 1662 1853 in
1682 1797 1836 1851 domo
1859 1794 2030 1851 δίαιθ’
2057 1798 2105 1858 Β
2132 1801 2272 1856 ctius
2299 1771 2546 1870 loquens,
2590 1771 2783 1855 ludam
2823 1771 2939 1855 hinc
2986 1799 3227 1855 locutum
3257 1799 3425 1855 fuisse
3464 1807 3727 1863 testatur,-

456 1899 538 1951 nis
569 1896 779 1967 leprosi.
834 1894 950 1948 Non
991 1908 1099 1963 quo
1151 1892 1396 1961 leprosos
1435 1903 1501 1943 eo
1534 1896 1775 1956 tempore
1825 1899 2037 1954 perma-

457 1988 751 2053 ueret,scd
804 1987 931 2056 quia
959 1995 1086 2039 ante
1130 1984 1413 2053 leprosus,
1462 1988 1653 2051 postea
1683 1994 1713 2032 a
1757 1977 2037 2035 Salvatore

463 2081 754 2133 iuttudatus
781 2087 889 2142 est,
917 2076 1134 2133 nomine
1154 2074 1385 2144 pristino
1429 2077 1809 2142 permanente.
1849 2069 2035 2124 Simon

456 2185 675 2240 quoque
705 2169 819 2237 ipse
844 2167 1104 2223 obedienc
1138 2165 1357 2228 dicitur,
1383 2164 1476 2233 qui
1503 2163 1656 2233 juxta
1690 2162 1851 2216 aliam
1875 2161 2035 2216 intel-

456 2258 1011 2331 ligentiammutndus
1030 2257 1373 2325 interpretari
1402 2262 1598 2324 potest,
1624 2254 1677 2307 in
1704 2251 1857 2322 cujus
1878 2252 2036 2307 domo

460 2358 651 2405 curata
677 2357 765 2404 est
786 2348 1051 2403 Ecclesia.

529 2440 759 2495 Accessit
785 2440 854 2494 ad
877 2454 995 2493 eum
1014 2436 1206 2491 mulier
1231 2435 1422 2490 habens
1443 2433 1761 2489 alabastrum
1787 2430 2035 2502 unguenti

457 2530 696 2599 pretiosi,
720 2538 771 2583 et
828 2527 1014 2597 effudit
1043 2542 1199 2597 super
1248 2535 1403 2595 caput
1445 2524 1611 2594 ipsius
1669 2521 2031 2577 recumbentis.

462 2618 652 2674 Mulier
672 2620 774 2674 ista
794 2618 962 2674 Maria
976 2624 1096 2672 erat
1119 2616 1446 2687 Magdalena,
1473 2630 1628 2672 soror
1646 2614 1860 2679 Lazari,
1873 2629 2034 2683 quem

462 2709 752 2765 suscitavit
770 2707 928 2765 Jesus
950 2722 992 2763 ι
1008 2707 1256 2770 mortuis,
1277 2703 1579 2761 utJoannes
1600 2712 1787 2774 aperte
1799 2702 2036 2758 com'me-

461 2812 639 2858 morat
659 2801 842 2874 (Joan.
860 2801 959 2872 tu).
985 2799 1087 2867 Qui
1110 2799 1273 2855 etiam
1296 2799 1397 2854 hoc
1427 2796 1627 2852 factum
1655 2804 1780 2850 ante
1800 2809 1895 2850 sex
1921 2794 2034 2850 dies

461 2894 682 2949 Daschm
703 2902 953 2959 testatur,
968 2891 1453 2962 priusquamasino
1474 2890 1670 2945 sedens
1689 2904 1823 2944 eum
1840 2888 2033 2958 palmis

456 2996 514 3040 et
540 2985 697 3040 laude
731 2986 1008 3040 turbarum
1054 2982 1493 3053 Hierosolymo
1520 2980 1746 3035 veniret.
1784 2979 1902 3049 ipsa
1950 2988 2035 3034 est

458 3088 638 3135 autem
677 3093 780 3133 non
810 3076 934 3141 alia,
973 3090 1093 3145 quae
1139 3074 1448 3145 quondam,
1483 3079 1542 3126 ut
1586 3070 1759 3125 Lucas
1808 3069 2035 3135 scribit,

2136 1898 2191 1946 et
2216 1891 2320 1946 hoc
2347 1891 2520 1961 gratia
2545 1890 2876 1960 cupiditatis,
2900 1905 2966 1946 eo
2993 1892 3137 1960 quod
3178 1890 3268 1945 fur
3293 1889 3502 1955 luisset,
3544 1899 3602 1946 et
3646 1891 3727 1947 lo-

2134 1981 2287 2036 culos
2324 1981 2544 2046 habens,
2581 1995 2646 2035 ea
2687 1996 2809 2050 quae
2854 1981 3209 2036 mittebantur
3249 1989 3491 2050 portaret
3533 1980 3722 2051 (Joan.

2136 2090 2213 2127 xu
2238 2072 2278 2145 ).
2307 2073 2493 2128 Potest
2519 2075 2685 2129 etiam
2727 2074 2956 2144 intelligi
2984 2074 3128 2143 quod
3155 2080 3211 2128 et
3234 2072 3326 2127 alii
3351 2072 3601 2142 discipuli
3629 2074 3731 2127 aut

2136 2164 2408 2218 senserint
2478 2165 2718 2231 hoe,aut
2753 2164 3012 2230 dixerint,
3062 2172 3159 2219 aut
3196 2163 3279 2219 eis
3330 2161 3726 2220 Juda‘dieente

2132 2269 2451 2325 persuasum
2480 2256 2573 2321 sit,
2600 2264 2763 2326 atque
2797 2256 3038 2311 omnium
3064 2255 3397 2311 voluntatem
3436 2255 3735 2311 Matthtcus

2134 2352 2189 2398 et
2211 2345 2421 2401 Marcus
2444 2347 2610 2401 etiam
2647 2348 2828 2403 verbis
2860 2348 3247 2419 expresserim.
3273 2346 3380 2402 Sed
3405 2344 3574 2402 indas
3593 2363 3724 2418 pro-

2132 2447 2253 2504 pter
2276 2451 2339 2492 ea
2369 2436 2528 2503 dixit,
2554 2439 2683 2507 quia
2711 2440 2798 2494 fur
2825 2447 2968 2505 erat,
2994 2440 3179 2495 easteri
3200 2452 3331 2493 vero
3352 2446 3577 2509 propter
3593 2454 3724 2509 pau-

2132 2543 2324 2597 perum
2346 2542 2555 2584 curam.

2205 2618 2385 2673 Sciens
2407 2629 2580 2673 autem
2603 2618 2782 2684 Iesus,
2805 2622 2880 2674 ait
2906 2620 3039 2675 illis:
3067 2619 3209 2686 Quid
3227 2620 3429 2675 molesti
3455 2621 3578 2675 estis
3595 2622 3723 2675 Ituic

2132 2709 2344 2763 mulieri
2366 2707 2563 2779 ἔλυμα
2591 2710 2781 2765 bonum
2812 2719 3025 2779 operata
3056 2720 3131 2765 est
3167 2712 3223 2765 in
3242 2726 3346 2775 me,
3377 2728 3500 2766 nam
3519 2728 3725 2783 semper

2132 2812 2383 2868 pauperes
2433 2797 2685 2853 habebitis
2733 2799 3017 2864 nobiseum,
3063 2816 3145 2854 me
3172 2809 3344 2855 autem
3372 2816 3475 2856 non
3520 2816 3737 2871 semper

2132 2889 2407 2945 habebitis.
2459 2890 2559 2962 (Ex
2585 2890 2831 2956 Hieron.)
2870 2891 2997 2946 Mihi
3026 2893 3239 2947 videtur
3270 2894 3325 2947 in
3362 2894 3466 2949 hoc
3508 2893 3628 2948 loco
3655 2893 3724 2949 de

2134 2985 2421 3052 praesentia
2465 2984 2646 3037 dicere
2687 2984 2976 3053 corporali,
3025 2985 3168 3053 quod
3204 3000 3546 3055 nequaquam
3591 3001 3733 3042 cum.

2135 3077 2216 3131 eis
2262 3077 2334 3130 ita
2385 3075 2599 3130 futurus
2646 3076 2716 3129 sit
2762 3084 2886 3144 post
2932 3077 3405 3137 resurrectionem,
3448 3078 3735 3145 quomodo

456 3167 732 3237 peccatrix
759 3166 937 3222 adhuc
966 3165 1189 3221 veniens
1216 3163 1393 3234 pedes
1410 3161 1617 3218 Domini
1653 3162 2033 3232 lacrymispoe—
2062 3146 2106 3212 C
2138 3182 2281 3221 nunc
2319 3167 2370 3219 in
2416 3166 2563 3219 omni
2605 3166 2855 3219 convictu
2919 3173 2974 3219 ει
3017 3165 3401 3229 familiaritate,
3443 3168 3600 3238 cujus
3640 3168 3721 3223 rei

458 3258 698 3312 nitentia:
726 3256 941 3327 rigavit,
969 3266 1025 3311 et
1048 3254 1437 3325 unguentopiac
1464 3251 1816 3308 confessionis
1838 3251 2031 3306 linivit.

460 3349 670 3419 thuia
687 3348 913 3404 multum
933 3346 1124 3402 dilexit
1141 3346 1430 3399 multorum
1451 3344 1663 3400 veniam
1690 3351 2033 3412 peceatorqu

456 3456 488 3496 a
518 3442 608 3512 pio
628 3439 812 3510 judice
855 3439 1154 3510 promeruit
1180 3437 1331 3509 (Luc.
1360 3435 1477 3506 vn).
1527 3434 1679 3491 Nune
1717 3451 1846 3490 vero
1875 3433 2053 3503 justi-'

460 3533 619 3589 licata
651 3541 707 3588 et
739 3531 1022 3588 familiaris
1050 3529 1238 3586 effecta
1263 3528 1487 3584 Domino
1508 3542 1611 3584 non
1640 3532 1849 3582 tantum
1871 3528 2036 3597 pedes

457 3622 596 3694 ejus,
629 3632 690 3678 ut
739 3624 880 3679 idem
935 3622 1169 3677 Joannes
1218 3628 1402 3675 narrat
1424 3619 1605 3690 (Joan.
1653 3618 1795 3689 xu),
1851 3632 2035 3672 verum

459 3716 624 3791 etiam
651 3721 852 3785 caput,
905 3721 966 3768 ut
1015 3712 1301 3766 Matthteus
1347 3710 1663 3780 Marcusque
1709 3710 2031 3779 perhibent,

459 3806 581 3860 oleo
607 3813 798 3861 sancto
843 3803 1098 3874 perfudit.
1147 3803 1242 3858 Est
1265 3810 1447 3857 autem
1488 3802 1819 3857 alabastrum
1866 3815 2034 3868 genus

461 3895 751 3950 marmoris
770 3894 983 3949 candidi
1005 3893 1171 3948 variis
1204 3891 1477 3948 coloribus
1500 3890 1796 3946 intertiucti
1823 3929 1837 3952 ,
1892 3882 2041 3957 quod

460 3988 527 4041 ad
558 4000 682 4042 vasa
709 3985 1061 4057 unguentaria
1082 3986 1262 4041 cavari
1284 3984 1438 4047 solet,
1462 3981 1686 4051 ecquod
1711 3979 1912 4047 optime
1934 3993 2042 4033 ser-

461 4092 590 4130 vare
619 4092 681 4131 ea
734 4075 1047 4146 incorrupta
1071 4062 1300 4131 dicatur.
1353 4072 1606 4128 Nascitur
1642 4069 1785 4122 circa
1826 4067 2039 4123 Thebas

461 4165 824 4235 .‘Egyptiaset
868 4164 1199 4220 Damascum.
1240 4162 1411 4233 Syrian
1457 4157 1669 4213 ueteris
1722 4158 2034 4222 candidius,

461 4256 897 4323 probatissimum
923 4270 1051 4311 vero
1082 4255 1137 4309 in
1164 4253 1331 4308 ludia.
1361 4248 1572 4303 Nardus
1597 4264 1724 4303 vero
1751 4258 1833 4303 est
1859 4247 2032 4303 frutex

460 4347 773 4410 aromatiea,
802 4347 1061 4417 gravi,ut
1110 4346 1287 4406 aiunt,
1321 4349 1376 4395 et
1423 4355 1610 4395 crassa
1668 4340 1888 4405 radice,
1942 4344 2038 4395 sed

461 4439 606 4492 brevi
638 4454 699 4491 ac
723 4438 876 4509 nigra
902 4438 1203 4509 fragilique,
1236 4431 1483 4503 quamvis
1530 4433 1712 4503 pingui
1751 4433 1859 4488 situ
1884 4434 2037 4487 redo-

2137 3272 2347 3312 memor
2372 3256 2657 3325 Apostolus
2680 3256 2790 3309 ait:
2829 3254 2898 3309 Et
2930 3257 2977 3309 si
3012 3271 3317 3310 noveramus
3343 3255 3526 3311 Iesum
3565 3253 3724 3313 Chri-

2134 3360 2271 3402 stum
2301 3347 2584 3400 sccundnm
2628 3362 2859 3407 carnem,
2904 3363 3041 3401 nunc
3076 3347 3203 3416 jam:
3218 3363 3321 3401 non
3347 3348 3585 3403 novimus
3603 3365 3733 3403 eunr

2139 3436 2223 3507 (ιι
2247 3434 2370 3491 Cor.
2403 3434 2480 3507 v).
3152 3434 3157 3437 λ

2210 3528 2423 3583 Mittens
2450 3528 2589 3581 enim
2612 3528 2726 3582 lucc
2752 3538 3079 3598 unguentum
3113 3531 3210 3583 hoc
3237 3530 3293 3582 in
3331 3546 3520 3601 corpus
3545 3547 3727 3585 meum

2142 3618 2212 3671 ad
2246 3616 2597 3687 sepeliendum
2622 3633 2705 3671 me
2729 3618 2869 3687 fecit.
2906 3618 3058 3685 Quod
3084 3633 3181 3673 vos
3220 3620 3423 3687 putatis
3458 3620 3727 3689 perditio-

2139 3724 2261 3763 nem
2289 3724 2409 3764 esse
2444 3709 2726 3777 unguenti,
2755 3708 2984 3763 cilicium
3028 3709 3318 3779 sepulturae
3358 3718 3469 3773 est,
3493 3724 3595 3765 nec
3622 3712 3727 3764 mi-

2141 3812 2281 3861 rum,
2309 3799 2355 3853 si
2385 3794 2516 3852 mihi
2546 3800 2745 3854 bonum
2774 3800 2994 3867 odorem
3025 3800 3145 3853 lidei
3187 3813 3298 3853 sua
3336 3799 3567 3864 dederit,
3597 3815 3741 3854 cum-

2139 3907 2238 3962 ego
2263 3904 2363 3961 pro
2386 3907 2449 3945 ea
2480 3890 2698 3945 fusurus
2718 3892 2819 3945 sim
2846 3892 3162 3959 sanguinem
3191 3906 3392 3946 meum.

2209 3987 2373 4039 Amen
2400 3985 2517 4039 dico
2542 3984 2704 4047 vobis,
2743 3983 3034 4053 ubicunque
3068 3982 3414 4053 pra-dicatum
3439 3982 3598 4051 fuerit
3626 3982 3729 4035 hoc

2140 4072 2479 4142 Enangelium
2501 4073 2557 4125 in
2577 4080 2686 4124 toto
2714 4070 2932 4134 mundo,
2972 4070 3178 4124 dicetur
3207 4080 3256 4124 et
3286 4064 3433 4141 quod
3464 4070 3578 4123 Iure
3603 4063 3741 4138 fecit"

2138 4163 2197 4215 in
2223 4162 2525 4214 memoriam
2555 4162 2692 4229 ejus.
2744 4159 2800 4213 lu
2847 4168 2961 4214 toto
2989 4160 3190 4215 mundo
3232 4175 3337 4213 non
3382 4170 3490 4213 tam
3530 4158 3732 4213 mulier

2141 4256 2267 4317 ista,
2291 4270 2450 4324 quam
2497 4254 2733 4307 Ecclesia
2766 4254 3106 4322 pnedicatur,
3135 4254 3277 4323 quod
3308 4252 3580 4321 sepelierit
3615 4251 3735 4308 Sal-‘-

2140 4354 2405 4407 vatorem,
2433 4344 2575 4413 quod
2600 4344 2817 4397 unxerit
2841 4351 3001 4411 caput
3024 4341 3156 4411 ejus.

2216 4435 2360 4495 Tunc
2401 4435 2528 4487 abiit
2572 4446 2710 4488 unus
2737 4435 2802 4487 de
2852 4433 3160 4498 duodecim,
3193 4435 3281 4503 qui
3322 4433 3516 4487 dicitur
3555 4434 3735 4488 ludas

462 4527 604 4580 lente
639 4542 667 4580 e
693 4495 1166 4595 lprSSllnl,i:SpC-l'0
1179 4495 1391 4590 sapore,
1409 4495 1720 4589 folio-paivo
1742 4518 2037 4590 densoque,
2068 4495 2117 4554 θ
2145 4525 2441 4579 Iselmrioth
2468 4524 2547 4577 ad'
2563 4525 2818 4593 principes
2845 4495 3270 4586 sacerdotunt,'et
3297 4524 3369 4577 ait
3404 4521 3510 4577 illis
3537 4538 3556 4577 :
3589 4522 3745 4589 Quid

463 4616 616 4684 cujus
643 4616 923 4671 cacumina
951 4616 1004 4670 in
1033 4616 1230 4670 aristas
1262 4628 1321 4666 se
1368 4620 1645 4679 spargunt.
1678 4611 1906 4680 Ideoque
1950 4629 2042 4679 ge-

466 4707 610 4760 mina
646 4707 786 4761 docti
828 4686 1167 4777 pigmentarii
1223 4700 1375 4755 nardi
1425 4699 1602 4767 spicas
1625 4715 1691 4754 ac
1721 4699 1846 4754 folia
1898 4701 2043 4777 cele-

465 4801 642 4853 brant.
676 4798 742 4853 Et
766 4770 867 4853 hoc
886 4770 999 4860 est,
1026 4793 1169 4864 quod
1208 4792 1289 4846 ait
1311 4790 1523 4844 Marcus
1553 4809 1564 4842 :
1599 4788 1862 4860 Unguenti
1892 4770 2044 4847 nardi

466 4890 651 4957 apicati
687 4887 880 4959 (Mare.
907 4884 1016 4954 λιν)
1038 4924 1053 4947 ,
1104 4881 1324 4952 pretiosi
1354 4880 1629 4944 videlicet,
1656 4882 1781 4949 quia
1812 4897 2047 4952 unguen-

469 4991 579 5035 tum
613 4980 742 5034 illud
781 4977 924 5047 quod
946 4974 1127 5029 attulit
1157 4971 1323 5025 Maria
1358 4971 1604 5035 Domino,
1643 4988 1747 5026 non
1779 4974 1957 5028 solum
1979 4977 2045 5030 de

470 5073 649 5125 raiice
678 5068 983 5123 confertum
1015 5063 1187 5125 nardi,
1234 5077 1419 5115 verum
1455 5062 1638 5123 etiam,
1665 5064 1805 5131 quod
1850 5066 2043 5133 pretio—

470 5164 582 5215 sius
612 5170 778 5219 esset,
807 5156 1076 5223 spicarum
1103 5167 1315 5221 quoque
1365 5161 1419 5205 et
1466 5152 1712 5207 foliorum
1745 5153 1861 5221 ejus
1907 5154 2047 5222 adjc-

471 5254 672 5311 ctione,
698 5246 879 5301 odoris
958 5260 1022 5299 ac
1078 5243 1291 5297 virtutis
1348 5243 1489 5297 illius
1542 5233 1661 5297 erat
1711 5246 2044 5300 accumulata

378 5384 389 5393 .
470 5341 665 5413 gratia.
710 5336 911 5391 Ferunt
962 5346 1138 5388 autem
1180 5336 1244 5388 de
1303 5336 1470 5413 nardo
1521 5336 1839 5407 physiologi,
1904 5338 2045 5406 quod

472 5410 783 5501 principalis
811 5425 882 5478 sit
906 5424 956 5477 iu
986 5424 1293 5493 unguentis,
1314 5410 1451 5478 unde
1478 5426 1670 5480 merito
1700 5427 1937 5480 mwtioui
1962 5443 2049 5480 ca-

472 5519 602 5591 pitis
623 5524 676 5571 ct
704 5513 894 5585 pedum
913 5514 1325 5591 Duniini‘ohlata
1345 5524 1445 5569 est.
1477 5514 1612 5569 Sunt
1636 5515 1800 5569 multa
1833 5516 2047 5584 quidem

475 5607 594 5677 cjus
621 5621 837 5675 genera,
862 5606 955 5661 sed
984 5606 1163 5661 omnia
1191 5606 1390 5669 herba),
1416 5614 1613 5674 printer
1636 5605 1873 5659 Iudicum
1909 5608 2049 5675 quod

476 5696 768 5772 pretiosius
801 5710 902 5752 est.
955 5696 1178 5768 Mysticc
1230 5708 1406 5752 autem
1455 5698 1668 5752 devotio
1720 5699 1831 5751 lucc
1875 5697 2049 5753 Maria‘

2144 4615 2301 4668 uultis
2351 4613 2479 4667 mihi
2528 4614 2676 4677 dare,
2726 4622 2778 4667 et
2826 4630 2918 4681 ego
2971 4614 3112 4667 vobis
3157 4630 3274 4667 eum
3325 4613 3586 4668 tradam?
3620 4623 3747 4669 ele.~

2146 4702 2296 4757 Multi
2325 4703 2481 4757 hodie
2525 4703 2703 4757 scelus
2744 4702 2913 4767 indie,
2961 4703 3086 4771 quia
3135 4702 3420 4756 Dominum
3466 4717 3529 4757 ac
3564 4701 3739 4773 Magi-

2143 4803 2315 4849 strum
2348 4796 2622 4864 Deumque
2660 4811 2815 4849 suum
2839 4796 3065 4865 pecunia
3089 4795 3412 4857 vendiderit,
3438 4795 3520 4849 vel
3547 4803 3609 4849 ut
3635 4797 3741 4851 iur-

2146 4904 2324 4951 manc,
2372 4897 2430 4942 et
2475 4886 2743 4942 nefarium
2786 4880 3101 4949 exliorreut‘,
3147 4901 3248 4941 nec
3285 4895 3465 4940 tamen
3497 4898 3697 4941 cavent
3722 4901 3751 4940 ε’

2148 4993 2275 5031 nam
2303 4992 2424 5032 eum
2466 4991 2565 5046 pro
2607 4977 2921 5031 muneribus
2964 4976 3157 5030 falsum
3202 4984 3390 5030 contra
3436 4976 3753 5044 quemlibet

2149 5069 2517 5123 testimonium
2539 5068 2745 5132 dicunt,
2769 5066 3029 5137 profecto,
3052 5068 3177 5135 quia
3201 5067 3481 5121 veritatem
3504 5066 3753 5135 pecuniae

2151 5168 2367 5230 negant,
2384 5159 2549 5212 Deum
2573 5159 2798 5227 pecunia
2825 5157 3081 5211 vendunt.
3110 5155 3231 5225 Ipse
3251 5156 3395 5210 enim
3420 5155 3593 5210 dixit:
3622 5154 3743 5225 Ego

2149 5268 2263 5305 sum
2295 5252 2482 5304 veritas
2505 5249 2684 5320 (Joan.
2711 5248 2842 5318 xw).
2875 5248 3009 5303 Cum
3034 5248 3348 5302 societatem
3378 5245 3759 5301 fraternitate-

2152 5339 2330 5409 aliqua
2356 5338 2638 5393 discordim
2665 5348 2816 5406 peste
2842 5335 3257 5399 commaCulant,
3292 5334 3581 5389 Dominum
3620 5349 3746 5403 pro-

2148 5432 2303 5491 dunt,
2339 5431 2465 5500 quia
2493 5428 2632 5482 Deus
2663 5428 2901 5483 charitas
2934 5436 3029 5480 est.
3062 5425 3163 5493 Qui
3204 5441 3333 5495 ergo
3369 5423 3660 5480 charitatis
3686 5434 3756 5477 ct-

2150 5523 2394 5576 veritatis
2416 5522 2564 5591 jussa
2606 5528 2886 5588 spernunt,
2935 5518 3100 5573 Deum
3128 5518 3337 5586 utique,
3365 5519 3571 5585 quiest
3608 5514 3746 5570 chao

2152 5613 2285 5665 ritas
2314 5619 2368 5666 et
2402 5610 2624 5672 veritas,
2669 5609 2921 5677 produnt.
2970 5606 3171 5662 Scribit
3214 5606 3267 5660 in
3304 5604 3599 5675 Evangelio
3640 5620 3740 5659 sun

2151 5702 2386 5757 Joannes
2414 5715 2426 5753 :
2457 5700 2593 5765 Quia
2616 5716 2731 5753 cum
2762 5699 3052 5753 intiuxisset
3079 5697 3331 5750 Dominus
3358 5713 3568 5765 panem,
3592 5695 3763 5761 ded-tv
