  <div class='ocr_page' id='page_1' title='image "/cluster/home/n/w/nwhite01/storage/ocr_20150623/102/umn.31951002477395f/096.png"; bbox 0 0 3978 6418; ppageno 0'>
   <div class='ocr_carea' id='block_1_1' title="bbox 220 340 318 399">
    <p class='ocr_par' dir='ltr' id='par_1_1' title="bbox 220 340 318 399">
     <span class='ocr_line' id='line_1_1' title="bbox 220 340 318 399; baseline 0.031 -4"><span class='ocrx_word' id='word_1_1' title='bbox 220 340 318 399; x_wconf 80' lang='lat' dir='ltr'><strong>l&#39;t&#39;l.</strong></span> 
     </span>
    </p>
   </div>
   <div class='ocr_carea' id='block_1_2' title="bbox 1029 304 1831 397">
    <p class='ocr_par' dir='ltr' id='par_1_2' title="bbox 1029 331 1831 392">
     <span class='ocr_line' id='line_1_2' title="bbox 1029 331 1831 392; baseline -0.009 0"><span class='ocrx_word' id='word_1_2' title='bbox 1029 332 1546 392; x_wconf 65' lang='lat' dir='ltr'><strong>COLLECTIUNLS</strong></span> <span class='ocrx_word' id='word_1_3' title='bbox 1576 332 1647 384; x_wconf 68' lang='lat' dir='ltr'><strong>LV</strong></span> <span class='ocrx_word' id='word_1_4' title='bbox 1690 331 1831 385; x_wconf 59' lang='lat' dir='ltr'><strong>El’l:</strong></span> 
     </span>
    </p>
   </div>
   <div class='ocr_carea' id='block_1_3' title="bbox 1942 304 3496 397">
    <p class='ocr_par' dir='ltr' id='par_1_3' title="bbox 1942 304 3496 397">
     <span class='ocr_line' id='line_1_3' title="bbox 1942 304 3496 397; baseline 0.001 -12"><span class='ocrx_word' id='word_1_5' title='bbox 1942 333 2072 388; x_wconf 64' lang='grc' dir='ltr'><strong>ωδ</strong></span> <span class='ocrx_word' id='word_1_6' title='bbox 2108 337 2198 389; x_wconf 69' lang='grc' dir='ltr'><strong>ΕΤ</strong></span> <span class='ocrx_word' id='word_1_7' title='bbox 2242 335 2657 397; x_wconf 57' lang='lat' dir='ltr'><strong>nascens,</strong></span> <span class='ocrx_word' id='word_1_8' title='bbox 2878 384 2885 387; x_wconf 88' lang='lat'><strong>.</strong></span> <span class='ocrx_word' id='word_1_9' title='bbox 3122 304 3125 307; x_wconf 48' lang='grc'>’</span> <span class='ocrx_word' id='word_1_10' title='bbox 3390 329 3496 394; x_wconf 65' lang='lat' dir='ltr'><strong>nt</strong></span> 
     </span>
    </p>
   </div>
   <div class='ocr_carea' id='block_1_4' title="bbox 220 434 3496 521">
    <p class='ocr_par' dir='ltr' id='par_1_4' title="bbox 220 434 3496 521">
     <span class='ocr_line' id='line_1_4' title="bbox 220 434 3496 521; baseline -0.001 -15"><span class='ocrx_word' id='word_1_11' title='bbox 220 454 379 508; x_wconf 72' lang='lat' dir='ltr'><strong>)udu&#39;</strong></span> <span class='ocrx_word' id='word_1_12' title='bbox 408 434 641 507; x_wconf 84' lang='lat' dir='ltr'><strong>Simonis</strong></span> <span class='ocrx_word' id='word_1_13' title='bbox 671 447 977 511; x_wconf 81' lang='lat' dir='ltr'><strong>Iscariotis;</strong></span> <span class='ocrx_word' id='word_1_14' title='bbox 1020 456 1067 501; x_wconf 90' lang='lat' dir='ltr'><strong>et</strong></span> <span class='ocrx_word' id='word_1_15' title='bbox 1105 455 1218 520; x_wconf 86' lang='lat' dir='ltr'><strong>post</strong></span> <span class='ocrx_word' id='word_1_16' title='bbox 1246 445 1530 502; x_wconf 79' lang='lat' dir='ltr'><strong>buccellam</strong></span> <span class='ocrx_word' id='word_1_17' title='bbox 1560 454 1681 500; x_wconf 87' lang='lat' dir='ltr'><strong>tunc</strong></span> <span class='ocrx_word' id='word_1_18' title='bbox 1726 446 1807 499; x_wconf 85' lang='lat' dir='ltr'><strong>in—</strong></span> <span class='ocrx_word' id='word_1_19' title='bbox 1835 445 1885 505; x_wconf 76' lang='grc' dir='ltr'><strong>Α</strong></span> <span class='ocrx_word' id='word_1_20' title='bbox 1911 444 2078 499; x_wconf 85' lang='lat' dir='ltr'><strong>steria</strong></span> <span class='ocrx_word' id='word_1_21' title='bbox 2104 445 2403 511; x_wconf 84' lang='lat' dir='ltr'><strong>declarare,</strong></span> <span class='ocrx_word' id='word_1_22' title='bbox 2428 456 2693 516; x_wconf 86' lang='lat' dir='ltr'><strong>quatenus</strong></span> <span class='ocrx_word' id='word_1_23' title='bbox 2725 458 2782 503; x_wconf 86' lang='lat' dir='ltr'><strong>et</strong></span> <span class='ocrx_word' id='word_1_24' title='bbox 2817 448 3025 521; x_wconf 80' lang='lat' dir='ltr'><strong>antiqui</strong></span> <span class='ocrx_word' id='word_1_25' title='bbox 3068 449 3362 521; x_wconf 73' lang='lat' dir='ltr'><strong>tegulisque</strong></span> <span class='ocrx_word' id='word_1_26' title='bbox 3397 451 3496 507; x_wconf 83' lang='lat' dir='ltr'><strong>Ps-</strong></span> 
     </span>
    </p>
   </div>
   <div class='ocr_carea' id='block_1_5' title="bbox 220 536 1816 611">
    <p class='ocr_par' dir='ltr' id='par_1_5' title="bbox 220 536 1816 611">
     <span class='ocr_line' id='line_1_5' title="bbox 220 536 1816 611; baseline -0.004 -14"><span class='ocrx_word' id='word_1_27' title='bbox 220 543 393 607; x_wconf 80' lang='lat' dir='ltr'><strong>troirit</strong></span> <span class='ocrx_word' id='word_1_28' title='bbox 420 543 475 595; x_wconf 83' lang='lat' dir='ltr'><strong>in</strong></span> <span class='ocrx_word' id='word_1_29' title='bbox 501 539 651 596; x_wconf 84' lang='lat' dir='ltr'><strong>illum</strong></span> <span class='ocrx_word' id='word_1_30' title='bbox 689 538 919 594; x_wconf 88' lang='lat' dir='ltr'><strong>Satanas</strong></span> <span class='ocrx_word' id='word_1_31' title='bbox 945 537 1127 611; x_wconf 82' lang='lat' dir='ltr'><strong>(Joan.</strong></span> <span class='ocrx_word' id='word_1_32' title='bbox 1157 536 1299 610; x_wconf 77' lang='lat' dir='ltr'><strong>xm),</strong></span> <span class='ocrx_word' id='word_1_33' title='bbox 1332 538 1427 594; x_wconf 88' lang='lat' dir='ltr'><strong>sed</strong></span> <span class='ocrx_word' id='word_1_34' title='bbox 1446 554 1558 595; x_wconf 85' lang='lat' dir='ltr'><strong>non</strong></span> <span class='ocrx_word' id='word_1_35' title='bbox 1584 546 1668 593; x_wconf 89' lang='lat' dir='ltr'><strong>cst</strong></span> <span class='ocrx_word' id='word_1_36' title='bbox 1693 553 1816 591; x_wconf 89' lang='lat' dir='ltr'><strong>con-</strong></span> 
     </span>
    </p>
   </div>
   <div class='ocr_carea' id='block_1_6' title="bbox 223 627 1812 700">
    <p class='ocr_par' dir='ltr' id='par_1_6' title="bbox 223 627 1812 700">
     <span class='ocr_line' id='line_1_6' title="bbox 223 627 1812 700; baseline -0.004 -13"><span class='ocrx_word' id='word_1_37' title='bbox 223 633 449 687; x_wconf 67' lang='lat' dir='ltr'><strong>trarium</strong></span> <span class='ocrx_word' id='word_1_38' title='bbox 477 629 656 697; x_wconf 63' lang='lat' dir='ltr'><strong>Lucae,</strong></span> <span class='ocrx_word' id='word_1_39' title='bbox 698 631 787 700; x_wconf 88' lang='lat' dir='ltr'><strong>qui</strong></span> <span class='ocrx_word' id='word_1_40' title='bbox 820 644 947 684; x_wconf 87' lang='lat' dir='ltr'><strong>eum</strong></span> <span class='ocrx_word' id='word_1_41' title='bbox 985 637 1040 683; x_wconf 92' lang='lat' dir='ltr'><strong>et</strong></span> <span class='ocrx_word' id='word_1_42' title='bbox 1065 636 1189 683; x_wconf 86' lang='lat' dir='ltr'><strong>ante</strong></span> <span class='ocrx_word' id='word_1_43' title='bbox 1217 628 1511 684; x_wconf 82' lang='lat' dir='ltr'><strong>buccellam</strong></span> <span class='ocrx_word' id='word_1_44' title='bbox 1541 644 1573 681; x_wconf 88' lang='lat' dir='ltr'><strong>a</strong></span> <span class='ocrx_word' id='word_1_45' title='bbox 1612 627 1812 683; x_wconf 88' lang='lat' dir='ltr'><strong>Satana</strong></span> 
     </span>
    </p>
   </div>
   <div class='ocr_carea' id='block_1_7' title="bbox 225 718 1814 791">
    <p class='ocr_par' dir='ltr' id='par_1_7' title="bbox 225 718 1814 791">
     <span class='ocr_line' id='line_1_7' title="bbox 225 718 1814 791; baseline -0.004 -13"><span class='ocrx_word' id='word_1_46' title='bbox 225 728 477 785; x_wconf 24' lang='lat' dir='ltr'><strong>invasam,</strong></span> <span class='ocrx_word' id='word_1_47' title='bbox 514 721 627 790; x_wconf 87' lang='lat' dir='ltr'><strong>jam</strong></span> <span class='ocrx_word' id='word_1_48' title='bbox 672 736 799 778; x_wconf 85' lang='lat' dir='ltr'><strong>esse</strong></span> <span class='ocrx_word' id='word_1_49' title='bbox 845 729 1234 777; x_wconf 73' lang='lat' dir='ltr'><strong>commemorat</strong></span> <span class='ocrx_word' id='word_1_50' title='bbox 1280 718 1431 785; x_wconf 87' lang='lat' dir='ltr'><strong>(Luc.</strong></span> <span class='ocrx_word' id='word_1_51' title='bbox 1478 719 1639 791; x_wconf 75' lang='lat' dir='ltr'><strong>nn),</strong></span> <span class='ocrx_word' id='word_1_52' title='bbox 1686 718 1814 787; x_wconf 85' lang='lat' dir='ltr'><strong>quia</strong></span> 
     </span>
    </p>
   </div>
   <div class='ocr_carea' id='block_1_8' title="bbox 225 810 1818 886">
    <p class='ocr_par' dir='ltr' id='par_1_8' title="bbox 225 810 1818 886">
     <span class='ocr_line' id='line_1_8' title="bbox 225 810 1818 886; baseline -0.003 -18"><span class='ocrx_word' id='word_1_53' title='bbox 225 832 385 886; x_wconf 86' lang='lat' dir='ltr'><strong>quem</strong></span> <span class='ocrx_word' id='word_1_54' title='bbox 416 830 558 869; x_wconf 90' lang='lat' dir='ltr'><strong>nunc</strong></span> <span class='ocrx_word' id='word_1_55' title='bbox 588 813 835 876; x_wconf 75' lang='lat' dir='ltr'><strong>intravit,</strong></span> <span class='ocrx_word' id='word_1_56' title='bbox 873 820 934 866; x_wconf 92' lang='lat' dir='ltr'><strong>ut</strong></span> <span class='ocrx_word' id='word_1_57' title='bbox 960 812 1255 882; x_wconf 89' lang='lat' dir='ltr'><strong>deciperet,</strong></span> <span class='ocrx_word' id='word_1_58' title='bbox 1284 810 1626 881; x_wconf 78' lang='lat' dir='ltr'><strong>postmodum</strong></span> <span class='ocrx_word' id='word_1_59' title='bbox 1655 811 1818 864; x_wconf 88' lang='lat' dir='ltr'><strong>intra-</strong></span> 
     </span>
    </p>
   </div>
   <div class='ocr_carea' id='block_1_9' title="bbox 227 889 1523 973">
    <p class='ocr_par' dir='ltr' id='par_1_9' title="bbox 227 889 1523 973">
     <span class='ocr_line' id='line_1_9' title="bbox 227 889 1523 973; baseline -0.004 -14"><span class='ocrx_word' id='word_1_60' title='bbox 227 908 324 970; x_wconf 77' lang='lat' dir='ltr'><strong>vit,</strong></span> <span class='ocrx_word' id='word_1_61' title='bbox 354 913 414 959; x_wconf 90' lang='lat' dir='ltr'><strong>ut</strong></span> <span class='ocrx_word' id='word_1_62' title='bbox 434 904 535 960; x_wconf 83' lang='lat' dir='ltr'><strong>sibi</strong></span> <span class='ocrx_word' id='word_1_63' title='bbox 556 901 667 973; x_wconf 83' lang='lat' dir='ltr'><strong>jam</strong></span> <span class='ocrx_word' id='word_1_64' title='bbox 700 903 955 958; x_wconf 90' lang='lat' dir='ltr'><strong>traditum</strong></span> <span class='ocrx_word' id='word_1_65' title='bbox 982 903 1174 973; x_wconf 91' lang='lat' dir='ltr'><strong>plenus</strong></span> <span class='ocrx_word' id='word_1_66' title='bbox 1202 889 1523 972; x_wconf 69' lang='lat' dir='ltr'><strong>possideret.</strong></span> 
     </span>
    </p>
   </div>
   <div class='ocr_carea' id='block_1_10' title="bbox 304 990 1817 1062">
    <p class='ocr_par' dir='ltr' id='par_1_10' title="bbox 304 990 1817 1062">
     <span class='ocr_line' id='line_1_10' title="bbox 304 990 1817 1062; baseline -0.003 -14"><span class='ocrx_word' id='word_1_67' title='bbox 304 994 487 1049; x_wconf 75' lang='lat' dir='ltr'><strong>Prima</strong></span> <span class='ocrx_word' id='word_1_68' title='bbox 520 1002 694 1047; x_wconf 89' lang='lat' dir='ltr'><strong>autem</strong></span> <span class='ocrx_word' id='word_1_69' title='bbox 738 1008 1067 1061; x_wconf 74' lang='lat' dir='ltr'><strong>azymorum,</strong></span> <span class='ocrx_word' id='word_1_70' title='bbox 1105 1001 1432 1046; x_wconf 87' lang='lat' dir='ltr'><strong>accesserunt</strong></span> <span class='ocrx_word' id='word_1_71' title='bbox 1469 990 1717 1062; x_wconf 84' lang='lat' dir='ltr'><strong>discipuli</strong></span> <span class='ocrx_word' id='word_1_72' title='bbox 1747 992 1817 1045; x_wconf 91' lang='lat' dir='ltr'><strong>ad</strong></span> 
     </span>
    </p>
   </div>
   <div class='ocr_carea' id='block_1_11' title="bbox 225 1066 1820 1152">
    <p class='ocr_par' dir='ltr' id='par_1_11' title="bbox 225 1066 1820 1152">
     <span class='ocr_line' id='line_1_11' title="bbox 225 1066 1820 1152; baseline -0.003 -14"><span class='ocrx_word' id='word_1_73' title='bbox 225 1066 435 1149; x_wconf 46' lang='lat' dir='ltr'><strong>desum,</strong></span> <span class='ocrx_word' id='word_1_74' title='bbox 457 1084 683 1138; x_wconf 75' lang='lat' dir='ltr'><strong>dicentes</strong></span> <span class='ocrx_word' id='word_1_75' title='bbox 710 1098 727 1135; x_wconf 91' lang='lat'><strong><em>:</em></strong></span> <span class='ocrx_word' id='word_1_76' title='bbox 760 1078 857 1134; x_wconf 87' lang='lat' dir='ltr'><strong>Ubi</strong></span> <span class='ocrx_word' id='word_1_77' title='bbox 889 1082 961 1135; x_wconf 79' lang='lat' dir='ltr'><strong>vis</strong></span> <span class='ocrx_word' id='word_1_78' title='bbox 997 1098 1242 1152; x_wconf 84' lang='lat' dir='ltr'><strong>paremus</strong></span> <span class='ocrx_word' id='word_1_79' title='bbox 1280 1081 1374 1135; x_wconf 91' lang='lat' dir='ltr'><strong>tibi</strong></span> <span class='ocrx_word' id='word_1_80' title='bbox 1418 1082 1682 1147; x_wconf 71' lang='lat' dir='ltr'><strong>comedere</strong></span> <span class='ocrx_word' id='word_1_81' title='bbox 1712 1078 1820 1133; x_wconf 84' lang='lat' dir='ltr'><strong>Pa—</strong></span> 
     </span>
    </p>
   </div>
   <div class='ocr_carea' id='block_1_12' title="bbox 225 1162 1819 1243">
    <p class='ocr_par' dir='ltr' id='par_1_12' title="bbox 225 1162 1819 1243">
     <span class='ocr_line' id='line_1_12' title="bbox 225 1162 1819 1243; baseline -0.005 -11"><span class='ocrx_word' id='word_1_82' title='bbox 225 1177 352 1233; x_wconf 84' lang='lat' dir='ltr'><strong>scha</strong></span> <span class='ocrx_word' id='word_1_83' title='bbox 377 1177 411 1229; x_wconf 36' lang='lat'><strong>2&#39;</strong></span> <span class='ocrx_word' id='word_1_84' title='bbox 441 1174 679 1229; x_wconf 85' lang='lat' dir='ltr'><strong>Primum</strong></span> <span class='ocrx_word' id='word_1_85' title='bbox 732 1173 873 1228; x_wconf 91' lang='lat' dir='ltr'><strong>diem</strong></span> <span class='ocrx_word' id='word_1_86' title='bbox 911 1162 1251 1243; x_wconf 74' lang='lat' dir='ltr'><strong>aiymorum,</strong></span> <span class='ocrx_word' id='word_1_87' title='bbox 1295 1172 1819 1241; x_wconf 89' lang='lat' dir='ltr'><strong>quartumdecimum</strong></span> 
     </span>
    </p>
   </div>
   <div class='ocr_carea' id='block_1_13' title="bbox 230 1262 1822 1340">
    <p class='ocr_par' dir='ltr' id='par_1_13' title="bbox 230 1262 1822 1340">
     <span class='ocr_line' id='line_1_13' title="bbox 230 1262 1822 1340; baseline -0.003 -18"><span class='ocrx_word' id='word_1_88' title='bbox 230 1268 391 1340; x_wconf 81' lang='lat' dir='ltr'><strong>primi</strong></span> <span class='ocrx_word' id='word_1_89' title='bbox 424 1266 624 1321; x_wconf 87' lang='lat' dir='ltr'><strong>mensis</strong></span> <span class='ocrx_word' id='word_1_90' title='bbox 668 1264 922 1334; x_wconf 85' lang='lat' dir='ltr'><strong>appellat,</strong></span> <span class='ocrx_word' id='word_1_91' title='bbox 953 1264 1171 1333; x_wconf 81' lang='lat' dir='ltr'><strong>quando</strong></span> <span class='ocrx_word' id='word_1_92' title='bbox 1202 1262 1467 1318; x_wconf 86' lang='lat' dir='ltr'><strong>fermento</strong></span> <span class='ocrx_word' id='word_1_93' title='bbox 1490 1264 1701 1333; x_wconf 54' lang='lat' dir='ltr'><strong>alijecto</strong></span> <span class='ocrx_word' id='word_1_94' title='bbox 1727 1264 1822 1318; x_wconf 89' lang='lat' dir='ltr'><strong>im-</strong></span> 
     </span>
    </p>
   </div>
   <div class='ocr_carea' id='block_1_14' title="bbox 228 1354 1820 1426">
    <p class='ocr_par' dir='ltr' id='par_1_14' title="bbox 228 1354 1820 1426">
     <span class='ocr_line' id='line_1_14' title="bbox 228 1354 1820 1426; baseline 0 -15"><span class='ocrx_word' id='word_1_95' title='bbox 228 1359 455 1421; x_wconf 76' lang='lat' dir='ltr'><strong>molare,</strong></span> <span class='ocrx_word' id='word_1_96' title='bbox 486 1357 540 1411; x_wconf 87' lang='lat' dir='ltr'><strong>id</strong></span> <span class='ocrx_word' id='word_1_97' title='bbox 571 1366 673 1421; x_wconf 91' lang='lat' dir='ltr'><strong>est,</strong></span> <span class='ocrx_word' id='word_1_98' title='bbox 711 1372 909 1426; x_wconf 87' lang='lat' dir='ltr'><strong>agnum</strong></span> <span class='ocrx_word' id='word_1_99' title='bbox 935 1354 1185 1409; x_wconf 84' lang='lat' dir='ltr'><strong>occidere</strong></span> <span class='ocrx_word' id='word_1_100' title='bbox 1223 1354 1471 1411; x_wconf 82' lang='lat' dir='ltr'><strong>solebant</strong></span> <span class='ocrx_word' id='word_1_101' title='bbox 1516 1356 1582 1411; x_wconf 87' lang='lat' dir='ltr'><strong>ad</strong></span> <span class='ocrx_word' id='word_1_102' title='bbox 1628 1371 1820 1426; x_wconf 86' lang='lat' dir='ltr'><strong>vespe-</strong></span> 
     </span>
    </p>
   </div>
   <div class='ocr_carea' id='block_1_15' title="bbox 230 1444 1822 1516">
    <p class='ocr_par' dir='ltr' id='par_1_15' title="bbox 230 1444 1822 1516">
     <span class='ocr_line' id='line_1_15' title="bbox 230 1444 1822 1516; baseline -0.002 -12"><span class='ocrx_word' id='word_1_103' title='bbox 230 1467 369 1504; x_wconf 85' lang='lat' dir='ltr'><strong>ram.</strong></span> <span class='ocrx_word' id='word_1_104' title='bbox 401 1447 555 1515; x_wconf 82' lang='lat' dir='ltr'><strong>Quod</strong></span> <span class='ocrx_word' id='word_1_105' title='bbox 576 1461 852 1516; x_wconf 78' lang='lat' dir='ltr'><strong>exponens</strong></span> <span class='ocrx_word' id='word_1_106' title='bbox 894 1446 1185 1516; x_wconf 78' lang='lat' dir='ltr'><strong>Apostolus</strong></span> <span class='ocrx_word' id='word_1_107' title='bbox 1210 1446 1287 1500; x_wconf 88' lang='lat' dir='ltr'><strong>ait</strong></span> <span class='ocrx_word' id='word_1_108' title='bbox 1311 1464 1324 1500; x_wconf 90' lang='lat'><strong>:</strong></span> <span class='ocrx_word' id='word_1_109' title='bbox 1377 1446 1586 1501; x_wconf 77' lang='lat' dir='ltr'><strong>Etenim</strong></span> <span class='ocrx_word' id='word_1_110' title='bbox 1614 1444 1822 1501; x_wconf 82' lang='lat' dir='ltr'><strong><em>Pascha</em></strong></span> 
     </span>
    </p>
   </div>
   <div class='ocr_carea' id='block_1_16' title="bbox 232 1534 1826 1609">
    <p class='ocr_par' dir='ltr' id='par_1_16' title="bbox 232 1534 1826 1609">
     <span class='ocr_line' id='line_1_16' title="bbox 232 1534 1826 1609; baseline -0.001 -15"><span class='ocrx_word' id='word_1_111' title='bbox 232 1552 469 1599; x_wconf 72' lang='lat' dir='ltr'><strong>nostrum</strong></span> <span class='ocrx_word' id='word_1_112' title='bbox 513 1537 812 1595; x_wconf 75' lang='lat' dir='ltr'><strong>immolatus</strong></span> <span class='ocrx_word' id='word_1_113' title='bbox 842 1547 915 1591; x_wconf 87' lang='lat' dir='ltr'><strong>est</strong></span> <span class='ocrx_word' id='word_1_114' title='bbox 947 1537 1187 1591; x_wconf 74' lang='lat' dir='ltr'><strong>Christus</strong></span> <span class='ocrx_word' id='word_1_115' title='bbox 1218 1535 1270 1608; x_wconf 89' lang='grc' dir='ltr'><strong>(ι</strong></span> <span class='ocrx_word' id='word_1_116' title='bbox 1302 1534 1427 1601; x_wconf 88' lang='lat' dir='ltr'><strong>Cor.</strong></span> <span class='ocrx_word' id='word_1_117' title='bbox 1454 1538 1530 1609; x_wconf 88' lang='lat' dir='ltr'><strong>v),</strong></span> <span class='ocrx_word' id='word_1_118' title='bbox 1564 1538 1656 1607; x_wconf 90' lang='lat' dir='ltr'><strong>qni</strong></span> <span class='ocrx_word' id='word_1_119' title='bbox 1698 1537 1826 1593; x_wconf 85' lang='lat' dir='ltr'><strong>licet</strong></span> 
     </span>
    </p>
   </div>
   <div class='ocr_carea' id='block_1_17' title="bbox 231 1627 1827 1704">
    <p class='ocr_par' dir='ltr' id='par_1_17' title="bbox 231 1627 1827 1704">
     <span class='ocr_line' id='line_1_17' title="bbox 231 1627 1827 1704; baseline -0.003 -17"><span class='ocrx_word' id='word_1_120' title='bbox 231 1635 320 1689; x_wconf 74' lang='lat' dir='ltr'><strong>die</strong></span> <span class='ocrx_word' id='word_1_121' title='bbox 347 1631 613 1704; x_wconf 89' lang='lat' dir='ltr'><strong>sequenti,</strong></span> <span class='ocrx_word' id='word_1_122' title='bbox 656 1631 759 1685; x_wconf 90' lang='lat' dir='ltr'><strong>hoc</strong></span> <span class='ocrx_word' id='word_1_123' title='bbox 804 1638 909 1695; x_wconf 88' lang='lat' dir='ltr'><strong>est,</strong></span> <span class='ocrx_word' id='word_1_124' title='bbox 940 1630 1342 1700; x_wconf 89' lang='lat' dir='ltr'><strong>quintadecima</strong></span> <span class='ocrx_word' id='word_1_125' title='bbox 1402 1627 1531 1684; x_wconf 88' lang='lat' dir='ltr'><strong>luna</strong></span> <span class='ocrx_word' id='word_1_126' title='bbox 1560 1630 1630 1685; x_wconf 89' lang='lat' dir='ltr'><strong>sit</strong></span> <span class='ocrx_word' id='word_1_127' title='bbox 1656 1629 1827 1684; x_wconf 87' lang='lat' dir='ltr'><strong>cruci-</strong></span> 
     </span>
    </p>
   </div>
   <div class='ocr_carea' id='block_1_18' title="bbox 234 1722 1827 1793">
    <p class='ocr_par' dir='ltr' id='par_1_18' title="bbox 234 1722 1827 1793">
     <span class='ocr_line' id='line_1_18' title="bbox 234 1722 1827 1793; baseline -0.001 -16"><span class='ocrx_word' id='word_1_128' title='bbox 234 1725 528 1788; x_wconf 75' lang='lat' dir='ltr'><strong>iisus,‘hae</strong></span> <span class='ocrx_word' id='word_1_129' title='bbox 560 1732 737 1777; x_wconf 87' lang='lat' dir='ltr'><strong>tamen</strong></span> <span class='ocrx_word' id='word_1_130' title='bbox 780 1730 958 1787; x_wconf 85' lang='lat' dir='ltr'><strong>nocte,</strong></span> <span class='ocrx_word' id='word_1_131' title='bbox 995 1738 1101 1793; x_wconf 83' lang='lat' dir='ltr'><strong>qua</strong></span> <span class='ocrx_word' id='word_1_132' title='bbox 1133 1738 1303 1793; x_wconf 87' lang='lat' dir='ltr'><strong>agnus</strong></span> <span class='ocrx_word' id='word_1_133' title='bbox 1349 1722 1747 1787; x_wconf 85' lang='lat' dir='ltr'><strong>immolabatur,</strong></span> <span class='ocrx_word' id='word_1_134' title='bbox 1774 1729 1827 1777; x_wconf 90' lang='lat' dir='ltr'><strong>et</strong></span> 
     </span>
    </p>
   </div>
   <div class='ocr_carea' id='block_1_19' title="bbox 226 1816 1827 1888">
    <p class='ocr_par' dir='ltr' id='par_1_19' title="bbox 226 1816 1827 1888">
     <span class='ocr_line' id='line_1_19' title="bbox 226 1816 1827 1888; baseline 0.001 -18"><span class='ocrx_word' id='word_1_135' title='bbox 226 1818 417 1871; x_wconf 76' lang='lat' dir='ltr'><strong>carnis</strong></span> <span class='ocrx_word' id='word_1_136' title='bbox 438 1817 820 1888; x_wconf 80' lang='lat' dir='ltr'><strong>sanguinisque</strong></span> <span class='ocrx_word' id='word_1_137' title='bbox 859 1816 971 1872; x_wconf 89' lang='lat' dir='ltr'><strong>suis</strong></span> <span class='ocrx_word' id='word_1_138' title='bbox 1000 1816 1279 1887; x_wconf 88' lang='lat' dir='ltr'><strong>discipulis</strong></span> <span class='ocrx_word' id='word_1_139' title='bbox 1308 1816 1528 1871; x_wconf 86' lang='lat' dir='ltr'><strong>tradidit</strong></span> <span class='ocrx_word' id='word_1_140' title='bbox 1571 1818 1827 1888; x_wconf 80' lang='lat' dir='ltr'><strong>mysteria</strong></span> 
     </span>
    </p>
   </div>
   <div class='ocr_carea' id='block_1_20' title="bbox 230 1905 1825 1981">
    <p class='ocr_par' dir='ltr' id='par_1_20' title="bbox 230 1905 1825 1981">
     <span class='ocr_line' id='line_1_20' title="bbox 230 1905 1825 1981; baseline 0.002 -20"><span class='ocrx_word' id='word_1_141' title='bbox 230 1908 576 1974; x_wconf 75' lang='lat' dir='ltr'><strong>celebranda,</strong></span> <span class='ocrx_word' id='word_1_142' title='bbox 608 1916 663 1962; x_wconf 93' lang='lat' dir='ltr'><strong>et</strong></span> <span class='ocrx_word' id='word_1_143' title='bbox 700 1923 730 1962; x_wconf 91' lang='lat' dir='ltr'><strong>a</strong></span> <span class='ocrx_word' id='word_1_144' title='bbox 752 1905 953 1963; x_wconf 77' lang='lat' dir='ltr'><strong>Judzcis</strong></span> <span class='ocrx_word' id='word_1_145' title='bbox 996 1916 1174 1964; x_wconf 89' lang='lat' dir='ltr'><strong>tentus</strong></span> <span class='ocrx_word' id='word_1_146' title='bbox 1198 1918 1254 1963; x_wconf 89' lang='lat' dir='ltr'><strong>et</strong></span> <span class='ocrx_word' id='word_1_147' title='bbox 1278 1909 1491 1981; x_wconf 87' lang='lat' dir='ltr'><strong>ligatus,</strong></span> <span class='ocrx_word' id='word_1_148' title='bbox 1526 1911 1695 1979; x_wconf 88' lang='lat' dir='ltr'><strong>ipsius</strong></span> <span class='ocrx_word' id='word_1_149' title='bbox 1723 1911 1825 1964; x_wconf 92' lang='lat' dir='ltr'><strong>im-</strong></span> 
     </span>
    </p>
   </div>
   <div class='ocr_carea' id='block_1_21' title="bbox 239 1999 1829 2069">
    <p class='ocr_par' dir='ltr' id='par_1_21' title="bbox 239 1999 1829 2069">
     <span class='ocr_line' id='line_1_21' title="bbox 239 1999 1829 2069; baseline 0.001 -16"><span class='ocrx_word' id='word_1_150' title='bbox 239 1999 569 2065; x_wconf 84' lang='lat' dir='ltr'><strong>molationis,</strong></span> <span class='ocrx_word' id='word_1_151' title='bbox 621 1999 722 2055; x_wconf 87' lang='lat' dir='ltr'><strong>hoc</strong></span> <span class='ocrx_word' id='word_1_152' title='bbox 764 2008 867 2066; x_wconf 91' lang='lat' dir='ltr'><strong>est,</strong></span> <span class='ocrx_word' id='word_1_153' title='bbox 914 2000 1184 2069; x_wconf 84' lang='lat' dir='ltr'><strong>passionis</strong></span> <span class='ocrx_word' id='word_1_154' title='bbox 1238 2016 1349 2057; x_wconf 82' lang='lat' dir='ltr'><strong>sua:</strong></span> <span class='ocrx_word' id='word_1_155' title='bbox 1401 2002 1638 2063; x_wconf 81' lang='lat' dir='ltr'><strong>sacravit</strong></span> <span class='ocrx_word' id='word_1_156' title='bbox 1670 2017 1829 2056; x_wconf 74' lang='lat' dir='ltr'><strong>exor-</strong></span> 
     </span>
    </p>
   </div>
   <div class='ocr_carea' id='block_1_22' title="bbox 237 2092 410 2145">
    <p class='ocr_par' dir='ltr' id='par_1_22' title="bbox 237 2092 410 2145">
     <span class='ocr_line' id='line_1_22' title="bbox 237 2092 410 2145; baseline -0.012 0"><span class='ocrx_word' id='word_1_157' title='bbox 237 2092 410 2145; x_wconf 89' lang='lat' dir='ltr'><strong>dium.</strong></span> 
     </span>
    </p>
   </div>
   <div class='ocr_carea' id='block_1_23' title="bbox 308 2178 1827 2252">
    <p class='ocr_par' dir='ltr' id='par_1_23' title="bbox 308 2178 1827 2252">
     <span class='ocr_line' id='line_1_23' title="bbox 308 2178 1827 2252; baseline 0.002 -20"><span class='ocrx_word' id='word_1_158' title='bbox 308 2180 381 2233; x_wconf 31' lang='lat' dir='ltr'><strong>At:</strong></span> <span class='ocrx_word' id='word_1_159' title='bbox 399 2178 554 2234; x_wconf 74' lang='lat' dir='ltr'><strong>Iesus</strong></span> <span class='ocrx_word' id='word_1_160' title='bbox 577 2179 709 2234; x_wconf 77' lang='lat' dir='ltr'><strong>dixit</strong></span> <span class='ocrx_word' id='word_1_161' title='bbox 739 2181 812 2235; x_wconf 88' lang='lat' dir='ltr'><strong>eis</strong></span> <span class='ocrx_word' id='word_1_162' title='bbox 837 2194 853 2231; x_wconf 93' lang='lat'><strong><em>:</em></strong></span> <span class='ocrx_word' id='word_1_163' title='bbox 882 2179 962 2234; x_wconf 90' lang='lat' dir='ltr'><strong>Ite</strong></span> <span class='ocrx_word' id='word_1_164' title='bbox 993 2180 1044 2234; x_wconf 88' lang='lat' dir='ltr'><strong>in</strong></span> <span class='ocrx_word' id='word_1_165' title='bbox 1072 2180 1329 2236; x_wconf 77' lang='lat' dir='ltr'><strong>civitatem</strong></span> <span class='ocrx_word' id='word_1_166' title='bbox 1355 2180 1424 2234; x_wconf 92' lang='lat' dir='ltr'><strong>ad</strong></span> <span class='ocrx_word' id='word_1_167' title='bbox 1451 2180 1749 2252; x_wconf 82' lang='lat' dir='ltr'><strong>quemdam,</strong></span> <span class='ocrx_word' id='word_1_168' title='bbox 1780 2192 1827 2235; x_wconf 89' lang='lat' dir='ltr'><strong>et</strong></span> 
     </span>
    </p>
   </div>
   <div class='ocr_carea' id='block_1_24' title="bbox 237 2269 1827 2344">
    <p class='ocr_par' dir='ltr' id='par_1_24' title="bbox 237 2269 1827 2344">
     <span class='ocr_line' id='line_1_24' title="bbox 237 2269 1827 2344; baseline 0.002 -20"><span class='ocrx_word' id='word_1_169' title='bbox 237 2272 397 2331; x_wconf 83' lang='lat' dir='ltr'><strong>dicite</strong></span> <span class='ocrx_word' id='word_1_170' title='bbox 428 2272 477 2325; x_wconf 85' lang='lat' dir='ltr'><strong>ei</strong></span> <span class='ocrx_word' id='word_1_171' title='bbox 498 2287 516 2324; x_wconf 90' lang='lat'><strong><em>:</em></strong></span> <span class='ocrx_word' id='word_1_172' title='bbox 558 2269 810 2342; x_wconf 74' lang='lat' dir='ltr'><strong>Magister</strong></span> <span class='ocrx_word' id='word_1_173' title='bbox 851 2271 1018 2325; x_wconf 84' lang='lat' dir='ltr'><strong>dicit:</strong></span> <span class='ocrx_word' id='word_1_174' title='bbox 1066 2270 1287 2343; x_wconf 81' lang='lat' dir='ltr'><strong>Tempus</strong></span> <span class='ocrx_word' id='word_1_175' title='bbox 1323 2289 1494 2326; x_wconf 83' lang='lat' dir='ltr'><strong>meum</strong></span> <span class='ocrx_word' id='word_1_176' title='bbox 1536 2278 1694 2344; x_wconf 79' lang='lat' dir='ltr'><strong>prope</strong></span> <span class='ocrx_word' id='word_1_177' title='bbox 1730 2283 1827 2337; x_wconf 85' lang='lat' dir='ltr'><strong>est,</strong></span> 
     </span>
    </p>
   </div>
   <div class='ocr_carea' id='block_1_25' title="bbox 236 2360 1831 2432">
    <p class='ocr_par' dir='ltr' id='par_1_25' title="bbox 236 2360 1831 2432">
     <span class='ocr_line' id='line_1_25' title="bbox 236 2360 1831 2432; baseline 0.003 -18"><span class='ocrx_word' id='word_1_178' title='bbox 236 2362 379 2432; x_wconf 78' lang='lat' dir='ltr'><strong>apud</strong></span> <span class='ocrx_word' id='word_1_179' title='bbox 408 2371 457 2415; x_wconf 86' lang='lat' dir='ltr'><strong>te</strong></span> <span class='ocrx_word' id='word_1_180' title='bbox 483 2360 623 2431; x_wconf 79' lang='lat' dir='ltr'><strong>facio</strong></span> <span class='ocrx_word' id='word_1_181' title='bbox 648 2361 855 2416; x_wconf 85' lang='lat' dir='ltr'><strong>Pascha</strong></span> <span class='ocrx_word' id='word_1_182' title='bbox 880 2378 997 2415; x_wconf 75' lang='lat' dir='ltr'><strong>cum</strong></span> <span class='ocrx_word' id='word_1_183' title='bbox 1018 2361 1288 2432; x_wconf 77' lang='lat' dir='ltr'><strong>discipulis</strong></span> <span class='ocrx_word' id='word_1_184' title='bbox 1314 2363 1463 2429; x_wconf 88' lang='lat' dir='ltr'><strong>meis,</strong></span> <span class='ocrx_word' id='word_1_185' title='bbox 1484 2372 1588 2418; x_wconf 85' lang='lat' dir='ltr'><strong>etc.</strong></span> <span class='ocrx_word' id='word_1_186' title='bbox 1619 2361 1831 2419; x_wconf 83' lang='lat' dir='ltr'><strong>Marcus</strong></span> 
     </span>
    </p>
   </div>
   <div class='ocr_carea' id='block_1_26' title="bbox 237 2451 1832 2523">
    <p class='ocr_par' dir='ltr' id='par_1_26' title="bbox 237 2451 1832 2523">
     <span class='ocr_line' id='line_1_26' title="bbox 237 2451 1832 2523; baseline -0.001 -16"><span class='ocrx_word' id='word_1_187' title='bbox 237 2453 403 2509; x_wconf 81' lang='lat' dir='ltr'><strong>dicit:</strong></span> <span class='ocrx_word' id='word_1_188' title='bbox 442 2451 519 2507; x_wconf 91' lang='lat' dir='ltr'><strong>Ite</strong></span> <span class='ocrx_word' id='word_1_189' title='bbox 549 2451 605 2506; x_wconf 80' lang='lat' dir='ltr'><strong>in</strong></span> <span class='ocrx_word' id='word_1_190' title='bbox 636 2451 713 2507; x_wconf 84' lang='lat' dir='ltr'><strong>civ</strong></span> <span class='ocrx_word' id='word_1_191' title='bbox 736 2461 916 2518; x_wconf 88' lang='lat' dir='ltr'><strong>tatem,</strong></span> <span class='ocrx_word' id='word_1_192' title='bbox 959 2461 1006 2506; x_wconf 88' lang='lat' dir='ltr'><strong>et</strong></span> <span class='ocrx_word' id='word_1_193' title='bbox 1046 2462 1282 2506; x_wconf 86' lang='lat' dir='ltr'><strong>occurret</strong></span> <span class='ocrx_word' id='word_1_194' title='bbox 1322 2452 1465 2508; x_wconf 79' lang='lat' dir='ltr'><strong>vobis</strong></span> <span class='ocrx_word' id='word_1_195' title='bbox 1492 2454 1656 2508; x_wconf 79' lang='lat' dir='ltr'><strong>homo</strong></span> <span class='ocrx_word' id='word_1_196' title='bbox 1689 2452 1832 2523; x_wconf 89' lang='lat' dir='ltr'><strong>lage-</strong></span> 
     </span>
    </p>
   </div>
   <div class='ocr_carea' id='block_1_27' title="bbox 238 2542 1829 2616">
    <p class='ocr_par' dir='ltr' id='par_1_27' title="bbox 238 2542 1829 2616">
     <span class='ocr_line' id='line_1_27' title="bbox 238 2542 1829 2616; baseline -0.005 -12"><span class='ocrx_word' id='word_1_197' title='bbox 238 2564 367 2604; x_wconf 72' lang='lat' dir='ltr'><strong>smm</strong></span> <span class='ocrx_word' id='word_1_198' title='bbox 402 2562 554 2616; x_wconf 87' lang='lat' dir='ltr'><strong>aqua:</strong></span> <span class='ocrx_word' id='word_1_199' title='bbox 598 2544 843 2615; x_wconf 76' lang='lat' dir='ltr'><strong>bajulans</strong></span> <span class='ocrx_word' id='word_1_200' title='bbox 890 2542 1084 2615; x_wconf 76' lang='lat' dir='ltr'><strong>(Marc.</strong></span> <span class='ocrx_word' id='word_1_201' title='bbox 1135 2543 1267 2616; x_wconf 80' lang='lat' dir='ltr'><strong>xw).</strong></span> <span class='ocrx_word' id='word_1_202' title='bbox 1308 2544 1524 2616; x_wconf 85' lang='lat' dir='ltr'><strong>Lagena</strong></span> <span class='ocrx_word' id='word_1_203' title='bbox 1561 2544 1829 2613; x_wconf 65' lang='lat' dir='ltr'><strong>fragilita-</strong></span> 
     </span>
    </p>
   </div>
   <div class='ocr_carea' id='block_1_28' title="bbox 236 2635 1830 2707">
    <p class='ocr_par' dir='ltr' id='par_1_28' title="bbox 236 2635 1830 2707">
     <span class='ocr_line' id='line_1_28' title="bbox 236 2635 1830 2707; baseline -0.001 -12"><span class='ocrx_word' id='word_1_204' title='bbox 236 2647 349 2695; x_wconf 81' lang='lat' dir='ltr'><strong>tem</strong></span> <span class='ocrx_word' id='word_1_205' title='bbox 399 2637 647 2707; x_wconf 80' lang='lat' dir='ltr'><strong>designat</strong></span> <span class='ocrx_word' id='word_1_206' title='bbox 698 2635 1085 2707; x_wconf 78' lang='lat' dir='ltr'><strong>apostolorum,</strong></span> <span class='ocrx_word' id='word_1_207' title='bbox 1138 2650 1235 2705; x_wconf 88' lang='lat' dir='ltr'><strong>per</strong></span> <span class='ocrx_word' id='word_1_208' title='bbox 1283 2651 1421 2706; x_wconf 81' lang='lat' dir='ltr'><strong>quos</strong></span> <span class='ocrx_word' id='word_1_209' title='bbox 1477 2636 1666 2692; x_wconf 86' lang='lat' dir='ltr'><strong>eadem</strong></span> <span class='ocrx_word' id='word_1_210' title='bbox 1710 2648 1830 2694; x_wconf 88' lang='lat' dir='ltr'><strong>erat</strong></span> 
     </span>
    </p>
   </div>
   <div class='ocr_carea' id='block_1_29' title="bbox 240 2725 1829 2801">
    <p class='ocr_par' dir='ltr' id='par_1_29' title="bbox 240 2725 1829 2801">
     <span class='ocr_line' id='line_1_29' title="bbox 240 2725 1829 2801; baseline 0.002 -21"><span class='ocrx_word' id='word_1_211' title='bbox 240 2728 417 2801; x_wconf 70' lang='lat' dir='ltr'><strong>gratia</strong></span> <span class='ocrx_word' id='word_1_212' title='bbox 462 2726 662 2782; x_wconf 89' lang='lat' dir='ltr'><strong>mundo</strong></span> <span class='ocrx_word' id='word_1_213' title='bbox 699 2726 1076 2782; x_wconf 75' lang='lat' dir='ltr'><strong>ministrando.</strong></span> <span class='ocrx_word' id='word_1_214' title='bbox 1122 2726 1275 2782; x_wconf 89' lang='lat' dir='ltr'><strong>Unde</strong></span> <span class='ocrx_word' id='word_1_215' title='bbox 1318 2727 1508 2781; x_wconf 86' lang='lat' dir='ltr'><strong>aiunt:</strong></span> <span class='ocrx_word' id='word_1_216' title='bbox 1564 2725 1829 2784; x_wconf 75' lang='lat' dir='ltr'><strong>Habemus</strong></span> 
     </span>
    </p>
   </div>
   <div class='ocr_carea' id='block_1_30' title="bbox 238 2815 1832 2885">
    <p class='ocr_par' dir='ltr' id='par_1_30' title="bbox 238 2815 1832 2885">
     <span class='ocr_line' id='line_1_30' title="bbox 238 2815 1832 2885; baseline 0.003 -16"><span class='ocrx_word' id='word_1_217' title='bbox 238 2829 415 2871; x_wconf 83' lang='lat' dir='ltr'><strong>autem</strong></span> <span class='ocrx_word' id='word_1_218' title='bbox 442 2816 744 2870; x_wconf 82' lang='lat' dir='ltr'><strong>thesaurum</strong></span> <span class='ocrx_word' id='word_1_219' title='bbox 776 2815 936 2869; x_wconf 76' lang='lat' dir='ltr'><strong>istum</strong></span> <span class='ocrx_word' id='word_1_220' title='bbox 962 2815 1017 2870; x_wconf 90' lang='lat' dir='ltr'><strong>in</strong></span> <span class='ocrx_word' id='word_1_221' title='bbox 1044 2816 1178 2871; x_wconf 70' lang='lat' dir='ltr'><strong>vasis</strong></span> <span class='ocrx_word' id='word_1_222' title='bbox 1205 2815 1473 2885; x_wconf 80' lang='lat' dir='ltr'><strong>ﬁctilibus.</strong></span> <span class='ocrx_word' id='word_1_223' title='bbox 1499 2816 1673 2873; x_wconf 86' lang='lat' dir='ltr'><strong>Lucas</strong></span> <span class='ocrx_word' id='word_1_224' title='bbox 1704 2835 1832 2874; x_wconf 83' lang='lat' dir='ltr'><strong>vero</strong></span> 
     </span>
    </p>
   </div>
   <div class='ocr_carea' id='block_1_31' title="bbox 240 2908 1830 2987">
    <p class='ocr_par' dir='ltr' id='par_1_31' title="bbox 240 2908 1830 2987">
     <span class='ocr_line' id='line_1_31' title="bbox 240 2908 1830 2987; baseline 0.002 -25"><span class='ocrx_word' id='word_1_225' title='bbox 240 2910 354 2964; x_wconf 83' lang='lat' dir='ltr'><strong>ait:</strong></span> <span class='ocrx_word' id='word_1_226' title='bbox 389 2908 780 2987; x_wconf 75' lang='lat' dir='ltr'><strong>Introeuntibus</strong></span> <span class='ocrx_word' id='word_1_227' title='bbox 812 2909 955 2963; x_wconf 80' lang='lat' dir='ltr'><strong>vobis</strong></span> <span class='ocrx_word' id='word_1_228' title='bbox 1000 2909 1053 2962; x_wconf 90' lang='lat' dir='ltr'><strong>in</strong></span> <span class='ocrx_word' id='word_1_229' title='bbox 1098 2910 1379 2974; x_wconf 76' lang='lat' dir='ltr'><strong>civitatem,</strong></span> <span class='ocrx_word' id='word_1_230' title='bbox 1419 2920 1653 2964; x_wconf 78' lang='lat' dir='ltr'><strong>occurret</strong></span> <span class='ocrx_word' id='word_1_231' title='bbox 1691 2911 1830 2966; x_wconf 76' lang='lat' dir='ltr'><strong>vobis</strong></span> 
     </span>
    </p>
   </div>
   <div class='ocr_carea' id='block_1_32' title="bbox 142 2999 1830 3070">
    <p class='ocr_par' dir='ltr' id='par_1_32' title="bbox 142 2999 1830 3070">
     <span class='ocr_line' id='line_1_32' title="bbox 142 2999 1830 3070; baseline 0.001 -17"><span class='ocrx_word' id='word_1_232' title='bbox 142 3006 145 3007; x_wconf 66' lang='grc'><strong><em>⁷</em></strong></span> <span class='ocrx_word' id='word_1_233' title='bbox 241 3002 393 3053; x_wconf 81' lang='lat' dir='ltr'><strong>homo</strong></span> <span class='ocrx_word' id='word_1_234' title='bbox 432 3000 740 3070; x_wconf 85' lang='lat' dir='ltr'><strong>amphoram</strong></span> <span class='ocrx_word' id='word_1_235' title='bbox 772 3014 922 3070; x_wconf 79' lang='lat' dir='ltr'><strong>aqua:</strong></span> <span class='ocrx_word' id='word_1_236' title='bbox 945 3008 1185 3069; x_wconf 84' lang='lat' dir='ltr'><strong>portans,</strong></span> <span class='ocrx_word' id='word_1_237' title='bbox 1220 3008 1324 3055; x_wconf 87' lang='lat' dir='ltr'><strong>etc.</strong></span> <span class='ocrx_word' id='word_1_238' title='bbox 1372 2999 1609 3056; x_wconf 81' lang='lat' dir='ltr'><strong>Pulchre</strong></span> <span class='ocrx_word' id='word_1_239' title='bbox 1647 3009 1830 3057; x_wconf 88' lang='lat' dir='ltr'><strong>autem</strong></span> 
     </span>
    </p>
   </div>
   <div class='ocr_carea' id='block_1_33' title="bbox 239 3076 1833 3164">
    <p class='ocr_par' dir='ltr' id='par_1_33' title="bbox 239 3076 1833 3164">
     <span class='ocr_line' id='line_1_33' title="bbox 239 3076 1833 3164; baseline 0.001 -19"><span class='ocrx_word' id='word_1_240' title='bbox 239 3090 512 3162; x_wconf 81' lang='lat' dir='ltr'><strong>paraturis</strong></span> <span class='ocrx_word' id='word_1_241' title='bbox 556 3089 763 3145; x_wconf 89' lang='lat' dir='ltr'><strong>Pascha</strong></span> <span class='ocrx_word' id='word_1_242' title='bbox 808 3090 1088 3164; x_wconf 88' lang='lat' dir='ltr'><strong>discipulis</strong></span> <span class='ocrx_word' id='word_1_243' title='bbox 1122 3091 1283 3145; x_wconf 87' lang='lat' dir='ltr'><strong>homo</strong></span> <span class='ocrx_word' id='word_1_244' title='bbox 1317 3076 1634 3161; x_wconf 84' lang='lat' dir='ltr'><strong>amphoram</strong></span> <span class='ocrx_word' id='word_1_245' title='bbox 1679 3107 1833 3162; x_wconf 80' lang='lat' dir='ltr'><strong>aqua:</strong></span> 
     </span>
    </p>
   </div>
   <div class='ocr_carea' id='block_1_34' title="bbox 1853 1796 1901 1855">
    <p class='ocr_par' dir='ltr' id='par_1_34' title="bbox 1853 1796 1901 1855">
     <span class='ocr_line' id='line_1_34' title="bbox 1853 1796 1901 1855; baseline 0 0"><span class='ocrx_word' id='word_1_246' title='bbox 1853 1796 1901 1855; x_wconf 89' lang='lat' dir='ltr'><strong>B</strong></span> 
     </span>
    </p>
   </div>
   <div class='ocr_carea' id='block_1_35' title="bbox 1914 535 3498 612">
    <p class='ocr_par' dir='ltr' id='par_1_35' title="bbox 1914 535 3498 612">
     <span class='ocr_line' id='line_1_35' title="bbox 1914 535 3498 612; baseline 0.004 -23"><span class='ocrx_word' id='word_1_247' title='bbox 1914 535 2059 589; x_wconf 77' lang='lat' dir='ltr'><strong>scha:</strong></span> <span class='ocrx_word' id='word_1_248' title='bbox 2087 537 2342 605; x_wconf 77' lang='lat' dir='ltr'><strong>probator</strong></span> <span class='ocrx_word' id='word_1_249' title='bbox 2369 538 2588 603; x_wconf 78' lang='lat' dir='ltr'><strong>cxistat,</strong></span> <span class='ocrx_word' id='word_1_250' title='bbox 2613 548 2671 594; x_wconf 89' lang='lat' dir='ltr'><strong>et</strong></span> <span class='ocrx_word' id='word_1_251' title='bbox 2699 540 2800 596; x_wconf 91' lang='lat' dir='ltr'><strong>hoc</strong></span> <span class='ocrx_word' id='word_1_252' title='bbox 2829 540 2900 595; x_wconf 88' lang='lat' dir='ltr'><strong>ad</strong></span> <span class='ocrx_word' id='word_1_253' title='bbox 2926 556 3040 596; x_wconf 75' lang='lat' dir='ltr'><strong>sum</strong></span> <span class='ocrx_word' id='word_1_254' title='bbox 3075 541 3498 612; x_wconf 77' lang='lat' dir='ltr'><strong>dispensationis</strong></span> 
     </span>
    </p>
   </div>
   <div class='ocr_carea' id='block_1_36' title="bbox 1915 623 3498 696">
    <p class='ocr_par' dir='ltr' id='par_1_36' title="bbox 1915 623 3498 696">
     <span class='ocr_line' id='line_1_36' title="bbox 1915 623 3498 696; baseline 0.004 -18"><span class='ocrx_word' id='word_1_255' title='bbox 1915 623 2143 696; x_wconf 82' lang='lat' dir='ltr'><strong>liguram</strong></span> <span class='ocrx_word' id='word_1_256' title='bbox 2171 625 2495 696; x_wconf 85' lang='lat' dir='ltr'><strong>pertinuisse</strong></span> <span class='ocrx_word' id='word_1_257' title='bbox 2536 627 2800 693; x_wconf 77' lang='lat' dir='ltr'><strong>docendo,</strong></span> <span class='ocrx_word' id='word_1_258' title='bbox 2846 630 3139 685; x_wconf 74' lang='lat' dir='ltr'><strong>earnaliter</strong></span> <span class='ocrx_word' id='word_1_259' title='bbox 3173 630 3313 684; x_wconf 80' lang='lat' dir='ltr'><strong>ultra</strong></span> <span class='ocrx_word' id='word_1_260' title='bbox 3352 640 3498 688; x_wconf 84' lang='lat' dir='ltr'><strong>vetet</strong></span> 
     </span>
    </p>
   </div>
   <div class='ocr_carea' id='block_1_37' title="bbox 1914 718 3500 794">
    <p class='ocr_par' dir='ltr' id='par_1_37' title="bbox 1914 718 3500 794">
     <span class='ocr_line' id='line_1_37' title="bbox 1914 718 3500 794; baseline 0.003 -20"><span class='ocrx_word' id='word_1_261' title='bbox 1914 718 2178 783; x_wconf 71' lang='lat' dir='ltr'><strong>exhiberi,</strong></span> <span class='ocrx_word' id='word_1_262' title='bbox 2220 719 2330 777; x_wconf 87' lang='lat' dir='ltr'><strong>imo</strong></span> <span class='ocrx_word' id='word_1_263' title='bbox 2378 720 2570 774; x_wconf 86' lang='lat' dir='ltr'><strong>umbra</strong></span> <span class='ocrx_word' id='word_1_264' title='bbox 2601 728 2935 786; x_wconf 84' lang='lat' dir='ltr'><strong>transeunte,</strong></span> <span class='ocrx_word' id='word_1_265' title='bbox 2990 723 3105 779; x_wconf 86' lang='lat' dir='ltr'><strong>veri</strong></span> <span class='ocrx_word' id='word_1_266' title='bbox 3137 723 3252 794; x_wconf 79' lang='lat' dir='ltr'><strong>jam</strong></span> <span class='ocrx_word' id='word_1_267' title='bbox 3281 721 3500 780; x_wconf 77' lang='lat' dir='ltr'><strong>Pascha:</strong></span> 
     </span>
    </p>
   </div>
   <div class='ocr_carea' id='block_1_38' title="bbox 1918 808 2789 867">
    <p class='ocr_par' dir='ltr' id='par_1_38' title="bbox 1918 808 2789 867">
     <span class='ocr_line' id='line_1_38' title="bbox 1918 808 2789 867; baseline 0.003 -5"><span class='ocrx_word' id='word_1_268' title='bbox 1918 810 2098 864; x_wconf 85' lang='lat' dir='ltr'><strong>lumen</strong></span> <span class='ocrx_word' id='word_1_269' title='bbox 2127 808 2412 865; x_wconf 78' lang='lat' dir='ltr'><strong>advenisse</strong></span> <span class='ocrx_word' id='word_1_270' title='bbox 2439 809 2789 867; x_wconf 84' lang='lat' dir='ltr'><strong>demonstret.</strong></span> 
     </span>
    </p>
   </div>
   <div class='ocr_carea' id='block_1_39' title="bbox 1988 898 3501 974">
    <p class='ocr_par' dir='ltr' id='par_1_39' title="bbox 1988 898 3501 974">
     <span class='ocr_line' id='line_1_39' title="bbox 1988 898 3501 974; baseline 0.004 -22"><span class='ocrx_word' id='word_1_271' title='bbox 1988 898 2161 955; x_wconf 79' lang='lat' dir='ltr'><strong>Filius</strong></span> <span class='ocrx_word' id='word_1_272' title='bbox 2185 900 2395 971; x_wconf 84' lang='lat' dir='ltr'><strong>quidem</strong></span> <span class='ocrx_word' id='word_1_273' title='bbox 2426 900 2650 956; x_wconf 75' lang='lat' dir='ltr'><strong>hominis</strong></span> <span class='ocrx_word' id='word_1_274' title='bbox 2678 902 2843 966; x_wconf 84' lang='lat' dir='ltr'><strong>vadit,</strong></span> <span class='ocrx_word' id='word_1_275' title='bbox 2871 903 3006 957; x_wconf 83' lang='lat' dir='ltr'><strong>sicut</strong></span> <span class='ocrx_word' id='word_1_276' title='bbox 3033 905 3286 974; x_wconf 82' lang='lat' dir='ltr'><strong>scriptum</strong></span> <span class='ocrx_word' id='word_1_277' title='bbox 3317 915 3393 962; x_wconf 82' lang='lat' dir='ltr'><strong>est</strong></span> <span class='ocrx_word' id='word_1_278' title='bbox 3435 906 3501 963; x_wconf 81' lang='lat' dir='ltr'><strong>de</strong></span> 
     </span>
    </p>
   </div>
   <div class='ocr_carea' id='block_1_40' title="bbox 1917 992 3503 1068">
    <p class='ocr_par' dir='ltr' id='par_1_40' title="bbox 1917 992 3503 1068">
     <span class='ocr_line' id='line_1_40' title="bbox 1917 992 3503 1068; baseline 0.003 -21"><span class='ocrx_word' id='word_1_279' title='bbox 1917 994 2031 1048; x_wconf 87' lang='lat' dir='ltr'><strong>illo.</strong></span> <span class='ocrx_word' id='word_1_280' title='bbox 2093 992 2180 1049; x_wconf 71' lang='lat' dir='ltr'><strong>Va:</strong></span> <span class='ocrx_word' id='word_1_281' title='bbox 2213 1004 2389 1048; x_wconf 82' lang='lat' dir='ltr'><strong>autem</strong></span> <span class='ocrx_word' id='word_1_282' title='bbox 2415 995 2615 1050; x_wconf 82' lang='lat' dir='ltr'><strong>homini</strong></span> <span class='ocrx_word' id='word_1_283' title='bbox 2660 994 2762 1061; x_wconf 75' lang='lat' dir='ltr'><strong>illi,</strong></span> <span class='ocrx_word' id='word_1_284' title='bbox 2786 1013 2883 1067; x_wconf 77' lang='lat' dir='ltr'><strong>per</strong></span> <span class='ocrx_word' id='word_1_285' title='bbox 2912 1013 3066 1068; x_wconf 87' lang='lat' dir='ltr'><strong>quem</strong></span> <span class='ocrx_word' id='word_1_286' title='bbox 3099 998 3244 1067; x_wconf 73' lang='lat' dir='ltr'><strong>ﬁlius</strong></span> <span class='ocrx_word' id='word_1_287' title='bbox 3278 1001 3503 1055; x_wconf 73' lang='lat' dir='ltr'><strong>hominis</strong></span> 
     </span>
    </p>
   </div>
   <div class='ocr_carea' id='block_1_41' title="bbox 1918 1083 3503 1158">
    <p class='ocr_par' dir='ltr' id='par_1_41' title="bbox 1918 1083 3503 1158">
     <span class='ocr_line' id='line_1_41' title="bbox 1918 1083 3503 1158; baseline 0.001 -19"><span class='ocrx_word' id='word_1_288' title='bbox 1918 1085 2175 1139; x_wconf 82' lang='lat' dir='ltr'><strong>tradetur.</strong></span> <span class='ocrx_word' id='word_1_289' title='bbox 2225 1083 2323 1155; x_wconf 82' lang='lat' dir='ltr'><strong>(Ex</strong></span> <span class='ocrx_word' id='word_1_290' title='bbox 2356 1084 2604 1156; x_wconf 88' lang='lat' dir='ltr'><strong>llierou.)</strong></span> <span class='ocrx_word' id='word_1_291' title='bbox 2652 1086 2875 1142; x_wconf 77' lang='lat' dir='ltr'><strong>Ptenam</strong></span> <span class='ocrx_word' id='word_1_292' title='bbox 2924 1086 3192 1155; x_wconf 68' lang='lat' dir='ltr'><strong>prtedicit,</strong></span> <span class='ocrx_word' id='word_1_293' title='bbox 3239 1095 3300 1143; x_wconf 89' lang='lat' dir='ltr'><strong>ut</strong></span> <span class='ocrx_word' id='word_1_294' title='bbox 3342 1104 3503 1158; x_wconf 86' lang='lat' dir='ltr'><strong>quem</strong></span> 
     </span>
    </p>
   </div>
   <div class='ocr_carea' id='block_1_42' title="bbox 1921 1175 3503 1247">
    <p class='ocr_par' dir='ltr' id='par_1_42' title="bbox 1921 1175 3503 1247">
     <span class='ocr_line' id='line_1_42' title="bbox 1921 1175 3503 1247; baseline 0.003 -20"><span class='ocrx_word' id='word_1_295' title='bbox 1921 1176 2091 1244; x_wconf 91' lang='lat' dir='ltr'><strong>pudor</strong></span> <span class='ocrx_word' id='word_1_296' title='bbox 2135 1189 2244 1228; x_wconf 86' lang='lat' dir='ltr'><strong>non</strong></span> <span class='ocrx_word' id='word_1_297' title='bbox 2293 1175 2498 1229; x_wconf 87' lang='lat' dir='ltr'><strong>vicerat</strong></span> <span class='ocrx_word' id='word_1_298' title='bbox 2546 1175 2824 1247; x_wconf 89' lang='lat' dir='ltr'><strong>corrigant</strong></span> <span class='ocrx_word' id='word_1_299' title='bbox 2874 1176 3189 1231; x_wconf 85' lang='lat' dir='ltr'><strong>denuntiata</strong></span> <span class='ocrx_word' id='word_1_300' title='bbox 3221 1176 3503 1247; x_wconf 77' lang='lat' dir='ltr'><strong>supplicia.</strong></span> 
     </span>
    </p>
   </div>
   <div class='ocr_carea' id='block_1_43' title="bbox 1924 1264 3506 1339">
    <p class='ocr_par' dir='ltr' id='par_1_43' title="bbox 1924 1264 3506 1339">
     <span class='ocr_line' id='line_1_43' title="bbox 1924 1264 3506 1339; baseline 0.001 -19"><span class='ocrx_word' id='word_1_301' title='bbox 1924 1264 2030 1320; x_wconf 88' lang='lat' dir='ltr'><strong>Sed</strong></span> <span class='ocrx_word' id='word_1_302' title='bbox 2068 1274 2122 1320; x_wconf 91' lang='lat' dir='ltr'><strong>et</strong></span> <span class='ocrx_word' id='word_1_303' title='bbox 2151 1266 2307 1321; x_wconf 89' lang='lat' dir='ltr'><strong>hodie</strong></span> <span class='ocrx_word' id='word_1_304' title='bbox 2335 1280 2550 1336; x_wconf 90' lang='lat' dir='ltr'><strong>quoque</strong></span> <span class='ocrx_word' id='word_1_305' title='bbox 2579 1274 2636 1320; x_wconf 91' lang='lat' dir='ltr'><strong>et</strong></span> <span class='ocrx_word' id='word_1_306' title='bbox 2669 1266 2723 1320; x_wconf 90' lang='lat' dir='ltr'><strong>in</strong></span> <span class='ocrx_word' id='word_1_307' title='bbox 2764 1266 3155 1339; x_wconf 88' lang='lat' dir='ltr'><strong>sempiternum</strong></span> <span class='ocrx_word' id='word_1_308' title='bbox 3196 1282 3278 1323; x_wconf 83' lang='lat' dir='ltr'><strong>va:</strong></span> <span class='ocrx_word' id='word_1_309' title='bbox 3301 1268 3506 1325; x_wconf 84' lang='lat' dir='ltr'><strong>homini</strong></span> 
     </span>
    </p>
   </div>
   <div class='ocr_carea' id='block_1_44' title="bbox 1924 1356 3508 1437">
    <p class='ocr_par' dir='ltr' id='par_1_44' title="bbox 1924 1356 3508 1437">
     <span class='ocr_line' id='line_1_44' title="bbox 1924 1356 3508 1437; baseline 0.002 -25"><span class='ocrx_word' id='word_1_310' title='bbox 1924 1357 2023 1421; x_wconf 89' lang='lat' dir='ltr'><strong>illi,</strong></span> <span class='ocrx_word' id='word_1_311' title='bbox 2062 1357 2156 1427; x_wconf 85' lang='lat' dir='ltr'><strong>qui</strong></span> <span class='ocrx_word' id='word_1_312' title='bbox 2198 1356 2268 1413; x_wconf 86' lang='lat' dir='ltr'><strong>sd</strong></span> <span class='ocrx_word' id='word_1_313' title='bbox 2297 1372 2538 1414; x_wconf 89' lang='lat' dir='ltr'><strong>mensam</strong></span> <span class='ocrx_word' id='word_1_314' title='bbox 2580 1357 2793 1413; x_wconf 86' lang='lat' dir='ltr'><strong>Domini</strong></span> <span class='ocrx_word' id='word_1_315' title='bbox 2835 1358 3104 1437; x_wconf 74' lang='lat' dir='ltr'><strong>malignus</strong></span> <span class='ocrx_word' id='word_1_316' title='bbox 3145 1362 3375 1426; x_wconf 78' lang='lat' dir='ltr'><strong>accedit,</strong></span> <span class='ocrx_word' id='word_1_317' title='bbox 3416 1364 3508 1431; x_wconf 87' lang='lat' dir='ltr'><strong>qui</strong></span> 
     </span>
    </p>
   </div>
   <div class='ocr_carea' id='block_1_45' title="bbox 1924 1448 3509 1525">
    <p class='ocr_par' dir='ltr' id='par_1_45' title="bbox 1924 1448 3509 1525">
     <span class='ocr_line' id='line_1_45' title="bbox 1924 1448 3509 1525; baseline 0.003 -22"><span class='ocrx_word' id='word_1_318' title='bbox 1924 1448 2136 1504; x_wconf 86' lang='lat' dir='ltr'><strong>insidiis</strong></span> <span class='ocrx_word' id='word_1_319' title='bbox 2165 1456 2348 1504; x_wconf 84' lang='lat' dir='ltr'><strong>mente</strong></span> <span class='ocrx_word' id='word_1_320' title='bbox 2379 1449 2709 1520; x_wconf 85' lang='lat' dir='ltr'><strong>inquinatus,</strong></span> <span class='ocrx_word' id='word_1_321' title='bbox 2757 1450 2850 1520; x_wconf 90' lang='lat' dir='ltr'><strong>qui</strong></span> <span class='ocrx_word' id='word_1_322' title='bbox 2882 1451 2936 1505; x_wconf 91' lang='lat' dir='ltr'><strong>in</strong></span> <span class='ocrx_word' id='word_1_323' title='bbox 2978 1452 3290 1520; x_wconf 69' lang='lat' dir='ltr'><strong>pmwrdiis</strong></span> <span class='ocrx_word' id='word_1_324' title='bbox 3327 1453 3509 1525; x_wconf 72' lang='lat' dir='ltr'><strong>aliqua</strong></span> 
     </span>
    </p>
   </div>
   <div class='ocr_carea' id='block_1_46' title="bbox 1927 1538 3508 1611">
    <p class='ocr_par' dir='ltr' id='par_1_46' title="bbox 1927 1538 3508 1611">
     <span class='ocr_line' id='line_1_46' title="bbox 1927 1538 3508 1611; baseline 0.003 -17"><span class='ocrx_word' id='word_1_325' title='bbox 1927 1538 2132 1595; x_wconf 88' lang='lat' dir='ltr'><strong>scelere</strong></span> <span class='ocrx_word' id='word_1_326' title='bbox 2166 1539 2423 1609; x_wconf 86' lang='lat' dir='ltr'><strong>pollutus,</strong></span> <span class='ocrx_word' id='word_1_327' title='bbox 2471 1541 2850 1611; x_wconf 84' lang='lat' dir='ltr'><strong>mysteriorum</strong></span> <span class='ocrx_word' id='word_1_328' title='bbox 2894 1540 3097 1597; x_wconf 84' lang='lat' dir='ltr'><strong>Christi</strong></span> <span class='ocrx_word' id='word_1_329' title='bbox 3141 1540 3508 1601; x_wconf 81' lang='lat' dir='ltr'><strong>oblationibus</strong></span> 
     </span>
    </p>
   </div>
   <div class='ocr_carea' id='block_1_47' title="bbox 1928 1631 3015 1702">
    <p class='ocr_par' dir='ltr' id='par_1_47' title="bbox 1928 1631 3015 1702">
     <span class='ocr_line' id='line_1_47' title="bbox 1928 1631 3015 1702; baseline 0.002 -18"><span class='ocrx_word' id='word_1_330' title='bbox 1928 1631 2290 1686; x_wconf 86' lang='lat' dir='ltr'><strong>sacrosanctis</strong></span> <span class='ocrx_word' id='word_1_331' title='bbox 2318 1632 2642 1702; x_wconf 80' lang='lat' dir='ltr'><strong>participare</strong></span> <span class='ocrx_word' id='word_1_332' title='bbox 2664 1647 2774 1689; x_wconf 81' lang='lat' dir='ltr'><strong>non</strong></span> <span class='ocrx_word' id='word_1_333' title='bbox 2797 1632 3015 1687; x_wconf 88' lang='lat' dir='ltr'><strong>meruit.</strong></span> 
     </span>
    </p>
   </div>
   <div class='ocr_carea' id='block_1_48' title="bbox 2000 1721 3509 1795">
    <p class='ocr_par' dir='ltr' id='par_1_48' title="bbox 2000 1721 3509 1795">
     <span class='ocr_line' id='line_1_48' title="bbox 2000 1721 3509 1795; baseline 0.005 -20"><span class='ocrx_word' id='word_1_334' title='bbox 2000 1721 2205 1777; x_wconf 83' lang='lat' dir='ltr'><strong>Bonum</strong></span> <span class='ocrx_word' id='word_1_335' title='bbox 2248 1733 2364 1777; x_wconf 87' lang='lat' dir='ltr'><strong>erat</strong></span> <span class='ocrx_word' id='word_1_336' title='bbox 2413 1725 2482 1789; x_wconf 81' lang='lat' dir='ltr'><strong>ei,</strong></span> <span class='ocrx_word' id='word_1_337' title='bbox 2530 1725 2575 1778; x_wconf 91' lang='lat' dir='ltr'><strong>si</strong></span> <span class='ocrx_word' id='word_1_338' title='bbox 2619 1734 2774 1779; x_wconf 89' lang='lat' dir='ltr'><strong>natus</strong></span> <span class='ocrx_word' id='word_1_339' title='bbox 2821 1742 2926 1780; x_wconf 86' lang='lat' dir='ltr'><strong>non</strong></span> <span class='ocrx_word' id='word_1_340' title='bbox 2978 1726 3160 1795; x_wconf 77' lang='lat' dir='ltr'><strong>fuisset</strong></span> <span class='ocrx_word' id='word_1_341' title='bbox 3208 1728 3364 1782; x_wconf 79' lang='lat' dir='ltr'><strong>homo</strong></span> <span class='ocrx_word' id='word_1_342' title='bbox 3402 1728 3509 1785; x_wconf 84' lang='lat' dir='ltr'><strong>illc.</strong></span> 
     </span>
    </p>
   </div>
   <div class='ocr_carea' id='block_1_49' title="bbox 1925 1813 3514 1888">
    <p class='ocr_par' dir='ltr' id='par_1_49' title="bbox 1925 1813 3514 1888">
     <span class='ocr_line' id='line_1_49' title="bbox 1925 1813 3514 1888; baseline 0.003 -19"><span class='ocrx_word' id='word_1_343' title='bbox 1925 1813 2032 1887; x_wconf 73' lang='lat' dir='ltr'><strong>(Ex</strong></span> <span class='ocrx_word' id='word_1_344' title='bbox 2070 1814 2316 1887; x_wconf 81' lang='lat' dir='ltr'><strong>Hieron.)</strong></span> <span class='ocrx_word' id='word_1_345' title='bbox 2363 1815 2489 1879; x_wconf 79' lang='lat' dir='ltr'><strong>Non</strong></span> <span class='ocrx_word' id='word_1_346' title='bbox 2531 1816 2652 1871; x_wconf 89' lang='lat' dir='ltr'><strong>ideo</strong></span> <span class='ocrx_word' id='word_1_347' title='bbox 2697 1817 2971 1888; x_wconf 80' lang='lat' dir='ltr'><strong>putandus</strong></span> <span class='ocrx_word' id='word_1_348' title='bbox 3019 1828 3139 1884; x_wconf 88' lang='lat' dir='ltr'><strong>est,_</strong></span> <span class='ocrx_word' id='word_1_349' title='bbox 3171 1827 3299 1879; x_wconf 80' lang='lat' dir='ltr'><strong>ante</strong></span> <span class='ocrx_word' id='word_1_350' title='bbox 3344 1818 3514 1874; x_wconf 84' lang='lat' dir='ltr'><strong>fuisse</strong></span> 
     </span>
    </p>
   </div>
   <div class='ocr_carea' id='block_1_50' title="bbox 1927 1910 3505 1981">
    <p class='ocr_par' dir='ltr' id='par_1_50' title="bbox 1927 1910 3505 1981">
     <span class='ocr_line' id='line_1_50' title="bbox 1927 1910 3505 1981; baseline 0 -18"><span class='ocrx_word' id='word_1_351' title='bbox 1927 1925 2091 1979; x_wconf 82' lang='lat' dir='ltr'><strong>quam</strong></span> <span class='ocrx_word' id='word_1_352' title='bbox 2116 1919 2457 1975; x_wconf 82' lang='lat' dir='ltr'><strong>nasceretur,</strong></span> <span class='ocrx_word' id='word_1_353' title='bbox 2489 1924 2612 1965; x_wconf 90' lang='lat' dir='ltr'><strong>cum</strong></span> <span class='ocrx_word' id='word_1_354' title='bbox 2636 1910 2765 1965; x_wconf 91' lang='lat' dir='ltr'><strong>nulli</strong></span> <span class='ocrx_word' id='word_1_355' title='bbox 2793 1912 2965 1981; x_wconf 84' lang='lat' dir='ltr'><strong>possit</strong></span> <span class='ocrx_word' id='word_1_356' title='bbox 2987 1926 3107 1966; x_wconf 85' lang='lat' dir='ltr'><strong>esse</strong></span> <span class='ocrx_word' id='word_1_357' title='bbox 3137 1912 3292 1976; x_wconf 85' lang='lat' dir='ltr'><strong>bene,</strong></span> <span class='ocrx_word' id='word_1_358' title='bbox 3322 1912 3426 1967; x_wconf 85' lang='lat' dir='ltr'><strong>nisi</strong></span> <span class='ocrx_word' id='word_1_359' title='bbox 3455 1913 3505 1964; x_wconf 84' lang='lat' dir='ltr'><strong>ei</strong></span> 
     </span>
    </p>
   </div>
   <div class='ocr_carea' id='block_1_51' title="bbox 1927 1990 3516 2074">
    <p class='ocr_par' dir='ltr' id='par_1_51' title="bbox 1927 1990 3516 2074">
     <span class='ocr_line' id='line_1_51' title="bbox 1927 1990 3516 2074; baseline 0.001 -18"><span class='ocrx_word' id='word_1_360' title='bbox 1927 2006 2020 2074; x_wconf 87' lang='lat' dir='ltr'><strong>qui</strong></span> <span class='ocrx_word' id='word_1_361' title='bbox 2050 2002 2231 2066; x_wconf 85' lang='lat' dir='ltr'><strong>fuerit,</strong></span> <span class='ocrx_word' id='word_1_362' title='bbox 2261 2003 2355 2057; x_wconf 82' lang='lat' dir='ltr'><strong>sed</strong></span> <span class='ocrx_word' id='word_1_363' title='bbox 2387 2002 2708 2074; x_wconf 70' lang='lat' dir='ltr'><strong>simpliciter</strong></span> <span class='ocrx_word' id='word_1_364' title='bbox 2743 2003 2949 2057; x_wconf 82' lang='lat' dir='ltr'><strong>dictum</strong></span> <span class='ocrx_word' id='word_1_365' title='bbox 2977 2013 3080 2065; x_wconf 87' lang='lat' dir='ltr'><strong>est.</strong></span> <span class='ocrx_word' id='word_1_366' title='bbox 3123 2003 3292 2059; x_wconf 83' lang='lat' dir='ltr'><strong>multo</strong></span> <span class='ocrx_word' id='word_1_367' title='bbox 3324 1990 3516 2059; x_wconf 61' lang='lat' dir='ltr'><strong>meliu’s</strong></span> 
     </span>
    </p>
   </div>
   <div class='ocr_carea' id='block_1_52' title="bbox 1928 2086 3236 2161">
    <p class='ocr_par' dir='ltr' id='par_1_52' title="bbox 1928 2086 3236 2161">
     <span class='ocr_line' id='line_1_52' title="bbox 1928 2086 3236 2161; baseline -0.001 -15"><span class='ocrx_word' id='word_1_368' title='bbox 1928 2086 2047 2146; x_wconf 86' lang='lat' dir='ltr'><strong>esse</strong></span> <span class='ocrx_word' id='word_1_369' title='bbox 2070 2108 2177 2146; x_wconf 88' lang='lat' dir='ltr'><strong>non</strong></span> <span class='ocrx_word' id='word_1_370' title='bbox 2205 2094 2531 2158; x_wconf 66' lang='lat' dir='ltr'><strong>subsistere,</strong></span> <span class='ocrx_word' id='word_1_371' title='bbox 2557 2108 2721 2161; x_wconf 77' lang='lat' dir='ltr'><strong>quam</strong></span> <span class='ocrx_word' id='word_1_372' title='bbox 2752 2092 2891 2147; x_wconf 88' lang='lat' dir='ltr'><strong>male</strong></span> <span class='ocrx_word' id='word_1_373' title='bbox 2921 2094 3236 2148; x_wconf 85' lang='lat' dir='ltr'><strong>subsistere.</strong></span> 
     </span>
    </p>
   </div>
   <div class='ocr_carea' id='block_1_53' title="bbox 2002 2182 3519 2256">
    <p class='ocr_par' dir='ltr' id='par_1_53' title="bbox 2002 2182 3519 2256">
     <span class='ocr_line' id='line_1_53' title="bbox 2002 2182 3519 2256; baseline -0.001 -18"><span class='ocrx_word' id='word_1_374' title='bbox 2002 2183 2336 2253; x_wconf 77' lang='lat' dir='ltr'><strong>Respondens</strong></span> <span class='ocrx_word' id='word_1_375' title='bbox 2367 2195 2541 2239; x_wconf 88' lang='lat' dir='ltr'><strong>autem</strong></span> <span class='ocrx_word' id='word_1_376' title='bbox 2574 2184 2746 2238; x_wconf 84' lang='lat' dir='ltr'><strong>Judas</strong></span> <span class='ocrx_word' id='word_1_377' title='bbox 2774 2182 2908 2239; x_wconf 73' lang='lat' dir='ltr'><strong>dixit</strong></span> <span class='ocrx_word' id='word_1_378' title='bbox 2930 2200 2948 2237; x_wconf 92' lang='lat'><em>:</em></span> <span class='ocrx_word' id='word_1_379' title='bbox 2992 2183 3247 2256; x_wconf 80' lang='lat' dir='ltr'><strong>Nunquid</strong></span> <span class='ocrx_word' id='word_1_380' title='bbox 3282 2200 3374 2255; x_wconf 86' lang='lat' dir='ltr'><strong>ego</strong></span> <span class='ocrx_word' id='word_1_381' title='bbox 3402 2200 3519 2242; x_wconf 79' lang='lat' dir='ltr'><strong>sum</strong></span> 
     </span>
    </p>
   </div>
   <div class='ocr_carea' id='block_1_54' title="bbox 1930 2273 3519 2343">
    <p class='ocr_par' dir='ltr' id='par_1_54' title="bbox 1930 2273 3519 2343">
     <span class='ocr_line' id='line_1_54' title="bbox 1930 2273 3519 2343; baseline -0.003 -13"><span class='ocrx_word' id='word_1_382' title='bbox 1930 2275 2098 2330; x_wconf 77' lang='grc' dir='ltr'><strong>Βιώὺὶ</strong></span> <span class='ocrx_word' id='word_1_383' title='bbox 2116 2277 2141 2329; x_wconf 85' lang='lat'><strong><em>?</em></strong></span> <span class='ocrx_word' id='word_1_384' title='bbox 2175 2276 2260 2333; x_wconf 75' lang='lat' dir='ltr'><strong>Ait</strong></span> <span class='ocrx_word' id='word_1_385' title='bbox 2290 2276 2369 2330; x_wconf 87' lang='lat' dir='ltr'><strong>illi</strong></span> <span class='ocrx_word' id='word_1_386' title='bbox 2395 2276 2552 2330; x_wconf 86' lang='lat' dir='ltr'><strong>Jesus</strong></span> <span class='ocrx_word' id='word_1_387' title='bbox 2583 2294 2599 2329; x_wconf 93' lang='lat'><strong><em>:</em></strong></span> <span class='ocrx_word' id='word_1_388' title='bbox 2632 2274 2710 2328; x_wconf 85' lang='lat' dir='ltr'><strong>Tu</strong></span> <span class='ocrx_word' id='word_1_389' title='bbox 2737 2274 2940 2329; x_wconf 74' lang='lat' dir='ltr'><strong>dixisti.</strong></span> <span class='ocrx_word' id='word_1_390' title='bbox 2970 2273 3307 2333; x_wconf 86' lang='lat' dir='ltr'><strong>Blandicntis</strong></span> <span class='ocrx_word' id='word_1_391' title='bbox 3342 2273 3519 2343; x_wconf 78' lang='lat' dir='ltr'><strong>junxit</strong></span> 
     </span>
    </p>
   </div>
   <div class='ocr_carea' id='block_1_55' title="bbox 1928 2364 3521 2435">
    <p class='ocr_par' dir='ltr' id='par_1_55' title="bbox 1928 2364 3521 2435">
     <span class='ocr_line' id='line_1_55' title="bbox 1928 2364 3521 2435; baseline -0.002 -14"><span class='ocrx_word' id='word_1_392' title='bbox 1928 2365 2199 2431; x_wconf 78' lang='lat' dir='ltr'><strong>allectum,</strong></span> <span class='ocrx_word' id='word_1_393' title='bbox 2249 2367 2363 2421; x_wconf 86' lang='lat' dir='ltr'><strong>sive</strong></span> <span class='ocrx_word' id='word_1_394' title='bbox 2414 2366 2806 2423; x_wconf 75' lang='lat' dir='ltr'><strong>incredulitatis</strong></span> <span class='ocrx_word' id='word_1_395' title='bbox 2849 2366 3083 2435; x_wconf 75' lang='lat' dir='ltr'><strong>signum.</strong></span> <span class='ocrx_word' id='word_1_396' title='bbox 3132 2364 3326 2420; x_wconf 60' lang='lat' dir='ltr'><strong>Caneri</strong></span> <span class='ocrx_word' id='word_1_397' title='bbox 3375 2366 3521 2421; x_wconf 90' lang='lat' dir='ltr'><strong>enim</strong></span> 
     </span>
    </p>
   </div>
   <div class='ocr_carea' id='block_1_56' title="bbox 1928 2453 3518 2526">
    <p class='ocr_par' dir='ltr' id='par_1_56' title="bbox 1928 2453 3518 2526">
     <span class='ocr_line' id='line_1_56' title="bbox 1928 2453 3518 2526; baseline -0.003 -15"><span class='ocrx_word' id='word_1_398' title='bbox 1928 2457 2021 2526; x_wconf 91' lang='lat' dir='ltr'><strong>qui</strong></span> <span class='ocrx_word' id='word_1_399' title='bbox 2056 2473 2161 2511; x_wconf 90' lang='lat' dir='ltr'><strong>non</strong></span> <span class='ocrx_word' id='word_1_400' title='bbox 2190 2464 2347 2511; x_wconf 90' lang='lat' dir='ltr'><strong>erant</strong></span> <span class='ocrx_word' id='word_1_401' title='bbox 2387 2454 2654 2526; x_wconf 80' lang='lat' dir='ltr'><strong>prodituri</strong></span> <span class='ocrx_word' id='word_1_402' title='bbox 2686 2456 2908 2510; x_wconf 87' lang='lat' dir='ltr'><strong>dicunt:</strong></span> <span class='ocrx_word' id='word_1_403' title='bbox 2955 2453 3211 2525; x_wconf 78' lang='lat' dir='ltr'><strong>Nunquid</strong></span> <span class='ocrx_word' id='word_1_404' title='bbox 3241 2470 3335 2526; x_wconf 80' lang='lat' dir='ltr'><strong>ego</strong></span> <span class='ocrx_word' id='word_1_405' title='bbox 3377 2470 3518 2517; x_wconf 86' lang='lat' dir='ltr'><strong>sum,</strong></span> 
     </span>
    </p>
   </div>
   <div class='ocr_carea' id='block_1_57' title="bbox 1932 2545 3522 2619">
    <p class='ocr_par' dir='ltr' id='par_1_57' title="bbox 1932 2545 3522 2619">
     <span class='ocr_line' id='line_1_57' title="bbox 1932 2545 3522 2619; baseline 0.001 -20"><span class='ocrx_word' id='word_1_406' title='bbox 1932 2545 2152 2602; x_wconf 81' lang='lat' dir='ltr'><strong>Domine</strong></span> <span class='ocrx_word' id='word_1_407' title='bbox 2172 2547 2198 2599; x_wconf 68' lang='lat'><strong>.9</strong></span> <span class='ocrx_word' id='word_1_408' title='bbox 2220 2546 2325 2602; x_wconf 89' lang='lat' dir='ltr'><strong>Iste</strong></span> <span class='ocrx_word' id='word_1_409' title='bbox 2350 2546 2550 2619; x_wconf 82' lang='lat' dir='ltr'><strong>quippe</strong></span> <span class='ocrx_word' id='word_1_410' title='bbox 2587 2546 2678 2618; x_wconf 89' lang='lat' dir='ltr'><strong>qui</strong></span> <span class='ocrx_word' id='word_1_411' title='bbox 2710 2546 3026 2618; x_wconf 86' lang='lat' dir='ltr'><strong>proditurus</strong></span> <span class='ocrx_word' id='word_1_412' title='bbox 3048 2554 3168 2599; x_wconf 81' lang='lat' dir='ltr'><strong>erat</strong></span> <span class='ocrx_word' id='word_1_413' title='bbox 3200 2561 3309 2600; x_wconf 90' lang='lat' dir='ltr'><strong>non</strong></span> <span class='ocrx_word' id='word_1_414' title='bbox 3338 2545 3522 2601; x_wconf 86' lang='lat' dir='ltr'><strong>Domi-</strong></span> 
     </span>
    </p>
   </div>
   <div class='ocr_carea' id='block_1_58' title="bbox 1932 2636 3524 2709">
    <p class='ocr_par' dir='ltr' id='par_1_58' title="bbox 1932 2636 3524 2709">
     <span class='ocr_line' id='line_1_58' title="bbox 1932 2636 3524 2709; baseline 0.002 -19"><span class='ocrx_word' id='word_1_415' title='bbox 1932 2652 2080 2702; x_wconf 75' lang='lat' dir='ltr'><strong>num,</strong></span> <span class='ocrx_word' id='word_1_416' title='bbox 2109 2639 2204 2693; x_wconf 89' lang='lat' dir='ltr'><strong>sed</strong></span> <span class='ocrx_word' id='word_1_417' title='bbox 2232 2638 2553 2709; x_wconf 78' lang='lat' dir='ltr'><strong>magistrum</strong></span> <span class='ocrx_word' id='word_1_418' title='bbox 2580 2646 2761 2702; x_wconf 77' lang='lat' dir='ltr'><strong>vocat.</strong></span> <span class='ocrx_word' id='word_1_419' title='bbox 2798 2637 2955 2708; x_wconf 81' lang='lat' dir='ltr'><strong>quasi</strong></span> <span class='ocrx_word' id='word_1_420' title='bbox 2993 2636 3402 2694; x_wconf 70' lang='lat' dir='ltr'><strong>excusationem</strong></span> <span class='ocrx_word' id='word_1_421' title='bbox 3428 2641 3524 2693; x_wconf 73' lang='lat' dir='ltr'><strong>ba-</strong></span> 
     </span>
    </p>
   </div>
   <div class='ocr_carea' id='block_1_59' title="bbox 1932 2726 3524 2805">
    <p class='ocr_par' dir='ltr' id='par_1_59' title="bbox 1932 2726 3524 2805">
     <span class='ocr_line' id='line_1_59' title="bbox 1932 2726 3524 2805; baseline 0.003 -25"><span class='ocrx_word' id='word_1_422' title='bbox 1932 2726 2075 2792; x_wconf 88' lang='lat' dir='ltr'><strong>beat,</strong></span> <span class='ocrx_word' id='word_1_423' title='bbox 2107 2728 2152 2782; x_wconf 88' lang='lat' dir='ltr'><strong>si</strong></span> <span class='ocrx_word' id='word_1_424' title='bbox 2198 2727 2429 2789; x_wconf 75' lang='lat' dir='ltr'><strong>Domino</strong></span> <span class='ocrx_word' id='word_1_425' title='bbox 2472 2730 2765 2802; x_wconf 71' lang='lat' dir='ltr'><strong>denegato,</strong></span> <span class='ocrx_word' id='word_1_426' title='bbox 2807 2727 2999 2787; x_wconf 82' lang='lat' dir='ltr'><strong>saltem</strong></span> <span class='ocrx_word' id='word_1_427' title='bbox 3030 2727 3350 2799; x_wconf 74' lang='lat' dir='ltr'><strong>magistrum</strong></span> <span class='ocrx_word' id='word_1_428' title='bbox 3392 2743 3524 2805; x_wconf 77' lang='lat' dir='ltr'><strong>pro-</strong></span> 
     </span>
    </p>
   </div>
   <div class='ocr_carea' id='block_1_60' title="bbox 1932 2817 2147 2879">
    <p class='ocr_par' dir='ltr' id='par_1_60' title="bbox 1932 2817 2147 2879">
     <span class='ocr_line' id='line_1_60' title="bbox 1932 2817 2147 2879; baseline 0 -7"><span class='ocrx_word' id='word_1_429' title='bbox 1932 2817 2147 2879; x_wconf 83' lang='lat' dir='ltr'><strong>diderit.</strong></span> 
     </span>
    </p>
   </div>
   <div class='ocr_carea' id='block_1_61' title="bbox 2004 2907 3525 2985">
    <p class='ocr_par' dir='ltr' id='par_1_61' title="bbox 2004 2907 3525 2985">
     <span class='ocr_line' id='line_1_61' title="bbox 2004 2907 3525 2985; baseline 0.004 -23"><span class='ocrx_word' id='word_1_430' title='bbox 2004 2907 2342 2966; x_wconf 73' lang='lat' dir='ltr'><strong>Caznantibus</strong></span> <span class='ocrx_word' id='word_1_431' title='bbox 2384 2920 2558 2965; x_wconf 87' lang='lat' dir='ltr'><strong>autem</strong></span> <span class='ocrx_word' id='word_1_432' title='bbox 2588 2928 2684 2976; x_wconf 77' lang='lat' dir='ltr'><strong>eis,</strong></span> <span class='ocrx_word' id='word_1_433' title='bbox 2725 2914 2923 2983; x_wconf 81' lang='lat' dir='ltr'><strong>accepit</strong></span> <span class='ocrx_word' id='word_1_434' title='bbox 2954 2914 3113 2971; x_wconf 86' lang='lat' dir='ltr'><strong>Jesus</strong></span> <span class='ocrx_word' id='word_1_435' title='bbox 3138 2931 3326 2985; x_wconf 75' lang='lat' dir='ltr'><strong>pansus</strong></span> <span class='ocrx_word' id='word_1_436' title='bbox 3344 2924 3399 2968; x_wconf 87' lang='lat' dir='ltr'><strong>et</strong></span> <span class='ocrx_word' id='word_1_437' title='bbox 3436 2914 3525 2972; x_wconf 82' lang='lat' dir='ltr'><strong>be-</strong></span> 
     </span>
    </p>
   </div>
   <div class='ocr_carea' id='block_1_62' title="bbox 1934 2997 3521 3083">
    <p class='ocr_par' dir='ltr' id='par_1_62' title="bbox 1934 2997 3521 3083">
     <span class='ocr_line' id='line_1_62' title="bbox 1934 2997 3521 3083; baseline 0.005 -32"><span class='ocrx_word' id='word_1_438' title='bbox 1934 2997 2157 3063; x_wconf 77' lang='lat' dir='ltr'><strong>nedixit,</strong></span> <span class='ocrx_word' id='word_1_439' title='bbox 2185 3016 2249 3053; x_wconf 88' lang='lat' dir='ltr'><strong>ac</strong></span> <span class='ocrx_word' id='word_1_440' title='bbox 2292 3000 2446 3070; x_wconf 80' lang='lat' dir='ltr'><strong>fregit</strong></span> <span class='ocrx_word' id='word_1_441' title='bbox 2476 2999 2721 3071; x_wconf 85' lang='lat' dir='ltr'><strong>deditque</strong></span> <span class='ocrx_word' id='word_1_442' title='bbox 2746 3002 3021 3073; x_wconf 79' lang='lat' dir='ltr'><strong>discipulis</strong></span> <span class='ocrx_word' id='word_1_443' title='bbox 3048 3006 3160 3060; x_wconf 86' lang='lat' dir='ltr'><strong>suis</strong></span> <span class='ocrx_word' id='word_1_444' title='bbox 3184 3013 3235 3059; x_wconf 82' lang='lat' dir='ltr'><strong>et</strong></span> <span class='ocrx_word' id='word_1_445' title='bbox 3261 3006 3337 3059; x_wconf 87' lang='lat' dir='ltr'><strong>ait</strong></span> <span class='ocrx_word' id='word_1_446' title='bbox 3359 3022 3383 3083; x_wconf 44' lang='grc' dir='ltr'><strong>εα</strong></span> <span class='ocrx_word' id='word_1_447' title='bbox 3415 3004 3521 3061; x_wconf 81' lang='lat' dir='ltr'><strong>Ac-</strong></span> 
     </span>
    </p>
   </div>
   <div class='ocr_carea' id='block_1_63' title="bbox 1934 3087 3527 3165">
    <p class='ocr_par' dir='ltr' id='par_1_63' title="bbox 1934 3087 3527 3165">
     <span class='ocr_line' id='line_1_63' title="bbox 1934 3087 3527 3165; baseline 0.008 -27"><span class='ocrx_word' id='word_1_448' title='bbox 1934 3087 2088 3159; x_wconf 76' lang='lat' dir='ltr'><strong>cipite</strong></span> <span class='ocrx_word' id='word_1_449' title='bbox 2112 3097 2159 3142; x_wconf 85' lang='lat' dir='ltr'><strong>et</strong></span> <span class='ocrx_word' id='word_1_450' title='bbox 2197 3089 2476 3157; x_wconf 87' lang='lat' dir='ltr'><strong>comedite,</strong></span> <span class='ocrx_word' id='word_1_451' title='bbox 2508 3091 2607 3145; x_wconf 89' lang='lat' dir='ltr'><strong>hoc</strong></span> <span class='ocrx_word' id='word_1_452' title='bbox 2651 3101 2726 3146; x_wconf 87' lang='lat' dir='ltr'><strong>est</strong></span> <span class='ocrx_word' id='word_1_453' title='bbox 2753 3108 2942 3164; x_wconf 83' lang='lat' dir='ltr'><strong>corpus</strong></span> <span class='ocrx_word' id='word_1_454' title='bbox 2986 3112 3180 3150; x_wconf 67' lang='lat' dir='ltr'><strong>mentm.</strong></span> <span class='ocrx_word' id='word_1_455' title='bbox 3231 3095 3527 3165; x_wconf 82' lang='lat' dir='ltr'><strong>Postquam</strong></span> 
     </span>
    </p>
   </div>
   <div class='ocr_carea' id='block_1_64' title="bbox 243 3161 3528 3256">
    <p class='ocr_par' dir='ltr' id='par_1_64' title="bbox 243 3161 3528 3256">
     <span class='ocr_line' id='line_1_64' title="bbox 243 3161 3528 3256; baseline 0.001 -19"><span class='ocrx_word' id='word_1_456' title='bbox 243 3161 464 3253; x_wconf 78' lang='lat' dir='ltr'><strong>portans</strong></span> <span class='ocrx_word' id='word_1_457' title='bbox 492 3183 683 3249; x_wconf 91' lang='lat' dir='ltr'><strong>currit,</strong></span> <span class='ocrx_word' id='word_1_458' title='bbox 712 3189 770 3236; x_wconf 92' lang='lat' dir='ltr'><strong>ut</strong></span> <span class='ocrx_word' id='word_1_459' title='bbox 811 3161 1129 3239; x_wconf 78' lang='lat' dir='ltr'><strong>ostendatur</strong></span> <span class='ocrx_word' id='word_1_460' title='bbox 1166 3183 1327 3255; x_wconf 86' lang='lat' dir='ltr'><strong>hujus</strong></span> <span class='ocrx_word' id='word_1_461' title='bbox 1370 3183 1588 3239; x_wconf 84' lang='lat' dir='ltr'><strong>Pascha:</strong></span> <span class='ocrx_word' id='word_1_462' title='bbox 1636 3161 1835 3256; x_wconf 79' lang='lat' dir='ltr'><strong>myste-</strong></span> <span class='ocrx_word' id='word_1_463' title='bbox 1862 3161 1906 3223; x_wconf 65' lang='grc' dir='ltr'><strong>(ἶ</strong></span> <span class='ocrx_word' id='word_1_464' title='bbox 1941 3179 2179 3250; x_wconf 84' lang='lat' dir='ltr'><strong>typicum</strong></span> <span class='ocrx_word' id='word_1_465' title='bbox 2226 3179 2438 3236; x_wconf 82' lang='lat' dir='ltr'><strong>Pascha</strong></span> <span class='ocrx_word' id='word_1_466' title='bbox 2486 3181 2666 3238; x_wconf 81' lang='lat' dir='ltr'><strong>fuerat</strong></span> <span class='ocrx_word' id='word_1_467' title='bbox 2709 3161 3010 3254; x_wconf 83' lang='lat' dir='ltr'><strong>impletum,</strong></span> <span class='ocrx_word' id='word_1_468' title='bbox 3061 3192 3118 3240; x_wconf 91' lang='lat' dir='ltr'><strong>et</strong></span> <span class='ocrx_word' id='word_1_469' title='bbox 3164 3184 3290 3256; x_wconf 87' lang='lat' dir='ltr'><strong>agni</strong></span> <span class='ocrx_word' id='word_1_470' title='bbox 3334 3161 3528 3245; x_wconf 71' lang='lat' dir='ltr'><strong>carnes</strong></span> 
     </span>
    </p>
   </div>
   <div class='ocr_carea' id='block_1_65' title="bbox 240 3274 1838 3344">
    <p class='ocr_par' dir='ltr' id='par_1_65' title="bbox 240 3274 1838 3344">
     <span class='ocr_line' id='line_1_65' title="bbox 240 3274 1838 3344; baseline 0 -13"><span class='ocrx_word' id='word_1_471' title='bbox 240 3276 406 3339; x_wconf 70' lang='lat' dir='ltr'><strong>rium,</strong></span> <span class='ocrx_word' id='word_1_472' title='bbox 436 3289 534 3344; x_wconf 90' lang='lat' dir='ltr'><strong>pro</strong></span> <span class='ocrx_word' id='word_1_473' title='bbox 559 3274 829 3329; x_wconf 80' lang='lat' dir='ltr'><strong>ablatione</strong></span> <span class='ocrx_word' id='word_1_474' title='bbox 864 3274 1105 3344; x_wconf 81' lang='lat' dir='ltr'><strong>perfecta</strong></span> <span class='ocrx_word' id='word_1_475' title='bbox 1129 3274 1313 3329; x_wconf 85' lang='lat' dir='ltr'><strong>mundi</strong></span> <span class='ocrx_word' id='word_1_476' title='bbox 1346 3274 1510 3329; x_wconf 90' lang='lat' dir='ltr'><strong>totius</strong></span> <span class='ocrx_word' id='word_1_477' title='bbox 1539 3291 1659 3330; x_wconf 88' lang='lat' dir='ltr'><strong>esse</strong></span> <span class='ocrx_word' id='word_1_478' title='bbox 1702 3275 1838 3331; x_wconf 87' lang='lat' dir='ltr'><strong>cele-</strong></span> 
     </span>
    </p>
   </div>
   <div class='ocr_carea' id='block_1_66' title="bbox 246 3365 1833 3438">
    <p class='ocr_par' dir='ltr' id='par_1_66' title="bbox 246 3365 1833 3438">
     <span class='ocr_line' id='line_1_66' title="bbox 246 3365 1833 3438; baseline 0.003 -22"><span class='ocrx_word' id='word_1_479' title='bbox 246 3365 535 3429; x_wconf 76' lang='lat' dir='ltr'><strong>brandum.</strong></span> <span class='ocrx_word' id='word_1_480' title='bbox 579 3365 733 3435; x_wconf 80' lang='lat' dir='ltr'><strong>Aqua</strong></span> <span class='ocrx_word' id='word_1_481' title='bbox 782 3367 980 3437; x_wconf 89' lang='lat' dir='ltr'><strong>quippe</strong></span> <span class='ocrx_word' id='word_1_482' title='bbox 1024 3366 1298 3421; x_wconf 77' lang='lat' dir='ltr'><strong>lavacrum</strong></span> <span class='ocrx_word' id='word_1_483' title='bbox 1334 3366 1542 3437; x_wconf 69' lang='lat' dir='ltr'><strong>gratiae,</strong></span> <span class='ocrx_word' id='word_1_484' title='bbox 1572 3368 1833 3438; x_wconf 87' lang='lat' dir='ltr'><strong>amphora</strong></span> 
     </span>
    </p>
   </div>
   <div class='ocr_carea' id='block_1_67' title="bbox 244 3454 1832 3533">
    <p class='ocr_par' dir='ltr' id='par_1_67' title="bbox 244 3454 1832 3533">
     <span class='ocr_line' id='line_1_67' title="bbox 244 3454 1832 3533; baseline 0.003 -25"><span class='ocrx_word' id='word_1_485' title='bbox 244 3471 559 3523; x_wconf 74' lang='lat' dir='ltr'><strong>mensuram</strong></span> <span class='ocrx_word' id='word_1_486' title='bbox 588 3454 884 3533; x_wconf 88' lang='lat' dir='ltr'><strong>perfectam</strong></span> <span class='ocrx_word' id='word_1_487' title='bbox 916 3456 1202 3526; x_wconf 76' lang='lat' dir='ltr'><strong>signiticet.</strong></span> <span class='ocrx_word' id='word_1_488' title='bbox 1230 3455 1428 3509; x_wconf 78' lang='lat' dir='ltr'><strong>Parant</strong></span> <span class='ocrx_word' id='word_1_489' title='bbox 1452 3471 1579 3524; x_wconf 79' lang='lat' dir='ltr'><strong>ergo</strong></span> <span class='ocrx_word' id='word_1_490' title='bbox 1601 3456 1832 3521; x_wconf 85' lang='lat' dir='ltr'><strong>Pascha,</strong></span> 
     </span>
    </p>
   </div>
   <div class='ocr_carea' id='block_1_68' title="bbox 241 3549 1836 3622">
    <p class='ocr_par' dir='ltr' id='par_1_68' title="bbox 241 3549 1836 3622">
     <span class='ocr_line' id='line_1_68' title="bbox 241 3549 1836 3622; baseline 0.003 -19"><span class='ocrx_word' id='word_1_491' title='bbox 241 3551 339 3606; x_wconf 77' lang='lat' dir='ltr'><strong>ubi</strong></span> <span class='ocrx_word' id='word_1_492' title='bbox 378 3566 529 3621; x_wconf 82' lang='lat' dir='ltr'><strong>aqua:</strong></span> <span class='ocrx_word' id='word_1_493' title='bbox 564 3549 797 3605; x_wconf 81' lang='lat' dir='ltr'><strong>infertur</strong></span> <span class='ocrx_word' id='word_1_494' title='bbox 823 3553 1108 3621; x_wconf 86' lang='lat' dir='ltr'><strong>amphora,</strong></span> <span class='ocrx_word' id='word_1_495' title='bbox 1157 3553 1284 3622; x_wconf 90' lang='lat' dir='ltr'><strong>quia</strong></span> <span class='ocrx_word' id='word_1_496' title='bbox 1330 3561 1542 3622; x_wconf 83' lang='lat' dir='ltr'><strong>tempus</strong></span> <span class='ocrx_word' id='word_1_497' title='bbox 1588 3553 1836 3607; x_wconf 73' lang='lat' dir='ltr'><strong>videlicet</strong></span> 
     </span>
    </p>
   </div>
   <div class='ocr_carea' id='block_1_69' title="bbox 242 3643 1837 3717">
    <p class='ocr_par' dir='ltr' id='par_1_69' title="bbox 242 3643 1837 3717">
     <span class='ocr_line' id='line_1_69' title="bbox 242 3643 1837 3717; baseline 0.003 -20"><span class='ocrx_word' id='word_1_498' title='bbox 242 3643 401 3699; x_wconf 81' lang='lat' dir='ltr'><strong>adest</strong></span> <span class='ocrx_word' id='word_1_499' title='bbox 438 3660 546 3714; x_wconf 89' lang='lat' dir='ltr'><strong>quo</strong></span> <span class='ocrx_word' id='word_1_500' title='bbox 575 3646 689 3700; x_wconf 88' lang='lat' dir='ltr'><strong>veri</strong></span> <span class='ocrx_word' id='word_1_501' title='bbox 730 3643 948 3700; x_wconf 81' lang='lat' dir='ltr'><strong>Pascha:</strong></span> <span class='ocrx_word' id='word_1_502' title='bbox 986 3644 1284 3700; x_wconf 88' lang='lat' dir='ltr'><strong>cultoribus</strong></span> <span class='ocrx_word' id='word_1_503' title='bbox 1312 3646 1521 3717; x_wconf 85' lang='lat' dir='ltr'><strong>typicus</strong></span> <span class='ocrx_word' id='word_1_504' title='bbox 1549 3648 1613 3701; x_wconf 88' lang='lat' dir='ltr'><strong>de</strong></span> <span class='ocrx_word' id='word_1_505' title='bbox 1654 3646 1837 3701; x_wconf 83' lang='lat' dir='ltr'><strong>limine</strong></span> 
     </span>
    </p>
   </div>
   <div class='ocr_carea' id='block_1_70' title="bbox 240 3734 1838 3802">
    <p class='ocr_par' dir='ltr' id='par_1_70' title="bbox 240 3734 1838 3802">
     <span class='ocr_line' id='line_1_70' title="bbox 240 3734 1838 3802; baseline 0.003 -13"><span class='ocrx_word' id='word_1_506' title='bbox 240 3751 410 3789; x_wconf 79' lang='lat' dir='ltr'><strong>cruor</strong></span> <span class='ocrx_word' id='word_1_507' title='bbox 435 3734 733 3802; x_wconf 81' lang='lat' dir='ltr'><strong>auferatur,</strong></span> <span class='ocrx_word' id='word_1_508' title='bbox 760 3744 815 3792; x_wconf 92' lang='lat' dir='ltr'><strong>et</strong></span> <span class='ocrx_word' id='word_1_509' title='bbox 841 3737 907 3792; x_wconf 88' lang='lat' dir='ltr'><strong>ad</strong></span> <span class='ocrx_word' id='word_1_510' title='bbox 934 3736 1167 3793; x_wconf 91' lang='lat' dir='ltr'><strong>tollenda</strong></span> <span class='ocrx_word' id='word_1_511' title='bbox 1188 3739 1416 3793; x_wconf 88' lang='lat' dir='ltr'><strong>crimina</strong></span> <span class='ocrx_word' id='word_1_512' title='bbox 1443 3738 1641 3794; x_wconf 82' lang='lat' dir='ltr'><strong>vivifici</strong></span> <span class='ocrx_word' id='word_1_513' title='bbox 1676 3738 1838 3793; x_wconf 72' lang='lat' dir='ltr'><strong>fontis</strong></span> 
     </span>
    </p>
   </div>
   <div class='ocr_carea' id='block_1_71' title="bbox 244 3826 1837 3900">
    <p class='ocr_par' dir='ltr' id='par_1_71' title="bbox 244 3826 1837 3900">
     <span class='ocr_line' id='line_1_71' title="bbox 244 3826 1837 3900; baseline 0.001 -19"><span class='ocrx_word' id='word_1_514' title='bbox 244 3826 510 3895; x_wconf 83' lang='lat' dir='ltr'><strong>baptisma</strong></span> <span class='ocrx_word' id='word_1_515' title='bbox 536 3835 906 3884; x_wconf 89' lang='lat' dir='ltr'><strong>consecretur.</strong></span> <span class='ocrx_word' id='word_1_516' title='bbox 952 3826 1011 3882; x_wconf 87' lang='lat' dir='ltr'><strong>lu</strong></span> <span class='ocrx_word' id='word_1_517' title='bbox 1055 3827 1161 3882; x_wconf 88' lang='lat' dir='ltr'><strong>alio</strong></span> <span class='ocrx_word' id='word_1_518' title='bbox 1204 3829 1535 3900; x_wconf 69' lang='lat' dir='ltr'><strong>evangelista</strong></span> <span class='ocrx_word' id='word_1_519' title='bbox 1573 3830 1837 3899; x_wconf 88' lang='lat' dir='ltr'><strong>scriptum</strong></span> 
     </span>
    </p>
   </div>
   <div class='ocr_carea' id='block_1_72' title="bbox 237 3918 1837 3991">
    <p class='ocr_par' dir='ltr' id='par_1_72' title="bbox 237 3918 1837 3991">
     <span class='ocr_line' id='line_1_72' title="bbox 237 3918 1837 3991; baseline 0.003 -21"><span class='ocrx_word' id='word_1_520' title='bbox 237 3925 354 3983; x_wconf 78' lang='lat' dir='ltr'><strong>est,</strong></span> <span class='ocrx_word' id='word_1_521' title='bbox 382 3918 525 3988; x_wconf 80' lang='lat' dir='ltr'><strong>quod</strong></span> <span class='ocrx_word' id='word_1_522' title='bbox 572 3918 897 3975; x_wconf 84' lang='lat' dir='ltr'><strong>invenerunt</strong></span> <span class='ocrx_word' id='word_1_523' title='bbox 936 3919 1275 3976; x_wconf 73' lang='lat' dir='ltr'><strong>cmnaculum</strong></span> <span class='ocrx_word' id='word_1_524' title='bbox 1310 3937 1571 3991; x_wconf 80' lang='lat' dir='ltr'><strong>tnaguum</strong></span> <span class='ocrx_word' id='word_1_525' title='bbox 1608 3929 1837 3976; x_wconf 89' lang='lat' dir='ltr'><strong>stratum</strong></span> 
     </span>
    </p>
   </div>
   <div class='ocr_carea' id='block_1_73' title="bbox 245 4009 1838 4081">
    <p class='ocr_par' dir='ltr' id='par_1_73' title="bbox 245 4009 1838 4081">
     <span class='ocr_line' id='line_1_73' title="bbox 245 4009 1838 4081; baseline 0.001 -20"><span class='ocrx_word' id='word_1_526' title='bbox 245 4019 410 4078; x_wconf 85' lang='lat' dir='ltr'><strong>atque</strong></span> <span class='ocrx_word' id='word_1_527' title='bbox 442 4011 776 4074; x_wconf 77' lang='lat' dir='ltr'><strong>mtmdstum,</strong></span> <span class='ocrx_word' id='word_1_528' title='bbox 807 4016 862 4065; x_wconf 90' lang='lat' dir='ltr'><strong>et</strong></span> <span class='ocrx_word' id='word_1_529' title='bbox 909 4009 981 4064; x_wconf 90' lang='lat' dir='ltr'><strong>ibi</strong></span> <span class='ocrx_word' id='word_1_530' title='bbox 1012 4018 1337 4081; x_wconf 86' lang='lat' dir='ltr'><strong>paraverunt</strong></span> <span class='ocrx_word' id='word_1_531' title='bbox 1382 4011 1451 4065; x_wconf 90' lang='lat' dir='ltr'><strong>ei.</strong></span> <span class='ocrx_word' id='word_1_532' title='bbox 1490 4010 1838 4066; x_wconf 72' lang='lat' dir='ltr'><strong>Cmriaculum</strong></span> 
     </span>
    </p>
   </div>
   <div class='ocr_carea' id='block_1_74' title="bbox 249 4098 1840 4171">
    <p class='ocr_par' dir='ltr' id='par_1_74' title="bbox 249 4098 1840 4171">
     <span class='ocr_line' id='line_1_74' title="bbox 249 4098 1840 4171; baseline 0.002 -20"><span class='ocrx_word' id='word_1_533' title='bbox 249 4113 505 4169; x_wconf 77' lang='lat' dir='ltr'><strong>magnum</strong></span> <span class='ocrx_word' id='word_1_534' title='bbox 546 4098 632 4154; x_wconf 79' lang='lat' dir='ltr'><strong>lex</strong></span> <span class='ocrx_word' id='word_1_535' title='bbox 671 4099 931 4170; x_wconf 74' lang='lat' dir='ltr'><strong>spiritalis</strong></span> <span class='ocrx_word' id='word_1_536' title='bbox 958 4106 1065 4165; x_wconf 74' lang='lat' dir='ltr'><strong>est,</strong></span> <span class='ocrx_word' id='word_1_537' title='bbox 1105 4116 1225 4170; x_wconf 75' lang='lat' dir='ltr'><strong>qua:</strong></span> <span class='ocrx_word' id='word_1_538' title='bbox 1253 4099 1321 4156; x_wconf 88' lang='lat' dir='ltr'><strong>de</strong></span> <span class='ocrx_word' id='word_1_539' title='bbox 1349 4100 1614 4171; x_wconf 89' lang='lat' dir='ltr'><strong>angustiis</strong></span> <span class='ocrx_word' id='word_1_540' title='bbox 1647 4099 1840 4159; x_wconf 77' lang='lat' dir='ltr'><strong>littera:</strong></span> 
     </span>
    </p>
   </div>
   <div class='ocr_carea' id='block_1_75' title="bbox 247 4188 1838 4261">
    <p class='ocr_par' dir='ltr' id='par_1_75' title="bbox 247 4188 1838 4261">
     <span class='ocr_line' id='line_1_75' title="bbox 247 4188 1838 4261; baseline -0.001 -18"><span class='ocrx_word' id='word_1_541' title='bbox 247 4189 556 4261; x_wconf 77' lang='lat' dir='ltr'><strong>egrediens,</strong></span> <span class='ocrx_word' id='word_1_542' title='bbox 588 4190 642 4245; x_wconf 92' lang='lat' dir='ltr'><strong>in</strong></span> <span class='ocrx_word' id='word_1_543' title='bbox 678 4190 896 4246; x_wconf 88' lang='lat' dir='ltr'><strong>sublimi</strong></span> <span class='ocrx_word' id='word_1_544' title='bbox 931 4190 1049 4246; x_wconf 90' lang='lat' dir='ltr'><strong>loco</strong></span> <span class='ocrx_word' id='word_1_545' title='bbox 1094 4191 1286 4261; x_wconf 90' lang='lat' dir='ltr'><strong>recipit</strong></span> <span class='ocrx_word' id='word_1_546' title='bbox 1317 4189 1674 4245; x_wconf 83' lang='lat' dir='ltr'><strong>Salvatorem.</strong></span> <span class='ocrx_word' id='word_1_547' title='bbox 1707 4188 1838 4246; x_wconf 86' lang='lat' dir='ltr'><strong>Nam</strong></span> 
     </span>
    </p>
   </div>
   <div class='ocr_carea' id='block_1_76' title="bbox 248 4284 1839 4356">
    <p class='ocr_par' dir='ltr' id='par_1_76' title="bbox 248 4284 1839 4356">
     <span class='ocr_line' id='line_1_76' title="bbox 248 4284 1839 4356; baseline -0.001 -18"><span class='ocrx_word' id='word_1_548' title='bbox 248 4285 342 4356; x_wconf 86' lang='lat' dir='ltr'><strong>qui</strong></span> <span class='ocrx_word' id='word_1_549' title='bbox 394 4286 570 4341; x_wconf 89' lang='lat' dir='ltr'><strong>adhuc</strong></span> <span class='ocrx_word' id='word_1_550' title='bbox 612 4285 945 4341; x_wconf 89' lang='lat' dir='ltr'><strong>occidentem</strong></span> <span class='ocrx_word' id='word_1_551' title='bbox 970 4285 1208 4340; x_wconf 89' lang='lat' dir='ltr'><strong>litteram</strong></span> <span class='ocrx_word' id='word_1_552' title='bbox 1252 4284 1571 4347; x_wconf 89' lang='lat' dir='ltr'><strong>servaverit,</strong></span> <span class='ocrx_word' id='word_1_553' title='bbox 1612 4284 1703 4354; x_wconf 91' lang='lat' dir='ltr'><strong>qui</strong></span> <span class='ocrx_word' id='word_1_554' title='bbox 1735 4299 1839 4346; x_wconf 77' lang='lat' dir='ltr'><strong>non</strong></span> 
     </span>
    </p>
   </div>
   <div class='ocr_carea' id='block_1_77' title="bbox 248 4360 1839 4447">
    <p class='ocr_par' dir='ltr' id='par_1_77' title="bbox 248 4360 1839 4447">
     <span class='ocr_line' id='line_1_77' title="bbox 248 4360 1839 4447; baseline -0.003 -16"><span class='ocrx_word' id='word_1_555' title='bbox 248 4360 405 4441; x_wconf 61' lang='lat' dir='ltr'><strong>aliud</strong></span> <span class='ocrx_word' id='word_1_556' title='bbox 428 4375 481 4431; x_wconf 90' lang='lat' dir='ltr'><strong>in</strong></span> <span class='ocrx_word' id='word_1_557' title='bbox 504 4391 643 4447; x_wconf 87' lang='lat' dir='ltr'><strong>agno</strong></span> <span class='ocrx_word' id='word_1_558' title='bbox 699 4393 860 4447; x_wconf 90' lang='lat' dir='ltr'><strong>quam</strong></span> <span class='ocrx_word' id='word_1_559' title='bbox 887 4392 1052 4447; x_wconf 87' lang='lat' dir='ltr'><strong>pecus</strong></span> <span class='ocrx_word' id='word_1_560' title='bbox 1082 4373 1425 4437; x_wconf 77' lang='lat' dir='ltr'><strong>intellexerit,</strong></span> <span class='ocrx_word' id='word_1_561' title='bbox 1458 4374 1559 4429; x_wconf 86' lang='lat' dir='ltr'><strong>iste</strong></span> <span class='ocrx_word' id='word_1_562' title='bbox 1586 4373 1839 4429; x_wconf 89' lang='lat' dir='ltr'><strong>nimirum</strong></span> 
     </span>
    </p>
   </div>
   <div class='ocr_carea' id='block_1_78' title="bbox 248 4464 1838 4538">
    <p class='ocr_par' dir='ltr' id='par_1_78' title="bbox 248 4464 1838 4538">
     <span class='ocr_line' id='line_1_78' title="bbox 248 4464 1838 4538; baseline -0.001 -16"><span class='ocrx_word' id='word_1_563' title='bbox 248 4468 309 4522; x_wconf 82' lang='lat' dir='ltr'><strong>in</strong></span> <span class='ocrx_word' id='word_1_564' title='bbox 330 4467 452 4523; x_wconf 88' lang='lat' dir='ltr'><strong>imis</strong></span> <span class='ocrx_word' id='word_1_565' title='bbox 486 4466 691 4523; x_wconf 83' lang='lat' dir='ltr'><strong>Pascha</strong></span> <span class='ocrx_word' id='word_1_566' title='bbox 720 4466 871 4534; x_wconf 82' lang='lat' dir='ltr'><strong>facit,</strong></span> <span class='ocrx_word' id='word_1_567' title='bbox 912 4468 1038 4538; x_wconf 91' lang='lat' dir='ltr'><strong>quia</strong></span> <span class='ocrx_word' id='word_1_568' title='bbox 1068 4467 1293 4538; x_wconf 88' lang='lat' dir='ltr'><strong>spiritus</strong></span> <span class='ocrx_word' id='word_1_569' title='bbox 1334 4464 1669 4533; x_wconf 82' lang='lat' dir='ltr'><strong>majestalem</strong></span> <span class='ocrx_word' id='word_1_570' title='bbox 1693 4482 1838 4521; x_wconf 88' lang='lat' dir='ltr'><strong>com-</strong></span> 
     </span>
    </p>
   </div>
   <div class='ocr_carea' id='block_1_79' title="bbox 249 4557 1834 4631">
    <p class='ocr_par' dir='ltr' id='par_1_79' title="bbox 249 4557 1834 4631">
     <span class='ocr_line' id='line_1_79' title="bbox 249 4557 1834 4631; baseline -0.001 -17"><span class='ocrx_word' id='word_1_571' title='bbox 249 4561 585 4631; x_wconf 82' lang='lat' dir='ltr'><strong>prehendere</strong></span> <span class='ocrx_word' id='word_1_572' title='bbox 629 4560 861 4616; x_wconf 86' lang='lat' dir='ltr'><strong>necdum</strong></span> <span class='ocrx_word' id='word_1_573' title='bbox 909 4560 1118 4615; x_wconf 90' lang='lat' dir='ltr'><strong>didicit.</strong></span> <span class='ocrx_word' id='word_1_574' title='bbox 1152 4558 1340 4629; x_wconf 80' lang='lat' dir='ltr'><strong>Atqui</strong></span> <span class='ocrx_word' id='word_1_575' title='bbox 1380 4574 1534 4628; x_wconf 78' lang='lat' dir='ltr'><strong>aqua:</strong></span> <span class='ocrx_word' id='word_1_576' title='bbox 1572 4557 1834 4629; x_wconf 83' lang='lat' dir='ltr'><strong>hajulum,</strong></span> 
     </span>
    </p>
   </div>
   <div class='ocr_carea' id='block_1_80' title="bbox 251 4647 1842 4727">
    <p class='ocr_par' dir='ltr' id='par_1_80' title="bbox 251 4647 1842 4727">
     <span class='ocr_line' id='line_1_80' title="bbox 251 4647 1842 4727; baseline -0.003 -20"><span class='ocrx_word' id='word_1_577' title='bbox 251 4655 358 4708; x_wconf 88' lang='lat' dir='ltr'><strong>hoc</strong></span> <span class='ocrx_word' id='word_1_578' title='bbox 385 4661 470 4707; x_wconf 83' lang='lat' dir='ltr'><strong>est</strong></span> <span class='ocrx_word' id='word_1_579' title='bbox 492 4652 680 4727; x_wconf 81' lang='lat' dir='ltr'><strong>gratia:</strong></span> <span class='ocrx_word' id='word_1_580' title='bbox 704 4667 1009 4727; x_wconf 72' lang='lat' dir='ltr'><strong>prteconem</strong></span> <span class='ocrx_word' id='word_1_581' title='bbox 1042 4651 1095 4709; x_wconf 86' lang='lat' dir='ltr'><strong>in</strong></span> <span class='ocrx_word' id='word_1_582' title='bbox 1128 4650 1346 4706; x_wconf 88' lang='lat' dir='ltr'><strong>domum</strong></span> <span class='ocrx_word' id='word_1_583' title='bbox 1397 4650 1649 4705; x_wconf 74' lang='lat' dir='ltr'><strong>Ecclesia:</strong></span> <span class='ocrx_word' id='word_1_584' title='bbox 1678 4647 1842 4702; x_wconf 83' lang='lat' dir='ltr'><strong>fuerit</strong></span> 
     </span>
    </p>
   </div>
   <div class='ocr_carea' id='block_1_81' title="bbox 249 4739 1841 4813">
    <p class='ocr_par' dir='ltr' id='par_1_81' title="bbox 249 4739 1841 4813">
     <span class='ocr_line' id='line_1_81' title="bbox 249 4739 1841 4813; baseline -0.002 -16"><span class='ocrx_word' id='word_1_585' title='bbox 249 4749 488 4808; x_wconf 64' lang='lat' dir='ltr'><strong>secutus,</strong></span> <span class='ocrx_word' id='word_1_586' title='bbox 514 4742 604 4797; x_wconf 85' lang='lat' dir='ltr'><strong>hic</strong></span> <span class='ocrx_word' id='word_1_587' title='bbox 636 4758 733 4813; x_wconf 87' lang='lat' dir='ltr'><strong>per</strong></span> <span class='ocrx_word' id='word_1_588' title='bbox 752 4742 1000 4812; x_wconf 89' lang='lat' dir='ltr'><strong>spiritum</strong></span> <span class='ocrx_word' id='word_1_589' title='bbox 1029 4740 1390 4797; x_wconf 72' lang='lat' dir='ltr'><strong>vivificantem:</strong></span> <span class='ocrx_word' id='word_1_590' title='bbox 1418 4748 1616 4795; x_wconf 79' lang='lat' dir='ltr'><strong>tectura</strong></span> <span class='ocrx_word' id='word_1_591' title='bbox 1649 4739 1841 4794; x_wconf 67' lang='lat' dir='ltr'><strong>littera:</strong></span> 
     </span>
    </p>
   </div>
   <div class='ocr_carea' id='block_1_82' title="bbox 251 4831 1841 4900">
    <p class='ocr_par' dir='ltr' id='par_1_82' title="bbox 251 4831 1841 4900">
     <span class='ocr_line' id='line_1_82' title="bbox 251 4831 1841 4900; baseline -0.002 -11"><span class='ocrx_word' id='word_1_592' title='bbox 251 4832 702 4900; x_wconf 74' lang='lat' dir='ltr'><strong>transcendendo,</strong></span> <span class='ocrx_word' id='word_1_593' title='bbox 759 4834 811 4888; x_wconf 91' lang='lat' dir='ltr'><strong>in</strong></span> <span class='ocrx_word' id='word_1_594' title='bbox 861 4834 972 4891; x_wconf 91' lang='lat' dir='ltr'><strong>alto</strong></span> <span class='ocrx_word' id='word_1_595' title='bbox 1024 4833 1221 4889; x_wconf 89' lang='lat' dir='ltr'><strong>mentis</strong></span> <span class='ocrx_word' id='word_1_596' title='bbox 1273 4832 1571 4889; x_wconf 87' lang='lat' dir='ltr'><strong>diversorio</strong></span> <span class='ocrx_word' id='word_1_597' title='bbox 1622 4831 1841 4887; x_wconf 88' lang='lat' dir='ltr'><strong>Christo</strong></span> 
     </span>
    </p>
   </div>
   <div class='ocr_carea' id='block_1_83' title="bbox 248 4925 1842 4997">
    <p class='ocr_par' dir='ltr' id='par_1_83' title="bbox 248 4925 1842 4997">
     <span class='ocr_line' id='line_1_83' title="bbox 248 4925 1842 4997; baseline -0.001 -18"><span class='ocrx_word' id='word_1_598' title='bbox 248 4926 585 4981; x_wconf 82' lang='lat' dir='ltr'><strong>mansionem</strong></span> <span class='ocrx_word' id='word_1_599' title='bbox 618 4935 904 4997; x_wconf 73' lang='lat' dir='ltr'><strong>prmparat,</strong></span> <span class='ocrx_word' id='word_1_600' title='bbox 946 4927 1072 4997; x_wconf 88' lang='lat' dir='ltr'><strong>quia</strong></span> <span class='ocrx_word' id='word_1_601' title='bbox 1114 4935 1332 4991; x_wconf 91' lang='lat' dir='ltr'><strong>cuneta,</strong></span> <span class='ocrx_word' id='word_1_602' title='bbox 1365 4926 1449 4979; x_wconf 73' lang='lat' dir='ltr'><strong>vel</strong></span> <span class='ocrx_word' id='word_1_603' title='bbox 1495 4925 1715 4981; x_wconf 74' lang='lat' dir='ltr'><strong>Pascha:</strong></span> <span class='ocrx_word' id='word_1_604' title='bbox 1757 4940 1842 4979; x_wconf 80' lang='lat' dir='ltr'><strong>sa-</strong></span> 
     </span>
    </p>
   </div>
   <div class='ocr_carea' id='block_1_84' title="bbox 250 5017 1843 5096">
    <p class='ocr_par' dir='ltr' id='par_1_84' title="bbox 250 5017 1843 5096">
     <span class='ocr_line' id='line_1_84' title="bbox 250 5017 1843 5096; baseline 0.001 -27"><span class='ocrx_word' id='word_1_605' title='bbox 250 5026 610 5096; x_wconf 81' lang='lat' dir='ltr'><strong>cramentum,</strong></span> <span class='ocrx_word' id='word_1_606' title='bbox 636 5018 718 5074; x_wconf 89' lang='lat' dir='ltr'><strong>vel</strong></span> <span class='ocrx_word' id='word_1_607' title='bbox 747 5027 941 5075; x_wconf 73' lang='lat' dir='ltr'><strong>cmtera</strong></span> <span class='ocrx_word' id='word_1_608' title='bbox 982 5020 1113 5090; x_wconf 80' lang='lat' dir='ltr'><strong>legis</strong></span> <span class='ocrx_word' id='word_1_609' title='bbox 1152 5019 1369 5075; x_wconf 89' lang='lat' dir='ltr'><strong>decreta</strong></span> <span class='ocrx_word' id='word_1_610' title='bbox 1408 5021 1473 5075; x_wconf 89' lang='lat' dir='ltr'><strong>de</strong></span> <span class='ocrx_word' id='word_1_611' title='bbox 1504 5019 1607 5075; x_wconf 90' lang='lat' dir='ltr'><strong>hoc</strong></span> <span class='ocrx_word' id='word_1_612' title='bbox 1644 5017 1843 5088; x_wconf 89' lang='lat' dir='ltr'><strong>scripta</strong></span> 
     </span>
    </p>
   </div>
   <div class='ocr_carea' id='block_1_85' title="bbox 250 5109 517 5181">
    <p class='ocr_par' dir='ltr' id='par_1_85' title="bbox 250 5109 517 5181">
     <span class='ocr_line' id='line_1_85' title="bbox 250 5109 517 5181; baseline 0.007 -19"><span class='ocrx_word' id='word_1_613' title='bbox 250 5109 517 5181; x_wconf 83' lang='lat' dir='ltr'><strong>intelligit.</strong></span> 
     </span>
    </p>
   </div>
   <div class='ocr_carea' id='block_1_86' title="bbox 337 5196 1845 5271">
    <p class='ocr_par' dir='ltr' id='par_1_86' title="bbox 337 5196 1845 5271">
     <span class='ocr_line' id='line_1_86' title="bbox 337 5196 1845 5271; baseline 0.001 -20"><span class='ocrx_word' id='word_1_614' title='bbox 337 5196 554 5271; x_wconf 74' lang='lat' dir='ltr'><strong>Vespere</strong></span> <span class='ocrx_word' id='word_1_615' title='bbox 581 5211 755 5256; x_wconf 89' lang='lat' dir='ltr'><strong>autem</strong></span> <span class='ocrx_word' id='word_1_616' title='bbox 783 5202 924 5271; x_wconf 82' lang='lat' dir='ltr'><strong>facto</strong></span> <span class='ocrx_word' id='word_1_617' title='bbox 953 5201 1304 5257; x_wconf 81' lang='lat' dir='ltr'><strong>discumbebat</strong></span> <span class='ocrx_word' id='word_1_618' title='bbox 1327 5219 1443 5255; x_wconf 88' lang='lat' dir='ltr'><strong>cum</strong></span> <span class='ocrx_word' id='word_1_619' title='bbox 1466 5201 1740 5256; x_wconf 85' lang='lat' dir='ltr'><strong>duodecim</strong></span> <span class='ocrx_word' id='word_1_620' title='bbox 1763 5200 1845 5253; x_wconf 89' lang='lat' dir='ltr'><strong>di-</strong></span> 
     </span>
    </p>
   </div>
   <div class='ocr_carea' id='block_1_87' title="bbox 251 5289 1838 5360">
    <p class='ocr_par' dir='ltr' id='par_1_87' title="bbox 251 5289 1838 5360">
     <span class='ocr_line' id='line_1_87' title="bbox 251 5289 1838 5360; baseline 0.001 -19"><span class='ocrx_word' id='word_1_621' title='bbox 251 5290 488 5360; x_wconf 74' lang='lat' dir='ltr'><strong>scipulis.</strong></span> <span class='ocrx_word' id='word_1_622' title='bbox 525 5289 592 5345; x_wconf 84' lang='lat' dir='ltr'><strong>Et</strong></span> <span class='ocrx_word' id='word_1_623' title='bbox 633 5292 900 5347; x_wconf 87' lang='lat' dir='ltr'><strong>edentibus</strong></span> <span class='ocrx_word' id='word_1_624' title='bbox 936 5291 1064 5358; x_wconf 92' lang='lat' dir='ltr'><strong>illis,</strong></span> <span class='ocrx_word' id='word_1_625' title='bbox 1112 5293 1283 5346; x_wconf 76' lang='lat' dir='ltr'><strong>dixit:</strong></span> <span class='ocrx_word' id='word_1_626' title='bbox 1328 5291 1490 5345; x_wconf 78' lang='lat' dir='ltr'><strong>Amen</strong></span> <span class='ocrx_word' id='word_1_627' title='bbox 1528 5292 1646 5345; x_wconf 90' lang='lat' dir='ltr'><strong>dico</strong></span> <span class='ocrx_word' id='word_1_628' title='bbox 1678 5291 1838 5353; x_wconf 76' lang='lat' dir='ltr'><strong>vobis,</strong></span> 
     </span>
    </p>
   </div>
   <div class='ocr_carea' id='block_1_88' title="bbox 252 5379 1839 5448">
    <p class='ocr_par' dir='ltr' id='par_1_88' title="bbox 252 5379 1839 5448">
     <span class='ocr_line' id='line_1_88' title="bbox 252 5379 1839 5448; baseline 0.003 -17"><span class='ocrx_word' id='word_1_629' title='bbox 252 5379 378 5448; x_wconf 84' lang='lat' dir='ltr'><strong>quia</strong></span> <span class='ocrx_word' id='word_1_630' title='bbox 406 5396 540 5434; x_wconf 86' lang='lat' dir='ltr'><strong>unus</strong></span> <span class='ocrx_word' id='word_1_631' title='bbox 584 5391 811 5435; x_wconf 84' lang='lat' dir='ltr'><strong>vestrum</strong></span> <span class='ocrx_word' id='word_1_632' title='bbox 850 5400 931 5437; x_wconf 90' lang='lat' dir='ltr'><strong>me</strong></span> <span class='ocrx_word' id='word_1_633' title='bbox 959 5383 1254 5437; x_wconf 85' lang='lat' dir='ltr'><strong>traditurus</strong></span> <span class='ocrx_word' id='word_1_634' title='bbox 1300 5392 1395 5443; x_wconf 81' lang='lat' dir='ltr'><strong>est,</strong></span> <span class='ocrx_word' id='word_1_635' title='bbox 1434 5392 1537 5437; x_wconf 83' lang='lat' dir='ltr'><strong>clc.</strong></span> <span class='ocrx_word' id='word_1_636' title='bbox 1582 5381 1757 5439; x_wconf 82' lang='lat' dir='ltr'><strong>Lucas</strong></span> <span class='ocrx_word' id='word_1_637' title='bbox 1786 5383 1839 5437; x_wconf 92' lang='lat' dir='ltr'><strong>in</strong></span> 
     </span>
    </p>
   </div>
   <div class='ocr_carea' id='block_1_89' title="bbox 253 5469 1841 5535">
    <p class='ocr_par' dir='ltr' id='par_1_89' title="bbox 253 5469 1841 5535">
     <span class='ocr_line' id='line_1_89' title="bbox 253 5469 1841 5535; baseline 0.001 -10"><span class='ocrx_word' id='word_1_638' title='bbox 253 5472 357 5525; x_wconf 83' lang='lat' dir='ltr'><strong>hoc</strong></span> <span class='ocrx_word' id='word_1_639' title='bbox 404 5469 541 5535; x_wconf 84' lang='lat' dir='ltr'><strong>loco,</strong></span> <span class='ocrx_word' id='word_1_640' title='bbox 576 5471 858 5527; x_wconf 90' lang='lat' dir='ltr'><strong>Dominum</strong></span> <span class='ocrx_word' id='word_1_641' title='bbox 901 5473 1193 5529; x_wconf 79' lang='lat' dir='ltr'><strong>introducit</strong></span> <span class='ocrx_word' id='word_1_642' title='bbox 1234 5474 1498 5529; x_wconf 86' lang='lat' dir='ltr'><strong>dicentem</strong></span> <span class='ocrx_word' id='word_1_643' title='bbox 1525 5488 1537 5526; x_wconf 91' lang='lat'><strong>:</strong></span> <span class='ocrx_word' id='word_1_644' title='bbox 1569 5471 1841 5528; x_wconf 87' lang='lat' dir='ltr'><strong>Desiderio</strong></span> 
     </span>
    </p>
   </div>
   <div class='ocr_carea' id='block_1_90' title="bbox 251 5562 1837 5636">
    <p class='ocr_par' dir='ltr' id='par_1_90' title="bbox 251 5562 1837 5636">
     <span class='ocr_line' id='line_1_90' title="bbox 251 5562 1837 5636; baseline 0.001 -21"><span class='ocrx_word' id='word_1_645' title='bbox 251 5562 547 5621; x_wconf 66' lang='lat' dir='ltr'><strong>desideravi</strong></span> <span class='ocrx_word' id='word_1_646' title='bbox 575 5565 672 5618; x_wconf 88' lang='lat' dir='ltr'><strong>hoc</strong></span> <span class='ocrx_word' id='word_1_647' title='bbox 702 5565 905 5620; x_wconf 81' lang='lat' dir='ltr'><strong>Pascha</strong></span> <span class='ocrx_word' id='word_1_648' title='bbox 928 5566 1246 5621; x_wconf 87' lang='lat' dir='ltr'><strong>manducare</strong></span> <span class='ocrx_word' id='word_1_649' title='bbox 1274 5567 1533 5621; x_wconf 77' lang='lat' dir='ltr'><strong>vobiscum</strong></span> <span class='ocrx_word' id='word_1_650' title='bbox 1560 5576 1837 5636; x_wconf 77' lang='lat' dir='ltr'><strong>antequam</strong></span> 
     </span>
    </p>
   </div>
   <div class='ocr_carea' id='block_1_91' title="bbox 253 5657 1839 5730">
    <p class='ocr_par' dir='ltr' id='par_1_91' title="bbox 253 5657 1839 5730">
     <span class='ocr_line' id='line_1_91' title="bbox 253 5657 1839 5730; baseline 0.001 -21"><span class='ocrx_word' id='word_1_651' title='bbox 253 5659 450 5725; x_wconf 66' lang='lat' dir='ltr'><strong>patiar.</strong></span> <span class='ocrx_word' id='word_1_652' title='bbox 498 5657 775 5714; x_wconf 82' lang='lat' dir='ltr'><strong>Desiderat</strong></span> <span class='ocrx_word' id='word_1_653' title='bbox 805 5660 979 5729; x_wconf 86' lang='lat' dir='ltr'><strong>primo</strong></span> <span class='ocrx_word' id='word_1_654' title='bbox 1025 5659 1260 5730; x_wconf 81' lang='lat' dir='ltr'><strong>typicum</strong></span> <span class='ocrx_word' id='word_1_655' title='bbox 1300 5661 1496 5728; x_wconf 84' lang='lat' dir='ltr'><strong>pascha</strong></span> <span class='ocrx_word' id='word_1_656' title='bbox 1528 5674 1648 5714; x_wconf 90' lang='lat' dir='ltr'><strong>cum</strong></span> <span class='ocrx_word' id='word_1_657' title='bbox 1681 5657 1839 5711; x_wconf 83' lang='lat' dir='ltr'><strong>disci-</strong></span> 
     </span>
    </p>
   </div>
   <div class='ocr_carea' id='block_1_92' title="bbox 254 5749 1840 5820">
    <p class='ocr_par' dir='ltr' id='par_1_92' title="bbox 254 5749 1840 5820">
     <span class='ocr_line' id='line_1_92' title="bbox 254 5749 1840 5820; baseline -0.001 -20"><span class='ocrx_word' id='word_1_658' title='bbox 254 5749 397 5818; x_wconf 73' lang='lat' dir='ltr'><strong>pulis</strong></span> <span class='ocrx_word' id='word_1_659' title='bbox 428 5750 776 5814; x_wconf 72' lang='lat' dir='ltr'><strong>man&#39;lucarc,</strong></span> <span class='ocrx_word' id='word_1_660' title='bbox 809 5759 859 5803; x_wconf 82' lang='lat' dir='ltr'><strong>et</strong></span> <span class='ocrx_word' id='word_1_661' title='bbox 909 5752 985 5806; x_wconf 77' lang='lat' dir='ltr'><strong>sic</strong></span> <span class='ocrx_word' id='word_1_662' title='bbox 1024 5750 1292 5819; x_wconf 81' lang='lat' dir='ltr'><strong>passionis</strong></span> <span class='ocrx_word' id='word_1_663' title='bbox 1339 5768 1448 5805; x_wconf 61' lang='lat' dir='ltr'><strong>sua:</strong></span> <span class='ocrx_word' id='word_1_664' title='bbox 1489 5749 1686 5805; x_wconf 84' lang='lat' dir='ltr'><strong>mundo</strong></span> <span class='ocrx_word' id='word_1_665' title='bbox 1727 5764 1840 5820; x_wconf 74' lang='lat' dir='ltr'><strong>my-</strong></span> 
     </span>
    </p>
   </div>
   <div class='ocr_carea' id='block_1_93' title="bbox 1864 4519 1917 4579">
    <p class='ocr_par' dir='ltr' id='par_1_93' title="bbox 1864 4519 1917 4579">
     <span class='ocr_line' id='line_1_93' title="bbox 1864 4519 1917 4579; baseline 0 0"><span class='ocrx_word' id='word_1_666' title='bbox 1864 4519 1917 4579; x_wconf 91' lang='lat' dir='ltr'><strong>D</strong></span> 
     </span>
    </p>
   </div>
   <div class='ocr_carea' id='block_1_94' title="bbox 1939 3272 3528 3349">
    <p class='ocr_par' dir='ltr' id='par_1_94' title="bbox 1939 3272 3528 3349">
     <span class='ocr_line' id='line_1_94' title="bbox 1939 3272 3528 3349; baseline 0.005 -24"><span class='ocrx_word' id='word_1_667' title='bbox 1939 3285 2065 3325; x_wconf 90' lang='lat' dir='ltr'><strong>cum</strong></span> <span class='ocrx_word' id='word_1_668' title='bbox 2114 3272 2375 3341; x_wconf 89' lang='lat' dir='ltr'><strong>apostolis</strong></span> <span class='ocrx_word' id='word_1_669' title='bbox 2428 3275 2774 3341; x_wconf 80' lang='lat' dir='ltr'><strong>comederat,</strong></span> <span class='ocrx_word' id='word_1_670' title='bbox 2828 3278 3123 3349; x_wconf 86' lang='lat' dir='ltr'><strong>assumpsit</strong></span> <span class='ocrx_word' id='word_1_671' title='bbox 3171 3293 3389 3348; x_wconf 87' lang='lat' dir='ltr'><strong>panem,</strong></span> <span class='ocrx_word' id='word_1_672' title='bbox 3439 3279 3528 3347; x_wconf 88' lang='lat' dir='ltr'><strong>qui</strong></span> 
     </span>
    </p>
   </div>
   <div class='ocr_carea' id='block_1_95' title="bbox 1940 3360 3527 3429">
    <p class='ocr_par' dir='ltr' id='par_1_95' title="bbox 1940 3360 3527 3429">
     <span class='ocr_line' id='line_1_95' title="bbox 1940 3360 3527 3429; baseline 0.004 -12"><span class='ocrx_word' id='word_1_673' title='bbox 1940 3360 2212 3417; x_wconf 84' lang='lat' dir='ltr'><strong>confortat</strong></span> <span class='ocrx_word' id='word_1_674' title='bbox 2261 3378 2360 3419; x_wconf 90' lang='lat' dir='ltr'><strong>cor</strong></span> <span class='ocrx_word' id='word_1_675' title='bbox 2388 3365 2645 3429; x_wconf 90' lang='lat' dir='ltr'><strong>hominis,</strong></span> <span class='ocrx_word' id='word_1_676' title='bbox 2679 3374 2734 3421; x_wconf 92' lang='lat' dir='ltr'><strong>et</strong></span> <span class='ocrx_word' id='word_1_677' title='bbox 2760 3366 2825 3421; x_wconf 85' lang='lat' dir='ltr'><strong>ad</strong></span> <span class='ocrx_word' id='word_1_678' title='bbox 2878 3383 3065 3422; x_wconf 85' lang='lat' dir='ltr'><strong>verum</strong></span> <span class='ocrx_word' id='word_1_679' title='bbox 3096 3367 3317 3424; x_wconf 74' lang='lat' dir='ltr'><strong>Pascha:</strong></span> <span class='ocrx_word' id='word_1_680' title='bbox 3345 3378 3527 3424; x_wconf 87' lang='lat' dir='ltr'><strong>trans-</strong></span> 
     </span>
    </p>
   </div>
   <div class='ocr_carea' id='block_1_96' title="bbox 1939 3452 3523 3532">
    <p class='ocr_par' dir='ltr' id='par_1_96' title="bbox 1939 3452 3523 3532">
     <span class='ocr_line' id='line_1_96' title="bbox 1939 3452 3523 3532; baseline 0.007 -27"><span class='ocrx_word' id='word_1_681' title='bbox 1939 3452 2180 3523; x_wconf 72' lang='lat' dir='ltr'><strong>greditur</strong></span> <span class='ocrx_word' id='word_1_682' title='bbox 2226 3463 2646 3511; x_wconf 84' lang='lat' dir='ltr'><strong>sacramentum.</strong></span> <span class='ocrx_word' id='word_1_683' title='bbox 2697 3457 2764 3513; x_wconf 90' lang='lat' dir='ltr'><strong>Ut</strong></span> <span class='ocrx_word' id='word_1_684' title='bbox 2795 3460 3066 3528; x_wconf 89' lang='lat' dir='ltr'><strong>quomodo</strong></span> <span class='ocrx_word' id='word_1_685' title='bbox 3113 3460 3166 3515; x_wconf 89' lang='lat' dir='ltr'><strong>in</strong></span> <span class='ocrx_word' id='word_1_686' title='bbox 3220 3461 3523 3532; x_wconf 61' lang='lat' dir='ltr'><strong>praeﬁgura-</strong></span> 
     </span>
    </p>
   </div>
   <div class='ocr_carea' id='block_1_97' title="bbox 1943 3542 3529 3622">
    <p class='ocr_par' dir='ltr' id='par_1_97' title="bbox 1943 3542 3529 3622">
     <span class='ocr_line' id='line_1_97' title="bbox 1943 3542 3529 3622; baseline 0.006 -27"><span class='ocrx_word' id='word_1_687' title='bbox 1943 3543 2088 3597; x_wconf 89' lang='lat' dir='ltr'><strong>tione</strong></span> <span class='ocrx_word' id='word_1_688' title='bbox 2114 3542 2230 3613; x_wconf 87' lang='lat' dir='ltr'><strong>ejus</strong></span> <span class='ocrx_word' id='word_1_689' title='bbox 2263 3544 2658 3602; x_wconf 88' lang='lat' dir='ltr'><strong>Melchisedech</strong></span> <span class='ocrx_word' id='word_1_690' title='bbox 2686 3548 2885 3603; x_wconf 90' lang='lat' dir='ltr'><strong>summi</strong></span> <span class='ocrx_word' id='word_1_691' title='bbox 2918 3548 3012 3603; x_wconf 87' lang='lat' dir='ltr'><strong>Dei</strong></span> <span class='ocrx_word' id='word_1_692' title='bbox 3038 3552 3293 3606; x_wconf 86' lang='lat' dir='ltr'><strong>sacerdos</strong></span> <span class='ocrx_word' id='word_1_693' title='bbox 3333 3566 3529 3622; x_wconf 85' lang='lat' dir='ltr'><strong>panem</strong></span> 
     </span>
    </p>
   </div>
   <div class='ocr_carea' id='block_1_98' title="bbox 1939 3632 3533 3711">
    <p class='ocr_par' dir='ltr' id='par_1_98' title="bbox 1939 3632 3533 3711">
     <span class='ocr_line' id='line_1_98' title="bbox 1939 3632 3533 3711; baseline 0.006 -26"><span class='ocrx_word' id='word_1_694' title='bbox 1939 3639 1993 3685; x_wconf 92' lang='lat' dir='ltr'><strong>et</strong></span> <span class='ocrx_word' id='word_1_695' title='bbox 2024 3632 2209 3688; x_wconf 91' lang='lat' dir='ltr'><strong>vinum</strong></span> <span class='ocrx_word' id='word_1_696' title='bbox 2250 3632 2484 3690; x_wconf 72' lang='lat' dir='ltr'><strong>offerens</strong></span> <span class='ocrx_word' id='word_1_697' title='bbox 2531 3636 2754 3703; x_wconf 85' lang='lat' dir='ltr'><strong>fecerat,</strong></span> <span class='ocrx_word' id='word_1_698' title='bbox 2798 3637 2912 3707; x_wconf 90' lang='lat' dir='ltr'><strong>ipse</strong></span> <span class='ocrx_word' id='word_1_699' title='bbox 2953 3654 3169 3711; x_wconf 86' lang='lat' dir='ltr'><strong>quoque</strong></span> <span class='ocrx_word' id='word_1_700' title='bbox 3204 3640 3256 3695; x_wconf 89' lang='lat' dir='ltr'><strong>in</strong></span> <span class='ocrx_word' id='word_1_701' title='bbox 3302 3641 3533 3697; x_wconf 82' lang='lat' dir='ltr'><strong>veritate</strong></span> 
     </span>
    </p>
   </div>
   <div class='ocr_carea' id='block_1_99' title="bbox 1941 3721 3531 3799">
    <p class='ocr_par' dir='ltr' id='par_1_99' title="bbox 1941 3721 3531 3799">
     <span class='ocr_line' id='line_1_99' title="bbox 1941 3721 3531 3799; baseline 0.006 -22"><span class='ocrx_word' id='word_1_702' title='bbox 1941 3721 2022 3777; x_wconf 90' lang='lat' dir='ltr'><strong>sui</strong></span> <span class='ocrx_word' id='word_1_703' title='bbox 2052 3723 2300 3796; x_wconf 89' lang='lat' dir='ltr'><strong>corporis</strong></span> <span class='ocrx_word' id='word_1_704' title='bbox 2328 3732 2383 3782; x_wconf 91' lang='lat' dir='ltr'><strong>et</strong></span> <span class='ocrx_word' id='word_1_705' title='bbox 2429 3726 2709 3799; x_wconf 84' lang='lat' dir='ltr'><strong>sanguinis</strong></span> <span class='ocrx_word' id='word_1_706' title='bbox 2737 3739 3171 3798; x_wconf 68' lang='lat' dir='ltr'><strong>reprtesentaret.</strong></span> <span class='ocrx_word' id='word_1_707' title='bbox 3210 3729 3280 3785; x_wconf 85' lang='lat' dir='ltr'><strong>Et</strong></span> <span class='ocrx_word' id='word_1_708' title='bbox 3301 3731 3355 3785; x_wconf 90' lang='lat' dir='ltr'><strong>in</strong></span> <span class='ocrx_word' id='word_1_709' title='bbox 3387 3730 3531 3789; x_wconf 81' lang='lat' dir='ltr'><strong>Luca</strong></span> 
     </span>
    </p>
   </div>
   <div class='ocr_carea' id='block_1_100' title="bbox 1942 3813 3531 3897">
    <p class='ocr_par' dir='ltr' id='par_1_100' title="bbox 1942 3813 3531 3897">
     <span class='ocr_line' id='line_1_100' title="bbox 1942 3813 3531 3897; baseline 0.006 -31"><span class='ocrx_word' id='word_1_710' title='bbox 1942 3813 2168 3885; x_wconf 84' lang='lat' dir='ltr'><strong>legimus</strong></span> <span class='ocrx_word' id='word_1_711' title='bbox 2198 3813 2335 3869; x_wconf 87' lang='lat' dir='ltr'><strong>duos</strong></span> <span class='ocrx_word' id='word_1_712' title='bbox 2380 3817 2602 3883; x_wconf 88' lang='lat' dir='ltr'><strong>calices,</strong></span> <span class='ocrx_word' id='word_1_713' title='bbox 2651 3819 2847 3889; x_wconf 87' lang='lat' dir='ltr'><strong>quibus</strong></span> <span class='ocrx_word' id='word_1_714' title='bbox 2877 3820 3157 3893; x_wconf 84' lang='lat' dir='ltr'><strong>discipulis</strong></span> <span class='ocrx_word' id='word_1_715' title='bbox 3203 3823 3531 3897; x_wconf 70' lang='lat' dir='ltr'><strong>propinar‘st.</strong></span> 
     </span>
    </p>
   </div>
   <div class='ocr_carea' id='block_1_101' title="bbox 1944 3906 3532 3986">
    <p class='ocr_par' dir='ltr' id='par_1_101' title="bbox 1944 3906 3532 3986">
     <span class='ocr_line' id='line_1_101' title="bbox 1944 3906 3532 3986; baseline 0.006 -24"><span class='ocrx_word' id='word_1_716' title='bbox 1944 3906 2120 3962; x_wconf 85' lang='lat' dir='ltr'><strong>Unum</strong></span> <span class='ocrx_word' id='word_1_717' title='bbox 2146 3908 2303 3977; x_wconf 89' lang='lat' dir='ltr'><strong>primi</strong></span> <span class='ocrx_word' id='word_1_718' title='bbox 2336 3911 2621 3967; x_wconf 79' lang='lat' dir='ltr'><strong>mensiset</strong></span> <span class='ocrx_word' id='word_1_719' title='bbox 2656 3911 2889 3971; x_wconf 88' lang='lat' dir='ltr'><strong>alterum</strong></span> <span class='ocrx_word' id='word_1_720' title='bbox 2920 3913 3166 3981; x_wconf 88' lang='lat' dir='ltr'><strong>secundi,</strong></span> <span class='ocrx_word' id='word_1_721' title='bbox 3187 3917 3363 3986; x_wconf 89' lang='lat' dir='ltr'><strong>utqui</strong></span> <span class='ocrx_word' id='word_1_722' title='bbox 3395 3918 3532 3974; x_wconf 82' lang='lat' dir='ltr'><strong>inter</strong></span> 
     </span>
    </p>
   </div>
   <div class='ocr_carea' id='block_1_102' title="bbox 1942 4000 3536 4079">
    <p class='ocr_par' dir='ltr' id='par_1_102' title="bbox 1942 4000 3536 4079">
     <span class='ocr_line' id='line_1_102' title="bbox 1942 4000 3536 4079; baseline 0.009 -27"><span class='ocrx_word' id='word_1_723' title='bbox 1942 4009 2161 4054; x_wconf 85' lang='lat' dir='ltr'><strong>sanctos</strong></span> <span class='ocrx_word' id='word_1_724' title='bbox 2188 4000 2363 4069; x_wconf 87' lang='lat' dir='ltr'><strong>primo</strong></span> <span class='ocrx_word' id='word_1_725' title='bbox 2396 4018 2581 4061; x_wconf 87' lang='lat' dir='ltr'><strong>mense</strong></span> <span class='ocrx_word' id='word_1_726' title='bbox 2616 4018 2815 4074; x_wconf 81' lang='lat' dir='ltr'><strong>agnum</strong></span> <span class='ocrx_word' id='word_1_727' title='bbox 2832 4007 3123 4067; x_wconf 86' lang='lat' dir='ltr'><strong>comedere</strong></span> <span class='ocrx_word' id='word_1_728' title='bbox 3145 4024 3250 4063; x_wconf 90' lang='lat' dir='ltr'><strong>non</strong></span> <span class='ocrx_word' id='word_1_729' title='bbox 3272 4010 3536 4079; x_wconf 85' lang='lat' dir='ltr'><strong>potuerit,</strong></span> 
     </span>
    </p>
   </div>
   <div class='ocr_carea' id='block_1_103' title="bbox 1947 4091 3532 4166">
    <p class='ocr_par' dir='ltr' id='par_1_103' title="bbox 1947 4091 3532 4166">
     <span class='ocr_line' id='line_1_103' title="bbox 1947 4091 3532 4166; baseline 0.008 -23"><span class='ocrx_word' id='word_1_730' title='bbox 1947 4091 2189 4146; x_wconf 77' lang='lat' dir='ltr'><strong>secundo</strong></span> <span class='ocrx_word' id='word_1_731' title='bbox 2232 4108 2421 4148; x_wconf 83' lang='lat' dir='ltr'><strong>mense</strong></span> <span class='ocrx_word' id='word_1_732' title='bbox 2468 4093 2611 4149; x_wconf 85' lang='lat' dir='ltr'><strong>inter</strong></span> <span class='ocrx_word' id='word_1_733' title='bbox 2638 4097 2981 4166; x_wconf 20' lang='lat' dir='ltr'><strong>pcenitentes.</strong></span> <span class='ocrx_word' id='word_1_734' title='bbox 3010 4099 3221 4157; x_wconf 64' lang='lat' dir='ltr'><strong>hostium</strong></span> <span class='ocrx_word' id='word_1_735' title='bbox 3261 4103 3532 4158; x_wconf 82' lang='lat' dir='ltr'><strong>comedat.</strong></span> 
     </span>
    </p>
   </div>
   <div class='ocr_carea' id='block_1_104' title="bbox 1942 4180 3535 4265">
    <p class='ocr_par' dir='ltr' id='par_1_104' title="bbox 1942 4180 3535 4265">
     <span class='ocr_line' id='line_1_104' title="bbox 1942 4180 3535 4265; baseline 0.009 -30"><span class='ocrx_word' id='word_1_736' title='bbox 1942 4180 2165 4254; x_wconf 78' lang='lat' dir='ltr'><strong>Frangit</strong></span> <span class='ocrx_word' id='word_1_737' title='bbox 2191 4192 2372 4255; x_wconf 83' lang='lat' dir='ltr'><strong>autem</strong></span> <span class='ocrx_word' id='word_1_738' title='bbox 2402 4184 2517 4256; x_wconf 89' lang='lat' dir='ltr'><strong>ipse</strong></span> <span class='ocrx_word' id='word_1_739' title='bbox 2546 4202 2765 4256; x_wconf 88' lang='lat' dir='ltr'><strong>panem,</strong></span> <span class='ocrx_word' id='word_1_740' title='bbox 2795 4204 2956 4259; x_wconf 90' lang='lat' dir='ltr'><strong>quem</strong></span> <span class='ocrx_word' id='word_1_741' title='bbox 2988 4190 3264 4264; x_wconf 72' lang='lat' dir='ltr'><strong>discipulis</strong></span> <span class='ocrx_word' id='word_1_742' title='bbox 3284 4195 3535 4265; x_wconf 85' lang='lat' dir='ltr'><strong>porrigit,</strong></span> 
     </span>
    </p>
   </div>
   <div class='ocr_carea' id='block_1_105' title="bbox 1944 4277 3533 4356">
    <p class='ocr_par' dir='ltr' id='par_1_105' title="bbox 1944 4277 3533 4356">
     <span class='ocr_line' id='line_1_105' title="bbox 1944 4277 3533 4356; baseline 0.01 -28"><span class='ocrx_word' id='word_1_743' title='bbox 1944 4284 2002 4330; x_wconf 90' lang='lat' dir='ltr'><strong>ut</strong></span> <span class='ocrx_word' id='word_1_744' title='bbox 2026 4277 2279 4331; x_wconf 88' lang='lat' dir='ltr'><strong>ostendat</strong></span> <span class='ocrx_word' id='word_1_745' title='bbox 2301 4279 2545 4347; x_wconf 88' lang='lat' dir='ltr'><strong>corporis</strong></span> <span class='ocrx_word' id='word_1_746' title='bbox 2576 4281 2662 4336; x_wconf 91' lang='lat' dir='ltr'><strong>sui</strong></span> <span class='ocrx_word' id='word_1_747' title='bbox 2706 4280 3029 4338; x_wconf 84' lang='lat' dir='ltr'><strong>fractionem</strong></span> <span class='ocrx_word' id='word_1_748' title='bbox 3061 4299 3168 4339; x_wconf 86' lang='lat' dir='ltr'><strong>non</strong></span> <span class='ocrx_word' id='word_1_749' title='bbox 3205 4284 3407 4356; x_wconf 87' lang='lat' dir='ltr'><strong>absque</strong></span> <span class='ocrx_word' id='word_1_750' title='bbox 3436 4304 3533 4344; x_wconf 87' lang='lat' dir='ltr'><strong>sua</strong></span> 
     </span>
    </p>
   </div>
   <div class='ocr_carea' id='block_1_106' title="bbox 1944 4369 3534 4440">
    <p class='ocr_par' dir='ltr' id='par_1_106' title="bbox 1944 4369 3534 4440">
     <span class='ocr_line' id='line_1_106' title="bbox 1944 4369 3534 4440; baseline 0.011 -23"><span class='ocrx_word' id='word_1_751' title='bbox 1944 4373 2133 4434; x_wconf 79' lang='lat' dir='ltr'><strong>sponte</strong></span> <span class='ocrx_word' id='word_1_752' title='bbox 2179 4381 2243 4421; x_wconf 91' lang='lat' dir='ltr'><strong>ac</strong></span> <span class='ocrx_word' id='word_1_753' title='bbox 2284 4369 2669 4438; x_wconf 89' lang='lat' dir='ltr'><strong>procuratione</strong></span> <span class='ocrx_word' id='word_1_754' title='bbox 2714 4381 3023 4439; x_wconf 89' lang='lat' dir='ltr'><strong>venturam,</strong></span> <span class='ocrx_word' id='word_1_755' title='bbox 3070 4373 3186 4440; x_wconf 87' lang='lat' dir='ltr'><strong>sed,</strong></span> <span class='ocrx_word' id='word_1_756' title='bbox 3235 4376 3379 4432; x_wconf 88' lang='lat' dir='ltr'><strong>sicut</strong></span> <span class='ocrx_word' id='word_1_757' title='bbox 3406 4378 3534 4435; x_wconf 90' lang='lat' dir='ltr'><strong>alibi</strong></span> 
     </span>
    </p>
   </div>
   <div class='ocr_carea' id='block_1_107' title="bbox 1942 4456 3531 4535">
    <p class='ocr_par' dir='ltr' id='par_1_107' title="bbox 1942 4456 3531 4535">
     <span class='ocr_line' id='line_1_107' title="bbox 1942 4456 3531 4535; baseline 0.008 -26"><span class='ocrx_word' id='word_1_758' title='bbox 1942 4456 2099 4520; x_wconf 81' lang='lat' dir='ltr'><strong>dicit,</strong></span> <span class='ocrx_word' id='word_1_759' title='bbox 2122 4466 2445 4528; x_wconf 69' lang='lat' dir='ltr'><strong>potesratem</strong></span> <span class='ocrx_word' id='word_1_760' title='bbox 2493 4477 2553 4517; x_wconf 92' lang='lat' dir='ltr'><strong>se</strong></span> <span class='ocrx_word' id='word_1_761' title='bbox 2596 4461 2796 4519; x_wconf 80' lang='lat' dir='ltr'><strong>habere</strong></span> <span class='ocrx_word' id='word_1_762' title='bbox 2821 4463 3055 4535; x_wconf 85' lang='lat' dir='ltr'><strong>ponendi</strong></span> <span class='ocrx_word' id='word_1_763' title='bbox 3086 4465 3320 4520; x_wconf 87' lang='lat' dir='ltr'><strong>animam</strong></span> <span class='ocrx_word' id='word_1_764' title='bbox 3356 4483 3531 4531; x_wconf 86' lang='lat' dir='ltr'><strong>suam.</strong></span> 
     </span>
    </p>
   </div>
   <div class='ocr_carea' id='block_1_108' title="bbox 1941 4546 3625 4626">
    <p class='ocr_par' dir='ltr' id='par_1_108' title="bbox 1941 4546 3625 4626">
     <span class='ocr_line' id='line_1_108' title="bbox 1941 4546 3625 4626; baseline 0.008 -25"><span class='ocrx_word' id='word_1_765' title='bbox 1941 4556 1998 4601; x_wconf 91' lang='lat' dir='ltr'><strong>et</strong></span> <span class='ocrx_word' id='word_1_766' title='bbox 2027 4558 2348 4623; x_wconf 77' lang='lat' dir='ltr'><strong>potestatem</strong></span> <span class='ocrx_word' id='word_1_767' title='bbox 2377 4567 2435 4606; x_wconf 90' lang='lat' dir='ltr'><strong>se</strong></span> <span class='ocrx_word' id='word_1_768' title='bbox 2459 4552 2660 4609; x_wconf 89' lang='lat' dir='ltr'><strong>habere</strong></span> <span class='ocrx_word' id='word_1_769' title='bbox 2690 4554 2883 4615; x_wconf 87' lang='lat' dir='ltr'><strong>iterum</strong></span> <span class='ocrx_word' id='word_1_770' title='bbox 2922 4555 3168 4611; x_wconf 89' lang='lat' dir='ltr'><strong>sumendi</strong></span> <span class='ocrx_word' id='word_1_771' title='bbox 3194 4571 3335 4612; x_wconf 89' lang='lat' dir='ltr'><strong>eam.</strong></span> <span class='ocrx_word' id='word_1_772' title='bbox 3363 4557 3534 4626; x_wconf 84' lang='lat' dir='ltr'><strong>Quem</strong></span> <span class='ocrx_word' id='word_1_773' title='bbox 3604 4546 3625 4554; x_wconf 64' lang='grc'><strong><em>’</em></strong></span> 
     </span>
    </p>
   </div>
   <div class='ocr_carea' id='block_1_109' title="bbox 1944 4640 3535 4720">
    <p class='ocr_par' dir='ltr' id='par_1_109' title="bbox 1944 4640 3535 4720">
     <span class='ocr_line' id='line_1_109' title="bbox 1944 4640 3535 4720; baseline 0.009 -27"><span class='ocrx_word' id='word_1_774' title='bbox 1944 4640 2195 4697; x_wconf 86' lang='lat' dir='ltr'><strong>videlicet</strong></span> <span class='ocrx_word' id='word_1_775' title='bbox 2281 4660 2476 4715; x_wconf 88' lang='lat' dir='ltr'><strong>panem</strong></span> <span class='ocrx_word' id='word_1_776' title='bbox 2522 4647 2658 4704; x_wconf 89' lang='lat' dir='ltr'><strong>certi</strong></span> <span class='ocrx_word' id='word_1_777' title='bbox 2707 4663 2922 4719; x_wconf 89' lang='lat' dir='ltr'><strong>quoque</strong></span> <span class='ocrx_word' id='word_1_778' title='bbox 2975 4649 3151 4720; x_wconf 75' lang='lat' dir='ltr'><strong>gratia</strong></span> <span class='ocrx_word' id='word_1_779' title='bbox 3203 4655 3535 4708; x_wconf 88' lang='lat' dir='ltr'><strong>sacramenti</strong></span> 
     </span>
    </p>
   </div>
   <div class='ocr_carea' id='block_1_110' title="bbox 1943 4733 3538 4813">
    <p class='ocr_par' dir='ltr' id='par_1_110' title="bbox 1943 4733 3538 4813">
     <span class='ocr_line' id='line_1_110' title="bbox 1943 4733 3538 4813; baseline 0.01 -27"><span class='ocrx_word' id='word_1_780' title='bbox 1943 4733 2258 4805; x_wconf 84' lang='lat' dir='ltr'><strong>priusquam</strong></span> <span class='ocrx_word' id='word_1_781' title='bbox 2305 4736 2599 4808; x_wconf 83' lang='lat' dir='ltr'><strong>frangeret,</strong></span> <span class='ocrx_word' id='word_1_782' title='bbox 2643 4738 3120 4813; x_wconf 59' lang='lat' dir='ltr'><strong>benedixitrquia</strong></span> <span class='ocrx_word' id='word_1_783' title='bbox 3156 4752 3406 4800; x_wconf 89' lang='lat' dir='ltr'><strong>naturam</strong></span> <span class='ocrx_word' id='word_1_784' title='bbox 3437 4746 3538 4801; x_wconf 87' lang='lat' dir='ltr'><strong>bu-</strong></span> 
     </span>
    </p>
   </div>
   <div class='ocr_carea' id='block_1_111' title="bbox 1948 4832 3537 4903">
    <p class='ocr_par' dir='ltr' id='par_1_111' title="bbox 1948 4832 3537 4903">
     <span class='ocr_line' id='line_1_111' title="bbox 1948 4832 3537 4903; baseline 0.008 -26"><span class='ocrx_word' id='word_1_785' title='bbox 1948 4840 2187 4890; x_wconf 89' lang='lat' dir='ltr'><strong>manam,</strong></span> <span class='ocrx_word' id='word_1_786' title='bbox 2234 4842 2396 4896; x_wconf 89' lang='lat' dir='ltr'><strong>quam</strong></span> <span class='ocrx_word' id='word_1_787' title='bbox 2429 4843 2690 4898; x_wconf 89' lang='lat' dir='ltr'><strong>passurus</strong></span> <span class='ocrx_word' id='word_1_788' title='bbox 2734 4833 3049 4902; x_wconf 81' lang='lat' dir='ltr'><strong>assumpsit,</strong></span> <span class='ocrx_word' id='word_1_789' title='bbox 3098 4832 3216 4903; x_wconf 89' lang='lat' dir='ltr'><strong>ipse</strong></span> <span class='ocrx_word' id='word_1_790' title='bbox 3256 4849 3364 4889; x_wconf 88' lang='lat' dir='ltr'><strong>una</strong></span> <span class='ocrx_word' id='word_1_791' title='bbox 3412 4850 3537 4890; x_wconf 88' lang='lat' dir='ltr'><strong>cum</strong></span> 
     </span>
    </p>
   </div>
   <div class='ocr_carea' id='block_1_112' title="bbox 1946 4913 3539 4994">
    <p class='ocr_par' dir='ltr' id='par_1_112' title="bbox 1946 4913 3539 4994">
     <span class='ocr_line' id='line_1_112' title="bbox 1946 4913 3539 4994; baseline 0.01 -26"><span class='ocrx_word' id='word_1_792' title='bbox 1946 4913 2110 4972; x_wconf 86' lang='lat' dir='ltr'><strong>Patre</strong></span> <span class='ocrx_word' id='word_1_793' title='bbox 2154 4926 2207 4972; x_wconf 91' lang='lat' dir='ltr'><strong>et</strong></span> <span class='ocrx_word' id='word_1_794' title='bbox 2240 4918 2448 4990; x_wconf 82' lang='lat' dir='ltr'><strong>Spiritu</strong></span> <span class='ocrx_word' id='word_1_795' title='bbox 2494 4931 2683 4980; x_wconf 89' lang='lat' dir='ltr'><strong>sancto</strong></span> <span class='ocrx_word' id='word_1_796' title='bbox 2720 4924 2893 4994; x_wconf 84' lang='lat' dir='ltr'><strong>gratia</strong></span> <span class='ocrx_word' id='word_1_797' title='bbox 2941 4925 3136 4980; x_wconf 80' lang='lat' dir='ltr'><strong>divina:</strong></span> <span class='ocrx_word' id='word_1_798' title='bbox 3179 4926 3398 4983; x_wconf 83' lang='lat' dir='ltr'><strong>virtutis</strong></span> <span class='ocrx_word' id='word_1_799' title='bbox 3434 4928 3539 4983; x_wconf 87' lang='lat' dir='ltr'><strong>im-</strong></span> 
     </span>
    </p>
   </div>
   <div class='ocr_carea' id='block_1_113' title="bbox 1953 5008 3538 5091">
    <p class='ocr_par' dir='ltr' id='par_1_113' title="bbox 1953 5008 3538 5091">
     <span class='ocr_line' id='line_1_113' title="bbox 1953 5008 3538 5091; baseline 0.009 -30"><span class='ocrx_word' id='word_1_800' title='bbox 1953 5008 2119 5078; x_wconf 87' lang='lat' dir='ltr'><strong>plevit</strong></span> <span class='ocrx_word' id='word_1_801' title='bbox 2142 5051 2154 5063; x_wconf 97' lang='lat'><strong>.</strong></span> <span class='ocrx_word' id='word_1_802' title='bbox 2195 5008 2470 5071; x_wconf 71' lang='lat' dir='ltr'><strong>Benediait</strong></span> <span class='ocrx_word' id='word_1_803' title='bbox 2497 5030 2684 5085; x_wconf 88' lang='lat' dir='ltr'><strong>panem</strong></span> <span class='ocrx_word' id='word_1_804' title='bbox 2715 5026 2763 5069; x_wconf 87' lang='lat' dir='ltr'><strong>et</strong></span> <span class='ocrx_word' id='word_1_805' title='bbox 2790 5015 2966 5091; x_wconf 78' lang='lat' dir='ltr'><strong>fregit,</strong></span> <span class='ocrx_word' id='word_1_806' title='bbox 3007 5016 3131 5086; x_wconf 88' lang='lat' dir='ltr'><strong>quia</strong></span> <span class='ocrx_word' id='word_1_807' title='bbox 3158 5017 3434 5074; x_wconf 86' lang='lat' dir='ltr'><strong>hominem</strong></span> <span class='ocrx_word' id='word_1_808' title='bbox 3456 5034 3538 5075; x_wconf 81' lang='lat' dir='ltr'><strong>as-</strong></span> 
     </span>
    </p>
   </div>
   <div class='ocr_carea' id='block_1_114' title="bbox 1953 5102 3538 5176">
    <p class='ocr_par' dir='ltr' id='par_1_114' title="bbox 1953 5102 3538 5176">
     <span class='ocr_line' id='line_1_114' title="bbox 1953 5102 3538 5176; baseline 0.008 -23"><span class='ocrx_word' id='word_1_809' title='bbox 1953 5109 2247 5170; x_wconf 82' lang='lat' dir='ltr'><strong>sumptum,</strong></span> <span class='ocrx_word' id='word_1_810' title='bbox 2278 5102 2349 5158; x_wconf 72' lang='grc' dir='ltr'>ξω</span> <span class='ocrx_word' id='word_1_811' title='bbox 2380 5103 2540 5159; x_wconf 85' lang='lat' dir='ltr'><strong>morti</strong></span> <span class='ocrx_word' id='word_1_812' title='bbox 2569 5103 2799 5159; x_wconf 86' lang='lat' dir='ltr'><strong>subdere</strong></span> <span class='ocrx_word' id='word_1_813' title='bbox 2821 5106 3070 5176; x_wconf 86' lang='lat' dir='ltr'><strong>dignatus</strong></span> <span class='ocrx_word' id='word_1_814' title='bbox 3106 5114 3210 5174; x_wconf 84' lang='lat' dir='ltr'><strong>est,</strong></span> <span class='ocrx_word' id='word_1_815' title='bbox 3239 5118 3299 5164; x_wconf 89' lang='lat' dir='ltr'><strong>ut</strong></span> <span class='ocrx_word' id='word_1_816' title='bbox 3327 5108 3378 5163; x_wconf 90' lang='lat' dir='ltr'><strong>ei</strong></span> <span class='ocrx_word' id='word_1_817' title='bbox 3402 5108 3538 5164; x_wconf 87' lang='lat' dir='ltr'><strong>divi-</strong></span> 
     </span>
    </p>
   </div>
   <div class='ocr_carea' id='block_1_115' title="bbox 1952 5192 3536 5269">
    <p class='ocr_par' dir='ltr' id='par_1_115' title="bbox 1952 5192 3536 5269">
     <span class='ocr_line' id='line_1_115' title="bbox 1952 5192 3536 5269; baseline 0.008 -24"><span class='ocrx_word' id='word_1_818' title='bbox 1952 5209 2035 5255; x_wconf 81' lang='lat' dir='ltr'><strong>na:</strong></span> <span class='ocrx_word' id='word_1_819' title='bbox 2070 5192 2497 5250; x_wconf 89' lang='lat' dir='ltr'><strong>immortalitatis</strong></span> <span class='ocrx_word' id='word_1_820' title='bbox 2544 5197 2813 5252; x_wconf 87' lang='lat' dir='ltr'><strong>veraciter</strong></span> <span class='ocrx_word' id='word_1_821' title='bbox 2863 5198 3039 5254; x_wconf 85' lang='lat' dir='ltr'><strong>inesse</strong></span> <span class='ocrx_word' id='word_1_822' title='bbox 3096 5200 3390 5269; x_wconf 85' lang='lat' dir='ltr'><strong>potentiam</strong></span> <span class='ocrx_word' id='word_1_823' title='bbox 3441 5199 3536 5257; x_wconf 83' lang='lat' dir='ltr'><strong>de-</strong></span> 
     </span>
    </p>
   </div>
   <div class='ocr_carea' id='block_1_116' title="bbox 1951 5283 3542 5355">
    <p class='ocr_par' dir='ltr' id='par_1_116' title="bbox 1951 5283 3542 5355">
     <span class='ocr_line' id='line_1_116' title="bbox 1951 5283 3542 5355; baseline 0.006 -19"><span class='ocrx_word' id='word_1_824' title='bbox 1951 5291 2298 5337; x_wconf 88' lang='lat' dir='ltr'><strong>monstraret.</strong></span> <span class='ocrx_word' id='word_1_825' title='bbox 2335 5283 2565 5355; x_wconf 83' lang='lat' dir='ltr'><strong>ideoque</strong></span> <span class='ocrx_word' id='word_1_826' title='bbox 2601 5286 2838 5343; x_wconf 87' lang='lat' dir='ltr'><strong>velocius</strong></span> <span class='ocrx_word' id='word_1_827' title='bbox 2861 5302 2984 5344; x_wconf 88' lang='lat' dir='ltr'><strong>eum</strong></span> <span class='ocrx_word' id='word_1_828' title='bbox 3025 5303 3053 5341; x_wconf 89' lang='lat' dir='ltr'><strong>a</strong></span> <span class='ocrx_word' id='word_1_829' title='bbox 3094 5297 3267 5346; x_wconf 89' lang='lat' dir='ltr'><strong>morte</strong></span> <span class='ocrx_word' id='word_1_830' title='bbox 3311 5291 3542 5346; x_wconf 89' lang='lat' dir='ltr'><strong>resusci-</strong></span> 
     </span>
    </p>
   </div>
   <div class='ocr_carea' id='block_1_117' title="bbox 1949 5362 3311 5431">
    <p class='ocr_par' dir='ltr' id='par_1_117' title="bbox 1949 5362 3311 5431">
     <span class='ocr_line' id='line_1_117' title="bbox 1949 5362 3311 5431; baseline 0.005 -4"><span class='ocrx_word' id='word_1_831' title='bbox 1949 5375 2169 5428; x_wconf 49' lang='lat' dir='ltr'><strong>lanium</strong></span> <span class='ocrx_word' id='word_1_832' title='bbox 2196 5390 2314 5429; x_wconf 89' lang='lat' dir='ltr'><strong>esse</strong></span> <span class='ocrx_word' id='word_1_833' title='bbox 2342 5375 2577 5431; x_wconf 87' lang='lat' dir='ltr'><strong>doceret.</strong></span> <span class='ocrx_word' id='word_1_834' title='bbox 3302 5362 3311 5370; x_wconf 58' lang='grc'><em>’</em></span> 
     </span>
    </p>
   </div>
   <div class='ocr_carea' id='block_1_118' title="bbox 2020 5465 3536 5541">
    <p class='ocr_par' dir='ltr' id='par_1_118' title="bbox 2020 5465 3536 5541">
     <span class='ocr_line' id='line_1_118' title="bbox 2020 5465 3536 5541; baseline 0.003 -20"><span class='ocrx_word' id='word_1_835' title='bbox 2020 5467 2088 5521; x_wconf 80' lang='lat' dir='ltr'><strong>Et</strong></span> <span class='ocrx_word' id='word_1_836' title='bbox 2132 5466 2389 5536; x_wconf 88' lang='lat' dir='ltr'><strong>accipiens</strong></span> <span class='ocrx_word' id='word_1_837' title='bbox 2419 5465 2631 5521; x_wconf 85' lang='lat' dir='ltr'><strong>calicem</strong></span> <span class='ocrx_word' id='word_1_838' title='bbox 2673 5471 2871 5540; x_wconf 81' lang='lat' dir='ltr'><strong>gratias</strong></span> <span class='ocrx_word' id='word_1_839' title='bbox 2899 5470 3019 5541; x_wconf 83' lang='lat' dir='ltr'><strong>egit,</strong></span> <span class='ocrx_word' id='word_1_840' title='bbox 3053 5479 3099 5523; x_wconf 88' lang='lat' dir='ltr'><strong>et</strong></span> <span class='ocrx_word' id='word_1_841' title='bbox 3126 5470 3267 5525; x_wconf 85' lang='lat' dir='ltr'><strong>dedit</strong></span> <span class='ocrx_word' id='word_1_842' title='bbox 3313 5469 3419 5523; x_wconf 86' lang='lat' dir='ltr'><strong>illis</strong></span> <span class='ocrx_word' id='word_1_843' title='bbox 3452 5470 3536 5525; x_wconf 58' lang='grc' dir='ltr'><strong>αἱ-</strong></span> 
     </span>
    </p>
   </div>
   <div class='ocr_carea' id='block_1_119' title="bbox 1948 5555 3533 5631">
    <p class='ocr_par' dir='ltr' id='par_1_119' title="bbox 1948 5555 3533 5631">
     <span class='ocr_line' id='line_1_119' title="bbox 1948 5555 3533 5631; baseline 0.004 -20"><span class='ocrx_word' id='word_1_844' title='bbox 1948 5575 2066 5611; x_wconf 73' lang='lat' dir='ltr'><strong>cens</strong></span> <span class='ocrx_word' id='word_1_845' title='bbox 2097 5576 2107 5609; x_wconf 89' lang='lat'><strong>:</strong></span> <span class='ocrx_word' id='word_1_846' title='bbox 2146 5555 2316 5610; x_wconf 87' lang='lat' dir='ltr'><strong>Bibite</strong></span> <span class='ocrx_word' id='word_1_847' title='bbox 2344 5576 2407 5612; x_wconf 73' lang='lat' dir='ltr'><strong>ex</strong></span> <span class='ocrx_word' id='word_1_848' title='bbox 2439 5559 2534 5612; x_wconf 89' lang='lat' dir='ltr'><strong>hoc</strong></span> <span class='ocrx_word' id='word_1_849' title='bbox 2558 5577 2754 5621; x_wconf 75' lang='lat' dir='ltr'><strong>omnes,</strong></span> <span class='ocrx_word' id='word_1_850' title='bbox 2784 5561 2867 5614; x_wconf 90' lang='lat' dir='ltr'><strong>hic</strong></span> <span class='ocrx_word' id='word_1_851' title='bbox 2898 5570 2970 5614; x_wconf 85' lang='lat' dir='ltr'><strong>cst</strong></span> <span class='ocrx_word' id='word_1_852' title='bbox 2993 5561 3129 5615; x_wconf 83' lang='lat' dir='ltr'><strong>enim</strong></span> <span class='ocrx_word' id='word_1_853' title='bbox 3152 5560 3365 5631; x_wconf 84' lang='lat' dir='ltr'><strong>sanguis</strong></span> <span class='ocrx_word' id='word_1_854' title='bbox 3390 5576 3533 5617; x_wconf 79' lang='lat' dir='ltr'><strong>meus</strong></span> 
     </span>
    </p>
   </div>
   <div class='ocr_carea' id='block_1_120' title="bbox 1950 5647 3528 5721">
    <p class='ocr_par' dir='ltr' id='par_1_120' title="bbox 1950 5647 3528 5721">
     <span class='ocr_line' id='line_1_120' title="bbox 1950 5647 3528 5721; baseline 0.007 -21"><span class='ocrx_word' id='word_1_855' title='bbox 1950 5647 2084 5702; x_wconf 72' lang='lat' dir='ltr'><strong>Neri</strong></span> <span class='ocrx_word' id='word_1_856' title='bbox 2120 5647 2450 5711; x_wconf 82' lang='lat' dir='ltr'><strong>Testamenti.</strong></span> <span class='ocrx_word' id='word_1_857' title='bbox 2482 5659 2586 5705; x_wconf 86' lang='lat' dir='ltr'><strong>ctc.</strong></span> <span class='ocrx_word' id='word_1_858' title='bbox 2621 5652 2755 5718; x_wconf 84' lang='lat' dir='ltr'><strong>Quia</strong></span> <span class='ocrx_word' id='word_1_859' title='bbox 2802 5653 2955 5721; x_wconf 83' lang='lat' dir='ltr'><strong>panis</strong></span> <span class='ocrx_word' id='word_1_860' title='bbox 2980 5668 3174 5720; x_wconf 84' lang='lat' dir='ltr'><strong>corpus</strong></span> <span class='ocrx_word' id='word_1_861' title='bbox 3223 5652 3528 5718; x_wconf 83' lang='lat' dir='ltr'><strong>confirmat,</strong></span> 
     </span>
    </p>
   </div>
   <div class='ocr_carea' id='block_1_121' title="bbox 1947 5737 3528 5815">
    <p class='ocr_par' dir='ltr' id='par_1_121' title="bbox 1947 5737 3528 5815">
     <span class='ocr_line' id='line_1_121' title="bbox 1947 5737 3528 5815; baseline 0.006 -20"><span class='ocrx_word' id='word_1_862' title='bbox 1947 5737 2129 5798; x_wconf 70' lang='lat' dir='ltr'><strong>vinum</strong></span> <span class='ocrx_word' id='word_1_863' title='bbox 2172 5759 2299 5795; x_wconf 73' lang='lat' dir='ltr'><strong>vero</strong></span> <span class='ocrx_word' id='word_1_864' title='bbox 2345 5746 2658 5815; x_wconf 67' lang='lat' dir='ltr'><strong>sanguinem</strong></span> <span class='ocrx_word' id='word_1_865' title='bbox 2706 5754 2959 5813; x_wconf 71' lang='lat' dir='ltr'><strong>operatur</strong></span> <span class='ocrx_word' id='word_1_866' title='bbox 3002 5744 3051 5798; x_wconf 91' lang='lat' dir='ltr'><strong>in</strong></span> <span class='ocrx_word' id='word_1_867' title='bbox 3097 5762 3280 5811; x_wconf 74' lang='lat' dir='ltr'><strong>cartic,</strong></span> <span class='ocrx_word' id='word_1_868' title='bbox 3330 5747 3416 5802; x_wconf 84' lang='lat' dir='ltr'><strong>hic</strong></span> <span class='ocrx_word' id='word_1_869' title='bbox 3462 5750 3528 5805; x_wconf 76' lang='lat' dir='ltr'><strong>ad</strong></span> 
     </span>
    </p>
   </div>
  </div>
