3978 6426
494 352 596 409 179

1812 347 2096 404 SMABAG
2107 348 2172 403 Dl
2208 349 2502 406 ABBA'l'iS

3667 351 3775 405 180

485 481 684 536 corpus
703 463 902 518 Christi
930 437 1184 532 mystice,
1215 461 1346 516 illud
1378 459 1613 516 refertur
1632 459 1702 514 ad
1719 459 2056 531 sanguinem.
2090 469 2136 526 Α
2168 469 2293 524 tem,
2321 461 2414 517 sed
2436 473 2657 532 agentes
2675 462 3046 536 patuitentiam
3065 462 3385 526 liberentur,
3405 470 3462 518 et
3485 461 3774 533 signantes-

485 557 688 612 Verum
709 553 836 626 quia
866 561 920 608 et
951 568 1048 607 nos
1077 553 1133 608 in
1160 552 1400 619 Christo,
1425 560 1482 606 et
1518 551 1574 606 in
1605 551 1758 607 vobis
1792 549 2069 607 Christum

485 663 706 704 manere
731 654 970 718 oportet,
999 645 1186 700 viuum
1212 643 1479 702 Dominici
1506 643 1690 698 calieis
1715 657 1855 713 aqua
1885 642 2073 698 misee-

483 751 592 794 tur.
681 739 990 795 Attestante
1039 738 1184 792 enim
1237 735 1467 802 Joanne,
1519 751 1674 806 aqum
1718 734 1901 807 populi
1945 740 2072 790 sunt

485 830 668 900 (Apoc.
699 827 854 899 xvii),
884 837 941 882 et
965 843 1138 897 neque
1167 841 1362 896 aquam
1402 825 1571 882 solam
1599 840 1776 896 neque
1803 824 1976 880 solum
2002 823 2076 877 vi-

482 937 630 984 num,
663 920 806 976 sicut
851 935 953 974 nec
993 935 1217 990 granum
1245 917 1501 974 frumenti
1547 919 1720 974 solum
1768 918 1886 974 sine
1914 933 2068 987 aqua:

483 1015 808 1070 admistione
851 1021 908 1067 et
935 1011 1274 1068 confectione
1303 1013 1356 1066 in
1383 1027 1523 1082 pane
1551 1011 1802 1081 cuiquam
1831 1009 1958 1065 licet
1993 1008 2072 1063 ol-

482 1104 648 1169 ferre,
689 1119 758 1159 ne
785 1103 906 1159 talis
947 1103 999 1158 vi
1013 1103 1199 1158 .‘elieet
1228 1103 1448 1168 oblatio,
1478 1104 1636 1174 quasi”
1661 1109 1823 1172 caput
1846 1117 1876 1155 a
1906 1115 2073 1156 mem-

481 1195 596 1251 bris
640 1195 1034 1251 sccernendum
1071 1209 1192 1248 esse
1237 1191 1522 1264 signiﬁcet,
1571 1202 1626 1248 et
1661 1192 1748 1246 vel
1792 1190 2068 1247 Christum

477 1288 600 1342 sine
635 1293 836 1341 nostra:
872 1286 1261 1356 redemptionis
1304 1301 1490 1340 amore
1533 1285 1646 1356 pati
1689 1285 1952 1356 potuisse,
1982 1283 2070 1339 vel

480 1394 578 1432 nos
597 1377 715 1433 sine
743 1377 886 1432 illius
910 1377 1160 1447 passione
1178 1375 1398 1441 salvari,
1425 1392 1488 1430 ac
1509 1375 1660 1429 Patri
1679 1373 1860 1430 olferri
1886 1389 2066 1445 posse,

477 1469 772 1540 conﬁngat.
804 1467 960 1536 Quod
989 1478 1169 1523 autem
1215 1468 1386 1522 dicit:
1439 1466 1541 1520 Hic
1564 1476 1640 1522 est
1667 1467 1886 1538 sanguis
1921 1483 2068 1521 meus

480 1561 621 1616 Novi
667 1560 1007 1625 Testumenti,
1040 1560 1108 1614 ad
1154 1559 1555 1614 distinctionem
1588 1559 1809 1630 respicit
1858 1557 2069 1613 Veteris

477 1651 838 1715 Testamenti,
881 1651 1026 1722 quod
1067 1651 1341 1706 hircorum
1383 1659 1441 1705 et
1484 1649 1776 1706 vitulorum
1819 1659 1907 1705 est
1944 1665 2069 1704 san-

476 1743 640 1814 guine
675 1742 983 1797 dedicatum
1011 1741 1208 1814 (Haud.
1235 1741 1406 1813 xxiv).

2177 554 2385 609 addidit
2411 555 2464 610 in
2492 557 2594 610 ista
2617 563 2795 622 nocte,
2822 555 2949 626 quia
2978 555 3250 624 quomodo
3285 555 3377 623 qui
3409 553 3772 621 inebriantur,

2179 655 2338 701 nocte
2367 645 2725 713 iuebriantur,
2759 645 2841 702 sic
2885 656 2941 700 et
2983 645 3074 715 qui
3119 644 3434 700 scandalum
3464 645 3771 717 patiuntur,

2175 738 2229 792 in
2273 749 2434 794 noe.‘e
2461 747 2517 794 et
2561 739 2615 794 in
2649 738 2889 794 tenebris
2933 738 3221 792 sustinent.
3262 735 3440 795 Lucas
3482 737 3580 804 ait,
3625 739 3771 808 quod

2177 829 2386 884 Simoni
2425 830 2690 885 Dominus
2730 830 2902 890 dixit:
2958 828 3093 882 Ecce
3123 827 3352 884 Satanas
3378 829 3620 900 eapetirit
3656 847 3770 896 eos,

2175 930 2230 972 ut
2258 919 2513 974 cribraret
2554 920 2689 974 sicut
2735 919 2990 983 triticum,
3037 935 3128 990 ego
3159 929 3333 973 autem
3366 921 3548 990 rogavi
3566 937 3665 991 pro
3696 930 3767 984 te,

2174 1020 2230 1062 ut
2259 1025 2362 1064 non
2392 1009 2602 1078 deﬁciat
2630 1009 2762 1078 ﬁdes
2790 1019 2883 1063 tua
2915 1008 3066 1080 (Luc.
3097 1008 3252 1081 nu).

2243 1097 2377 1153 Cum
2407 1115 2538 1154 vero
2566 1097 2799 1154 Satanas
2841 1098 3044 1170 expetit
3076 1114 3170 1154 eos
3209 1105 3444 1165 tentare,
3475 1108 3533 1156 et
3575 1099 3767 1165 veluti,

2172 1193 2264 1262 qui
2295 1192 2532 1248 triticum
2561 1201 2773 1264 purgat,
2800 1192 3113 1248 ventilanda
3131 1201 3447 1258 concutere,
3470 1192 3631 1248 docet
3655 1192 3768 1249 nul—

2172 1284 2276 1338 lius
2303 1283 2462 1338 ﬁdem
2507 1302 2536 1338 a
2567 1283 2800 1349 diabolo,
2850 1284 2951 1340 nisi
3001 1283 3112 1338 Deo
3162 1285 3531 1356 permittente,
3565 1285 3767 1340 tentari

2170 1389 2349 1447 posse.
2380 1375 2598 1430 Satana:
2627 1377 2825 1446 quippe
2851 1375 2922 1431 ad
2944 1376 3290 1432 cribrandum
3311 1375 3484 1432 bonos
3505 1385 3768 1446 expetere

2170 1477 2275 1534 est,
2307 1468 2374 1522 ad
2405 1466 2745 1524 amictionem
2785 1481 2974 1522 eorum
3013 1467 3458 1523 malitiaeaestibus
3486 1468 3768 1526 anhelare.

2171 1561 2289 1629 Quo
2314 1560 2458 1616 enim
2507 1576 2697 1617 eorum
2731 1562 3085 1616 tentatiOuem
3135 1559 3382 1615 invidens
3425 1561 3656 1630 appetit.
3699 1576 3768 1615 eo

2170 1651 2584 1721 illorum,quasi
2629 1651 3002 1722 probationem
3045 1651 3344 1720 deprecans
3388 1650 3570 1722 petit:
3613 1649 3681 1704 Et
3708 1660 3766 1704 tu

2170 1747 2457 1818 aliquando
2516 1761 2838 1809 conversus,
2885 1743 3138 1814 conﬁrma
3186 1745 3378 1815 fratres
3421 1754 3559 1798 tuos.
3611 1742 3770 1798 Sicut

544 1834 678 1890 Dico
705 1843 884 1890 aulam
911 1834 1054 1890 vobis
1073 1847 1093 1886 -'
1137 1834 1187 1890 Ν
1193 1852 1264 1889 οη
1295 1835 1466 1888 bibam
1492 1834 1683 1898 (unedo
1710 1834 1774 1888 de
1798 1835 1895 1888 hoc
1923 1834 2067 1904 geni—
2095 1831 2142 1890 B
2171 1840 2287 1912 ipse
2311 1847 2478 1900 tuam,
2521 1837 2714 1908 inquit,
2749 1837 2930 1900 ﬁdem,
2958 1853 3028 1893 ne
3065 1837 3268 1892 Satana
3295 1845 3540 1893 tentante
3569 1837 3767 1893 deﬁce-

480 1927 622 1982 mine
645 1927 764 1981 vitis
789 1942 952 1998 usque
981 1927 1038 1980 in
1077 1925 1216 1980 diem
1257 1924 1430 1991 illum,
1456 1941 1575 1978 cum
1602 1923 1736 1977 illud
1772 1923 1945 1978 bibam
1979 1939 2067 1977 vo-

475 2022 673 2076 biscum
701 2035 896 2074 novum
942 2019 998 2072 in
1044 2034 1204 2090 regno
1250 2016 1433 2072 Patris
1465 2017 1588 2071 mei.
1637 2016 1820 2071 Potest
1847 2016 2065 2086 quidem

477 2112 566 2166 hic
599 2111 918 2174 versiculus,
965 2120 1021 2166 et
1061 2108 1380 2180 simpliciter
1418 2109 1614 2178 accipi,
1664 2106 1808 2178 quod
1858 2107 1926 2161 ab
1966 2106 2068 2160 hac

476 2201 606 2257 hora
637 2217 806 2258 cmnaa
843 2216 1015 2272 usque
1059 2201 1131 2256 ad
1157 2209 1368 2272 tempus
1413 2199 1848 2260 resurrectionis,
1876 2215 1984 2270 quo
2013 2199 2066 2252 in

477 2310 643 2366 regno
676 2293 774 2348 Dei
799 2301 920 2349 erat
946 2300 1224 2356 venturus,
1254 2293 1439 2346 vinum
1470 2291 1740 2346 hibiturus
1761 2305 1868 2344 non
1895 2297 2063 2354 esset,

476 2394 662 2456 postea
707 2399 944 2456 namque
1002 2383 1152 2438 illum
1198 2381 1378 2437 cibum
1426 2390 1721 2456 potumque
1775 2381 2068 2452 sumpsisse

477 2484 710 2530 testatur
731 2473 1010 2544 apostolus
1055 2472 1250 2529 Petrus
1292 2473 1381 2543 qui
1413 2473 1526 2527 ait:
1577 2471 1682 2538 Qui
1730 2471 2067 2526 manducavi-

478 2581 594 2618 mus
639 2573 688 2618 et
735 2563 958 2618 bibimus
993 2580 1112 2618 cum
1159 2561 1274 2629 illo,
1319 2572 1658 2634 posteaquam
1709 2561 1996 2616 resurrexit
2033 2579 2068 2615 a

476 2657 720 2713 mortuis.
761 2655 869 2712 Sed
913 2655 1082 2712 multo
1123 2655 1564 2725 eonsequentius,
1611 2663 1670 2710 ut
1715 2655 1857 2711 sicut
1903 2667 2064 2723 supra

477 2747 716 2820 typicum
745 2747 873 2820 agni
913 2762 1084 2811 esum,
1127 2747 1208 2802 sic
1247 2746 1413 2802 etiam
1442 2755 1628 2818 potum
1675 2745 1896 2801 Pascha:
1927 2744 2066 2816 typi-

477 2856 601 2896 cum
636 2847 799 2912 neget
841 2854 901 2896 se
946 2838 1088 2894 ultra
1129 2847 1490 2910 gustaturum,
1529 2837 1699 2894 donec
1746 2845 1963 2893 ostensa
2011 2844 2068 2892 et

482 2930 824 2986 manifestata
853 2928 1266 2987 resurrectionis
1291 2944 1400 2984 sua:
1420 2928 1614 3000 gloria,
1641 2928 1790 2998 regni
1821 2927 1913 2984 Dei
1937 2927 2071 2984 ﬁdes

481 3023 684 3080 nutatio
712 3023 982 3079 adveniat.

548 3115 618 3170 Et
647 3115 840 3187 hymno
879 3115 1020 3169 dicto
1063 3114 1302 3170 exierunt
1329 3115 1384 3168 in
1433 3121 1658 3168 montem
1691 3110 1904 3168 Olivcti.
1954 3110 2069 3168 Hoc

2173 1940 2273 1995 ret,
2297 1931 2501 1985 orando
2525 1928 2754 2000 protexi,
2778 1929 2851 1983 ita
2878 1938 2937 1984 et.
2955 1936 3012 1983 tu
3041 1927 3368 1983 inﬁrmiores
3387 1943 3632 1997 quosque
3654 1926 3768 1980 lia-

2169 2033 2284 2080 tres
2335 2023 2582 2094 exemplo
2631 2031 2740 2078 tuae
2787 2021 3140 2092 poenitentiae,
3192 2037 3261 2076 ne
3309 2019 3377 2076 de
3413 2021 3571 2076 venia
3622 2018 3766 2073 forte

2169 2116 2474 2186 desperent,
2491 2115 2700 2186 erigere
2723 2121 2780 2169 et
2807 2112 3114 2169 conlortare
3145 2117 3434 2168 memento.

2241 2207 2506 2278 Scriptum
2534 2215 2607 2260 est
2647 2204 2823 2254 enim:
2860 2199 3157 2250 l’ercuttam
3200 2203 3459 2261 pastorem
3489 2198 3535 2242 et
3559 2195 3768 2256 disper-

2182 2306 2372 2370 gentur
2402 2311 2520 2350 oves
2542 2295 2717 2366 gregis
2750 2291 2933 2361 (Zach.
2965 2293 3103 2356 sui),
3130 2290 3230 2359 (Ex
3273 2289 3473 2344 lliernn
3501 2287 3518 2357 )
3558 2287 3766 2342 l’crcu-

2189 2391 2326 2446 titur
2357 2398 2542 2468 autem
2602 2397 2788 2458 pastor
2851 2386 3048 2448 bonus,
3109 2393 3166 2437 ut
3194 2391 3356 2452 ponat
3389 2381 3632 2434 animam
3661 2395 3768 2450 pro

2185 2483 2386 2538 ovibus
2434 2481 2572 2542 suis,
2607 2490 2664 2533 et
2717 2489 2774 2531 ut
2819 2475 3005 2530 amitis
3047 2473 3305 2545 gregibus
3355 2486 3606 2527 errorum
3671 2469 3766 2529 ﬁat

2185 2591 2328 2631 unus
2361 2590 2510 2645 grex,
2549 2581 2608 2626 et
2634 2586 2776 2626 unus
2820 2577 3002 2639 pastor
3024 2565 3208 2635 (Joaa.
3245 2565 3325 2636 ι).

2238 2667 2404 2720 Amen
2428 2665 2546 2719 dico
2574 2663 2690 2727 tibi,
2725 2663 2851 2735 quia
2877 2663 2932 2715 in
2959 2650 3058 2714 hac
3089 2670 3235 2714 nocte
3275 2669 3553 2729 antequam
3587 2657 3761 2727 gallus

2169 2767 2364 2822 cantet,
2393 2764 2472 2810 ter
2511 2772 2592 2810 me
2628 2753 2860 2828 negabis.
2910 2749 3010 2824 (Ex
3039 2751 3284 2821 Hieron.)
3333 2751 3400 2804 Et
3448 2748 3644 2803 Petrus
3687 2749 3755 2801 de

2171 2848 2366 2907 ardore
2395 2847 2518 2903 ﬁdei
2541 2847 2912 2918 promittebat,
2937 2852 2993 2899 et
3031 2841 3282 2898 Salvator
3319 2841 3474 2913 quasi
3505 2841 3646 2896 Deus
3675 2841 3757 2895 l'u-

2172 2949 2294 3002 tura
2321 2945 2565 2994 noverat.
2608 2937 2675 2993 Et
2711 2943 2840 2991 nota
2905 2935 3048 3006 quod
3093 2935 3285 2989 Petrus
3317 2934 3368 2988 in
3407 2940 3568 2988 nocte
3602 2942 3764 3002 neget

2173 3032 2353 3088 tertio.
2387 3030 2681 3100 Postquam
2708 3039 2887 3084 autem
2931 3027 3105 3100 gallus
3133 3027 3350 3090 cecinit,
3373 3035 3429 3082 et
3451 3027 3766 3082 decrescen-

2175 3123 2322 3177 tibus
2363 3121 2603 3176 tenebris
2647 3119 2824 3174 vicina
2873 3118 2962 3171 lux
3013 3117 3258 3174 nuntiata
3303 3123 3386 3170 est
3417 3157 3430 3178 ,
3466 3131 3764 3170 conversus

477 3215 582 3272 est.
635 3205 779 3276 quod
824 3205 880 3260 in
931 3205 1146 3261 Psalmo
1189 3205 1452 3277 legimus:
1509 3203 1683 3259 Edent
1729 3221 1984 3276 pauperes
2017 3213 2067 3258 ει
2095 3205 2140 3266 C
2170 3210 2321 3266 ﬁevit
2374 3223 2600 3273 amare,
2664 3216 2832 3264 terna:
2886 3205 3190 3277 negationis
3259 3205 3449 3260 sordes
3509 3206 3767 3278 lacrymis

481 3298 884 3362 satumbunrur,
919 3306 968 3351 et
1009 3295 1301 3350 laudabunt
1341 3295 1644 3360 Dominum,
1673 3297 1766 3374 qui
1799 3297 2067 3367 requirunt

479 3405 598 3442 eum
645 3384 824 3459 (Paul.
861 3384 998 3457 xxi).
1056 3385 1245 3442 Potest
1280 3393 1461 3452 autem
1503 3386 1738 3458 hymnus
1779 3387 1942 3441 etiam
1981 3384 2071 3440 ille

480 3477 727 3566 iqtclligi,
769 3492 930 3548 quem
976 3475 1234 3531 Dominus
1280 3475 1574 3536 secundum
1617 3476 1880 3532 Joannem
1926 3474 2068 3530 Patri

480 3565 686 3644 gratias
711 3585 876 3642 agens
894 3569 1238 3636 decantabat,
1268 3569 1322 3624 in
1345 3585 1452 3639 quo
1476 3577 1530 3624 et
1551 3585 1650 3642 pro
1669 3572 1872 3641 seipse,
1897 3579 1954 3624 et
1971 3583 2070 3638 pro

449 3664 452 3668 ’
481 3661 778 3732 discipulis,
809 3669 864 3716 et
892 3676 994 3732 pro
1016 3661 1118 3726 eis,
1147 3661 1243 3730 qui
1273 3676 1373 3732 per
1412 3662 1640 3716 verbum
1676 3675 1864 3716 eorum
1895 3658 2073 3714 credi-

485 3754 592 3808 turi
637 3761 813 3818 erant,
856 3752 1079 3808 elevatis
1126 3768 1338 3808 sursun
1378 3753 1574 3820 oculis,
1608 3753 1956 3824 precabatur.
2004 3749 2070 3802 Et

481 3845 711 3918 pulchre
735 3843 1028 3914 discipulos
1071 3854 1412 3900 sacramento
1439 3844 1522 3899 sui
1561 3842 1806 3913 corporis
1836 3856 1902 3894 ac
1946 3855 2072 3894 san-

484 3937 666 4008 guinis
701 3937 962 3997 imbutos.
999 3943 1054 3992 et
1103 3936 1304 4008 hymno
1347 3935 1451 4005 pia:
1497 3931 1901 3988 intercessionis
1931 3931 2070 4000 patri

484 4027 910 4092 commendatos,
938 4026 990 4080 in
1022 4035 1257 4082 montem
1281 4025 1465 4081 educit
1485 4022 1786 4086 Olivarum,
1819 4029 1877 4074 ut
1897 4020 2071 4095 typice

485 4121 750 4192 designet,
783 4135 882 4175 nos
918 4131 1031 4190 per‘
1058 4121 1428 4191 acceptionem
1460 4121 1925 4170 sacramentorum
1953 4131 2073 4170 suo-

487 4227 627 4274 rum,
657 4225 756 4280 per
799 4226 920 4280 qum
961 4225 1116 4280 opem
1147 4226 1259 4266 sua:
1304 4203 1739 4268 intercessionis,
1783 4205 1849 4258 ad
1879 4205 2069 4259 altiora

486 4305 745 4358 virtutum
771 4303 908 4358 dona
937 4312 992 4359 et
1027 4292 1355 4359 charismata
1400 4296 1572 4352 sancti
1599 4295 1852 4368 Spiritus,
1876 4298 2073 4374 quibus

491 4397 544 4449 in
570 4394 733 4450 corde
775 4409 1159 4466 perungamur,
1192 4389 1558 4457 conscendere
1599 4389 1816 4443 debere.
1850 4388 2002 4455 Quod
2026 4389 2070 4443 si

487 4503 647 4558 quem
692 4497 890 4554 movet,
930 4502 1030 4544 cur
1067 4485 1296 4542 cat-natis
1336 4481 1586 4536 Salvator
1616 4479 1872 4556 apostolis
1915 4496 2072 4534 suum

2170 3303 2378 3357 lavans.

2244 3393 2388 3448 Tum:
2419 3392 2553 3446 venit
2591 3391 2750 3445 Jcsus
2776 3405 2895 3444 cum
2942 3386 3050 3442 illis
3085 3385 3369 3452 inrillam,
3413 3404 3531 3459 (μηδ’
3569 3387 3769 3441 dicitur

2171 3484 2528 3548 Gethsemaui,
2557 3492 2661 3538 etc.
2693 3481 3020 3536 Monstratur
3038 3495 3209 3550 usque
3234 3479 3394 3536 hodie
3422 3480 3573 3534 locus
3597 3478 3768 3534 Gcth-

2171 3575 2398 3640 semani,
2433 3575 2486 3629 in
2521 3589 2628 3645 quo
2673 3572 2936 3628 Dominus
2971 3572 3168 3637 oravit,
3213 3571 3280 3636 ad
3319 3570 3527 3625 radices
3554 3571 3766 3624 montis

2170 3667 2387 3724 Olivcti.
2427 3665 2578 3721 Nunc
2624 3666 2856 3735 desuper
2909 3663 3137 3719 ecclesia
3167 3663 3462 3728 aediﬁcata;
3500 3662 3772 3732 interpre-

2173 3767 2318 3816 tatur
2356 3767 2538 3814 autem
2579 3756 2928 3812 Getbsemaui
2971 3755 3124 3812 vallis
3151 3755 3448 3824 pinguium,
3497 3754 3610 3808 sive
3639 3753 3766 3822 pin-

2171 3849 2484 3921 guedinum.
2532 3846 2684 3915 Quod
2727 3861 2856 3900 vero
2902 3861 3008 3899 non
3059 3844 3230 3899 solum
3265 3845 3425 3909 ricta,
3470 3843 3577 3899 vel-
3598 3859 3766 3913 opera

2172 3940 2341 3996 nostri
2389 3937 2708 4000 Salvatoris,
2747 3952 2934 3990 verum
2965 3936 3129 3990 etiam
3172 3935 3289 3990 loca
3320 3945 3376 3989 et
3407 3944 3670 4004 tempora,
3709 3933 3773 3992 in

2171 4031 2369 4102 quibus
2398 4038 2656 4100 operatur
2683 4037 2739 4082 et
2787 4026 3042 4094 loquitur,
3081 4025 3344 4096 mysticis,
3393 4034 3452 4078 ut
3495 4039 3640 4094 smpe
3686 4025 3770 4084 di-

2172 4105 2315 4182 ctum
2347 4127 2452 4183 est,
2486 4127 2610 4173 sunt
2631 4117 2786 4188 plena
2820 4115 3033 4186 ﬁguris.
3065 4131 3190 4181 euut
3219 4115 3268 4168 in
3302 4123 3481 4168 monte
3505 4123 3634 4186 orat
3662 4116 3761 4169 Do-

2173 4213 2372 4278 minus,
2413 4212 2568 4286 quasi
2615 4211 2776 4269 tacite
2816 4225 2916 4265 nos
2958 4210 3212 4263 admonet
3257 4208 3505 4264 sublimia
3559 4218 3770 4275 tantum

2172 4305 2378 4362 orando
2423 4304 2642 4374 inquiri,
2689 4311 2746 4357 et
2787 4317 2887 4375 pro
2932 4300 3240 4356 coelestibus
3273 4301 3429 4362 bonis
3475 4302 3770 4372 supplicari

2175 4396 2392 4454 debere.
2436 4394 2508 4448 At
2545 4409 2668 4449 cura
2699 4393 2752 4448 in
2791 4392 2929 4446 valle
2956 4400 3097 4455 orat,
3136 4393 3191 4458 et
3224 4391 3328 4447 hoc
3369 4392 3422 4446 in
3463 4392 3602 4446 valle
3645 4393 3769 4468 pin—

2177 4489 2361 4566 guium
2404 4489 2520 4544 sive
2563 4486 2926 4558 piuguedinis,
2965 4486 3134 4556 ipsius
3162 4500 3314 4555 teque
3347 4484 3588 4540 insinuat
3611 4485 3771 4540 nobis

489 4596 689 4652 corpus
729 4595 793 4635 ac
834 4580 1152 4650 sanguinem
1181 4572 1486 4637 tradiderit,
1530 4587 1696 4642 quare
1726 4588 1824 4625 nos
1857 4571 2070 4633 univer-

2184 4556 2538 4635 humilitatem
2564 4556 2778 4649 semper
2814 4577 3174 4642 orationibus,
3203 4585 3260 4630 et
3292 4576 3518 4632 interrae
3546 4576 3771 4649 pingue-

489 4671 616 4728 salis
644 4671 897 4728 Ecclesia:
923 4668 1308 4726 consuetudine
1350 4661 1519 4732 jejuni
1563 4663 1854 4716 doceamur
1882 4661 2068 4715 eadem

491 4770 828 4818 sacramenta
873 4760 1150 4836 percipere
1193 4799 1207 4818 .
1248 4756 1486 4812 breviter
1529 4753 1733 4814 au.liat,
1781 4751 1900 4806 ideo
1947 4761 2073 4807 tunc

491 4865 731 4912 cmnatos
760 4851 1188 4908 communicasse
1217 4843 1507 4916 apostolos,
1541 4844 1669 4914 quia
1704 4857 1924 4898 necesse
1954 4849 2074 4905 erat

496 4945 702 5002 Pascha
742 4943 870 4999 illud
915 4939 1150 5012 typicum
1194 4946 1355 4992 antea
1401 4919 1786 5000 consummari,
1817 4943 1872 4988 et
1901 4933 1980 4989 sic
2003 4933 2072 4989 ad

494 5041 606 5094 veri
647 5037 868 5094 Pascha:
909 5033 1247 5088 sacramenta
1293 5027 1548 5084 transire.
1595 5026 1746 5082 Nune
1784 5044 1836 5082 ιιι
1873 5028 2074 5081 honore

495 5131 630 5186 tanti
681 5138 896 5197 tamque
935 5121 1192 5178 terribilis
1235 5119 1556 5175 sacramenti
1605 5119 1868 5190 placuisse
1911 5119 2078 5189 magi-

495 5221 626 5275 stris
653 5215 930 5278 Ecclesiae,
951 5212 1126 5291 primo
1163 5227 1262 5268 nos
1307 5210 1603 5266 Dominica:
1639 5211 1906 5284 passionis
1953 5227 2078 5281 par-

497 5310 810 5380 ticipatione
827 5305 1042 5368 muniri,
1063 5305 1240 5375 primo
1259 5303 1628 5376 spiritualibus
1661 5303 1831 5373 epulis
1851 5303 2080 5358 interius

497 5403 846 5470 exteriusque
873 5399 1096 5464 sacrari,
1123 5413 1186 5455 ac
1217 5396 1410 5454 deinde
1439 5396 1669 5453 terrenis
1694 5397 1940 5467 dapibus,
1963 5410 2078 5450 cor-

498 5510 600 5564 pus
633 5499 687 5544 et
709 5489 906 5544 vilibus
931 5489 1072 5544 escis
1097 5489 1265 5545 reﬁci.

574 5579 718 5634 Tunc
745 5579 874 5636 dicit
898 5582 972 5636 eis
998 5581 1192 5636 Jesus:
1225 5578 1416 5636 Omnes
1441 5596 1530 5634 vos
1559 5577 1868 5635 scandalum
1916 5578 2080 5648 patie-

501 5667 632 5722 mini
661 5669 715 5723 in
743 5683 826 5723 me
851 5667 906 5724 in
928 5669 1028 5725 ista
1057 5680 1223 5724 nocte.
1256 5670 1357 5742 (Es
1379 5667 1624 5741 Hieron.)
1655 5667 1910 5722 Pratdicit
1937 5667 2081 5738 quod

504 5760 715 5831 passuri
736 5761 866 5828 sint,
891 5770 948 5819 ut
969 5779 1090 5820 cum
1111 5764 1251 5836 passi
1277 5762 1492 5828 fuerint,
1516 5777 1622 5818 non
1643 5761 1926 5830 desperent
1947 5760 2082 5814 sal-t-

2179 4671 2357 4738 dinem
2388 4669 2694 4724 dilectionis
2724 4684 2846 4724 esse
2872 4669 3217 4733 servandam.

2253 4760 2396 4828 Tunc
2431 4771 2504 4814 ait
2537 4761 2643 4813 illis
2674 4759 2829 4813 Jesus
2853 4773 2871 4809 :
2923 4757 3108 4812 Tristis
3150 4768 3224 4812 est
3253 4758 3433 4811 anima
3465 4775 3582 4812 mea
3610 4776 3772 4830 usque

2179 4855 2249 4910 ad
2277 4864 2515 4918 mortem,
2545 4861 2651 4918 etc.
2683 4850 2798 4906 Non
2831 4859 3052 4924 propter
3079 4859 3310 4906 mortem
3339 4849 3516 4906 tristis
3552 4860 3639 4905 est
3665 4849 3770 4904 Do-

2182 4963 2213 5000 ιι
2237 4945 2382 5009 inus,
2430 4944 2557 5024 quia
2605 4960 2727 4996 eum
2763 4942 2999 4997 conditio
3045 4941 3341 5010 corporalis
3367 4939 3614 5006 allectus,
3667 4957 3772 4996 non

2181 5038 2414 5094 formido
2457 5037 2646 5091 mortis
2679 5034 2923 5090 oﬁ'endit.
2966 5033 3100 5087 Nam
3147 5033 3238 5104 qui
3268 5048 3467 5104 corpus
3513 5036 3770 5104 suscepit,

2181 5129 2363 5208 omnia
2393 5125 2578 5181 debuit
2603 5125 2784 5181 subire
2839 5139 2959 5194 qua:
3004 5121 3249 5192 corporis
3277 5129 3422 5188 sunt,
3453 5130 3514 5176 ut
3540 5124 3774 5178 esuritet

2183 5230 2238 5272 et
2265 5219 2464 5284 sitiret,
2495 5223 2827 5287 tangeretur,
2854 5213 3290 5278 contristaretur,
3313 5211 3574 5279 divinitas
3593 5224 3774 5270 autem

2185 5307 2505 5366 commutari
2535 5323 2632 5378 per
2650 5306 2752 5360 hos
2776 5306 2948 5360 nescit
2977 5303 3222 5372 allectus.

2255 5399 2324 5454 Et
2338 5415 2641 5470 progressus
2655 5395 2902 5468 pusillum
2917 5395 3139 5466 procidit
3153 5396 3206 5448 in
3219 5394 3410 5464 [aciem
3427 5411 3580 5458 suam
3596 5412 3776 5451 orans.

2185 5490 2359 5544 Lucas
2387 5496 2568 5543 autem
2601 5487 2768 5542 dicit:
2809 5485 3036 5540 Avulsus
3061 5494 3136 5538 est
3158 5483 3223 5537 ab
3253 5483 3350 5548 eis,
3393 5494 3652 5554 quantum
3684 5487 3779 5556 ju-

2185 5589 2299 5640 ctus
2321 5587 2394 5632 est
2418 5575 2630 5646 lapidis,
2660 5584 2916 5644 tanquam
2945 5575 3050 5628 hoc
3071 5588 3167 5628 eos
3198 5572 3375 5643 typiee
3405 5572 3777 5634 admonuerit,

2189 5679 2246 5724 ut
2275 5670 2327 5724 in
2351 5684 2472 5723 omn
2513 5667 2805 5736 dirigerent
2830 5655 3082 5735 lapidem,
3109 5664 3158 5718 id
3184 5671 3288 5729 est,
3317 5666 3574 5732 usquead
3604 5667 3778 5736 ipsum

2187 5760 2545 5830 perducerent
2589 5757 2937 5812 intentionem
2977 5756 3108 5828 legis
3145 5771 3266 5825 quia:
3311 5743 3515 5825 scripta
3552 5768 3674 5814 erat
3724 5759 3775 5824 in
