3978 6424
1802 160 1829 170 νυ

296 291 394 343 Iit

1109 284 1632 345 COLLECTIONES
1671 285 1736 339 IN
1779 280 2162 339 umsroms
2201 283 2288 338 ET
2330 266 2744 339 EVANGELIA.

3457 283 3561 336 l8“!

292 404 486 475 lapide,
532 415 704 472 usque
747 401 813 455 ad
852 399 1000 455 illum
1038 399 1189 455 enim
1226 407 1409 469 potest
1451 398 1735 469 pervenire
1780 394 1869 449 ille
1897 397 1948 456 Α
2045 393 2275 464 Surgite,
2312 411 2516 459 eamus,
2543 412 2659 449 ecce
2700 396 3082 466 appro;:inqu.-:t
3113 396 3203 465 qui
3234 412 3313 448 me
3341 397 3510 450 tradet
3534 438 3552 460 ,

290 496 447 564 lapis,
474 493 731 564 quoniam
774 492 897 561 linis
937 489 1067 561 legis
1106 498 1183 544 est
1220 485 1459 544 Christus
1503 487 1573 542 ad
1608 486 1871 558 justitiam

289 585 432 639 omni
460 581 689 638 credenti
713 579 893 652 (Rom.
916 579 998 652 ι).

362 675 429 730 Et
457 674 635 730 dicens
657 689 676 728 :
718 671 797 727 lli
836 669 1021 737 Pater,
1063 671 1111 725 si
1151 669 1398 742 possibile
1438 680 1532 734 est,
1574 676 1805 724 transeat
1840 683 1872 720 a

290 784 372 821 me
399 766 540 823 catis
550 766 676 831 iste,
702 772 808 820 etc.
836 762 990 830 Quod
1014 771 1215 827 autem,
1231 764 1446 818 Patrem
1474 761 1749 825 invocans,
1778 758 1875 812 du-

289 858 417 926 plici
448 857 747 913 secundum
789 854 1028 909 larcum
1069 853 1288 909 nomine
1322 851 1491 906 dicit:
1520 850 1667 904 Abba
1703 858 1873 920 pater,

288 947 576 1015 utriusque
605 945 788 1015 populi
818 944 988 1007 illum,
1029 951 1086 999 et
1115 942 1340 1008 Judaeis,
1386 940 1615 1006 scilicet,
1663 946 1719 994 et
1745 953 1875 1010 gen-

291 1039 436 1092 tibus
460 1036 629 1092 Deum
652 1050 794 1101 esse,
815 1049 878 1089 ac
904 1034 1240 1089 Salvatorem
1265 1031 1521 1087 ostendit.
1548 1030 1693 1085 Idem
1721 1045 1875 1084 nam-

287 1143 396 1195 que
436 1126 586 1181 Abba
633 1126 773 1195 quod
803 1133 860 1181 et
896 1132 1050 1195 pater
1090 1122 1382 1195 signiﬁcat.
1429 1120 1537 1177 Sed
1605 1120 1723 1180 mit
1762 1120 1871 1177 lle-

290 1220 517 1283 bnrum,
566 1223 740 1295 πατὴρ
777 1216 1024 1271 ϐιαιειιιιι
1071 1224 1156 1270 εει
1204 1202 1259 1269 ει
1294 1213 1564 1268 Latinum.
1621 1211 1692 1268 Ut
1743 1226 1873 1282 ergo

288 1319 582 1378 utrumque
604 1308 860 1379 populum
881 1307 936 1361 in
956 1322 1081 1361 eum
1105 1305 1457 1367 crediturum,
1481 1312 1537 1359 et
1554 1304 1623 1360 ab
1644 1311 1873 1374 utroque

285 1418 413 1456 eum
459 1401 814 1456 invocandum
842 1414 962 1456 esse
1005 1398 1249 1464 doceret,
1283 1406 1512 1469 utraque
1539 1397 1719 1468 lingua
1744 1412 1869 1453 eum

286 1492 495 1563 primus
523 1492 638 1562 ipse
670 1491 906 1546 invocat.

358 1583 583 1652 Spiritus
609 1581 815 1653 quidem
841 1588 1112 1650 promptus
1138 1588 1237 1644 est,
1264 1594 1389 1632 caro
1416 1587 1590 1632 autem
1630 1576 1867 1646 inﬁrma,

280 1682 391 1730 etc.
426 1673 541 1729 Hoc
562 1674 829 1727 adversus
857 1670 1189 1733 temerarios,
1219 1670 1335 1739 qui.
1354 1668 1497 1739 quod
1518 1666 1865 1729 crediderint,

1974 497 2081 542 etc.
2116 484 2194 539 Ac
2235 486 2281 541 si
2327 486 2568 541 diceret:
2612 484 2729 541 Non
2782 500 2884 541 nos
2926 484 3241 549 inveniant,
3288 486 3443 556 quasi
3493 487 3555 542 ti-

1973 587 2184 655 mentes
2210 586 2268 633 et
2294 586 2680 643 retractantes,
2710 577 2854 633 ultro
2898 592 3186 648 pergamus
3205 578 3275 634 ad
3302 576 3569 643 mortem,
3669 600 3679 616 ο

1972 681 2035 727 ιιι
2056 670 2441 727 conﬁdentiam
2468 677 2525 725 et
2547 669 2798 740 gaudium
2822 670 3036 742 passuri
3062 670 3302 726 videant.

2043 761 2271 816 Accessit
2296 758 2471 815 ludas
2499 758 2569 813 ad
2613 758 2819 825 Iesum,
2838 767 2889 814 et
2922 758 3056 814 dixit
3076 775 3095 813 :
3130 757 3258 827 Ave,
3286 756 3480 825 Rabbi,
3507 770 3553 813 et

1973 851 2239 907 osculatus
2283 859 2359 905 est
2413 866 2551 904 eum.
2596 849 2885 921 impudens
2918 849 3137 921 quidem
3190 859 3247 905 et
3291 849 3554 906 scelerata

1972 945 2322 1010 confidentia,
2345 944 2664 1014 magistrum
2693 958 2817 1000 eum
2843 957 3039 999 vocare
3063 982 3079 1009 ,
3130 951 3188 999 et
3231 942 3477 999 osculum
3505 944 3554 997 ei

1974 1037 2221 1108 ingerere
2249 1051 2412 1107 quem
2433 1036 2700 1093 tradebat.

2040 1127 2183 1181 Dicit
2207 1126 2288 1181 illi
2317 1125 2507 1182 Iesus:
2535 1127 2732 1193 Amice,
2760 1126 2836 1181 ad
2882 1126 3023 1200 quod
3069 1126 3292 1182 uenisti?
3338 1127 3556 1183 Duobus

1972 1218 2144 1274 modis
2172 1218 2275 1273 hoc
2298 1217 2700 1290 intelligendum
2727 1224 2830 1273 est.
2862 1216 2946 1273 Ad
2968 1217 3108 1289 quod
3140 1219 3347 1283 venisti,
3371 1218 3422 1273 id
3447 1229 3553 1279 cst.

1970 1311 2039 1365 ad
2068 1309 2211 1380 quod
2235 1309 2411 1365 scelus
2436 1308 2687 1380 delapsus
2710 1323 2772 1363 es
2793 1348 2809 1374 ,
2864 1316 2926 1363 ut
2969 1308 3266 1379 discipulus
3313 1309 3555 1364 traderes

1971 1403 2310 1474 magistrum,
2334 1410 2392 1456 et
2431 1400 2561 1456 dum
2588 1415 2738 1456 esses
2782 1399 3079 1471 apostolus,
3107 1398 3333 1456 edoctus
3351 1413 3414 1455 es
3440 1408 3552 1455 tra-

1969 1492 2148 1547 ditor?
2174 1490 2300 1547 Sive
2325 1491 2393 1546 ad
2412 1490 2556 1562 quod
2584 1491 2817 1547 venisti?
2855 1490 3232 1558 subaudiatur,
3284 1491 3390 1547 hoc
3412 1505 3551 1563 age,

1968 1580 2213 1652 relinque
2231 1580 2474 1637 osculum
2503 1588 2560 1637 et
2590 1580 2750 1652 imple
2777 1581 3057 1639 traditoris
3081 1580 3343 1638 cilicium.

2039 1669 2112 1724 Et
2143 1686 2257 1725 ecce
2278 1687 2413 1725 unus
2431 1686 2497 1725 ea:
2514 1670 2594 1725 Itis
2617 1671 2708 1742 qui
2755 1682 2907 1726 erant
2932 1688 3051 1727 cum
3084 1671 3237 1738 Iesu,
3272 1671 3553 1726 extendens

285 1772 479 1835 putant
503 1778 563 1819 se
588 1776 747 1833 posse
767 1760 1041 1829 consequi.
1080 1759 1265 1828 itaque
1291 1765 1552 1827 quantum
1588 1757 1652 1811 de
1676 1757 1870 1811 ardore
1896 1744 1945 1804 Β
1972 1776 2185 1815 manum
2221 1761 2407 1815 exemit
2428 1760 2664 1831 gladium
2705 1778 2859 1816 suum
2884 1803 2898 1827 ,
2950 1770 2999 1816 et
3046 1762 3300 1834 percussit
3349 1777 3550 1816 servum

287 1853 484 1909 mentis
517 1851 857 1915 conﬁdimus,
905 1858 1113 1905 tantum
1142 1849 1210 1904 de
1242 1848 1424 1904 carnis
1471 1847 1761 1919 fragilitate
1799 1846 1867 1901 ti-

286 1960 554 2001 meamus.
1692 1937 1696 1940 ⁴

355 2034 520 2089 Pater
552 2035 647 2097 uti,
678 2034 723 2088 si
750 2050 852 2088 non
891 2042 1055 2103 potest
1099 2032 1183 2086 hic
1205 2030 1351 2085 calix
1381 2030 1625 2095 transire,
1665 2029 1764 2083 nisi
1794 2028 1871 2083 bi-

282 2125 404 2178 bam
420 2124 594 2188 illum,
618 2124 711 2193 ﬁat
735 2122 971 2176 voluntas
1002 2131 1118 2188 tua,
1146 2129 1251 2176 etc.
1281 2120 1398 2176 Non
1427 2120 1621 2191 inquit,
1651 2120 1744 2175 liat
1765 2121 1869 2175 hoc

285 2214 432 2282 quod
458 2212 697 2267 humano
726 2211 920 2267 aliectu
969 2212 1179 2282 loquor,
1228 2213 1323 2267 sed
1366 2220 1587 2283 propter
1625 2211 1769 2281 quod
1802 2215 1870 2268 ad

285 2313 458 2357 terras
488 2310 575 2357 tua
602 2303 877 2357 voluntate
908 2303 1159 2358 descendi
1185 2321 1196 2356 :
1244 2301 1301 2357 Si
1344 2317 1496 2375 ergo,
1527 2302 1717 2372 inquit,
1750 2301 1869 2358 fieri

285 2402 483 2469 puzest,
525 2402 585 2449 ut
622 2395 738 2450 sine
786 2395 1004 2449 interitu
1046 2394 1354 2449 Judteorum
1396 2395 1582 2449 credat
1627 2393 1868 2465 gentium

281 2486 588 2550 multitudo,
634 2487 937 2560 passionem
985 2500 1195 2540 recuso.
1243 2483 1301 2540 Si
1348 2492 1529 2540 autem
1568 2484 1641 2539 illi
1689 2499 1865 2540 excu-

279 2576 439 2639 candi
467 2583 689 2640 sunt,ut
714 2590 905 2632 omnes
937 2583 1124 2642 gentes
1143 2574 1376 2638 videant,
1392 2589 1497 2628 non
1523 2587 1663 2640 mea,
1679 2571 1863 2639 Pater,

282 2667 550 2733 voluntas,
570 2665 667 2722 sed
696 2675 787 2721 tua
817 2664 934 2720 liat.

353 2762 557 2817 Iterum
598 2762 726 2817 obiit
757 2770 805 2816 et
857 2761 1047 2828 orauit,
1086 2761 1241 2817 tertio
1281 2760 1522 2815 eumdem
1547 2774 1861 2823 sermonem,

284 2862 385 2908 rtc.
412 2852 589 2909 Lucas
615 2859 795 2908 autem
822 2852 900 2907 ait
924 2869 937 2906 :
970 2850 1223 2923 Apparuit
1251 2850 1332 2906 illi
1372 2850 1590 2921 angelus
1611 2850 1677 2905 de
1711 2849 1859 2913 cmlo,

281 2943 585 3014 confortans
616 2960 755 2998 eum.
803 2942 943 3001 Alibi
973 2943 1211 3015 legimus
1244 2961 1263 3000 ε,
1296 2941 1435 3010 Quia
1479 2941 1651 3013 angeli
1691 2958 1863 2995 acces-

278 3044 481 3099 serunt,
516 3044 566 3090 et
585 3034 956 3093 ministrabant
978 3034 1260 3107 ei(Mattb.
1286 3032 1393 3105 tv):
1433 3033 1491 3088 in
1534 3034 1858 3089 documento

1969 1849 2218 1920 principis
2241 1850 2569 1905 sacerdotum
2596 1890 2625 1918 ,-
2653 1859 2702 1905 et
2729 1853 3019 1922 amputauit
3071 1852 3370 1907 auriculam
3412 1851 3548 1922 ejus.

1968 1939 2027 1995 in
2051 1940 2157 1996 alio
2189 1941 2483 2014 Evangelio
2503 1944 2763 2013 scriptum
2797 1943 3045 2014 legimus,
3062 1945 3206 2015 quod
3228 1943 3429 2000 Petrus
3451 1944 3553 1998 hoc

1970 2028 2161 2086 fecerit
2185 2032 2373 2087 eodem
2400 2032 2596 2088 mentis
2622 2032 2836 2098 ardore,
2860 2049 2969 2104 quo
2992 2041 3048 2089 et
3075 2041 3292 2091 czetera.
3346 2033 3552 2090 Servus

1968 2136 2184 2193 quoque
2211 2123 2474 2194 principis
2497 2123 2863 2187 sacerdotum,
2897 2125 2989 2195 qui
3024 2124 3265 2181 Malchus
3286 2165 3301 2187 ,
3346 2124 3504 2179 idest

1969 2227 2063 2268 rex
2077 2212 2426 2284 ,appellatur,
2457 2213 2686 2285 populus
2722 2212 3031 2271 Julzeorum
3060 2224 3162 2278 cst,
3193 2215 3286 2286 qui
3334 2230 3434 2286 per
3468 2216 3550 2270 in-

1977 2304 2349 2361 credulitatem
2397 2321 2590 2363 servus
2621 2306 2794 2363 factus
2840 2316 2926 2364 est
2962 2307 3274 2379 impietatis.
3301 2307 3402 2376 Qui
3430 2323 3552 2380 pcr-

1968 2396 2105 2451 didit
2128 2397 2426 2453 auriculam
2455 2397 2723 2465 dextram,
2752 2408 2811 2454 ut
2842 2407 3010 2456 totam
3041 2400 3234 2457 littera:
3257 2401 3549 2456 utilitatem
3572 2416 3585 2425 ί

1966 2489 2151 2544 audiat
2170 2491 2224 2544 in
2248 2490 2489 2547 sinistra.
2527 2491 2633 2548 Sed
2664 2492 2924 2549 Dominus
2960 2491 3118 2550 Iesus
3157 2494 3210 2549 in
3236 2494 3325 2550 bis
3345 2493 3438 2565 qui
3484 2510 3551 2551 cx

1964 2577 2165 2636 Judaais
2193 2582 2414 2638 credere
2432 2583 2740 2650 voluerunt,
2771 2584 2950 2640 reddit
2971 2599 3159 2641 aurem
3193 2584 3463 2650 dextram,
3492 2602 3550 2641 et

1965 2668 2096 2725 fecit
2123 2686 2338 2727 servum
2367 2688 2540 2744 genus
2565 2674 2745 2744 regale
2793 2683 2848 2729 et
2884 2674 3236 2732 sacerdotale.
3264 2675 3437 2733 Aliter
3452 2693 3549 2732 au-

1964 2760 2042 2816 ris
2060 2776 2160 2832 pro
2187 2760 2414 2819 Domino
2438 2772 2713 2833 amputata
2741 2776 2796 2820 et
2824 2782 2865 2820 ar
2893 2766 3123 2822 Domino
3147 2773 3361 2835 sanata,
3376 2766 3545 2841 signi-

1963 2853 2090 2909 fleat
2108 2853 2367 2919 auditum,
2398 2855 2575 2911 ablata
2599 2864 2870 2913 vetustate
2912 2866 3257 2926 renovatum,
3295 2868 3356 2915 ut
3377 2860 3452 2916 sit
3494 2861 3548 2917 in

1963 2948 2199 3003 novitate
2225 2948 2469 3018 spiritus,
2499 2957 2555 3004 et
2593 2965 2700 3004 non
2733 2950 2787 3005 in
2814 2957 3082 3008 vetustate
3123 2950 3321 3007 littera.-
3343 2993 3359 3020 ,
3407 2955 3549 3023 quod

1961 3038 2047 3092 cui
2073 3038 2373 3109 praestitum
2422 3038 2586 3094 fuerit
2614 3056 2644 3094 a
2673 3041 2892 3097 Christo
2916 3082 2930 3106 ,
2974 3042 3322 3112 praestabitur
3357 3052 3413 3099 et
3460 3059 3545 3100 rc-

283 3143 415 3198 ergo
440 3128 723 3197 utriusque
764 3135 972 3183 natura:
1014 3138 1069 3183 et
1110 3127 1393 3192 eiaugelus
1408 3125 1768 3191 ministrasse,
1808 3136 1863 3181 ει
1889 3114 1935 3177 C
1966 3145 2132 3202 suam
2161 3147 2284 3187 cum
2304 3131 2539 3189 Christo,

275 3236 405 3277 eum
457 3219 1020 3291 angelosconfoetasse
1063 3219 1409 3283 describitur,
1463 3218 1719 3290 quoniam
1770 3218 1864 3288 qui

281 3315 424 3369 Deus
469 3320 594 3367 ante
636 3311 829 3368 saecula
870 3311 1098 3377 exstitit,
1122 3310 1283 3365 homo
1326 3309 1498 3364 factus
1530 3318 1615 3364 εει
1655 3310 1708 3363 in
1758 3309 1865 3365 line

279 3404 620 3460 seculorum.
651 3404 717 3460 Et
737 3404 943 3460 addidit
967 3403 1142 3458 Lucas
1167 3402 1353 3458 dicens
1377 3420 1390 3456 :
1425 3399 1623 3456 Factus
1661 3403 1717 3457 in
1738 3419 1864 3473 ago-

278 3497 367 3549 uia
394 3495 650 3565 prolixius
671 3496 874 3553 orabat.
904 3495 1132 3567 Agonia,
1158 3495 1410 3551 alacritas
1430 3493 1515 3550 vel
1536 3493 1862 3549 confidentia

278 3586 616 3657 intelligitur.
641 3586 799 3654 Quod
822 3593 1003 3645 autem
1032 3586 1278 3657 sequitur
1298 3586 1593 3641 secundum
1614 3586 1861 3640 eumdem

276 3694 374 3731 cva
384 3677 668 3749 rgelislam
682 3695 703 3731 ς·

352 3770 417 3825 Et
452 3770 624 3840 factus
648 3779 720 3825 est
749 3771 915 3825 sudor
938 3771 1053 3841 ejus
1094 3771 1227 3826 sicut
1258 3780 1417 3841 gutta
1432 3772 1721 3842 sanguinis.
1742 3770 1857 3825 Nam

276 3860 532 3915 sudorem
561 3859 894 3916 inlitmitatis
927 3861 1213 3931 deputans,
1242 3862 1367 3932 quia
1393 3869 1447 3915 et
1468 3872 1656 3915 con'ra
1703 3871 1859 3916 natu-

280 3967 395 4005 ram
424 3957 510 4006 est
533 3950 729 4008 sudare
775 3951 1111 4023 sanguinem,
1134 3951 1229 4007 sed
1261 3951 1440 4023 potius
1467 3950 1690 4021 intelligi
1722 3951 1853 4017 vult,

280 4040 580 4111 irrigatam,
610 4050 985 4111 sacratumque
1012 4040 1131 4110 ejus
1179 4042 1441 4112 sanguine
1468 4050 1666 4099 terram
1692 4082 1706 4106 ,
1746 4058 1854 4097 non

276 4132 404 4195 sibi,
434 4130 524 4199 qui
582 4142 836 4194 noverat,
887 4132 980 4186 sed
1040 4131 1195 4187 nobis
1251 4140 1437 4201 aperte
1489 4129 1851 4195 declaratum,

271 4223 420 4293 quod
449 4223 695 4279 eﬂ‘ectum
714 4224 826 4294 jam
856 4238 966 4279 sua:
993 4223 1168 4292 precis
1195 4224 1487 4286 obtineret,
1512 4230 1570 4276 ut
1592 4221 1750 4276 ﬁdem
1776 4222 1855 4277 vi-

277 4313 473 4369 delicet
518 4301 943 4386 discipulorum,
974 4330 1134 4383 quam
1173 4323 1388 4369 terrena
1431 4313 1607 4369 adhuc
1653 4311 1857 4383 fragili-

280 4415 366 4460 tas
389 4406 667 4477 arguebat,
701 4422 800 4462 suo
820 4408 1078 4478 sanguine
1096 4413 1368 4477 purgaret,
1402 4413 1456 4459 et
1477 4403 1734 4474 quidquid
1765 4402 1851 4457 illa

274 4496 517 4552 scandali
556 4496 760 4565 deeius
790 4506 964 4551 morte
985 4494 1330 4565 pertulisset,
1378 4494 1479 4548 hoc
1528 4492 1643 4563 ipse
1682 4500 1867 4546 totum

277 4588 556 4642 moriendo
584 4586 807 4642 deleret.
844 4585 958 4641 lmo
991 4585 1304 4640 universum
1336 4584 1442 4638 late
1473 4590 1738 4637 terrarum
1765 4597 1855 4636 or-

172 4748 175 4757 l
276 4679 399 4733 bem
426 4678 663 4747 peccatis
687 4686 1090 4753 mortuum,sua
1113 4685 1287 4731 morte
1310 4674 1551 4738 innoxia,
1573 4673 1850 4728 caelestem

272 4768 625 4825 resuscitaret
652 4768 719 4823 ad
758 4767 946 4822 vitam.

348 4859 494 4915 Tunc
518 4860 655 4915 venit
681 4860 750 4913 ad
779 4858 1064 4930 discipulos
1096 4874 1243 4922 suos,
1273 4865 1321 4911 et
1369 4856 1497 4909 dicit
1532 4853 1676 4908 illis:
1712 4852 1849 4908 Dor-

274 4955 398 5009 mite
436 4954 554 5021 jam
577 4960 625 5008 et
660 4952 962 5023 requiescite
987 4993 1002 5016 ,
1052 4958 1156 5006 etc.
1188 4950 1324 5005 Cum
1350 4948 1576 5004 dixisset
1616 4945 1850 5000 dormitc

270 5048 385 5118 iam
414 5054 471 5101 et
490 5046 835 5116 requiescite,
865 5056 921 5100 et
945 5043 1286 5115 adiungeret,
1312 5041 1527 5108 sullicit,
1554 5056 1621 5098 ac
1658 5040 1852 5099 deinde

273 5136 538 5193 inferret:
580 5134 729 5191 Venit
779 5137 910 5192 liora
936 5176 951 5203 ,
993 5152 1110 5190 ecce
1160 5134 1399 5189 tradetur
1423 5132 1566 5201 ﬁlius
1593 5131 1849 5195 hominis,

271 5228 459 5298 utique
487 5226 804 5298 intelligitur
829 5236 951 5297 post
977 5226 1141 5291 illud,
1186 5223 1328 5293 quod
1356 5222 1437 5279 eis
1477 5223 1682 5278 dictum
1725 5230 1843 5278 est:

270 5317 510 5372 Dormite
532 5326 581 5372 et
606 5318 930 5388 requiescite,
948 5316 1159 5373 siluisse
1182 5313 1466 5369 Dominum
1488 5312 1841 5383 aliquantum,

270 5421 327 5465 ut
364 5412 468 5467 hoc
517 5410 669 5466 llerct
696 5411 837 5482 quod
890 5410 1238 5480 promiserat,
1276 5414 1331 5463 et
1376 5413 1506 5461 tunc
1554 5404 1842 5461 intulisse:

271 5501 409 5556 Ecce
428 5501 854 5572 appropinquavit
883 5502 1036 5563 liora,
1059 5499 1174 5554 sive
1202 5498 1336 5554 venit
1368 5497 1518 5551 hora.
1558 5494 1680 5550 ldco
1727 5502 1849 5564 post

271 5592 360 5646 illa
391 5593 552 5647 verba
577 5592 807 5661 positum
832 5599 933 5655 cst,
964 5589 1184 5653 sullicit,
1219 5589 1272 5643 id
1311 5596 1413 5653 est,
1443 5587 1584 5656 quod
1634 5587 1848 5654 requie-

275 5684 428 5739 vistis
458 5683 562 5745 iam
592 5683 806 5737 sullicit.

2036 3221 2182 3277 Tunc
2207 3224 2282 3278 ait
2300 3223 2378 3279 illi
2389 3222 2546 3279 Iesus
2560 3239 2578 3277 :
2594 3224 2843 3281 Conrertc
2861 3225 3098 3298 gladium
3123 3206 3274 3283 tuum
3300 3230 3357 3286 in
3373 3229 3544 3287 locum

1958 3332 2139 3393 suum,
2181 3323 2286 3371 etc.
2330 3316 2464 3384 Quia
2498 3333 2596 3389 per
2635 3318 2873 3389 gladium
2922 3317 3157 3374 vindicta
3205 3318 3541 3392 intelligitur,

1962 3405 2102 3460 sicut
2122 3404 2412 3476 Apostolus
2437 3406 2503 3462 de
2542 3405 2726 3476 judice
2761 3407 2839 3462 ait
2872 3425 2884 3461 :
2919 3407 3041 3463 Non
3070 3409 3208 3464 enim
3233 3410 3348 3466 sine
3383 3429 3544 3469 causa

1957 3494 2194 3566 gladium
2216 3506 2389 3568 portat
2414 3495 2589 3568 (Rom.
2630 3483 2751 3568 aut)
2778 3538 2793 3562 ,
2846 3507 2994 3554 recte
3052 3498 3143 3555 hic
3169 3516 3270 3571 per
3307 3502 3543 3573 gladium

1961 3587 2194 3643 vindicta
2225 3587 2559 3660 intelligitur.
2592 3587 2842 3644 Reconde
2870 3588 3128 3661 gladium.
3154 3606 3220 3646 ac
3242 3591 3286 3647 si
3316 3593 3541 3660 diceret,

1958 3680 2203 3750 quiescat
2227 3680 2486 3755 vindicta.
2510 3680 2701 3736 Aliter.
2735 3680 3002 3737 Converte
3024 3683 3257 3754 gladium
3283 3685 3336 3740 in
3366 3686 3541 3742 locum

1958 3785 2134 3834 suum,
2187 3770 2391 3836 idest,
2454 3771 2676 3829 verbum
2716 3772 3117 3841 prmdicationis
3152 3785 3411 3832 converte
3471 3781 3538 3832 ad

1955 3869 2168 3932 gentes,
2206 3861 2295 3916 ubi
2330 3862 2623 3917 secundum
2683 3860 2932 3928 Paulum,
2962 3864 3159 3919 ostium
3199 3874 3446 3935 apertum
3486 3878 3541 3923 ct

1956 3954 2145 4024 ingens
2164 3951 2420 4006 inveniat.
2454 3950 2643 4006 Aliter.
2675 3950 2965 4022 Postquam
2990 3954 3269 4024 plenitudo
3292 3958 3534 4028 gentium

1957 4043 2258 4107 inn-merit,
2286 4042 2415 4097 dicit
2438 4042 2613 4105 Petro,
2642 4059 2738 4114 per
2763 4059 2922 4113 quem
2951 4053 3096 4099 totus
3122 4046 3534 4115 prmdicatorum

1953 4135 2200 4206 signatur
2247 4133 2382 4187 ordo
2410 4151 2422 4185 :
2453 4131 2718 4187 Converte
2745 4132 2978 4203 gladium
3015 4135 3164 4188 verbi
3202 4136 3536 4205 praedicatio-

1955 4226 2040 4283 nis
2067 4224 2134 4280 ad
2160 4222 2342 4279 Israel.
2391 4221 2583 4277 Omnes
2636 4226 2773 4277 enim
2824 4224 2916 4295 qui
2942 4223 3177 4295 gladium
3219 4228 3536 4298 acceperint,

1952 4315 2130 4388 gladio
2178 4316 2417 4388 peribunt
2448 4314 2600 4387 (Gen.
2628 4316 2732 4387 ιιι).
2781 4314 2899 4383 Quo
2935 4317 3148 4387 gladio?
3174 4317 3266 4374 illo
3302 4333 3495 4391 nempe
3520 4364 3535 4382 .

1956 4409 2048 4480 qui
2081 4408 2270 4480 igneus
2297 4407 2530 4462 vertitur
2553 4415 2679 4461 ante
2702 4407 3036 4477 paradisum,
3063 4416 3120 4463 et
3149 4408 3327 4481 gladio
3377 4412 3534 4482 spirio

1959 4508 2069 4565 tus,
2089 4499 2179 4569 qui
2203 4499 2255 4553 in
2283 4497 2376 4552 Dei
2406 4496 2730 4552 describitur
2751 4505 3026 4552 armatura
3052 4496 3267 4570 (Ep/tes.
3291 4498 3388 4572 vt).

2023 4591 2104 4645 An
2124 4590 2320 4661 putatis
2357 4588 2479 4660 quia
2521 4603 2624 4641 non
2647 4603 2857 4658 possum
2898 4604 3083 4659 rogare
3108 4597 3309 4659 patrem
3332 4605 3530 4652 meum,

1951 4692 1999 4738 et
2022 4681 2290 4739 exhibebit
2314 4680 2443 4735 mihi
2479 4678 2630 4734 modo
2671 4677 2947 4751 plusquam
2989 4678 3264 4733 duodecim
3304 4676 3531 4751 legiones

1952 4773 2315 4847 angelorumi
2335 4772 2612 4841 Quomodo
2638 4786 2769 4843 ergo
2823 4770 3188 4841 implebantur
3217 4771 3529 4841 scriptum,

1951 4868 2075 4937 quia
2104 4867 2184 4923 sic
2206 4872 2420 4936 oportet
2448 4863 2600 4919 ﬁeri?
2625 4861 2741 4917 Non
2768 4860 2980 4933 indigeo
3004 4860 3284 4918 duodecim
3310 4872 3529 4933 aposto-

1953 4959 2122 5021 lorum
2153 4954 2372 5017 auxilio,
2410 4954 2574 5009 etiam
2617 4952 2662 5007 si
2691 4966 2882 5007 omnes
2916 4965 3004 5006 me
3046 4950 3406 5019 defenderint,
3437 4957 3529 5024 qui

1952 5045 2150 5117 possim
2179 5044 2380 5099 habere
2431 5042 2712 5099 duodecim
2766 5040 3006 5113 legiones
3032 5042 3367 5113 angelorum.
3410 5042 3528 5101 Una

1950 5135 2089 5206 legio
2120 5133 2259 5205 apud
2292 5140 2503 5190 veteres
2528 5146 2623 5186 sex
2664 5130 2904 5187 millibus
2932 5130 3325 5201 complebatur'
3359 5133 3530 5188 homi-

1947 5241 2095 5281 num.
2130 5224 2232 5280 Pro
2282 5222 2548 5277 brevitate
2576 5220 2834 5292 temporis
2862 5235 3144 5277 numerum
3182 5237 3289 5277 non
3332 5236 3525 5277 occur-

1951 5317 2120 5370 rimus
2146 5312 2435 5384 explicare.
2468 5320 2624 5385 typos
2649 5319 2857 5366 tantum
2906 5311 3109 5368 dixisse
3149 5309 3407 5368 sulliciat:
3435 5327 3526 5369 se-

1950 5405 2227 5477 ptuaginta
2243 5404 2348 5460 duo
2363 5400 2528 5458 millia
2553 5401 2888 5473 angelorum,
2910 5400 2966 5458 in
2987 5409 3327 5475 quot'gcntes
3351 5402 3525 5458 homi-

1951 5513 2186 5569 numque
2210 5496 2389 5568 lingua
2419 5495 2589 5551 divisa
2613 5501 2719 5560 est,
2745 5494 3026 5552 duodecim
3063 5493 3361 5564 legionibus
3382 5493 3518 5548 fieri.

2023 5585 2137 5641 Hoc
2166 5596 2339 5640 autem
2359 5594 2522 5640 totum
2550 5585 2746 5656 factum
2774 5593 2849 5638 est
2868 5623 2883 5650 ,
2922 5592 2976 5637 ut
3011 5581 3348 5653 implerentur
3383 5581 3519 5637 Sui-

1954 5688 2121 5748 plura'
2165 5677 2550 5747 prophetarmu,
2582 5684 2688 5730 etc.
2727 5674 2856 5740 Qua:
2895 5682 3019 5727 sunt
3064 5679 3345 5741 scrlpturze
3389 5684 3512 5741 pru—
