3978 6454
505 303 605 360 185

1788 311 2137 372 δΜᾹῐῖΑϐῙΜ
2180 317 2217 369 Α
2230 318 2469 373 BBATIS

3666 335 3763 395 ῊἋ

498 422 815 489 phetarum?
854 419 1122 475 Foderunt
1169 438 1354 474 manus
1409 440 1548 475 meus
1576 465 1588 485 ,
1642 434 1686 475 cl
1725 426 1876 493 pedes
1934 446 2070 481 meos
2102 435 2145 492 Α
2179 431 2339 485 Deum
2390 435 2578 498 cirum,
2620 443 2675 487 ut
2709 435 2857 488 (licus
2893 436 3060 497 nobis,
3086 439 3209 490 situ
3241 437 3567 496 es'CItt‘isius
3596 442 3761 501 filim

496 510 667 573 tl’sal.
699 504 810 582 ut)
837 529 849 563 :
878 519 933 565 et
963 510 1087 564 alibi
1119 530 1130 563 :
1163 509 1310 565 Sicut
1342 514 1449 565 oris
1489 513 1559 565 ad
1580 514 1841 568 rictimum
1887 519 2072 570 ductus

493 613 565 657 εει
596 603 730 676 (Ita.
759 603 899 676 un).
932 603 999 657 Et
1043 603 1097 657 in
1146 602 1250 658 alio
1278 602 1433 659 loco:
1462 604 1538 659 Ab
1578 606 1938 677 iniquitatibus
1980 627 2072 678 po-

474 699 603 769 .uuli
640 701 742 754 moi
766 698 955 753 ductus
992 716 1107 755 sum
1141 699 1210 773 ad
1234 709 1473 758 mortem.

562 788 706 845 Tunc
729 789 1161 861 discipuliomnes
1185 788 1364 845 relicto
1379 808 1438 846 eo
1462 789 1725 862 fugerunt.
1755 789 2063 861 Interquos,

486 887 543 931 ut
572 878 785 934 Marcus
813 878 911 942 ait,
960 877 1271 943 Adolescens
1290 876 1503 951 quidam
1554 879 1865 951 sequebatur
1886 881 2042 935 Domi
2056 915 2065 921 -

487 991 610 1027 unm
640 974 861 1049 amictus
885 973 1102 1027 sindone
1127 990 1280 1043 super
1307 973 1467 1038 nudo,
1504 973 1556 1027 id
1585 980 1688 1039 est,
1716 986 1960 1043 corpore.

555 1065 677 1131 Qua
707 1072 898 1136 rejecta
926 1066 1096 1121 nudus
1124 1064 1375 1138 profugit.
1410 1064 1669 1122 Joannem
1719 1066 1863 1121 hunc
1897 1066 2062 1120 fuisse

483 1156 880 1212 adolescentem
906 1157 1271 1227 intelligimus,
1300 1158 1443 1227 quod
1475 1174 1601 1214 vero
1632 1158 1805 1211 nudus
1828 1158 2061 1227 profugit

479 1247 548 1301 ab
578 1248 775 1317 impiis,
806 1248 1027 1311 illorum
1051 1256 1105 1302 et
1131 1264 1266 1317 opus
1300 1247 1549 1320 designat
1596 1256 1653 1303 et
1680 1250 1933 1309 animam,
1967 1250 2055 1318 qui

480 1346 539 1390 ιιι
572 1338 875 1392 securiores
901 1338 968 1392 ab
997 1328 1304 1401 incursibus
1330 1336 1564 1392 hostium
1618 1337 1766 1401 fiant,
1798 1338 2055 1407 quidquid

478 1428 530 1481 in
562 1427 662 1481 hoc
691 1428 890 1481 mundo
920 1426 1197 1497 possidere
1220 1427 1467 1481 videntur
1520 1426 1799 1497 ahjiciunt,
1840 1444 1901 1481 ac
1929 1422 2052 1482 nudi

476 1520 652 1588 potius
696 1520 920 1574 Domino
953 1518 1241 1583 famulari,
1291 1535 1453 1589 quam
1493 1520 1818 1575 adlucrcndo
1870 1522 2053 1575 mundi

476 1611 634 1666 rebus
667 1610 953 1665 maleriam
1002 1606 1262 1673 tentandi,
1292 1618 1453 1678 atque
1518 1625 1549 1662 a
1602 1609 1713 1665 Deo
1768 1612 2049 1665 revocandi

470 1702 794 1757 adversariis
820 1702 948 1757 dare
1000 1701 1322 1764 didicerunt,
1346 1701 1498 1772 juxta
1554 1699 1857 1771 exemplum
1906 1701 2049 1756 beati

2178 518 2291 573 Dei.
2323 520 2459 575 Dicit
2497 522 2577 575 illi
2601 522 2756 577 Iesus
2782 538 2801 577 :
2832 520 2910 576 Tu
2930 526 3127 580 dixidi.
3161 525 3305 581 Tunc
3328 531 3568 602 princeps
3587 550 3757 589 sacer-

2172 611 2351 664 dotum
2381 613 2530 666 scidit
2560 615 2858 667 vestimenta
2895 632 3014 669 sua.
3053 617 3153 685 (Ex
3182 618 3429 692 Hieron.)
3477 623 3649 690 Quem
3693 629 3756 683 de

2172 702 2306 756 solio
2330 705 2650 771 sacerdotali
2678 704 2830 760 furor
2853 718 3190 774 excusserat,
3206 712 3455 766 eumdem
3486 716 3667 771 rabies
3688 720 3752 772 ad

2169 793 2493 850 scindendas
2520 805 2697 852 vestes
2709 807 2987 867 provocat.
3020 794 3192 855 Scidit
3220 811 3400 857 autem
3424 808 3754 865 vestimenta

2167 898 2262 937 sua
2289 925 2303 947 ,
2331 892 2392 938 ut
2429 887 2680 941 ostendat
2708 886 2923 947 Judreos
2977 889 3264 945 sacerdotii
3296 893 3523 963 gloriam
3578 901 3754 965 perdi-

2166 975 2327 1041 disse,
2357 988 2413 1033 et
2449 994 2673 1033 vacuam
2730 981 2912 1037 sedem
2959 981 3160 1043 habere
3212 985 3502 1051 pontiﬁcis.
3556 988 3667 1044 Sed
3698 1001 3750 1045 et

2163 1068 2570 1124 consuetudinis
2587 1067 2826 1125 iudaice
2853 1078 2956 1133 est,
2978 1086 3099 1124 cum
3124 1071 3325 1142 aliquid
3351 1075 3744 1147 blasphemum,

2161 1168 2216 1210 et
2244 1159 2395 1227 quasi
2426 1170 2611 1215 contra
2636 1163 2802 1215 Deum
2826 1162 3115 1225 audierint,
3150 1165 3396 1221 scindere
3423 1169 3743 1226 vestimenta

2160 1264 2274 1310 sua,
2301 1251 2442 1318 quod
2468 1249 2690 1305 Paulum
2723 1268 2937 1321 quoque
2957 1262 3010 1307 et
3035 1253 3340 1311 B'irnabam
3363 1297 3377 1316 ,
3434 1262 3655 1327 quando
3689 1263 3739 1316 in

2159 1338 2423 1410 Lycaonia
2456 1342 2675 1396 deorum
2707 1343 2850 1396 cultu
2888 1328 3351 1411 bonorahantur,‘
3379 1348 3572 1404 fecisse
3620 1351 3744 1424 legi-

2157 1444 2276 1483 mus
2302 1429 2438 1498 (Act.
2466 1430 2597 1502 xlv).
2629 1431 2866 1487 Herodes
2889 1441 3088 1496 autem,
3114 1435 3241 1504 quia
3265 1452 3369 1491 non
3398 1440 3547 1494 dedit
3572 1442 3739 1497 hono-

2157 1535 2267 1573 rem
2296 1522 2422 1585 Deo,
2453 1524 2544 1576 sed
2576 1533 2633 1576 ut
2653 1524 2858 1592 quievit
2900 1525 3256 1582 immoderato
3293 1527 3462 1586 favori
3522 1534 3736 1603 populi,

2154 1613 2334 1665 statim
2360 1614 2426 1667 ab
2460 1615 2651 1683 angelo
2703 1630 2993 1684 percussus
3042 1625 3144 1671 est.
3184 1619 3377 1674 Altiori
3412 1630 3595 1677 autem
3624 1641 3739 1695 my-

2154 1704 2319 1756 sterio
2348 1702 2547 1759 factum
2594 1716 2700 1770 est,
2745 1708 2885 1761 utin
2928 1710 3179 1778 passione
3232 1712 3443 1768 Demini
3497 1718 3736 1785 pontifex

468 1797 685 1868 Josepb,
708 1797 800 1867 qui
830 1797 1022 1855 relicto
1050 1796 1101 1849 in
1127 1793 1376 1849 manibus
1416 1791 1673 1847 adultera».
1700 1793 1878 1863 pallio,
1905 1791 2049 1847 foras
2080 1781 2126 1840 Β
2152 1790 2457 1849 ιῐυάιυοιιιιιι
2489 1810 2582 1849 sua
2632 1797 2743 1866 ipse
2770 1798 3089 1853 vestimenta
3121 1801 3469 1869 discinderet,
3497 1781 3623 1861 cum
3657 1818 3738 1861 tu-

467 1888 720 1950 exsilivit,
752 1887 958 1945 malens
981 1886 1089 1940 Deo
1115 1884 1291 1939 nudus
1310 1898 1467 1953 quam
1494 1882 1713 1936 indutus
1737 1882 2045 1951 cupiditati:

466 1979 566 2035 bus
593 1979 777 2035 mundi
803 1978 1079 2041 meretrici
1102 1976 1303 2039 servire
1328 1972 1476 2046 (Cen.
1504 1974 1709 2045 xxxix).

536 2070 602 2124 At
630 2069 709 2124 illi
734 2078 961 2123 tenentes
980 2067 1184 2131 Iesum,
1215 2067 1473 2119 duxerunt
1498 2065 1566 2118 ad
1595 2061 1848 2133 Caiplmm
1894 2063 2040 2132 prin-

465 2161 629 2229 cipem
651 2158 982 2223 sacerdotum
1006 2199 1022 2224 ,
1072 2167 1177 2213 etc.
1212 2155 1394 2210 Refert
1420 2152 1685 2223 Iosephus
1734 2154 1877 2224 (Ant.
1908 2152 2038 2207 Iud.

466 2251 558 2303 lib.
598 2265 754 2314 xvm,
778 2237 898 2321 cap,
923 2247 977 2318 8)
1007 2249 1167 2319 istum
1189 2245 1445 2315 Caipham
1486 2245 1643 2298 unius
1676 2248 1882 2297 tantum
1915 2244 2038 2296 anni

467 2340 837 2411 pontiﬁcatum
874 2339 943 2393 ab
969 2336 1180 2409 Herode
1226 2337 1397 2407 pretio
1429 2335 1738 2389 redemisse.
1772 2332 1885 2386 Non
1912 2350 2040 2403 ergo

463 2433 657 2487 mirum
695 2439 782 2487 est
805 2430 850 2486 si
874 2430 1093 2503 iniquus
1117 2425 1359 2497 pontifex
1392 2426 1572 2497 inique
1589 2426 1814 2494 ⁸ιιιιιὶιτιιι.

533 2519 933 2586 Petrusautem,
972 2517 1284 2592 sequebatur
1310 2516 1493 2571 desum
1523 2535 1553 2570 a
1595 2515 1765 2586 longe,
1787 2528 1890 2570 etc.
1937 2514 2041 2569 Me-

461 2612 565 2664 rito
598 2625 631 2664 a
679 2609 836 2681 longe
861 2609 1216 2677 sequebatur,
1276 2608 1399 2676 quia
1448 2605 1694 2676 proximo
1748 2614 2039 2675 negaturus

457 2710 596 2768 erat,
624 2717 796 2772 neque
824 2700 968 2771 enim
993 2714 1193 2775 negare
1221 2707 1425 2769 posset,
1451 2698 1494 2752 si
1523 2697 1736 2752 Citt'lSlO
1761 2697 2037 2766 proximus

457 2783 795 2862 alhtesisset.
836 2790 1047 2863 Marcus
1087 2798 1264 2845 autem
1296 2789 1461 2843 dicit:
1500 2786 1722 2845 Ξειίιιὺίιι
1746 2805 1860 2841 cum
1887 2787 2038 2840 mini-

455 2886 608 2961 stris,
628 2893 675 2937 et
699 2881 1037 2953 qalefacieltat
1060 2898 1113 2934 se
1146 2880 1215 2934 ad
1236 2882 1425 2951 ignem.
1455 2880 1545 2933 Est
1568 2879 1710 2933 cnim
1734 2878 2035 2931 dilectionis

457 2976 620 3047 ignis,
639 2984 722 3030 est
742 2980 798 3029 et
825 2973 1156 3043 cupiditatis,
1192 2973 1257 3026 de
1297 2973 1399 3026 hoc
1436 2970 1673 3025 dicitur:
1720 2966 1897 3038 Ignem
1923 2970 2034 3021 veni

454 3070 654 3121 mittere
685 3069 739 3120 in
782 3075 998 3129 terram,
1023 3076 1070 3118 et
1103 3062 1229 3134 quid
1269 3063 1401 3127 colo,
1429 3063 1531 3115 nisi
1586 3073 1639 3114 ut
1670 3061 1852 3113 ardeat
1876 3059 2025 3129 (Luc.

2149 1885 2270 1939 nica
2300 1884 2517 1943 Domini
2548 1902 2646 1941 nec
2673 1887 2739 1941 ab
2768 1888 2914 1957 ipsis,
2942 1891 3032 1959 qui
3056 1906 3179 1945 eum
3206 1894 3524 1949 erucilixere
3553 1899 3740 1952 militi-

2148 1978 2247 2033 bus
2272 1978 2441 2032 scindi
2472 1980 2727 2047 potuerit.
2778 1979 3138 2050 Figurabatur
3166 1984 3332 2050 enim,
3367 1987 3511 2055 quod
3558 2003 3737 2043 sacer-

2147 2069 2350 2123 dotium
2376 2067 2682 2124 Judieorum
2707 2086 2804 2140 pro
2830 2072 3124 2126 sceleribus
3146 2074 3383 2143 ipsorum
3408 2078 3731 2146 pontificum

2144 2169 2288 2215 esset
2336 2160 2706 2215 scindendum.
2765 2160 3023 2217 Soliditas
3054 2180 3182 2217 vero
3230 2168 3734 2222 Sil"ClIBlltllV€t‘SR-

2145 2250 2208 2303 lis
2237 2250 2510 2315 Ecclesize,
2541 2267 2659 2320 qua:
2685 2253 2849 2307 vestis
2883 2254 2966 2307 sui
3001 2255 3354 2323 redemptoris
3387 2257 3523 2310 solet
3545 2261 3731 2328 appel-

2142 2340 2274 2404 lari,
2310 2352 2583 2412 nunquam
2618 2341 2792 2397 valeat
2814 2343 3093 2413 disrumpi,
3120 2346 3248 2414 quin
3277 2348 3454 2415 potius
3476 2356 3528 2401 et
3558 2350 3602 2402 si
3629 2349 3728 2422 tn-

2141 2431 2238 2485 d.ei
2268 2432 2311 2485 si
2335 2434 2585 2501 gentiles,
2611 2433 2654 2487 si
2683 2435 2941 2499 hreretici,
2972 2438 3015 2490 si
3055 2437 3177 2491 mali
3207 2439 3481 2501 catholici,
3510 2440 3731 2495 humili-

2142 2531 2305 2577 tatem
2338 2523 2547 2580 Domini
2575 2526 2857 2582 salvatoris
2890 2536 3253 2591 contemnant,
3287 2529 3401 2598 ejus
3431 2540 3609 2587 tamen
3638 2550 3728 2586 us-

2138 2628 2242 2681 que
2270 2613 2335 2666 ad
2368 2616 2886 2670 consummationem
2924 2617 3104 2673 seculi
3134 2660 3156 2692 ,Α
3200 2619 3253 2674 in
3287 2619 3391 2691 illis
3423 2636 3560 2690 quos
3598 2637 3727 2676 sors

2137 2705 2417 2759 electionis
2443 2706 2709 2760 invenerit
2731 2707 2982 2763 inviolata
3009 2709 3080 2763 sit
3096 2723 3447 2776 permansura
3469 2713 3717 2771 castitas.

2219 2792 2583 2851 Verumtamen
2628 2798 2745 2852 dico
2800 2797 2961 2865 vobis,
3024 2800 3213 2855 umodo
3276 2803 3507 2857 videbitis
3548 2804 3727 2873 ﬁliuni

2135 2886 2357 2941 hominis
2384 2887 2642 2942 sedentem
2672 2906 2704 2942 a
2734 2890 2932 2944 dextris
2958 2892 3163 2946 virtutis
3191 2892 3312 2958 Dei,
3354 2902 3403 2947 et
3432 2895 3719 2947 venientem

2135 2980 2186 3032 in
2219 2980 2459 3034 nubibus.
2496 2981 2552 3035 Si
2578 2997 2707 3051 ergo
2736 2982 2829 3037 tibi
2860 2983 2914 3036 in
2941 2983 3176 3048 Christo,
3208 3001 3242 3038 ο
3270 2983 3472 3049 Iudice,
3510 3000 3720 3055 pagane

2134 3078 2188 3122 et
2216 3069 2490 3134 luerctice,
2520 3080 2882 3139 contemptus,
2927 3072 3233 3135 infirmitas,
3278 3081 3333 3127 et
3361 3089 3494 3127 crux
3525 3084 3719 3127 emitu-

454 3162 583 3233 xu),
613 3162 677 3216 de
710 3161 838 3216 illo:
874 3160 1006 3212 Iz'cce
1052 3174 1137 3212 vos
1177 3175 1349 3209 omnes
1374 3154 1707 3208 (lt‘Ct’lltlclt't‘S
1742 3153 1931 3221 ignem.
1965 3131 2098 3203 αι’-Ο
2132 3160 2289 3212 mella
2322 3168 2433 3223 est,
2466 3161 2590 3213 vide
2621 3160 2761 3229 quod
2792 3177 2888 3229 per
2916 3157 3197 3214 luceF‘ilius
3224 3163 3461 3217 hominis
3490 3166 3558 3219 ad
3586 3166 3717 3219 dex-

450 3257 604 3311 cincti
623 3254 850 3325 [intumis
872 3251 1134 3321 ambulate
1160 3250 1212 3302 in
1236 3247 1429 3301 lumine
1448 3248 1581 3316 ignis
1612 3246 1779 3309 vestri,
1806 3254 1852 3297 et
1874 3245 2026 3312 [lum-

451 3335 656 3415 marum
710 3361 841 3416 quas
889 3341 1262 3403 surcendistis;
1308 3339 1406 3392 iste
1453 3353 1614 3406 super
1656 3338 1937 3391 credentes
1970 3334 2022 3387 in

450 3435 726 3492 vmnaculo
769 3434 898 3489 Sion
944 3434 1008 3487 de
1057 3432 1193 3485 coelo
1220 3431 1549 3484 descendens
1611 3429 1776 3482 variis
1828 3427 2023 3497 linguis

450 3530 615 3582 Deum
646 3526 874 3580 laudare.
896 3524 1098 3588 docuit,
1137 3518 1220 3576 ille
1251 3531 1474 3576 terremc
1529 3520 1766 3573 materia:
1805 3518 2023 3586 Caipha:

428 3623 599 3676 .l'ocus
629 3620 681 3673 in
706 3618 844 3673 atrio
875 3616 1104 3689 finitimis
1134 3612 1358 3686 negandi
1404 3614 1569 3669 Deum
1604 3612 1789 3666 turbas
1831 3620 2022 3663 accen-

445 3713 540 3776 dit,
569 3711 787 3783 nangah
816 3710 1007 3770 hortun
1045 3708 1313 3777 apostolus
1360 3705 1555 3759 Petrus
1609 3710 2018 3774 persecuturum

445 3803 630 3871 prunis
655 3800 888 3857 calefieri
940 3800 1206 3869 cupiebat,
1239 3799 1363 3866 quia
1392 3796 1707 3865 temporalis
1750 3788 2016 3855 commodi

443 3895 691 3950 solatium
745 3891 1068 3964 pen-illorum
1117 3893 1375 3946 societate
1406 3882 1680 3958 qmcrchat
1709 3927 1723 3950 ,
1778 3885 1870 3938 scd
1912 3899 2016 3936 non

444 3995 963 4061 inora,.rcspcctusa
990 3986 1235 4048 Domino,
1268 3998 1388 4037 ciunt
1438 3983 1615 4049 ignem
1664 3992 1851 4030 eorum
1898 3991 2018 4029 cor-

440 4096 588 4147 pore,
621 4088 745 4140 tunc
791 4087 842 4133 et
864 4077 1234 4132 inlidclitatem
1264 4072 1426 4128 corde
1463 4070 1696 4138 reliquit.

510 4172 799 4226 Novissime
847 4180 1038 4232 autem,
1071 4175 1317 4222 venerunt
1360 4164 1465 4233 duo
1516 4162 1638 4234 falsi
1665 4173 1815 4216 testes
1855 4169 1900 4215 et
1935 4161 2017 4214 di-

435 4276 654 4320 xerunt:
682 4264 785 4317 Hic
815 4263 1210 4335 dixithassum
1250 4259 1515 4317 destruere
1549 4255 1795 4329 templum
1830 4253 1944 4319 Dei,
1968 4263 2017 4329 et

435 4367 547 4424 post
574 4356 803 4423 triduum
831 4354 1151 4421 retudi/itare
1184 4349 1336 4405 illud.
1370 4347 1649 4415 Quomodo
1701 4344 1820 4400 falsi
1853 4354 2014 4399 testes

2133 3261 2266 3304 Iram
2314 3251 2404 3305 Dei
2446 3250 2617 3304 Patris
2661 3266 2928 3312 sessurus,
2978 3264 3041 3304 ex
3085 3261 3238 3321 partu
3283 3255 3511 3323 virginis
3552 3257 3717 3310 homo

2129 3351 2308 3403 natus,
2327 3341 2378 3393 in
2401 3356 2518 3402 sua,
2537 3341 2589 3393 in
2614 3340 2737 3393 οωιὶ
2761 3340 3009 3402 nubibus,
3027 3352 3109 3394 est
3129 3341 3412 3408 majestate
3427 3353 3711 3399 venturus.

2201 3428 2344 3484 Tunc
2380 3438 2664 3500 rapuerunt
2698 3430 2750 3482 in
2780 3430 2968 3498 [aciem
2994 3431 3129 3500 ejus,
3164 3434 3539 3487 et-secundum
3571 3435 3715 3489 Mar-

2127 3535 2247 3573 cum
2275 3540 2285 3573 :
2337 3519 2643 3574 l’elarernnt
2685 3521 2871 3591 {aciem
2903 3522 3038 3592 ejus.
3077 3522 3145 3577 Ut
3173 3524 3536 3592 compleretur
3564 3527 3711 3593 quod

2124 3615 2382 3682 scriptum
2415 3623 2539 3668 est:
2576 3614 2706 3668 Dedi
2745 3615 2990 3669 max-illas
3019 3633 3161 3669 meas
3198 3616 3388 3686 alapis,
3430 3627 3479 3670 et
3515 3617 3709 3686 faciem

2124 3719 2288 3772 meum
2320 3721 2420 3756 non
2457 3705 2621 3757 averti
2651 3723 2681 3756 a
2718 3705 3022 3773 confusione
3055 3716 3325 3775 sputorum
3352 3706 3567 3778 (Tltren.
3598 3710 3705 3773 ιιι).

2194 3798 2519 3853 Vciaverunt
2546 3808 2726 3854 autem
2770 3799 2961 3853 faciem
2992 3798 3127 3867 ejus,
3162 3816 3268 3854 non
3297 3810 3358 3854 ut
3393 3816 3580 3854 eorum
3613 3803 3705 3855 ille

2121 3890 2325 3943 scelera
2356 3907 2461 3944 non
2502 3891 2709 3956 videat,
2748 3891 2842 3944 sed
2871 3900 2929 3944 nt
2957 3906 2985 3944 a
3017 3892 3232 3960 seipsis,
3261 3891 3401 3945 sicut
3428 3893 3703 3961 quondam

2120 3981 2250 4038 Mosi
2281 3983 2552 4047 fecerunt,
2589 3984 2817 4054 gratiam
2843 3984 3168 4053 cognitionis
3201 3984 3318 4053 ejus
3343 3985 3698 4039 abscondant.

2119 4074 2175 4127 Si
2205 4074 2347 4128 enim
2379 4076 2665 4146 crederent
2705 4072 2867 4138 Mosi,
2911 4074 3195 4127 crederent
3233 4073 3462 4127 forsitan
3492 4081 3549 4127 et
3590 4073 3700 4128 Do-

2117 4166 2266 4231 mino
2293 4164 2473 4235 (Joan.
2507 4170 2589 4237 v).
2624 4164 2776 4231 Quod
2802 4163 3161 4217 velamentum
3192 4179 3361 4231 usque
3388 4163 3547 4217 hodie
3578 4180 3698 4217 rna-

2116 4263 2207 4308 net
2234 4270 2395 4323 super
2423 4269 2519 4309 cor
2546 4270 2733 4309 eorum
2762 4268 2866 4306 non
2897 4252 3212 4307 revelatum.
3248 4251 3412 4307 Nobis
3437 4261 3617 4307 autem
3646 4254 3699 4307 in

2114 4347 2386 4401 Christum
2416 4346 2761 4402 credentibus
2786 4344 3020 4398 ablatum
3052 4352 3152 4398 est.
3194 4344 3376 4413 Neque
3401 4345 3545 4398 enim
3578 4344 3696 4397 fru-

436 4450 581 4507 sunt,
624 4440 669 4495 si
707 4456 770 4494 ea
803 4440 990 4494 dicunt
1023 4451 1141 4504 qua:
1173 4434 1455 4487 Domimnn
1503 4449 1663 4501 supra
1691 4430 1891 4483 dixisse
1940 4428 2014 4481 le-
2039 4463 2095 4522 D
2118 4446 2252 4503 stra,
2277 4454 2341 4492 eo
2366 4437 2649 4501 moriente,
2678 4438 2852 4491 velum
2882 4436 3306 4505 templiseissum
3328 4444 3408 4490 est
3435 4437 3707 4515 medium,

432 4533 637 4604 gimus?
667 4530 771 4586 Sed
795 4528 960 4583 falsus
981 4525 1134 4581 testis
1170 4536 1291 4589 est,
1339 4522 1428 4592 qui
1478 4539 1579 4575 non
1631 4521 1818 4576 eodem
1867 4521 2011 4574 dicta

431 4637 590 4676 sensu
615 4618 889 4689 intelligit,
917 4631 1025 4685 quo
1045 4615 1312 4669 dicuntur.
1331 4604 1586 4665 Dominus
1609 4617 1785 4663 autem
1802 4609 2014 4662 dixerat

432 4714 497 4767 de
528 4709 723 4779 templo
750 4707 994 4775 corporis
1019 4705 1127 4777 sui.
1149 4704 1241 4758 sed
1270 4713 1325 4755 et
1367 4702 1417 4754 in
1444 4700 1573 4770 ipsis
1598 4700 1774 4754 vcriis
1816 4700 2014 4752 calum-

432 4802 672 4863 niantur,
697 4806 752 4852 et
771 4797 956 4868 paucis
992 4793 1188 4848 additis
1212 4790 1299 4859 \‘cl
1321 4792 1540 4844 unitatis
1564 4831 1577 4853 ,
1636 4789 1786 4857 quasi
1808 4790 2009 4858 justam

431 4890 753 4961 calumniam
794 4888 1014 4942 iaciunt.
1070 4884 1319 4940 Salvator
1356 4882 1566 4937 dixerat
1603 4900 1615 4935 :
1657 4881 1847 4934 Solrite
1884 4892 2012 4934 tem-

404 4985 572 5055 .plum
626 4986 722 5035 hoc
750 5023 763 5044 ,
823 4981 908 5035 isti
967 4986 1300 5035 commutant
1348 4986 1402 5030 ct
1438 4978 1626 5031 aiunt:
1668 4970 2011 5028 I’ossum‘dc-

434 5088 629 5131 ttruare
653 5071 898 5141 templum
931 5071 1045 5124 Dei.
1087 5070 1190 5124 Vos
1217 5109 1231 5132 ,
1282 5068 1470 5136 inquit,
1502 5066 1711 5130 solvite,
1736 5083 1839 5118 non
1873 5083 1971 5136 ego
1992 5107 2004 5129 ,

432 5165 554 5234 quia
586 5142 831 5229 illicitum
884 5172 964 5227 est
1015 5169 1066 5214 ut
1121 5158 1402 5227 ipsi’nobis
1454 5156 1747 5210 inferamus
1794 5173 2002 5209 manus.

431 5255 634 5311 Deinde
665 5253 738 5307 illi
779 5261 1016 5315 vertunt,
1051 5259 1103 5304 ct
1134 5260 1253 5317 post
1285 5249 1517 5302 triduum
1546 5246 1813 5300 ardiiicare
1843 5245 1998 5308 illud,

429 5357 489 5401 ut
520 5344 738 5417 proprie
780 5344 847 5400 de
877 5344 1075 5411 templo
1101 5339 1324 5393 .ladaico
1373 5340 1571 5393 dixisse
1599 5337 1861 5392 videatur.
1904 5338 2003 5390 llo-

430 5441 610 5494 minus
635 5445 813 5491 antem
846 5446 923 5493 ut
944 5433 1253 5488 ostenderet
1280 5430 1509 5484 animale.
1561 5439 1612 5483 ct
1640 5429 1849 5498 spirans
1880 5442 2007 5486 tea:-

431 5531 597 5602 pium,
628 5529 862 5590 dixerat,
892 5536 939 5579 et
979 5542 1071 5594 ego
1098 5525 1148 5576 in
1177 5522 1349 5575 triduo
1382 5522 1640 5575 suscitabo
1671 5520 1818 5573 illud.
1846 5521 2002 5573 Aliud

429 5632 513 5676 cst
551 5623 840 5687 mdilicarc,
871 5621 1015 5674 aliud
1046 5618 1326 5672 sturitare.

505 5709 747 5779 Princeps
770 5721 941 5763 autem
969 5708 1290 5761 sucrrzlotrnn
1322 5708 1393 5759 (Ill
1433 5706 1508 5759 illi
1536 5722 1550 5757 .'
1578 5706 1774 5773 .~l(ljttt'o
1820 5717 1865 5757 tr
1916 5723 2004 5774 per
2038 5742 2051 5749 κ

2066 4521 2208 4581 “sed
2240 4537 2293 4581 et
2328 4544 2389 4582 ea
2422 4544 2540 4597 qua:
2568 4537 2679 4581 toto
2718 4527 2849 4596 legis
2890 4535 3131 4596 tempore
3174 4526 3460 4603 latuerant,
3500 4535 3559 4581 ct
3578 4527 3699 4579 abs-

2114 4618 2327 4671 condita
2356 4616 2557 4669 carnali
2588 4616 2748 4669 Israel
2776 4614 2987 4670 fuerant
3005 4657 3017 4677 ,
3066 4612 3195 4669 Novi
3222 4614 3556 4689 Testamenti
3583 4616 3696 4668 cul-

2116 4709 2320 4783 toribus
2346 4716 2470 4762 sunt
2501 4708 2763 4777 patefacta
2795 4692 2979 4762 simcta
3006 4716 3314 4772 sanctorum
3341 4721 3561 4760 arcana.

2186 4799 2253 4851 Et
2284 4799 2599 4852 necessitati
2625 4816 2742 4851 eum
2772 4798 3100 4855 unaaucilla
3127 4798 3304 4851 dicens
3335 4813 3354 4852 :
3388 4796 3455 4850 Et
3485 4806 3542 4850 tu
3575 4814 3692 4850 cum

2113 4890 2238 4943 Jcsu
2269 4888 2487 4944 Call/(ro
2519 4906 2653 4943 cras.
2699 4889 2835 4956 Quid
2877 4890 2977 4944 sibi
3008 4890 3148 4953 vult,
3180 4890 3322 4959 quod
3361 4889 3539 4962 primo
3566 4903 3688 4944 eum

2111 4983 2289 5051 prodit
2318 4981 2532 5046 ancilla,
2561 4997 2680 5035 cum
2705 4981 2806 5034 viri
2840 4980 3024 5057 utique
3052 4981 3222 5050 magis
3248 4995 3369 5034 cum
3398 4990 3691 5048 potuerunt

2110 5072 2534 5142 recognoscere?
2583 5072 2684 5125 nisi
2727 5081 2786 5124 ut
2830 5072 2931 5125 iste.
2976 5065 3426 5140 sexuspeccasse
3460 5070 3513 5123 in
3558 5086 3691 5125 nece

2108 5163 2317 5216 lloniini
2343 5164 2638 5223 videretur,
2667 5170 2722 5215 et
2747 5162 2848 5215 iste
2887 5176 3050 5215 sexus
3079 5161 3437 5215 redimeretur
3458 5175 3559 5229 per
3586 5161 3691 5215 Do~

2110 5253 2235 5306 mini
2266 5253 2606 5321 passionem?
2631 5259 2683 5305 et
2714 5252 2832 5305 ideo
2855 5251 3048 5305 mulier
3072 5251 3488 5305 resurrectionis
3511 5251 3689 5320 prima

2106 5346 2311 5413 accepit
2357 5345 2633 5415 mysteria,
2668 5351 2721 5396 et
2757 5343 3005 5395 mandata
3047 5343 3304 5405 custodit,
3348 5350 3408 5395 ut
3451 5351 3685 5397 veterem

2107 5433 2565 5503 prmvarieationis
2596 5429 2835 5484 aboleret
2869 5439 3150 5484 terrorem.

2179 5526 2241 5578 Et
2277 5539 2385 5594 post.
2421 5524 2665 5594 pusillum
2696 5533 3021 5577 accesserunt
3061 5525 3149 5593 qui
3189 5523 3429 5586 stabant,
3459 5534 3506 5575 ct
3536 5524 3689 5575 dire-

2109 5625 2226 5665 rnnt
2264 5615 2415 5666 I'ctro
2450 5629 2466 5664 :
2510 5612 2636 5666 Vere
2661 5624 2706 5664 et
2734 5623 2787 5665 tn
2815 5630 2877 5665 ea:
2904 5614 3007 5666 illis
3034 5630 3106 5675 es,
3137 5628 3257 5665 nam
3285 5623 3331 5666 et
3364 5612 3571 5682 loquela
3598 5626 3688 5667 tua

2109 5704 2436 5771 ntuttift'slunt
2466 5716 2513 5756 te
2537 5705 2682 5773 facit.
2713 5702 2823 5758 Non
2848 5705 2988 5772 quod
3016 5705 3234 5757 alterius
3258 5707 3525 5759 scrmoais
3550 5715 3692 5777 esset.
