  <div class='ocr_page' id='page_1' title='image "/cluster/home/n/w/nwhite01/storage/ocr_20150623/102/umn.31951002477395f/100.png"; bbox 0 0 3978 6420; ppageno 0'>
   <div class='ocr_carea' id='block_1_1' title="bbox 287 281 385 334">
    <p class='ocr_par' dir='ltr' id='par_1_1' title="bbox 287 281 385 334">
     <span class='ocr_line' id='line_1_1' title="bbox 287 281 385 334; baseline 0.02 -2"><span class='ocrx_word' id='word_1_1' title='bbox 287 281 385 334; x_wconf 70' lang='grc'><strong>185</strong></span> 
     </span>
    </p>
   </div>
   <div class='ocr_carea' id='block_1_2' title="bbox 1109 271 2727 338">
    <p class='ocr_par' dir='ltr' id='par_1_2' title="bbox 1109 271 2727 338">
     <span class='ocr_line' id='line_1_2' title="bbox 1109 271 2727 338; baseline 0.005 -8"><span class='ocrx_word' id='word_1_2' title='bbox 1109 273 1626 334; x_wconf 76' lang='lat' dir='ltr'><strong>COLLECTIONES</strong></span> <span class='ocrx_word' id='word_1_3' title='bbox 1664 271 1732 326; x_wconf 68' lang='grc' dir='ltr'><strong>ΙΝ</strong></span> <span class='ocrx_word' id='word_1_4' title='bbox 1771 273 2148 332; x_wconf 72' lang='lat' dir='ltr'><strong>EPISTOLAS</strong></span> <span class='ocrx_word' id='word_1_5' title='bbox 2186 277 2274 332; x_wconf 82' lang='lat' dir='ltr'><strong>ET</strong></span> <span class='ocrx_word' id='word_1_6' title='bbox 2316 279 2727 338; x_wconf 70' lang='lat' dir='ltr'><strong>EVA‘NGELIA.</strong></span> 
     </span>
    </p>
   </div>
   <div class='ocr_carea' id='block_1_3' title="bbox 3437 294 3536 346">
    <p class='ocr_par' dir='ltr' id='par_1_3' title="bbox 3437 294 3536 346">
     <span class='ocr_line' id='line_1_3' title="bbox 3437 294 3536 346; baseline 0 0"><span class='ocrx_word' id='word_1_7' title='bbox 3437 294 3536 346; x_wconf 59' lang='lat'><strong>196</strong></span> 
     </span>
    </p>
   </div>
   <div class='ocr_carea' id='block_1_4' title="bbox 282 385 3626 477">
    <p class='ocr_par' dir='ltr' id='par_1_4' title="bbox 282 385 3626 477">
     <span class='ocr_line' id='line_1_4' title="bbox 282 385 3626 477; baseline 0.005 -33"><span class='ocrx_word' id='word_1_8' title='bbox 282 391 489 446; x_wconf 63' lang='lat' dir='ltr'><strong>Petrus.</strong></span> <span class='ocrx_word' id='word_1_9' title='bbox 515 397 610 444; x_wconf 84' lang='lat' dir='ltr'><strong>aut</strong></span> <span class='ocrx_word' id='word_1_10' title='bbox 635 387 813 458; x_wconf 66' lang='lat' dir='ltr'><strong>gentis</strong></span> <span class='ocrx_word' id='word_1_11' title='bbox 839 394 1155 449; x_wconf 75' lang='lat' dir='ltr'><strong>extraneus.</strong></span> <span class='ocrx_word' id='word_1_12' title='bbox 1177 400 1368 440; x_wconf 85' lang='lat' dir='ltr'><strong>omnes</strong></span> <span class='ocrx_word' id='word_1_13' title='bbox 1395 387 1592 457; x_wconf 83' lang='lat' dir='ltr'><strong>quippe</strong></span> <span class='ocrx_word' id='word_1_14' title='bbox 1618 385 1850 450; x_wconf 68' lang='lat' dir='ltr'><strong>Hebraei,</strong></span> <span class='ocrx_word' id='word_1_15' title='bbox 1879 390 1932 449; x_wconf 82' lang='grc' dir='ltr'><strong>Α</strong></span> <span class='ocrx_word' id='word_1_16' title='bbox 1955 402 2134 444; x_wconf 74' lang='lat' dir='ltr'><strong>causa:</strong></span> <span class='ocrx_word' id='word_1_17' title='bbox 2171 405 2332 460; x_wconf 87' lang='lat' dir='ltr'><strong>quam</strong></span> <span class='ocrx_word' id='word_1_18' title='bbox 2355 394 2654 450; x_wconf 73' lang='lat' dir='ltr'><strong>‘damnaret</strong></span> <span class='ocrx_word' id='word_1_19' title='bbox 2694 397 2917 453; x_wconf 89' lang='lat' dir='ltr'><strong>invenit.</strong></span> <span class='ocrx_word' id='word_1_20' title='bbox 2958 398 3110 466; x_wconf 80' lang='lat' dir='ltr'><strong>Quod</strong></span> <span class='ocrx_word' id='word_1_21' title='bbox 3136 418 3260 458; x_wconf 73' lang='lat' dir='ltr'><strong>vero</strong></span> <span class='ocrx_word' id='word_1_22' title='bbox 3281 405 3537 477; x_wconf 75' lang='lat' dir='ltr'><strong>prim-ipi-</strong></span> <span class='ocrx_word' id='word_1_23' title='bbox 3619 407 3626 414; x_wconf 75' lang='grc'><strong><em>’</em></strong></span> 
     </span>
    </p>
   </div>
   <div class='ocr_carea' id='block_1_5' title="bbox 279 477 1856 550">
    <p class='ocr_par' dir='ltr' id='par_1_5' title="bbox 279 477 1856 550">
     <span class='ocr_line' id='line_1_5' title="bbox 279 477 1856 550; baseline -0.002 -16"><span class='ocrx_word' id='word_1_24' title='bbox 279 493 336 538; x_wconf 77' lang='lat' dir='ltr'><strong>et</strong></span> <span class='ocrx_word' id='word_1_25' title='bbox 363 488 521 535; x_wconf 86' lang='lat' dir='ltr'><strong>erant</strong></span> <span class='ocrx_word' id='word_1_26' title='bbox 542 479 636 548; x_wconf 90' lang='lat' dir='ltr'><strong>qui</strong></span> <span class='ocrx_word' id='word_1_27' title='bbox 664 478 982 550; x_wconf 78' lang='lat' dir='ltr'><strong>arguebant,</strong></span> <span class='ocrx_word' id='word_1_28' title='bbox 1007 486 1060 532; x_wconf 89' lang='lat' dir='ltr'><strong>ct</strong></span> <span class='ocrx_word' id='word_1_29' title='bbox 1081 477 1172 546; x_wconf 90' lang='lat' dir='ltr'><strong>qui</strong></span> <span class='ocrx_word' id='word_1_30' title='bbox 1194 479 1574 548; x_wconf 77' lang='lat' dir='ltr'><strong>arguebantur,</strong></span> <span class='ocrx_word' id='word_1_31' title='bbox 1600 477 1694 533; x_wconf 85' lang='lat' dir='ltr'><strong>sed</strong></span> <span class='ocrx_word' id='word_1_32' title='bbox 1715 478 1856 548; x_wconf 87' lang='lat' dir='ltr'><strong>quod</strong></span> 
     </span>
    </p>
   </div>
   <div class='ocr_carea' id='block_1_6' title="bbox 279 569 1858 642">
    <p class='ocr_par' dir='ltr' id='par_1_6' title="bbox 279 569 1858 642">
     <span class='ocr_line' id='line_1_6' title="bbox 279 569 1858 642; baseline -0.001 -16"><span class='ocrx_word' id='word_1_33' title='bbox 279 585 616 642; x_wconf 71' lang='lat' dir='ltr'><strong>uuaquatque</strong></span> <span class='ocrx_word' id='word_1_34' title='bbox 649 569 926 640; x_wconf 82' lang='lat' dir='ltr'><strong>provincia</strong></span> <span class='ocrx_word' id='word_1_35' title='bbox 969 577 1025 624; x_wconf 88' lang='lat' dir='ltr'><strong>et</strong></span> <span class='ocrx_word' id='word_1_36' title='bbox 1067 569 1216 639; x_wconf 77' lang='lat' dir='ltr'><strong>regio</strong></span> <span class='ocrx_word' id='word_1_37' title='bbox 1261 569 1458 624; x_wconf 85' lang='lat' dir='ltr'><strong>habeat</strong></span> <span class='ocrx_word' id='word_1_38' title='bbox 1499 569 1858 640; x_wconf 81' lang='lat' dir='ltr'><strong>proprietates</strong></span> 
     </span>
    </p>
   </div>
   <div class='ocr_carea' id='block_1_7' title="bbox 278 661 1858 731">
    <p class='ocr_par' dir='ltr' id='par_1_7' title="bbox 278 661 1858 731">
     <span class='ocr_line' id='line_1_7' title="bbox 278 661 1858 731; baseline -0.001 -13"><span class='ocrx_word' id='word_1_39' title='bbox 278 681 426 727; x_wconf 84' lang='lat' dir='ltr'><strong>suas,</strong></span> <span class='ocrx_word' id='word_1_40' title='bbox 457 671 515 720; x_wconf 86' lang='lat' dir='ltr'><strong>et</strong></span> <span class='ocrx_word' id='word_1_41' title='bbox 538 661 883 716; x_wconf 83' lang='lat' dir='ltr'><strong>vernaculum</strong></span> <span class='ocrx_word' id='word_1_42' title='bbox 913 661 1162 731; x_wconf 81' lang='lat' dir='ltr'><strong>loquendi</strong></span> <span class='ocrx_word' id='word_1_43' title='bbox 1185 676 1376 716; x_wconf 90' lang='lat' dir='ltr'><strong>sonum</strong></span> <span class='ocrx_word' id='word_1_44' title='bbox 1405 661 1574 716; x_wconf 84' lang='lat' dir='ltr'><strong>vitare</strong></span> <span class='ocrx_word' id='word_1_45' title='bbox 1601 676 1704 716; x_wconf 92' lang='lat' dir='ltr'><strong>non</strong></span> <span class='ocrx_word' id='word_1_46' title='bbox 1731 676 1858 731; x_wconf 88' lang='lat' dir='ltr'><strong>pos-</strong></span> 
     </span>
    </p>
   </div>
   <div class='ocr_carea' id='block_1_8' title="bbox 222 752 1856 824">
    <p class='ocr_par' dir='ltr' id='par_1_8' title="bbox 222 752 1856 824">
     <span class='ocr_line' id='line_1_8' title="bbox 222 752 1856 824; baseline 0.001 -18"><span class='ocrx_word' id='word_1_47' title='bbox 222 801 230 806; x_wconf 86' lang='lat'><strong>.</strong></span> <span class='ocrx_word' id='word_1_48' title='bbox 276 759 378 820; x_wconf 57' lang='grc' dir='ltr'><strong>εἰ,</strong></span> <span class='ocrx_word' id='word_1_49' title='bbox 413 755 555 812; x_wconf 83' lang='lat' dir='ltr'><strong>unde</strong></span> <span class='ocrx_word' id='word_1_50' title='bbox 583 763 638 811; x_wconf 88' lang='lat' dir='ltr'><strong>et</strong></span> <span class='ocrx_word' id='word_1_51' title='bbox 675 753 940 824; x_wconf 60' lang='lat' dir='ltr'><strong>Ephratati</strong></span> <span class='ocrx_word' id='word_1_52' title='bbox 962 755 1014 812; x_wconf 90' lang='lat' dir='ltr'><strong>in</strong></span> <span class='ocrx_word' id='word_1_53' title='bbox 1049 752 1298 811; x_wconf 72' lang='lat' dir='ltr'><strong>Iudicum</strong></span> <span class='ocrx_word' id='word_1_54' title='bbox 1327 753 1465 811; x_wconf 88' lang='lat' dir='ltr'><strong>libro</strong></span> <span class='ocrx_word' id='word_1_55' title='bbox 1495 769 1602 808; x_wconf 92' lang='lat' dir='ltr'><strong>non</strong></span> <span class='ocrx_word' id='word_1_56' title='bbox 1631 762 1856 824; x_wconf 88' lang='lat' dir='ltr'><strong>possunt</strong></span> 
     </span>
    </p>
   </div>
   <div class='ocr_carea' id='block_1_9' title="bbox 274 843 1072 918">
    <p class='ocr_par' dir='ltr' id='par_1_9' title="bbox 274 843 1072 918">
     <span class='ocr_line' id='line_1_9' title="bbox 274 843 1072 918; baseline -0.003 -18"><span class='ocrx_word' id='word_1_57' title='bbox 274 848 510 918; x_wconf 60' lang='grc' dir='ltr'><strong>σύνθημα</strong></span> <span class='ocrx_word' id='word_1_58' title='bbox 535 845 716 900; x_wconf 89' lang='lat' dir='ltr'><strong>dicere</strong></span> <span class='ocrx_word' id='word_1_59' title='bbox 745 843 898 909; x_wconf 72' lang='lat' dir='ltr'><strong>(Iud.</strong></span> <span class='ocrx_word' id='word_1_60' title='bbox 931 861 1005 900; x_wconf 75' lang='lat' dir='ltr'><strong>xu</strong></span> 
     </span>
    </p>
   </div>
   <div class='ocr_carea' id='block_1_10' title="bbox 351 935 1854 1004">
    <p class='ocr_par' dir='ltr' id='par_1_10' title="bbox 351 935 1854 1004">
     <span class='ocr_line' id='line_1_10' title="bbox 351 935 1854 1004; baseline 0.001 -13"><span class='ocrx_word' id='word_1_61' title='bbox 351 937 418 991; x_wconf 73' lang='lat' dir='ltr'><strong>Et</strong></span> <span class='ocrx_word' id='word_1_62' title='bbox 437 937 684 992; x_wconf 87' lang='lat' dir='ltr'><strong>continuo</strong></span> <span class='ocrx_word' id='word_1_63' title='bbox 703 935 875 1004; x_wconf 78' lang='lat' dir='ltr'><strong>gallus</strong></span> <span class='ocrx_word' id='word_1_64' title='bbox 896 937 1144 1000; x_wconf 87' lang='lat' dir='ltr'><strong>cantavit,</strong></span> <span class='ocrx_word' id='word_1_65' title='bbox 1167 947 1214 990; x_wconf 89' lang='lat' dir='ltr'><strong>et</strong></span> <span class='ocrx_word' id='word_1_66' title='bbox 1241 937 1543 992; x_wconf 77' lang='lat' dir='ltr'><strong>recordatus</strong></span> <span class='ocrx_word' id='word_1_67' title='bbox 1563 945 1637 990; x_wconf 87' lang='lat' dir='ltr'><strong>est</strong></span> <span class='ocrx_word' id='word_1_68' title='bbox 1669 936 1854 992; x_wconf 89' lang='lat' dir='ltr'><strong>Petrus</strong></span> 
     </span>
    </p>
   </div>
   <div class='ocr_carea' id='block_1_11' title="bbox 274 1025 1855 1098">
    <p class='ocr_par' dir='ltr' id='par_1_11' title="bbox 274 1025 1855 1098">
     <span class='ocr_line' id='line_1_11' title="bbox 274 1025 1855 1098; baseline -0.001 -17"><span class='ocrx_word' id='word_1_69' title='bbox 274 1029 418 1082; x_wconf 75' lang='lat' dir='ltr'><strong>verbi</strong></span> <span class='ocrx_word' id='word_1_70' title='bbox 450 1028 678 1090; x_wconf 89' lang='lat' dir='ltr'><strong>Domini,</strong></span> <span class='ocrx_word' id='word_1_71' title='bbox 709 1027 788 1080; x_wconf 76' lang='lat' dir='ltr'><strong>vel</strong></span> <span class='ocrx_word' id='word_1_72' title='bbox 814 1025 1108 1081; x_wconf 83' lang='lat' dir='ltr'><strong>secundum</strong></span> <span class='ocrx_word' id='word_1_73' title='bbox 1127 1026 1326 1082; x_wconf 87' lang='lat' dir='ltr'><strong>Lucam</strong></span> <span class='ocrx_word' id='word_1_74' title='bbox 1356 1047 1372 1083; x_wconf 70' lang='grc' dir='ltr'>ς</span> <span class='ocrx_word' id='word_1_75' title='bbox 1402 1025 1642 1098; x_wconf 64' lang='lat' dir='ltr'><strong>Respexit</strong></span> <span class='ocrx_word' id='word_1_76' title='bbox 1674 1026 1855 1080; x_wconf 86' lang='lat' dir='ltr'><strong>Domi—</strong></span> 
     </span>
    </p>
   </div>
   <div class='ocr_carea' id='block_1_12' title="bbox 275 1110 1855 1186">
    <p class='ocr_par' dir='ltr' id='par_1_12' title="bbox 275 1110 1855 1186">
     <span class='ocr_line' id='line_1_12' title="bbox 275 1110 1855 1186; baseline 0 -15"><span class='ocrx_word' id='word_1_77' title='bbox 275 1135 374 1171; x_wconf 81' lang='lat' dir='ltr'><strong>nus</strong></span> <span class='ocrx_word' id='word_1_78' title='bbox 403 1115 639 1171; x_wconf 76' lang='lat' dir='ltr'><strong>Petrum.</strong></span> <span class='ocrx_word' id='word_1_79' title='bbox 685 1117 1029 1186; x_wconf 83' lang='lat' dir='ltr'><strong>Respiciente</strong></span> <span class='ocrx_word' id='word_1_80' title='bbox 1057 1117 1305 1181; x_wconf 85' lang='lat' dir='ltr'><strong>Domino,</strong></span> <span class='ocrx_word' id='word_1_81' title='bbox 1335 1110 1529 1172; x_wconf 85' lang='lat' dir='ltr'><strong>Petrus</strong></span> <span class='ocrx_word' id='word_1_82' title='bbox 1555 1118 1620 1172; x_wconf 87' lang='lat' dir='ltr'><strong>ad</strong></span> <span class='ocrx_word' id='word_1_83' title='bbox 1648 1133 1744 1173; x_wconf 92' lang='lat' dir='ltr'><strong>cor</strong></span> <span class='ocrx_word' id='word_1_84' title='bbox 1770 1134 1855 1172; x_wconf 90' lang='lat' dir='ltr'><strong>re-</strong></span> 
     </span>
    </p>
   </div>
   <div class='ocr_carea' id='block_1_13' title="bbox 275 1207 1854 1281">
    <p class='ocr_par' dir='ltr' id='par_1_13' title="bbox 275 1207 1854 1281">
     <span class='ocr_line' id='line_1_13' title="bbox 275 1207 1854 1281; baseline 0.002 -21"><span class='ocrx_word' id='word_1_85' title='bbox 275 1223 492 1272; x_wconf 75' lang='lat' dir='ltr'><strong>versus,</strong></span> <span class='ocrx_word' id='word_1_86' title='bbox 543 1207 806 1263; x_wconf 61' lang='lat' dir='ltr'><strong>maeulnni</strong></span> <span class='ocrx_word' id='word_1_87' title='bbox 850 1207 1154 1278; x_wconf 80' lang='lat' dir='ltr'><strong>negationis</strong></span> <span class='ocrx_word' id='word_1_88' title='bbox 1229 1209 1558 1278; x_wconf 68' lang='lat' dir='ltr'><strong>paenitendi-.1:</strong></span> <span class='ocrx_word' id='word_1_89' title='bbox 1602 1209 1854 1281; x_wconf 79' lang='lat' dir='ltr'><strong>lacrymis</strong></span> 
     </span>
    </p>
   </div>
   <div class='ocr_carea' id='block_1_14' title="bbox 274 1298 1854 1371">
    <p class='ocr_par' dir='ltr' id='par_1_14' title="bbox 274 1298 1854 1371">
     <span class='ocr_line' id='line_1_14' title="bbox 274 1298 1854 1371; baseline -0.001 -16"><span class='ocrx_word' id='word_1_90' title='bbox 274 1300 457 1370; x_wconf 78' lang='lat' dir='ltr'><strong>tergit.</strong></span> <span class='ocrx_word' id='word_1_91' title='bbox 497 1298 635 1366; x_wconf 78' lang='lat' dir='ltr'><strong>Quia</strong></span> <span class='ocrx_word' id='word_1_92' title='bbox 664 1314 771 1354; x_wconf 87' lang='lat' dir='ltr'><strong>non</strong></span> <span class='ocrx_word' id='word_1_93' title='bbox 799 1299 972 1362; x_wconf 84' lang='lat' dir='ltr'><strong>solum</strong></span> <span class='ocrx_word' id='word_1_94' title='bbox 1015 1315 1137 1356; x_wconf 88' lang='lat' dir='ltr'><strong>cum</strong></span> <span class='ocrx_word' id='word_1_95' title='bbox 1177 1300 1355 1371; x_wconf 79' lang='lat' dir='ltr'><strong>agitur</strong></span> <span class='ocrx_word' id='word_1_96' title='bbox 1394 1301 1734 1371; x_wconf 72' lang='lat' dir='ltr'><strong>pmnitentia,</strong></span> <span class='ocrx_word' id='word_1_97' title='bbox 1763 1315 1854 1354; x_wconf 88' lang='lat' dir='ltr'><strong>ve-</strong></span> 
     </span>
    </p>
   </div>
   <div class='ocr_carea' id='block_1_15' title="bbox 273 1391 1848 1464">
    <p class='ocr_par' dir='ltr' id='par_1_15' title="bbox 273 1391 1848 1464">
     <span class='ocr_line' id='line_1_15' title="bbox 273 1391 1848 1464; baseline 0 -19"><span class='ocrx_word' id='word_1_98' title='bbox 273 1409 393 1446; x_wconf 87' lang='lat' dir='ltr'><strong>rum</strong></span> <span class='ocrx_word' id='word_1_99' title='bbox 417 1393 578 1448; x_wconf 83' lang='lat' dir='ltr'><strong>etiam</strong></span> <span class='ocrx_word' id='word_1_100' title='bbox 612 1400 671 1446; x_wconf 88' lang='lat' dir='ltr'><strong>ut</strong></span> <span class='ocrx_word' id='word_1_101' title='bbox 694 1401 885 1464; x_wconf 74' lang='lat' dir='ltr'><strong>agatur</strong></span> <span class='ocrx_word' id='word_1_102' title='bbox 899 1391 992 1448; x_wconf 87' lang='lat' dir='ltr'><strong>Dei</strong></span> <span class='ocrx_word' id='word_1_103' title='bbox 1023 1392 1390 1448; x_wconf 79' lang='lat' dir='ltr'><strong>misericordia</strong></span> <span class='ocrx_word' id='word_1_104' title='bbox 1419 1392 1722 1448; x_wconf 85' lang='lat' dir='ltr'><strong>necessaria</strong></span> <span class='ocrx_word' id='word_1_105' title='bbox 1747 1399 1848 1446; x_wconf 84' lang='lat' dir='ltr'><strong>est.</strong></span> 
     </span>
    </p>
   </div>
   <div class='ocr_carea' id='block_1_16' title="bbox 274 1480 1369 1551">
    <p class='ocr_par' dir='ltr' id='par_1_16' title="bbox 274 1480 1369 1551">
     <span class='ocr_line' id='line_1_16' title="bbox 274 1480 1369 1551; baseline -0.002 -15"><span class='ocrx_word' id='word_1_106' title='bbox 274 1482 826 1551; x_wconf 80' lang='lat' dir='ltr'><strong>Respicere&#39;namque</strong></span> <span class='ocrx_word' id='word_1_107' title='bbox 851 1480 969 1550; x_wconf 86' lang='lat' dir='ltr'><strong>ejus</strong></span> <span class='ocrx_word' id='word_1_108' title='bbox 995 1482 1238 1536; x_wconf 85' lang='lat' dir='ltr'><strong>misereri</strong></span> <span class='ocrx_word' id='word_1_109' title='bbox 1267 1490 1369 1536; x_wconf 88' lang='lat' dir='ltr'><strong>est.</strong></span> 
     </span>
    </p>
   </div>
   <div class='ocr_carea' id='block_1_17' title="bbox 345 1569 1853 1642">
    <p class='ocr_par' dir='ltr' id='par_1_17' title="bbox 345 1569 1853 1642">
     <span class='ocr_line' id='line_1_17' title="bbox 345 1569 1853 1642; baseline -0.001 -16"><span class='ocrx_word' id='word_1_110' title='bbox 345 1571 501 1626; x_wconf 75' lang='lat' dir='ltr'><strong>Mane</strong></span> <span class='ocrx_word' id='word_1_111' title='bbox 525 1582 698 1626; x_wconf 83' lang='lat' dir='ltr'><strong>autent</strong></span> <span class='ocrx_word' id='word_1_112' title='bbox 727 1573 888 1642; x_wconf 79' lang='lat' dir='ltr'><strong>facta,</strong></span> <span class='ocrx_word' id='word_1_113' title='bbox 916 1569 1194 1625; x_wconf 82' lang='lat' dir='ltr'><strong>consilium</strong></span> <span class='ocrx_word' id='word_1_114' title='bbox 1220 1571 1454 1641; x_wconf 73' lang='lat' dir='ltr'><strong>fecerunt</strong></span> <span class='ocrx_word' id='word_1_115' title='bbox 1480 1571 1740 1642; x_wconf 74' lang='lat' dir='ltr'><strong>principes</strong></span> <span class='ocrx_word' id='word_1_116' title='bbox 1767 1587 1853 1624; x_wconf 85' lang='lat' dir='ltr'><strong>sa-</strong></span> 
     </span>
    </p>
   </div>
   <div class='ocr_carea' id='block_1_18' title="bbox 269 1662 1852 1730">
    <p class='ocr_par' dir='ltr' id='par_1_18' title="bbox 269 1662 1852 1730">
     <span class='ocr_line' id='line_1_18' title="bbox 269 1662 1852 1730; baseline -0.001 -12"><span class='ocrx_word' id='word_1_117' title='bbox 269 1665 571 1730; x_wconf 86' lang='lat' dir='ltr'><strong>cerdotum,</strong></span> <span class='ocrx_word' id='word_1_118' title='bbox 608 1675 656 1718; x_wconf 87' lang='lat' dir='ltr'><strong>et</strong></span> <span class='ocrx_word' id='word_1_119' title='bbox 693 1666 919 1718; x_wconf 76' lang='lat' dir='ltr'><strong>vinctura</strong></span> <span class='ocrx_word' id='word_1_120' title='bbox 949 1663 1128 1718; x_wconf 76' lang='lat' dir='ltr'><strong>Iesum</strong></span> <span class='ocrx_word' id='word_1_121' title='bbox 1169 1662 1498 1718; x_wconf 84' lang='lat' dir='ltr'><strong>tradiderunt</strong></span> <span class='ocrx_word' id='word_1_122' title='bbox 1529 1663 1716 1716; x_wconf 87' lang='lat' dir='ltr'><strong>Pontio</strong></span> <span class='ocrx_word' id='word_1_123' title='bbox 1757 1662 1852 1717; x_wconf 88' lang='lat' dir='ltr'><strong>Pi-</strong></span> 
     </span>
    </p>
   </div>
   <div class='ocr_carea' id='block_1_19' title="bbox 1956 479 3540 563">
    <p class='ocr_par' dir='ltr' id='par_1_19' title="bbox 1956 479 3540 563">
     <span class='ocr_line' id='line_1_19' title="bbox 1956 479 3540 563; baseline 0.012 -29"><span class='ocrx_word' id='word_1_124' title='bbox 1956 479 2058 537; x_wconf 89' lang='lat' dir='ltr'><strong>bus</strong></span> <span class='ocrx_word' id='word_1_125' title='bbox 2097 497 2202 537; x_wconf 92' lang='lat' dir='ltr'><strong>non</strong></span> <span class='ocrx_word' id='word_1_126' title='bbox 2243 485 2539 552; x_wconf 87' lang='lat' dir='ltr'><strong>respondit,</strong></span> <span class='ocrx_word' id='word_1_127' title='bbox 2565 487 2691 542; x_wconf 87' lang='lat' dir='ltr'><strong>data</strong></span> <span class='ocrx_word' id='word_1_128' title='bbox 2723 497 2807 544; x_wconf 91' lang='lat' dir='ltr'><strong>est</strong></span> <span class='ocrx_word' id='word_1_129' title='bbox 2845 491 2914 546; x_wconf 90' lang='lat' dir='ltr'><strong>de</strong></span> <span class='ocrx_word' id='word_1_130' title='bbox 2949 506 3090 563; x_wconf 78' lang='lat' dir='ltr'><strong>agno</strong></span> <span class='ocrx_word' id='word_1_131' title='bbox 3128 495 3440 561; x_wconf 86' lang='lat' dir='ltr'><strong>similitudo,</strong></span> <span class='ocrx_word' id='word_1_132' title='bbox 3480 509 3540 553; x_wconf 90' lang='lat' dir='ltr'><strong>ut</strong></span> 
     </span>
    </p>
   </div>
   <div class='ocr_carea' id='block_1_20' title="bbox 1955 568 3534 644">
    <p class='ocr_par' dir='ltr' id='par_1_20' title="bbox 1955 568 3534 644">
     <span class='ocr_line' id='line_1_20' title="bbox 1955 568 3534 644; baseline 0.013 -21"><span class='ocrx_word' id='word_1_133' title='bbox 1955 568 2011 623; x_wconf 91' lang='lat' dir='ltr'><strong>in</strong></span> <span class='ocrx_word' id='word_1_134' title='bbox 2035 585 2133 625; x_wconf 90' lang='lat' dir='ltr'><strong>suo</strong></span> <span class='ocrx_word' id='word_1_135' title='bbox 2155 571 2370 628; x_wconf 79' lang='lat' dir='ltr'><strong>silentio</strong></span> <span class='ocrx_word' id='word_1_136' title='bbox 2391 590 2496 629; x_wconf 87' lang='lat' dir='ltr'><strong>non</strong></span> <span class='ocrx_word' id='word_1_137' title='bbox 2521 591 2668 642; x_wconf 88' lang='lat' dir='ltr'><strong>reus,</strong></span> <span class='ocrx_word' id='word_1_138' title='bbox 2691 579 2786 633; x_wconf 86' lang='lat' dir='ltr'><strong>sed</strong></span> <span class='ocrx_word' id='word_1_139' title='bbox 2818 579 3074 637; x_wconf 85' lang='lat' dir='ltr'><strong>innocens</strong></span> <span class='ocrx_word' id='word_1_140' title='bbox 3095 583 3404 642; x_wconf 78' lang='lat' dir='ltr'><strong>haberetur.</strong></span> <span class='ocrx_word' id='word_1_141' title='bbox 3434 588 3534 644; x_wconf 89' lang='lat' dir='ltr'><strong>Ubi</strong></span> 
     </span>
    </p>
   </div>
   <div class='ocr_carea' id='block_1_21' title="bbox 1956 659 3538 742">
    <p class='ocr_par' dir='ltr' id='par_1_21' title="bbox 1956 659 3538 742">
     <span class='ocr_line' id='line_1_21' title="bbox 1956 659 3538 742; baseline 0.011 -28"><span class='ocrx_word' id='word_1_142' title='bbox 1956 659 2100 714; x_wconf 88' lang='lat' dir='ltr'><strong>enim</strong></span> <span class='ocrx_word' id='word_1_143' title='bbox 2132 663 2372 726; x_wconf 80' lang='lat' dir='ltr'><strong>tacebat,</strong></span> <span class='ocrx_word' id='word_1_144' title='bbox 2403 665 2564 732; x_wconf 90' lang='lat' dir='ltr'><strong>quasi</strong></span> <span class='ocrx_word' id='word_1_145' title='bbox 2603 681 2774 736; x_wconf 76' lang='lat' dir='ltr'><strong>agnus</strong></span> <span class='ocrx_word' id='word_1_146' title='bbox 2803 675 2916 722; x_wconf 88' lang='lat' dir='ltr'><strong>toto</strong></span> <span class='ocrx_word' id='word_1_147' title='bbox 2942 682 3042 737; x_wconf 89' lang='lat' dir='ltr'><strong>pro</strong></span> <span class='ocrx_word' id='word_1_148' title='bbox 3067 683 3229 742; x_wconf 75' lang='lat' dir='ltr'><strong>grege</strong></span> <span class='ocrx_word' id='word_1_149' title='bbox 3254 673 3538 730; x_wconf 77' lang='lat' dir='ltr'><strong>immolan-</strong></span> 
     </span>
    </p>
   </div>
   <div class='ocr_carea' id='block_1_22' title="bbox 1955 747 3570 832">
    <p class='ocr_par' dir='ltr' id='par_1_22' title="bbox 1955 747 3570 832">
     <span class='ocr_line' id='line_1_22' title="bbox 1955 747 3570 832; baseline 0.011 -29"><span class='ocrx_word' id='word_1_150' title='bbox 1955 747 2057 804; x_wconf 90' lang='lat' dir='ltr'><strong>dus</strong></span> <span class='ocrx_word' id='word_1_151' title='bbox 2094 751 2409 818; x_wconf 86' lang='lat' dir='ltr'><strong>patientiam</strong></span> <span class='ocrx_word' id='word_1_152' title='bbox 2448 759 2738 822; x_wconf 54' lang='lat' dir='ltr'><strong>praestabat</strong></span> <span class='ocrx_word' id='word_1_153' title='bbox 2781 767 2812 820; x_wconf 85' lang='lat'><strong>-;</strong></span> <span class='ocrx_word' id='word_1_154' title='bbox 2851 757 2941 812; x_wconf 83' lang='lat' dir='ltr'><strong>ubi</strong></span> <span class='ocrx_word' id='word_1_155' title='bbox 2982 774 3112 814; x_wconf 90' lang='lat' dir='ltr'><strong>vero</strong></span> <span class='ocrx_word' id='word_1_156' title='bbox 3149 764 3570 832; x_wconf 85' lang='lat' dir='ltr'><strong>respondebat,-</strong></span> 
     </span>
    </p>
   </div>
   <div class='ocr_carea' id='block_1_23' title="bbox 1955 841 3536 914">
    <p class='ocr_par' dir='ltr' id='par_1_23' title="bbox 1955 841 3536 914">
     <span class='ocr_line' id='line_1_23' title="bbox 1955 841 3536 914; baseline 0.01 -21"><span class='ocrx_word' id='word_1_157' title='bbox 1955 841 2106 908; x_wconf 89' lang='lat' dir='ltr'><strong>quasi</strong></span> <span class='ocrx_word' id='word_1_158' title='bbox 2136 849 2324 910; x_wconf 85' lang='lat' dir='ltr'><strong>pastor</strong></span> <span class='ocrx_word' id='word_1_159' title='bbox 2351 841 2543 904; x_wconf 89' lang='lat' dir='ltr'><strong>bonus,</strong></span> <span class='ocrx_word' id='word_1_160' title='bbox 2573 859 2672 912; x_wconf 91' lang='lat' dir='ltr'><strong>pro</strong></span> <span class='ocrx_word' id='word_1_161' title='bbox 2700 845 2921 900; x_wconf 82' lang='lat' dir='ltr'><strong>creditis</strong></span> <span class='ocrx_word' id='word_1_162' title='bbox 2957 848 3059 903; x_wconf 87' lang='lat' dir='ltr'><strong>sibi</strong></span> <span class='ocrx_word' id='word_1_163' title='bbox 3094 851 3304 914; x_wconf 84' lang='lat' dir='ltr'><strong>ovibus,</strong></span> <span class='ocrx_word' id='word_1_164' title='bbox 3345 861 3536 909; x_wconf 83' lang='lat' dir='ltr'><strong>contra</strong></span> 
     </span>
    </p>
   </div>
   <div class='ocr_carea' id='block_1_24' title="bbox 1955 929 3160 1007">
    <p class='ocr_par' dir='ltr' id='par_1_24' title="bbox 1955 929 3160 1007">
     <span class='ocr_line' id='line_1_24' title="bbox 1955 929 3160 1007; baseline 0.007 -24"><span class='ocrx_word' id='word_1_165' title='bbox 1955 929 2202 1000; x_wconf 88' lang='lat' dir='ltr'><strong>luporum</strong></span> <span class='ocrx_word' id='word_1_166' title='bbox 2229 931 2606 1002; x_wconf 81' lang='lat' dir='ltr'><strong>latronumque</strong></span> <span class='ocrx_word' id='word_1_167' title='bbox 2629 935 2851 990; x_wconf 85' lang='lat' dir='ltr'><strong>insidias</strong></span> <span class='ocrx_word' id='word_1_168' title='bbox 2871 940 3160 1007; x_wconf 77' lang='lat' dir='ltr'><strong>pugnabat.</strong></span> 
     </span>
    </p>
   </div>
   <div class='ocr_carea' id='block_1_25' title="bbox 2023 1017 3617 1100">
    <p class='ocr_par' dir='ltr' id='par_1_25' title="bbox 2023 1017 3617 1100">
     <span class='ocr_line' id='line_1_25' title="bbox 2023 1017 3617 1100; baseline 0.008 -25"><span class='ocrx_word' id='word_1_169' title='bbox 2023 1019 2360 1092; x_wconf 86' lang='lat' dir='ltr'><strong>Congregatis</strong></span> <span class='ocrx_word' id='word_1_170' title='bbox 2382 1040 2503 1092; x_wconf 87' lang='lat' dir='ltr'><strong>ergo</strong></span> <span class='ocrx_word' id='word_1_171' title='bbox 2525 1024 2654 1090; x_wconf 83' lang='lat' dir='ltr'><strong>illis,</strong></span> <span class='ocrx_word' id='word_1_172' title='bbox 2679 1025 2812 1080; x_wconf 72' lang='lat' dir='ltr'><strong>dixit</strong></span> <span class='ocrx_word' id='word_1_173' title='bbox 2844 1025 3070 1094; x_wconf 82' lang='lat' dir='ltr'><strong>Pilatus,</strong></span> <span class='ocrx_word' id='word_1_174' title='bbox 3093 1047 3245 1100; x_wconf 86' lang='lat' dir='ltr'><strong>quem</strong></span> <span class='ocrx_word' id='word_1_175' title='bbox 3275 1032 3426 1087; x_wconf 86' lang='lat' dir='ltr'><strong>vultis</strong></span> <span class='ocrx_word' id='word_1_176' title='bbox 3453 1035 3537 1088; x_wconf 79' lang='lat' dir='ltr'><strong>di-</strong></span> <span class='ocrx_word' id='word_1_177' title='bbox 3613 1017 3617 1021; x_wconf 25' lang='lat' dir='ltr'><strong>l</strong></span> 
     </span>
    </p>
   </div>
   <div class='ocr_carea' id='block_1_26' title="bbox 1954 1113 3538 1192">
    <p class='ocr_par' dir='ltr' id='par_1_26' title="bbox 1954 1113 3538 1192">
     <span class='ocr_line' id='line_1_26' title="bbox 1954 1113 3538 1192; baseline 0.008 -25"><span class='ocrx_word' id='word_1_178' title='bbox 1954 1113 2154 1167; x_wconf 81' lang='lat' dir='ltr'><strong>mittam</strong></span> <span class='ocrx_word' id='word_1_179' title='bbox 2184 1114 2346 1180; x_wconf 84' lang='lat' dir='ltr'><strong>vobis,</strong></span> <span class='ocrx_word' id='word_1_180' title='bbox 2377 1115 2628 1174; x_wconf 73' lang='lat' dir='ltr'><strong>Barbl-am</strong></span> <span class='ocrx_word' id='word_1_181' title='bbox 2701 1135 2770 1172; x_wconf 89' lang='lat' dir='ltr'><strong>an</strong></span> <span class='ocrx_word' id='word_1_182' title='bbox 2796 1118 3012 1185; x_wconf 69' lang='lat' dir='ltr'><strong>Iesum,</strong></span> <span class='ocrx_word' id='word_1_183' title='bbox 3041 1123 3132 1192; x_wconf 82' lang='lat' dir='ltr'><strong>qui</strong></span> <span class='ocrx_word' id='word_1_184' title='bbox 3159 1123 3356 1176; x_wconf 87' lang='lat' dir='ltr'><strong>dicitur</strong></span> <span class='ocrx_word' id='word_1_185' title='bbox 3382 1123 3538 1178; x_wconf 85' lang='lat' dir='ltr'><strong>Chri-</strong></span> 
     </span>
    </p>
   </div>
   <div class='ocr_carea' id='block_1_27' title="bbox 1953 1201 3537 1270">
    <p class='ocr_par' dir='ltr' id='par_1_27' title="bbox 1953 1201 3537 1270">
     <span class='ocr_line' id='line_1_27' title="bbox 1953 1201 3537 1270; baseline 0.009 -16"><span class='ocrx_word' id='word_1_186' title='bbox 1953 1202 2108 1255; x_wconf 81' lang='lat' dir='ltr'><strong>stus?</strong></span> <span class='ocrx_word' id='word_1_187' title='bbox 2145 1201 2308 1257; x_wconf 87' lang='lat' dir='ltr'><strong>Latro</strong></span> <span class='ocrx_word' id='word_1_188' title='bbox 2349 1205 2638 1260; x_wconf 87' lang='lat' dir='ltr'><strong>seditiosus</strong></span> <span class='ocrx_word' id='word_1_189' title='bbox 2687 1209 3196 1266; x_wconf 77' lang='lat' dir='ltr'><strong>ethomicidiorum</strong></span> <span class='ocrx_word' id='word_1_190' title='bbox 3225 1221 3416 1268; x_wconf 86' lang='lat' dir='ltr'><strong>auctor</strong></span> <span class='ocrx_word' id='word_1_191' title='bbox 3456 1215 3537 1270; x_wconf 88' lang='lat' dir='ltr'><strong>di-</strong></span> 
     </span>
    </p>
   </div>
   <div class='ocr_carea' id='block_1_28' title="bbox 1954 1290 3533 1372">
    <p class='ocr_par' dir='ltr' id='par_1_28' title="bbox 1954 1290 3533 1372">
     <span class='ocr_line' id='line_1_28' title="bbox 1954 1290 3533 1372; baseline 0.008 -28"><span class='ocrx_word' id='word_1_192' title='bbox 1954 1290 2152 1346; x_wconf 86' lang='lat' dir='ltr'><strong>missus</strong></span> <span class='ocrx_word' id='word_1_193' title='bbox 2179 1301 2262 1347; x_wconf 92' lang='lat' dir='ltr'><strong>cst</strong></span> <span class='ocrx_word' id='word_1_194' title='bbox 2293 1295 2487 1364; x_wconf 84' lang='lat' dir='ltr'><strong>pepulo</strong></span> <span class='ocrx_word' id='word_1_195' title='bbox 2524 1295 2833 1352; x_wconf 71' lang='lat' dir='ltr'><strong>Judmorum</strong></span> <span class='ocrx_word' id='word_1_196' title='bbox 2855 1338 2870 1362; x_wconf 88' lang='lat'><strong>,</strong></span> <span class='ocrx_word' id='word_1_197' title='bbox 2915 1300 2969 1353; x_wconf 90' lang='lat' dir='ltr'><strong>id</strong></span> <span class='ocrx_word' id='word_1_198' title='bbox 3008 1308 3094 1354; x_wconf 89' lang='lat' dir='ltr'><strong>est</strong></span> <span class='ocrx_word' id='word_1_199' title='bbox 3129 1301 3397 1366; x_wconf 83' lang='lat' dir='ltr'><strong>diabolus,</strong></span> <span class='ocrx_word' id='word_1_200' title='bbox 3441 1303 3533 1372; x_wconf 89' lang='lat' dir='ltr'><strong>qui</strong></span> 
     </span>
    </p>
   </div>
   <div class='ocr_carea' id='block_1_29' title="bbox 1945 1381 3532 1465">
    <p class='ocr_par' dir='ltr' id='par_1_29' title="bbox 1945 1381 3532 1465">
     <span class='ocr_line' id='line_1_29' title="bbox 1945 1381 3532 1465; baseline 0.009 -28"><span class='ocrx_word' id='word_1_201' title='bbox 1945 1381 2059 1452; x_wconf 84' lang='lat' dir='ltr'><strong>jam</strong></span> <span class='ocrx_word' id='word_1_202' title='bbox 2085 1385 2212 1440; x_wconf 88' lang='lat' dir='ltr'><strong>olim</strong></span> <span class='ocrx_word' id='word_1_203' title='bbox 2238 1389 2412 1458; x_wconf 87' lang='lat' dir='ltr'><strong>patria</strong></span> <span class='ocrx_word' id='word_1_204' title='bbox 2441 1388 2559 1443; x_wconf 81' lang='lat' dir='ltr'><strong>lucc</strong></span> <span class='ocrx_word' id='word_1_205' title='bbox 2595 1389 2664 1457; x_wconf 83' lang='lat' dir='ltr'><strong>ob</strong></span> <span class='ocrx_word' id='word_1_206' title='bbox 2697 1390 2909 1460; x_wconf 85' lang='lat' dir='ltr'><strong>culpam</strong></span> <span class='ocrx_word' id='word_1_207' title='bbox 2953 1395 3217 1462; x_wconf 72' lang='lat' dir='ltr'><strong>superbize</strong></span> <span class='ocrx_word' id='word_1_208' title='bbox 3256 1395 3532 1465; x_wconf 86' lang='lat' dir='ltr'><strong>depulsus,</strong></span> 
     </span>
    </p>
   </div>
   <div class='ocr_carea' id='block_1_30' title="bbox 1953 1477 3535 1554">
    <p class='ocr_par' dir='ltr' id='par_1_30' title="bbox 1953 1477 3535 1554">
     <span class='ocr_line' id='line_1_30' title="bbox 1953 1477 3535 1554; baseline 0.008 -26"><span class='ocrx_word' id='word_1_209' title='bbox 1953 1486 2009 1531; x_wconf 89' lang='lat' dir='ltr'><strong>et</strong></span> <span class='ocrx_word' id='word_1_210' title='bbox 2034 1477 2086 1531; x_wconf 93' lang='lat' dir='ltr'><strong>in</strong></span> <span class='ocrx_word' id='word_1_211' title='bbox 2113 1478 2455 1534; x_wconf 82' lang='lat' dir='ltr'><strong>tenebrarum</strong></span> <span class='ocrx_word' id='word_1_212' title='bbox 2485 1479 2659 1535; x_wconf 78' lang='lat' dir='ltr'><strong>fuerat</strong></span> <span class='ocrx_word' id='word_1_213' title='bbox 2679 1497 2950 1537; x_wconf 87' lang='lat' dir='ltr'><strong>carcerem</strong></span> <span class='ocrx_word' id='word_1_214' title='bbox 2976 1484 3196 1540; x_wconf 86' lang='lat' dir='ltr'><strong>missus.</strong></span> <span class='ocrx_word' id='word_1_215' title='bbox 3216 1485 3390 1554; x_wconf 84' lang='lat' dir='ltr'><strong>Atque</strong></span> <span class='ocrx_word' id='word_1_216' title='bbox 3413 1487 3535 1541; x_wconf 82' lang='lat' dir='ltr'><strong>ideo</strong></span> 
     </span>
    </p>
   </div>
   <div class='ocr_carea' id='block_1_31' title="bbox 1953 1565 3531 1642">
    <p class='ocr_par' dir='ltr' id='par_1_31' title="bbox 1953 1565 3531 1642">
     <span class='ocr_line' id='line_1_31' title="bbox 1953 1565 3531 1642; baseline 0.006 -23"><span class='ocrx_word' id='word_1_217' title='bbox 1953 1565 2120 1620; x_wconf 70' lang='lat' dir='ltr'><strong>.ludmi</strong></span> <span class='ocrx_word' id='word_1_218' title='bbox 2161 1583 2349 1638; x_wconf 85' lang='lat' dir='ltr'><strong>pacem</strong></span> <span class='ocrx_word' id='word_1_219' title='bbox 2381 1570 2579 1624; x_wconf 87' lang='lat' dir='ltr'><strong>habere</strong></span> <span class='ocrx_word' id='word_1_220' title='bbox 2609 1587 2712 1624; x_wconf 92' lang='lat' dir='ltr'><strong>non</strong></span> <span class='ocrx_word' id='word_1_221' title='bbox 2743 1581 3000 1642; x_wconf 85' lang='lat' dir='ltr'><strong>possunt,</strong></span> <span class='ocrx_word' id='word_1_222' title='bbox 3039 1574 3164 1642; x_wconf 87' lang='lat' dir='ltr'><strong>quia</strong></span> <span class='ocrx_word' id='word_1_223' title='bbox 3205 1575 3531 1630; x_wconf 87' lang='lat' dir='ltr'><strong>seditionum</strong></span> 
     </span>
    </p>
   </div>
   <div class='ocr_carea' id='block_1_32' title="bbox 1954 1659 3532 1734">
    <p class='ocr_par' dir='ltr' id='par_1_32' title="bbox 1954 1659 3532 1734">
     <span class='ocr_line' id='line_1_32' title="bbox 1954 1659 3532 1734; baseline 0.005 -22"><span class='ocrx_word' id='word_1_224' title='bbox 1954 1659 2251 1728; x_wconf 86' lang='lat' dir='ltr'><strong>principem</strong></span> <span class='ocrx_word' id='word_1_225' title='bbox 2278 1675 2437 1729; x_wconf 89' lang='lat' dir='ltr'><strong>quam</strong></span> <span class='ocrx_word' id='word_1_226' title='bbox 2479 1662 2763 1716; x_wconf 89' lang='lat' dir='ltr'><strong>Dominum</strong></span> <span class='ocrx_word' id='word_1_227' title='bbox 2789 1663 2989 1734; x_wconf 71' lang='lat' dir='ltr'><strong>eligere</strong></span> <span class='ocrx_word' id='word_1_228' title='bbox 3027 1665 3354 1721; x_wconf 87' lang='lat' dir='ltr'><strong>maluerunt.</strong></span> <span class='ocrx_word' id='word_1_229' title='bbox 3397 1668 3532 1734; x_wconf 83' lang='lat' dir='ltr'><strong>Quia</strong></span> 
     </span>
    </p>
   </div>
   <div class='ocr_carea' id='block_1_33' title="bbox 267 1723 3532 1826">
    <p class='ocr_par' dir='ltr' id='par_1_33' title="bbox 267 1723 3532 1826">
     <span class='ocr_line' id='line_1_33' title="bbox 267 1723 3532 1826; baseline 0.001 -19"><span class='ocrx_word' id='word_1_230' title='bbox 267 1756 400 1811; x_wconf 84' lang='lat' dir='ltr'><strong>luto.</strong></span> <span class='ocrx_word' id='word_1_231' title='bbox 429 1723 745 1814; x_wconf 40' lang='lat' dir='ltr'><strong>Non&#39;solum</strong></span> <span class='ocrx_word' id='word_1_232' title='bbox 773 1755 840 1810; x_wconf 75' lang='lat' dir='ltr'><strong>a-l</strong></span> <span class='ocrx_word' id='word_1_233' title='bbox 865 1754 1096 1809; x_wconf 83' lang='lat' dir='ltr'><strong>Pilatum</strong></span> <span class='ocrx_word' id='word_1_234' title='bbox 1115 1795 1130 1820; x_wconf 89' lang='lat'><strong>,</strong></span> <span class='ocrx_word' id='word_1_235' title='bbox 1175 1753 1268 1808; x_wconf 92' lang='lat' dir='ltr'><strong>sed</strong></span> <span class='ocrx_word' id='word_1_236' title='bbox 1295 1753 1457 1807; x_wconf 86' lang='lat' dir='ltr'><strong>etiam</strong></span> <span class='ocrx_word' id='word_1_237' title='bbox 1486 1753 1552 1807; x_wconf 89' lang='lat' dir='ltr'><strong>ad</strong></span> <span class='ocrx_word' id='word_1_238' title='bbox 1581 1752 1849 1807; x_wconf 87' lang='lat' dir='ltr'><strong>Herodem</strong></span> <span class='ocrx_word' id='word_1_239' title='bbox 1879 1723 1927 1782; x_wconf 76' lang='grc' dir='ltr'><strong>Β</strong></span> <span class='ocrx_word' id='word_1_240' title='bbox 1954 1723 2083 1806; x_wconf 64' lang='lat' dir='ltr'><strong>vero</strong></span> <span class='ocrx_word' id='word_1_241' title='bbox 2109 1723 2375 1806; x_wconf 76' lang='lat' dir='ltr'><strong>Darabbas</strong></span> <span class='ocrx_word' id='word_1_242' title='bbox 2401 1751 2541 1807; x_wconf 90' lang='lat' dir='ltr'><strong>ﬁlius</strong></span> <span class='ocrx_word' id='word_1_243' title='bbox 2575 1754 2763 1822; x_wconf 87' lang='lat' dir='ltr'><strong>patris,</strong></span> <span class='ocrx_word' id='word_1_244' title='bbox 2800 1723 2892 1808; x_wconf 75' lang='lat' dir='ltr'><strong>vel</strong></span> <span class='ocrx_word' id='word_1_245' title='bbox 2912 1754 3053 1810; x_wconf 88' lang='lat' dir='ltr'><strong>ﬁlius</strong></span> <span class='ocrx_word' id='word_1_246' title='bbox 3080 1757 3321 1826; x_wconf 77' lang='lat' dir='ltr'><strong>magistri</strong></span> <span class='ocrx_word' id='word_1_247' title='bbox 3347 1723 3532 1812; x_wconf 62' lang='lat' dir='ltr'><strong>eorum</strong></span> 
     </span>
    </p>
   </div>
   <div class='ocr_carea' id='block_1_34' title="bbox 269 1841 1852 1914">
    <p class='ocr_par' dir='ltr' id='par_1_34' title="bbox 269 1841 1852 1914">
     <span class='ocr_line' id='line_1_34' title="bbox 269 1841 1852 1914; baseline -0.001 -16"><span class='ocrx_word' id='word_1_248' title='bbox 269 1845 462 1901; x_wconf 89' lang='lat' dir='ltr'><strong>ductus</strong></span> <span class='ocrx_word' id='word_1_249' title='bbox 487 1855 592 1912; x_wconf 91' lang='lat' dir='ltr'><strong>est,</strong></span> <span class='ocrx_word' id='word_1_250' title='bbox 637 1854 696 1900; x_wconf 84' lang='lat' dir='ltr'><strong>ut</strong></span> <span class='ocrx_word' id='word_1_251' title='bbox 738 1854 964 1914; x_wconf 88' lang='lat' dir='ltr'><strong>uterque</strong></span> <span class='ocrx_word' id='word_1_252' title='bbox 999 1843 1228 1898; x_wconf 90' lang='lat' dir='ltr'><strong>Domino</strong></span> <span class='ocrx_word' id='word_1_253' title='bbox 1270 1841 1536 1897; x_wconf 89' lang='lat' dir='ltr'><strong>illuderet.</strong></span> <span class='ocrx_word' id='word_1_254' title='bbox 1581 1843 1650 1896; x_wconf 87' lang='lat' dir='ltr'><strong>Et</strong></span> <span class='ocrx_word' id='word_1_255' title='bbox 1689 1857 1852 1897; x_wconf 87' lang='lat' dir='ltr'><strong>cerne</strong></span> 
     </span>
    </p>
   </div>
   <div class='ocr_carea' id='block_1_35' title="bbox 268 1933 1853 2002">
    <p class='ocr_par' dir='ltr' id='par_1_35' title="bbox 268 1933 1853 2002">
     <span class='ocr_line' id='line_1_35' title="bbox 268 1933 1853 2002; baseline -0.003 -11"><span class='ocrx_word' id='word_1_256' title='bbox 268 1937 690 1992; x_wconf 86' lang='lat' dir='ltr'><strong>sollicitudinem</strong></span> <span class='ocrx_word' id='word_1_257' title='bbox 727 1935 1091 1990; x_wconf 83' lang='lat' dir='ltr'><strong>sacerdotum.</strong></span> <span class='ocrx_word' id='word_1_258' title='bbox 1136 1933 1191 1987; x_wconf 90' lang='lat' dir='ltr'><strong>lu</strong></span> <span class='ocrx_word' id='word_1_259' title='bbox 1223 1933 1363 1988; x_wconf 92' lang='lat' dir='ltr'><strong>malo</strong></span> <span class='ocrx_word' id='word_1_260' title='bbox 1392 1941 1502 1987; x_wconf 88' lang='lat' dir='ltr'><strong>tota</strong></span> <span class='ocrx_word' id='word_1_261' title='bbox 1534 1942 1692 1988; x_wconf 86' lang='lat' dir='ltr'><strong>nocte</strong></span> <span class='ocrx_word' id='word_1_262' title='bbox 1719 1933 1853 2002; x_wconf 77' lang='lat' dir='ltr'><strong>vigi-</strong></span> 
     </span>
    </p>
   </div>
   <div class='ocr_carea' id='block_1_36' title="bbox 269 2026 1848 2092">
    <p class='ocr_par' dir='ltr' id='par_1_36' title="bbox 269 2026 1848 2092">
     <span class='ocr_line' id='line_1_36' title="bbox 269 2026 1848 2092; baseline -0.001 -10"><span class='ocrx_word' id='word_1_263' title='bbox 269 2028 532 2092; x_wconf 84' lang='lat' dir='ltr'><strong>laverunt,</strong></span> <span class='ocrx_word' id='word_1_264' title='bbox 565 2038 621 2082; x_wconf 92' lang='lat' dir='ltr'><strong>ut</strong></span> <span class='ocrx_word' id='word_1_265' title='bbox 651 2027 998 2085; x_wconf 81' lang='lat' dir='ltr'><strong>homicidium</strong></span> <span class='ocrx_word' id='word_1_266' title='bbox 1028 2026 1291 2091; x_wconf 86' lang='lat' dir='ltr'><strong>facerent,</strong></span> <span class='ocrx_word' id='word_1_267' title='bbox 1319 2034 1374 2081; x_wconf 89' lang='lat' dir='ltr'><strong>et</strong></span> <span class='ocrx_word' id='word_1_268' title='bbox 1401 2027 1639 2080; x_wconf 82' lang='lat' dir='ltr'><strong>vinctum</strong></span> <span class='ocrx_word' id='word_1_269' title='bbox 1676 2026 1848 2080; x_wconf 86' lang='lat' dir='ltr'><strong>trade-</strong></span> 
     </span>
    </p>
   </div>
   <div class='ocr_carea' id='block_1_37' title="bbox 268 2120 1850 2189">
    <p class='ocr_par' dir='ltr' id='par_1_37' title="bbox 268 2120 1850 2189">
     <span class='ocr_line' id='line_1_37' title="bbox 268 2120 1850 2189; baseline -0.001 -15"><span class='ocrx_word' id='word_1_270' title='bbox 268 2129 392 2174; x_wconf 89' lang='lat' dir='ltr'><strong>rent</strong></span> <span class='ocrx_word' id='word_1_271' title='bbox 426 2120 617 2176; x_wconf 83' lang='lat' dir='ltr'><strong>Pilato.</strong></span> <span class='ocrx_word' id='word_1_272' title='bbox 653 2120 932 2175; x_wconf 68' lang='lat' dir='ltr'><strong>llauebant</strong></span> <span class='ocrx_word' id='word_1_273' title='bbox 957 2120 1098 2174; x_wconf 85' lang='lat' dir='ltr'><strong>enim</strong></span> <span class='ocrx_word' id='word_1_274' title='bbox 1139 2121 1284 2174; x_wconf 88' lang='lat' dir='ltr'><strong>hunc</strong></span> <span class='ocrx_word' id='word_1_275' title='bbox 1322 2135 1561 2182; x_wconf 86' lang='lat' dir='ltr'><strong>morem,</strong></span> <span class='ocrx_word' id='word_1_276' title='bbox 1605 2126 1664 2173; x_wconf 92' lang='lat' dir='ltr'><strong>ut</strong></span> <span class='ocrx_word' id='word_1_277' title='bbox 1690 2133 1850 2189; x_wconf 87' lang='lat' dir='ltr'><strong>quem</strong></span> 
     </span>
    </p>
   </div>
   <div class='ocr_carea' id='block_1_38' title="bbox 267 2211 1644 2286">
    <p class='ocr_par' dir='ltr' id='par_1_38' title="bbox 267 2211 1644 2286">
     <span class='ocr_line' id='line_1_38' title="bbox 267 2211 1644 2286; baseline -0.002 -17"><span class='ocrx_word' id='word_1_278' title='bbox 267 2213 671 2282; x_wconf 80' lang='lat' dir='ltr'><strong>u.ljudicassen&#39;.</strong></span> <span class='ocrx_word' id='word_1_279' title='bbox 695 2214 877 2277; x_wconf 61' lang='lat' dir='ltr'><strong>manu,</strong></span> <span class='ocrx_word' id='word_1_280' title='bbox 905 2214 1128 2286; x_wconf 77' lang='lat' dir='ltr'><strong>ligatum</strong></span> <span class='ocrx_word' id='word_1_281' title='bbox 1147 2211 1316 2280; x_wconf 85' lang='lat' dir='ltr'><strong>judici</strong></span> <span class='ocrx_word' id='word_1_282' title='bbox 1351 2213 1644 2276; x_wconf 86' lang='lat' dir='ltr'><strong>traderent.</strong></span> 
     </span>
    </p>
   </div>
   <div class='ocr_carea' id='block_1_39' title="bbox 344 2305 1853 2379">
    <p class='ocr_par' dir='ltr' id='par_1_39' title="bbox 344 2305 1853 2379">
     <span class='ocr_line' id='line_1_39' title="bbox 344 2305 1853 2379; baseline 0 -18"><span class='ocrx_word' id='word_1_283' title='bbox 344 2307 487 2361; x_wconf 86' lang='lat' dir='ltr'><strong>Tunc</strong></span> <span class='ocrx_word' id='word_1_284' title='bbox 514 2307 690 2362; x_wconf 72' lang='lat' dir='ltr'><strong>videns</strong></span> <span class='ocrx_word' id='word_1_285' title='bbox 718 2323 908 2370; x_wconf 57' lang='lat' dir='ltr'><strong>situas,</strong></span> <span class='ocrx_word' id='word_1_286' title='bbox 933 2308 1024 2379; x_wconf 86' lang='lat' dir='ltr'><strong>qui</strong></span> <span class='ocrx_word' id='word_1_287' title='bbox 1051 2323 1169 2362; x_wconf 90' lang='lat' dir='ltr'><strong>eum</strong></span> <span class='ocrx_word' id='word_1_288' title='bbox 1195 2305 1433 2368; x_wconf 80' lang='lat' dir='ltr'><strong>tradidit,</strong></span> <span class='ocrx_word' id='word_1_289' title='bbox 1466 2306 1606 2378; x_wconf 84' lang='lat' dir='ltr'><strong>quod</strong></span> <span class='ocrx_word' id='word_1_290' title='bbox 1631 2306 1853 2361; x_wconf 86' lang='lat' dir='ltr'><strong>damna-</strong></span> 
     </span>
    </p>
   </div>
   <div class='ocr_carea' id='block_1_40' title="bbox 267 2396 1852 2472">
    <p class='ocr_par' dir='ltr' id='par_1_40' title="bbox 267 2396 1852 2472">
     <span class='ocr_line' id='line_1_40' title="bbox 267 2396 1852 2472; baseline -0.002 -17"><span class='ocrx_word' id='word_1_291' title='bbox 267 2412 351 2455; x_wconf 88' lang='lat' dir='ltr'><strong>tus</strong></span> <span class='ocrx_word' id='word_1_292' title='bbox 381 2411 532 2464; x_wconf 78' lang='lat' dir='ltr'><strong>esset.</strong></span> <span class='ocrx_word' id='word_1_293' title='bbox 560 2415 804 2470; x_wconf 71' lang='lat' dir='ltr'><strong>proiectis</strong></span> <span class='ocrx_word' id='word_1_294' title='bbox 832 2403 1093 2472; x_wconf 79' lang='lat' dir='ltr'><strong>argenteis</strong></span> <span class='ocrx_word' id='word_1_295' title='bbox 1128 2401 1183 2455; x_wconf 90' lang='lat' dir='ltr'><strong>in</strong></span> <span class='ocrx_word' id='word_1_296' title='bbox 1213 2399 1426 2470; x_wconf 90' lang='lat' dir='ltr'><strong>templo,</strong></span> <span class='ocrx_word' id='word_1_297' title='bbox 1459 2398 1662 2453; x_wconf 85' lang='lat' dir='ltr'><strong>recessit</strong></span> <span class='ocrx_word' id='word_1_298' title='bbox 1698 2408 1744 2451; x_wconf 83' lang='lat' dir='ltr'><strong>et</strong></span> <span class='ocrx_word' id='word_1_299' title='bbox 1773 2396 1852 2452; x_wconf 88' lang='lat' dir='ltr'><strong>la-</strong></span> 
     </span>
    </p>
   </div>
   <div class='ocr_carea' id='block_1_41' title="bbox 267 2490 1852 2563">
    <p class='ocr_par' dir='ltr' id='par_1_41' title="bbox 267 2490 1852 2563">
     <span class='ocr_line' id='line_1_41' title="bbox 267 2490 1852 2563; baseline 0.002 -22"><span class='ocrx_word' id='word_1_300' title='bbox 267 2508 398 2560; x_wconf 79' lang='lat' dir='ltr'><strong>queo</strong></span> <span class='ocrx_word' id='word_1_301' title='bbox 423 2508 478 2545; x_wconf 90' lang='lat' dir='ltr'><strong>se</strong></span> <span class='ocrx_word' id='word_1_302' title='bbox 503 2494 791 2560; x_wconf 77' lang='lat' dir='ltr'><strong>suspendit.</strong></span> <span class='ocrx_word' id='word_1_303' title='bbox 819 2491 1075 2546; x_wconf 68' lang='lat' dir='ltr'><strong>Avaritia:</strong></span> <span class='ocrx_word' id='word_1_304' title='bbox 1104 2491 1530 2563; x_wconf 77' lang='lat' dir='ltr'><strong>magnitudinem</strong></span> <span class='ocrx_word' id='word_1_305' title='bbox 1559 2490 1852 2561; x_wconf 87' lang='lat' dir='ltr'><strong>impietatis</strong></span> 
     </span>
    </p>
   </div>
   <div class='ocr_carea' id='block_1_42' title="bbox 271 2578 1852 2650">
    <p class='ocr_par' dir='ltr' id='par_1_42' title="bbox 271 2578 1852 2650">
     <span class='ocr_line' id='line_1_42' title="bbox 271 2578 1852 2650; baseline 0 -16"><span class='ocrx_word' id='word_1_306' title='bbox 271 2582 482 2650; x_wconf 87' lang='lat' dir='ltr'><strong>pondus</strong></span> <span class='ocrx_word' id='word_1_307' title='bbox 521 2582 765 2639; x_wconf 77' lang='lat' dir='ltr'><strong>exclusit.</strong></span> <span class='ocrx_word' id='word_1_308' title='bbox 813 2581 1012 2636; x_wconf 81' lang='lat' dir='ltr'><strong>Videns</strong></span> <span class='ocrx_word' id='word_1_309' title='bbox 1047 2579 1214 2638; x_wconf 73' lang='lat' dir='ltr'><strong>Iudas</strong></span> <span class='ocrx_word' id='word_1_310' title='bbox 1253 2582 1539 2637; x_wconf 88' lang='lat' dir='ltr'><strong>Dominum</strong></span> <span class='ocrx_word' id='word_1_311' title='bbox 1579 2578 1852 2648; x_wconf 87' lang='lat' dir='ltr'><strong>adjudica-</strong></span> 
     </span>
    </p>
   </div>
   <div class='ocr_carea' id='block_1_43' title="bbox 269 2668 1853 2744">
    <p class='ocr_par' dir='ltr' id='par_1_43' title="bbox 269 2668 1853 2744">
     <span class='ocr_line' id='line_1_43' title="bbox 269 2668 1853 2744; baseline 0.003 -18"><span class='ocrx_word' id='word_1_312' title='bbox 269 2684 380 2727; x_wconf 88' lang='lat' dir='ltr'><strong>tum</strong></span> <span class='ocrx_word' id='word_1_313' title='bbox 408 2673 582 2730; x_wconf 79' lang='lat' dir='ltr'><strong>morti.</strong></span> <span class='ocrx_word' id='word_1_314' title='bbox 616 2668 845 2743; x_wconf 87' lang='lat' dir='ltr'><strong>pretium</strong></span> <span class='ocrx_word' id='word_1_315' title='bbox 878 2675 1060 2728; x_wconf 82' lang='lat' dir='ltr'><strong>retulit</strong></span> <span class='ocrx_word' id='word_1_316' title='bbox 1084 2675 1472 2738; x_wconf 81' lang='lat' dir='ltr'><strong>sacerdotibus,</strong></span> <span class='ocrx_word' id='word_1_317' title='bbox 1497 2675 1652 2744; x_wconf 88' lang='lat' dir='ltr'><strong>quasi</strong></span> <span class='ocrx_word' id='word_1_318' title='bbox 1678 2675 1731 2730; x_wconf 88' lang='lat' dir='ltr'><strong>in</strong></span> <span class='ocrx_word' id='word_1_319' title='bbox 1757 2690 1853 2744; x_wconf 84' lang='lat' dir='ltr'><strong>po-</strong></span> 
     </span>
    </p>
   </div>
   <div class='ocr_carea' id='block_1_44' title="bbox 270 2766 1848 2835">
    <p class='ocr_par' dir='ltr' id='par_1_44' title="bbox 270 2766 1848 2835">
     <span class='ocr_line' id='line_1_44' title="bbox 270 2766 1848 2835; baseline -0.001 -17"><span class='ocrx_word' id='word_1_320' title='bbox 270 2773 464 2820; x_wconf 78' lang='lat' dir='ltr'><strong>testate</strong></span> <span class='ocrx_word' id='word_1_321' title='bbox 503 2781 595 2820; x_wconf 74' lang='lat' dir='ltr'><strong>sua</strong></span> <span class='ocrx_word' id='word_1_322' title='bbox 626 2773 767 2820; x_wconf 73' lang='lat' dir='ltr'><strong>esset</strong></span> <span class='ocrx_word' id='word_1_323' title='bbox 817 2773 1223 2835; x_wconf 80' lang='lat' dir='ltr'><strong>persecuturum</strong></span> <span class='ocrx_word' id='word_1_324' title='bbox 1263 2775 1472 2820; x_wconf 86' lang='lat' dir='ltr'><strong>mutare</strong></span> <span class='ocrx_word' id='word_1_325' title='bbox 1500 2766 1848 2820; x_wconf 83' lang='lat' dir='ltr'><strong>sententiam.</strong></span> 
     </span>
    </p>
   </div>
   <div class='ocr_carea' id='block_1_45' title="bbox 269 2857 1854 2928">
    <p class='ocr_par' dir='ltr' id='par_1_45' title="bbox 269 2857 1854 2928">
     <span class='ocr_line' id='line_1_45' title="bbox 269 2857 1854 2928; baseline 0 -18"><span class='ocrx_word' id='word_1_326' title='bbox 269 2859 452 2928; x_wconf 62' lang='lat' dir='ltr'><strong>itaque</strong></span> <span class='ocrx_word' id='word_1_327' title='bbox 493 2857 620 2912; x_wconf 90' lang='lat' dir='ltr'><strong>licet</strong></span> <span class='ocrx_word' id='word_1_328' title='bbox 661 2857 950 2912; x_wconf 78' lang='lat' dir='ltr'><strong>mutaverit</strong></span> <span class='ocrx_word' id='word_1_329' title='bbox 973 2857 1306 2912; x_wconf 77' lang='lat' dir='ltr'><strong>voluntatem</strong></span> <span class='ocrx_word' id='word_1_330' title='bbox 1335 2873 1511 2920; x_wconf 86' lang='lat' dir='ltr'><strong>suam,</strong></span> <span class='ocrx_word' id='word_1_331' title='bbox 1552 2863 1733 2911; x_wconf 88' lang='lat' dir='ltr'><strong>tamen</strong></span> <span class='ocrx_word' id='word_1_332' title='bbox 1762 2871 1854 2910; x_wconf 84' lang='lat' dir='ltr'><strong>vo-</strong></span> 
     </span>
    </p>
   </div>
   <div class='ocr_carea' id='block_1_46' title="bbox 270 2945 1852 3022">
    <p class='ocr_par' dir='ltr' id='par_1_46' title="bbox 270 2945 1852 3022">
     <span class='ocr_line' id='line_1_46' title="bbox 270 2945 1852 3022; baseline -0.001 -19"><span class='ocrx_word' id='word_1_333' title='bbox 270 2951 492 3008; x_wconf 54' lang='lat' dir='ltr'><strong>luntatis</strong></span> <span class='ocrx_word' id='word_1_334' title='bbox 535 2963 722 3022; x_wconf 68' lang='lat' dir='ltr'><strong>primae</strong></span> <span class='ocrx_word' id='word_1_335' title='bbox 767 2949 974 3003; x_wconf 74' lang='lat' dir='ltr'><strong>exitum</strong></span> <span class='ocrx_word' id='word_1_336' title='bbox 1017 2964 1123 3004; x_wconf 90' lang='lat' dir='ltr'><strong>non</strong></span> <span class='ocrx_word' id='word_1_337' title='bbox 1165 2949 1410 3002; x_wconf 70' lang='lat' dir='ltr'><strong>mutavit.</strong></span> <span class='ocrx_word' id='word_1_338' title='bbox 1458 2947 1602 3002; x_wconf 85' lang='lat' dir='ltr'><strong>Nihil</strong></span> <span class='ocrx_word' id='word_1_339' title='bbox 1647 2945 1852 3018; x_wconf 88' lang='lat' dir='ltr'><strong>profuit</strong></span> 
     </span>
    </p>
   </div>
   <div class='ocr_carea' id='block_1_47' title="bbox 287 3037 1583 3076">
    <p class='ocr_par' dir='ltr' id='par_1_47' title="bbox 287 3037 1583 3076">
     <span class='ocr_line' id='line_1_47' title="bbox 287 3037 1583 3076; baseline 0 0"><span class='ocrx_word' id='word_1_340' title='bbox 287 3042 444 3076; x_wconf 61' lang='lat' dir='ltr'><strong>nn:cln</strong></span> <span class='ocrx_word' id='word_1_341' title='bbox 471 3037 840 3076; x_wconf 67' lang='lat' dir='ltr'><strong>v.nm&#39;-ranﬁnm</strong></span> <span class='ocrx_word' id='word_1_342' title='bbox 919 3054 1017 3076; x_wconf 72' lang='lat' dir='ltr'><strong>n.no</strong></span> <span class='ocrx_word' id='word_1_343' title='bbox 1052 3053 1211 3076; x_wconf 60' lang='lat' dir='ltr'><strong>nisum</strong></span> <span class='ocrx_word' id='word_1_344' title='bbox 1227 3037 1416 3076; x_wconf 46' lang='lat' dir='ltr'><strong>rumine</strong></span> <span class='ocrx_word' id='word_1_345' title='bbox 1443 3037 1583 3076; x_wconf 73' lang='lat' dir='ltr'><strong>nni-ri</strong></span> 
     </span>
    </p>
   </div>
   <div class='ocr_carea' id='block_1_48' title="bbox 268 3037 3538 3185">
    <p class='ocr_par' dir='ltr' id='par_1_48' title="bbox 268 3037 3538 3185">
     <span class='ocr_line' id='line_1_48' title="bbox 268 3037 3536 3139; baseline -0.004 -44"><span class='ocrx_word' id='word_1_346' title='bbox 268 3042 444 3113; x_wconf 70' lang='lat' dir='ltr'><strong>egisse</strong></span> <span class='ocrx_word' id='word_1_347' title='bbox 471 3037 842 3113; x_wconf 69' lang='lat' dir='ltr'><strong>pwu‘tentiam</strong></span> <span class='ocrx_word' id='word_1_348' title='bbox 863 3079 878 3104; x_wconf 86' lang='lat'><strong>,</strong></span> <span class='ocrx_word' id='word_1_349' title='bbox 919 3054 1017 3111; x_wconf 80' lang='lat' dir='ltr'><strong>per</strong></span> <span class='ocrx_word' id='word_1_350' title='bbox 1051 3053 1212 3109; x_wconf 87' lang='lat' dir='ltr'><strong>quam</strong></span> <span class='ocrx_word' id='word_1_351' title='bbox 1227 3037 1417 3095; x_wconf 70' lang='lat' dir='ltr'><strong>‘scclus</strong></span> <span class='ocrx_word' id='word_1_352' title='bbox 1443 3037 1714 3108; x_wconf 79' lang='lat' dir='ltr'><strong>corrigere</strong></span> <span class='ocrx_word' id='word_1_353' title='bbox 1743 3051 1848 3094; x_wconf 89' lang='lat' dir='ltr'><strong>non</strong></span> <span class='ocrx_word' id='word_1_354' title='bbox 1877 3077 1920 3139; x_wconf 59' lang='grc' dir='ltr'><strong>ί,</strong></span> <span class='ocrx_word' id='word_1_355' title='bbox 1954 3037 2072 3079; x_wconf 86' lang='lat' dir='ltr'><strong>runt</strong></span> <span class='ocrx_word' id='word_1_356' title='bbox 2102 3041 2182 3079; x_wconf 82' lang='lat' dir='ltr'><strong>me</strong></span> <span class='ocrx_word' id='word_1_357' title='bbox 2209 3041 2361 3079; x_wconf 74' lang='lat' dir='ltr'><strong>cana:</strong></span> <span class='ocrx_word' id='word_1_358' title='bbox 2393 3037 2541 3080; x_wconf 73' lang='lat' dir='ltr'><strong>multi</strong></span> <span class='ocrx_word' id='word_1_359' title='bbox 2572 3037 2744 3097; x_wconf 67' lang='lat' dir='ltr'><strong>(Psal.</strong></span> <span class='ocrx_word' id='word_1_360' title='bbox 2777 3037 2914 3095; x_wconf 71' lang='lat' dir='ltr'><strong>xxx),</strong></span> <span class='ocrx_word' id='word_1_361' title='bbox 2951 3037 3007 3082; x_wconf 78' lang='lat' dir='ltr'><strong>et</strong></span> <span class='ocrx_word' id='word_1_362' title='bbox 3042 3037 3172 3084; x_wconf 88' lang='lat' dir='ltr'><strong>illud</strong></span> <span class='ocrx_word' id='word_1_363' title='bbox 3211 3037 3497 3084; x_wconf 66' lang='lat' dir='ltr'><strong>Hieremiae</strong></span> <span class='ocrx_word' id='word_1_364' title='bbox 3524 3071 3536 3081; x_wconf 95' lang='lat'><strong>.</strong></span> 
     </span>
     <span class='ocr_line' id='line_1_49' title="bbox 269 3114 3538 3185; baseline 0.001 -15"><span class='ocrx_word' id='word_1_365' title='bbox 269 3132 460 3185; x_wconf 65' lang='grc' dir='ltr'><strong>μοιηίι,</strong></span> <span class='ocrx_word' id='word_1_366' title='bbox 1903 3119 1921 3139; x_wconf 68' lang='grc'><strong>³</strong></span> <span class='ocrx_word' id='word_1_367' title='bbox 1955 3114 2122 3169; x_wconf 77' lang='lat' dir='ltr'><strong>Facta</strong></span> <span class='ocrx_word' id='word_1_368' title='bbox 2151 3125 2224 3170; x_wconf 79' lang='lat' dir='ltr'><strong>est</strong></span> <span class='ocrx_word' id='word_1_369' title='bbox 2249 3117 2376 3170; x_wconf 86' lang='lat' dir='ltr'><strong>mihi</strong></span> <span class='ocrx_word' id='word_1_370' title='bbox 2405 3117 2683 3171; x_wconf 74' lang='lat' dir='ltr'><strong>hmreditas</strong></span> <span class='ocrx_word' id='word_1_371' title='bbox 2723 3133 2858 3185; x_wconf 76' lang='lat' dir='ltr'><strong>mea,</strong></span> <span class='ocrx_word' id='word_1_372' title='bbox 2899 3119 3033 3172; x_wconf 87' lang='lat' dir='ltr'><strong>sicut</strong></span> <span class='ocrx_word' id='word_1_373' title='bbox 3061 3119 3141 3173; x_wconf 87' lang='lat' dir='ltr'><strong>leo</strong></span> <span class='ocrx_word' id='word_1_374' title='bbox 3172 3120 3224 3173; x_wconf 90' lang='lat' dir='ltr'><strong>in</strong></span> <span class='ocrx_word' id='word_1_375' title='bbox 3255 3119 3409 3184; x_wconf 79' lang='lat' dir='ltr'><strong>silva,</strong></span> <span class='ocrx_word' id='word_1_376' title='bbox 3445 3121 3538 3173; x_wconf 86' lang='lat' dir='ltr'><strong>dc-</strong></span> 
     </span>
    </p>
   </div>
   <div class='ocr_carea' id='block_1_49' title="bbox 268 3132 460 3202">
    <p class='ocr_par' dir='ltr' id='par_1_49' title="bbox 268 3132 460 3202">
     <span class='ocr_line' id='line_1_50' title="bbox 268 3132 460 3202; baseline 0.021 -20"><span class='ocrx_word' id='word_1_377' title='bbox 268 3132 460 3202; x_wconf 74' lang='lat' dir='ltr'><strong>potuit.</strong></span> 
     </span>
    </p>
   </div>
   <div class='ocr_carea' id='block_1_50' title="bbox 345 3223 1852 3295">
    <p class='ocr_par' dir='ltr' id='par_1_50' title="bbox 345 3223 1852 3295">
     <span class='ocr_line' id='line_1_51' title="bbox 345 3223 1852 3295; baseline -0.003 -14"><span class='ocrx_word' id='word_1_378' title='bbox 345 3225 609 3295; x_wconf 68' lang='lat' dir='ltr'><strong>Principes</strong></span> <span class='ocrx_word' id='word_1_379' title='bbox 639 3235 810 3280; x_wconf 82' lang='lat' dir='ltr'><strong>autem</strong></span> <span class='ocrx_word' id='word_1_380' title='bbox 841 3225 1173 3279; x_wconf 86' lang='lat' dir='ltr'><strong>sacerdotum</strong></span> <span class='ocrx_word' id='word_1_381' title='bbox 1203 3225 1426 3292; x_wconf 83' lang='lat' dir='ltr'><strong>acceptis</strong></span> <span class='ocrx_word' id='word_1_382' title='bbox 1462 3223 1740 3293; x_wconf 82' lang='lat' dir='ltr'><strong>argenteis,</strong></span> <span class='ocrx_word' id='word_1_383' title='bbox 1769 3223 1852 3276; x_wconf 84' lang='lat' dir='ltr'><strong>di-</strong></span> 
     </span>
    </p>
   </div>
   <div class='ocr_carea' id='block_1_51' title="bbox 269 3314 1854 3391">
    <p class='ocr_par' dir='ltr' id='par_1_51' title="bbox 269 3314 1854 3391">
     <span class='ocr_line' id='line_1_52' title="bbox 269 3314 1854 3391; baseline -0.001 -23"><span class='ocrx_word' id='word_1_384' title='bbox 269 3328 455 3372; x_wconf 86' lang='lat' dir='ltr'><strong>.reruut</strong></span> <span class='ocrx_word' id='word_1_385' title='bbox 483 3333 502 3372; x_wconf 92' lang='lat'><strong><em>:</em></strong></span> <span class='ocrx_word' id='word_1_386' title='bbox 531 3314 653 3370; x_wconf 82' lang='lat' dir='ltr'><strong>Non</strong></span> <span class='ocrx_word' id='word_1_387' title='bbox 679 3317 796 3370; x_wconf 87' lang='lat' dir='ltr'><strong>licet</strong></span> <span class='ocrx_word' id='word_1_388' title='bbox 826 3317 1028 3370; x_wconf 86' lang='lat' dir='ltr'><strong>mittere</strong></span> <span class='ocrx_word' id='word_1_389' title='bbox 1057 3333 1144 3391; x_wconf 64' lang='lat' dir='ltr'><strong>pos</strong></span> <span class='ocrx_word' id='word_1_390' title='bbox 1173 3317 1226 3370; x_wconf 90' lang='lat' dir='ltr'><strong>in</strong></span> <span class='ocrx_word' id='word_1_391' title='bbox 1257 3316 1557 3378; x_wconf 85' lang='lat' dir='ltr'><strong>corbonam,</strong></span> <span class='ocrx_word' id='word_1_392' title='bbox 1589 3314 1711 3382; x_wconf 89' lang='lat' dir='ltr'><strong>quia</strong></span> <span class='ocrx_word' id='word_1_393' title='bbox 1737 3330 1854 3383; x_wconf 85' lang='lat' dir='ltr'><strong>pre-</strong></span> 
     </span>
    </p>
   </div>
   <div class='ocr_carea' id='block_1_52' title="bbox 270 3405 1852 3482">
    <p class='ocr_par' dir='ltr' id='par_1_52' title="bbox 270 3405 1852 3482">
     <span class='ocr_line' id='line_1_53' title="bbox 270 3405 1852 3482; baseline -0.005 -18"><span class='ocrx_word' id='word_1_394' title='bbox 270 3412 399 3482; x_wconf 79' lang='lat' dir='ltr'><strong>tium</strong></span> <span class='ocrx_word' id='word_1_395' title='bbox 441 3408 711 3478; x_wconf 75' lang='lat' dir='ltr'><strong>sanguinis</strong></span> <span class='ocrx_word' id='word_1_396' title='bbox 755 3417 850 3463; x_wconf 84' lang='lat' dir='ltr'><strong>cst.</strong></span> <span class='ocrx_word' id='word_1_397' title='bbox 897 3407 995 3478; x_wconf 78' lang='lat' dir='ltr'><strong>(Ex</strong></span> <span class='ocrx_word' id='word_1_398' title='bbox 1039 3407 1284 3478; x_wconf 83' lang='lat' dir='ltr'><strong>llieron.)</strong></span> <span class='ocrx_word' id='word_1_399' title='bbox 1333 3407 1472 3460; x_wconf 66' lang='lat' dir='ltr'><strong>Vere</strong></span> <span class='ocrx_word' id='word_1_400' title='bbox 1517 3405 1743 3460; x_wconf 87' lang='lat' dir='ltr'><strong>culicem</strong></span> <span class='ocrx_word' id='word_1_401' title='bbox 1791 3405 1852 3457; x_wconf 87' lang='lat' dir='ltr'><strong>li-</strong></span> 
     </span>
    </p>
   </div>
   <div class='ocr_carea' id='block_1_53' title="bbox 271 3495 1851 3568">
    <p class='ocr_par' dir='ltr' id='par_1_53' title="bbox 271 3495 1851 3568">
     <span class='ocr_line' id='line_1_54' title="bbox 271 3495 1851 3568; baseline -0.003 -16"><span class='ocrx_word' id='word_1_402' title='bbox 271 3509 521 3568; x_wconf 74' lang='lat' dir='ltr'><strong>quentes,</strong></span> <span class='ocrx_word' id='word_1_403' title='bbox 550 3509 604 3554; x_wconf 88' lang='lat' dir='ltr'><strong>et</strong></span> <span class='ocrx_word' id='word_1_404' title='bbox 631 3497 892 3554; x_wconf 83' lang='lat' dir='ltr'><strong>camclum</strong></span> <span class='ocrx_word' id='word_1_405' title='bbox 926 3497 1236 3567; x_wconf 82' lang='lat' dir='ltr'><strong>gluticutes.</strong></span> <span class='ocrx_word' id='word_1_406' title='bbox 1283 3495 1338 3550; x_wconf 90' lang='lat' dir='ltr'><strong>Si</strong></span> <span class='ocrx_word' id='word_1_407' title='bbox 1368 3495 1546 3560; x_wconf 89' lang='lat' dir='ltr'><strong>enim,</strong></span> <span class='ocrx_word' id='word_1_408' title='bbox 1589 3495 1706 3548; x_wconf 86' lang='lat' dir='ltr'><strong>ideo</strong></span> <span class='ocrx_word' id='word_1_409' title='bbox 1745 3511 1851 3548; x_wconf 88' lang='lat' dir='ltr'><strong>non</strong></span> 
     </span>
    </p>
   </div>
   <div class='ocr_carea' id='block_1_54' title="bbox 273 3586 1856 3661">
    <p class='ocr_par' dir='ltr' id='par_1_54' title="bbox 273 3586 1856 3661">
     <span class='ocr_line' id='line_1_55' title="bbox 273 3586 1856 3661; baseline -0.004 -17"><span class='ocrx_word' id='word_1_410' title='bbox 273 3593 492 3645; x_wconf 87' lang='lat' dir='ltr'><strong>mittunt</strong></span> <span class='ocrx_word' id='word_1_411' title='bbox 515 3589 797 3661; x_wconf 79' lang='lat' dir='ltr'><strong>pecuniam</strong></span> <span class='ocrx_word' id='word_1_412' title='bbox 835 3590 887 3644; x_wconf 90' lang='lat' dir='ltr'><strong>in</strong></span> <span class='ocrx_word' id='word_1_413' title='bbox 914 3590 1228 3651; x_wconf 70' lang='lat' dir='ltr'><strong>clm-bonam,</strong></span> <span class='ocrx_word' id='word_1_414' title='bbox 1261 3589 1361 3642; x_wconf 91' lang='lat' dir='ltr'><strong>hoc</strong></span> <span class='ocrx_word' id='word_1_415' title='bbox 1397 3595 1481 3641; x_wconf 88' lang='lat' dir='ltr'><strong>est</strong></span> <span class='ocrx_word' id='word_1_416' title='bbox 1506 3587 1558 3640; x_wconf 91' lang='lat' dir='ltr'><strong>in</strong></span> <span class='ocrx_word' id='word_1_417' title='bbox 1588 3586 1856 3656; x_wconf 78' lang='lat' dir='ltr'><strong>gazophy-</strong></span> 
     </span>
    </p>
   </div>
   <div class='ocr_carea' id='block_1_55' title="bbox 275 3678 1857 3752">
    <p class='ocr_par' dir='ltr' id='par_1_55' title="bbox 275 3678 1857 3752">
     <span class='ocr_line' id='line_1_56' title="bbox 275 3678 1857 3752; baseline -0.006 -14"><span class='ocrx_word' id='word_1_418' title='bbox 275 3687 466 3740; x_wconf 80' lang='lat' dir='ltr'><strong>lacium</strong></span> <span class='ocrx_word' id='word_1_419' title='bbox 491 3693 543 3740; x_wconf 84' lang='lat' dir='ltr'><strong>et</strong></span> <span class='ocrx_word' id='word_1_420' title='bbox 571 3685 708 3738; x_wconf 88' lang='lat' dir='ltr'><strong>dona</strong></span> <span class='ocrx_word' id='word_1_421' title='bbox 735 3682 829 3737; x_wconf 83' lang='lat' dir='ltr'><strong>Dei</strong></span> <span class='ocrx_word' id='word_1_422' title='bbox 849 3723 864 3746; x_wconf 89' lang='lat'><strong>,</strong></span> <span class='ocrx_word' id='word_1_423' title='bbox 892 3681 1017 3752; x_wconf 82' lang='lat' dir='ltr'><strong>quia</strong></span> <span class='ocrx_word' id='word_1_424' title='bbox 1043 3680 1273 3752; x_wconf 86' lang='lat' dir='ltr'><strong>pretium</strong></span> <span class='ocrx_word' id='word_1_425' title='bbox 1304 3678 1586 3750; x_wconf 83' lang='lat' dir='ltr'><strong>sanguinis</strong></span> <span class='ocrx_word' id='word_1_426' title='bbox 1608 3685 1721 3741; x_wconf 84' lang='lat' dir='ltr'><strong>est,</strong></span> <span class='ocrx_word' id='word_1_427' title='bbox 1759 3691 1857 3731; x_wconf 91' lang='lat' dir='ltr'><strong>cur</strong></span> 
     </span>
    </p>
   </div>
   <div class='ocr_carea' id='block_1_56' title="bbox 277 3774 982 3849">
    <p class='ocr_par' dir='ltr' id='par_1_56' title="bbox 277 3774 982 3849">
     <span class='ocr_line' id='line_1_57' title="bbox 277 3774 982 3849; baseline -0.006 -18"><span class='ocrx_word' id='word_1_428' title='bbox 277 3781 389 3849; x_wconf 85' lang='lat' dir='ltr'><strong>ipse</strong></span> <span class='ocrx_word' id='word_1_429' title='bbox 414 3777 630 3848; x_wconf 78' lang='lat' dir='ltr'><strong>sanguis</strong></span> <span class='ocrx_word' id='word_1_430' title='bbox 659 3774 982 3830; x_wconf 60' lang='lat' dir='ltr'><strong>effunditur?</strong></span> 
     </span>
    </p>
   </div>
   <div class='ocr_carea' id='block_1_57' title="bbox 345 3860 1856 3934">
    <p class='ocr_par' dir='ltr' id='par_1_57' title="bbox 345 3860 1856 3934">
     <span class='ocr_line' id='line_1_58' title="bbox 345 3860 1856 3934; baseline -0.008 -9"><span class='ocrx_word' id='word_1_431' title='bbox 345 3870 574 3926; x_wconf 84' lang='lat' dir='ltr'><strong>Consilio</strong></span> <span class='ocrx_word' id='word_1_432' title='bbox 603 3878 775 3923; x_wconf 85' lang='lat' dir='ltr'><strong>autem</strong></span> <span class='ocrx_word' id='word_1_433' title='bbox 804 3868 953 3931; x_wconf 87' lang='lat' dir='ltr'><strong>inito,</strong></span> <span class='ocrx_word' id='word_1_434' title='bbox 985 3875 1217 3920; x_wconf 76' lang='lat' dir='ltr'><strong>eriterunt</strong></span> <span class='ocrx_word' id='word_1_435' title='bbox 1257 3881 1322 3918; x_wconf 63' lang='lat' dir='ltr'><strong>ea?</strong></span> <span class='ocrx_word' id='word_1_436' title='bbox 1347 3863 1453 3918; x_wconf 81' lang='lat' dir='ltr'><strong>illis</strong></span> <span class='ocrx_word' id='word_1_437' title='bbox 1492 3879 1676 3934; x_wconf 85' lang='lat' dir='ltr'><strong>agrum</strong></span> <span class='ocrx_word' id='word_1_438' title='bbox 1706 3860 1856 3930; x_wconf 82' lang='lat' dir='ltr'><strong>ﬁguli</strong></span> 
     </span>
    </p>
   </div>
   <div class='ocr_carea' id='block_1_58' title="bbox 274 3950 1933 4029">
    <p class='ocr_par' dir='ltr' id='par_1_58' title="bbox 274 3950 1933 4029">
     <span class='ocr_line' id='line_1_59' title="bbox 274 3950 1933 4029; baseline -0.005 -16"><span class='ocrx_word' id='word_1_439' title='bbox 274 3963 330 4014; x_wconf 85' lang='lat' dir='ltr'><strong>in</strong></span> <span class='ocrx_word' id='word_1_440' title='bbox 355 3958 675 4029; x_wconf 84' lang='lat' dir='ltr'><strong>sepulturam</strong></span> <span class='ocrx_word' id='word_1_441' title='bbox 699 3953 1107 4027; x_wconf 73' lang='lat' dir='ltr'><strong>peregrinorum.</strong></span> <span class='ocrx_word' id='word_1_442' title='bbox 1138 3954 1214 4009; x_wconf 90' lang='lat' dir='ltr'><strong>llli</strong></span> <span class='ocrx_word' id='word_1_443' title='bbox 1238 3953 1458 4024; x_wconf 79' lang='lat' dir='ltr'><strong>quidem</strong></span> <span class='ocrx_word' id='word_1_444' title='bbox 1485 3951 1726 4008; x_wconf 85' lang='lat' dir='ltr'><strong>fecerunt</strong></span> <span class='ocrx_word' id='word_1_445' title='bbox 1754 3950 1856 4005; x_wconf 86' lang='lat' dir='ltr'><strong>alia</strong></span> <span class='ocrx_word' id='word_1_446' title='bbox 1927 4015 1933 4020; x_wconf 93' lang='lat'>_</span> 
     </span>
    </p>
   </div>
   <div class='ocr_carea' id='block_1_59' title="bbox 275 4042 1860 4115">
    <p class='ocr_par' dir='ltr' id='par_1_59' title="bbox 275 4042 1860 4115">
     <span class='ocr_line' id='line_1_60' title="bbox 275 4042 1860 4115; baseline -0.004 -15"><span class='ocrx_word' id='word_1_447' title='bbox 275 4049 570 4115; x_wconf 74' lang='lat' dir='ltr'><strong>voluntate,</strong></span> <span class='ocrx_word' id='word_1_448' title='bbox 613 4057 675 4102; x_wconf 91' lang='lat' dir='ltr'><strong>ut</strong></span> <span class='ocrx_word' id='word_1_449' title='bbox 710 4055 968 4103; x_wconf 63' lang='lat' dir='ltr'><strong>aeternum</strong></span> <span class='ocrx_word' id='word_1_450' title='bbox 1009 4045 1304 4115; x_wconf 82' lang='lat' dir='ltr'><strong>impietatis</strong></span> <span class='ocrx_word' id='word_1_451' title='bbox 1345 4055 1456 4099; x_wconf 78' lang='lat' dir='ltr'><strong>stne</strong></span> <span class='ocrx_word' id='word_1_452' title='bbox 1492 4042 1860 4111; x_wconf 82' lang='lat' dir='ltr'><strong>relinquerent</strong></span> 
     </span>
    </p>
   </div>
   <div class='ocr_carea' id='block_1_60' title="bbox 277 4133 1857 4214">
    <p class='ocr_par' dir='ltr' id='par_1_60' title="bbox 277 4133 1857 4214">
     <span class='ocr_line' id='line_1_61' title="bbox 277 4133 1857 4214; baseline -0.006 -19"><span class='ocrx_word' id='word_1_453' title='bbox 277 4160 342 4198; x_wconf 78' lang='lat' dir='ltr'><strong>cx</strong></span> <span class='ocrx_word' id='word_1_454' title='bbox 387 4143 499 4213; x_wconf 77' lang='lat' dir='ltr'><strong>agri</strong></span> <span class='ocrx_word' id='word_1_455' title='bbox 542 4139 814 4210; x_wconf 86' lang='lat' dir='ltr'><strong>emptione</strong></span> <span class='ocrx_word' id='word_1_456' title='bbox 853 4138 1263 4214; x_wconf 85' lang='lat' dir='ltr'><strong>monimentum.</strong></span> <span class='ocrx_word' id='word_1_457' title='bbox 1307 4135 1576 4192; x_wconf 78' lang='lat' dir='ltr'><strong>Caeterum</strong></span> <span class='ocrx_word' id='word_1_458' title='bbox 1621 4151 1720 4190; x_wconf 89' lang='lat' dir='ltr'><strong>nos</strong></span> <span class='ocrx_word' id='word_1_459' title='bbox 1764 4133 1857 4203; x_wconf 87' lang='lat' dir='ltr'><strong>qui</strong></span> 
     </span>
    </p>
   </div>
   <div class='ocr_carea' id='block_1_61' title="bbox 279 4229 1856 4304">
    <p class='ocr_par' dir='ltr' id='par_1_61' title="bbox 279 4229 1856 4304">
     <span class='ocr_line' id='line_1_62' title="bbox 279 4229 1856 4304; baseline -0.005 -16"><span class='ocrx_word' id='word_1_460' title='bbox 279 4231 547 4304; x_wconf 81' lang='lat' dir='ltr'><strong>peregrini</strong></span> <span class='ocrx_word' id='word_1_461' title='bbox 573 4246 788 4287; x_wconf 81' lang='lat' dir='ltr'><strong>eramus</strong></span> <span class='ocrx_word' id='word_1_462' title='bbox 827 4247 856 4286; x_wconf 85' lang='lat' dir='ltr'><strong>a</strong></span> <span class='ocrx_word' id='word_1_463' title='bbox 891 4230 1004 4300; x_wconf 77' lang='lat' dir='ltr'><strong>lege</strong></span> <span class='ocrx_word' id='word_1_464' title='bbox 1043 4237 1100 4284; x_wconf 89' lang='lat' dir='ltr'><strong>et</strong></span> <span class='ocrx_word' id='word_1_465' title='bbox 1128 4229 1426 4300; x_wconf 84' lang='lat' dir='ltr'><strong>prophetis,</strong></span> <span class='ocrx_word' id='word_1_466' title='bbox 1465 4242 1630 4295; x_wconf 80' lang='lat' dir='ltr'><strong>prava</strong></span> <span class='ocrx_word' id='word_1_467' title='bbox 1667 4241 1856 4281; x_wconf 68' lang='lat' dir='ltr'><strong>conum</strong></span> 
     </span>
    </p>
   </div>
   <div class='ocr_carea' id='block_1_62' title="bbox 279 4315 1860 4392">
    <p class='ocr_par' dir='ltr' id='par_1_62' title="bbox 279 4315 1860 4392">
     <span class='ocr_line' id='line_1_63' title="bbox 279 4315 1860 4392; baseline -0.004 -15"><span class='ocrx_word' id='word_1_468' title='bbox 279 4323 452 4378; x_wconf 82' lang='lat' dir='ltr'><strong>studia</strong></span> <span class='ocrx_word' id='word_1_469' title='bbox 477 4321 812 4392; x_wconf 85' lang='lat' dir='ltr'><strong>suscepimus</strong></span> <span class='ocrx_word' id='word_1_470' title='bbox 838 4320 892 4376; x_wconf 93' lang='lat' dir='ltr'><strong>in</strong></span> <span class='ocrx_word' id='word_1_471' title='bbox 929 4319 1182 4383; x_wconf 77' lang='lat' dir='ltr'><strong>salutem,</strong></span> <span class='ocrx_word' id='word_1_472' title='bbox 1211 4327 1265 4374; x_wconf 90' lang='lat' dir='ltr'><strong>ct</strong></span> <span class='ocrx_word' id='word_1_473' title='bbox 1295 4319 1346 4374; x_wconf 90' lang='lat' dir='ltr'><strong>in</strong></span> <span class='ocrx_word' id='word_1_474' title='bbox 1377 4316 1555 4388; x_wconf 88' lang='lat' dir='ltr'><strong>pretio</strong></span> <span class='ocrx_word' id='word_1_475' title='bbox 1581 4315 1860 4383; x_wconf 72' lang='lat' dir='ltr'><strong>sanguinis</strong></span> 
     </span>
    </p>
   </div>
   <div class='ocr_carea' id='block_1_63' title="bbox 281 4407 1937 4510">
    <p class='ocr_par' dir='ltr' id='par_1_63' title="bbox 281 4407 1937 4510">
     <span class='ocr_line' id='line_1_64' title="bbox 281 4407 1937 4510; baseline -0.002 -46"><span class='ocrx_word' id='word_1_476' title='bbox 281 4415 398 4482; x_wconf 68' lang='lat' dir='ltr'><strong>ejus</strong></span> <span class='ocrx_word' id='word_1_477' title='bbox 449 4413 850 4482; x_wconf 81' lang='lat' dir='ltr'><strong>requiescimus.</strong></span> <span class='ocrx_word' id='word_1_478' title='bbox 899 4409 1100 4510; x_wconf 43' lang='lat' dir='ltr'><strong>Figuli.</strong></span> <span class='ocrx_word' id='word_1_479' title='bbox 1128 4417 1314 4510; x_wconf 46' lang='lat' dir='ltr'><strong>auten-1</strong></span> <span class='ocrx_word' id='word_1_480' title='bbox 1359 4423 1488 4510; x_wconf 76' lang='lat' dir='ltr'><strong>ager</strong></span> <span class='ocrx_word' id='word_1_481' title='bbox 1534 4407 1855 4510; x_wconf 74' lang='lat' dir='ltr'><strong>appellatur,</strong></span> <span class='ocrx_word' id='word_1_482' title='bbox 1884 4451 1937 4510; x_wconf 82' lang='lat' dir='ltr'><strong>D</strong></span> 
     </span>
    </p>
   </div>
   <div class='ocr_carea' id='block_1_64' title="bbox 281 4495 1863 4573">
    <p class='ocr_par' dir='ltr' id='par_1_64' title="bbox 281 4495 1863 4573">
     <span class='ocr_line' id='line_1_65' title="bbox 281 4495 1863 4573; baseline -0.004 -17"><span class='ocrx_word' id='word_1_483' title='bbox 281 4504 405 4569; x_wconf 72' lang='lat' dir='ltr'><strong>quia</strong></span> <span class='ocrx_word' id='word_1_484' title='bbox 431 4503 622 4573; x_wconf 81' lang='lat' dir='ltr'><strong>ﬁgulus</strong></span> <span class='ocrx_word' id='word_1_485' title='bbox 652 4508 838 4557; x_wconf 86' lang='lat' dir='ltr'><strong>noster</strong></span> <span class='ocrx_word' id='word_1_486' title='bbox 865 4495 948 4556; x_wconf 88' lang='lat' dir='ltr'><strong>est</strong></span> <span class='ocrx_word' id='word_1_487' title='bbox 974 4499 1242 4555; x_wconf 84' lang='lat' dir='ltr'><strong>Christus.</strong></span> <span class='ocrx_word' id='word_1_488' title='bbox 1272 4497 1424 4554; x_wconf 88' lang='lat' dir='ltr'><strong>Tunc</strong></span> <span class='ocrx_word' id='word_1_489' title='bbox 1465 4497 1740 4569; x_wconf 82' lang='lat' dir='ltr'><strong>impletum</strong></span> <span class='ocrx_word' id='word_1_490' title='bbox 1777 4503 1863 4551; x_wconf 82' lang='lat' dir='ltr'><strong>est</strong></span> 
     </span>
    </p>
   </div>
   <div class='ocr_carea' id='block_1_65' title="bbox 283 4587 1863 4662">
    <p class='ocr_par' dir='ltr' id='par_1_65' title="bbox 283 4587 1863 4662">
     <span class='ocr_line' id='line_1_66' title="bbox 283 4587 1863 4662; baseline -0.004 -16"><span class='ocrx_word' id='word_1_491' title='bbox 283 4593 422 4662; x_wconf 81' lang='lat' dir='ltr'><strong>quod</strong></span> <span class='ocrx_word' id='word_1_492' title='bbox 451 4593 652 4648; x_wconf 89' lang='lat' dir='ltr'><strong>dictum</strong></span> <span class='ocrx_word' id='word_1_493' title='bbox 675 4599 760 4651; x_wconf 80' lang='lat' dir='ltr'><strong>est</strong></span> <span class='ocrx_word' id='word_1_494' title='bbox 791 4607 890 4660; x_wconf 86' lang='lat' dir='ltr'><strong>per</strong></span> <span class='ocrx_word' id='word_1_495' title='bbox 915 4589 1243 4644; x_wconf 82' lang='lat' dir='ltr'><strong>Hieremiam</strong></span> <span class='ocrx_word' id='word_1_496' title='bbox 1276 4601 1297 4628; x_wconf 73' lang='grc' dir='ltr'>ἰ</span> <span class='ocrx_word' id='word_1_497' title='bbox 1330 4588 1648 4660; x_wconf 83' lang='lat' dir='ltr'><strong>prophetam</strong></span> <span class='ocrx_word' id='word_1_498' title='bbox 1681 4587 1863 4641; x_wconf 86' lang='lat' dir='ltr'><strong>dicen-</strong></span> 
     </span>
    </p>
   </div>
   <div class='ocr_carea' id='block_1_66' title="bbox 285 4678 1864 4752">
    <p class='ocr_par' dir='ltr' id='par_1_66' title="bbox 285 4678 1864 4752">
     <span class='ocr_line' id='line_1_67' title="bbox 285 4678 1864 4752; baseline -0.005 -17"><span class='ocrx_word' id='word_1_499' title='bbox 285 4698 389 4739; x_wconf 61' lang='lat' dir='ltr'><strong>tem</strong></span> <span class='ocrx_word' id='word_1_500' title='bbox 420 4704 432 4739; x_wconf 89' lang='lat'><strong>:</strong></span> <span class='ocrx_word' id='word_1_501' title='bbox 461 4683 530 4740; x_wconf 84' lang='lat' dir='ltr'><strong>Et</strong></span> <span class='ocrx_word' id='word_1_502' title='bbox 555 4689 882 4752; x_wconf 81' lang='lat' dir='ltr'><strong>acceperunt</strong></span> <span class='ocrx_word' id='word_1_503' title='bbox 911 4679 1129 4752; x_wconf 80' lang='lat' dir='ltr'><strong>triginta</strong></span> <span class='ocrx_word' id='word_1_504' title='bbox 1159 4686 1464 4749; x_wconf 74' lang='lat' dir='ltr'><strong>argenteos,</strong></span> <span class='ocrx_word' id='word_1_505' title='bbox 1503 4678 1737 4749; x_wconf 76' lang='lat' dir='ltr'><strong>pretium</strong></span> <span class='ocrx_word' id='word_1_506' title='bbox 1769 4692 1864 4746; x_wconf 84' lang='lat' dir='ltr'><strong>ap-</strong></span> 
     </span>
    </p>
   </div>
   <div class='ocr_carea' id='block_1_67' title="bbox 285 4766 1866 4846">
    <p class='ocr_par' dir='ltr' id='par_1_67' title="bbox 285 4766 1866 4846">
     <span class='ocr_line' id='line_1_68' title="bbox 285 4766 1866 4846; baseline -0.006 -17"><span class='ocrx_word' id='word_1_507' title='bbox 285 4776 523 4846; x_wconf 69' lang='lat' dir='ltr'><strong>prctiati,</strong></span> <span class='ocrx_word' id='word_1_508' title='bbox 561 4775 702 4845; x_wconf 80' lang='lat' dir='ltr'><strong>quod</strong></span> <span class='ocrx_word' id='word_1_509' title='bbox 737 4771 1178 4846; x_wconf 86' lang='lat' dir='ltr'><strong>appretiavcrunt</strong></span> <span class='ocrx_word' id='word_1_510' title='bbox 1215 4785 1244 4823; x_wconf 89' lang='lat' dir='ltr'><strong>a</strong></span> <span class='ocrx_word' id='word_1_511' title='bbox 1289 4767 1412 4823; x_wconf 89' lang='lat' dir='ltr'><strong>ﬁliis</strong></span> <span class='ocrx_word' id='word_1_512' title='bbox 1439 4767 1641 4846; x_wconf 81' lang='lat' dir='ltr'><strong>Israel,</strong></span> <span class='ocrx_word' id='word_1_513' title='bbox 1679 4774 1735 4819; x_wconf 86' lang='lat' dir='ltr'><strong>et</strong></span> <span class='ocrx_word' id='word_1_514' title='bbox 1776 4766 1866 4820; x_wconf 89' lang='lat' dir='ltr'><strong>dc-</strong></span> 
     </span>
    </p>
   </div>
   <div class='ocr_carea' id='block_1_68' title="bbox 285 4845 1862 4934">
    <p class='ocr_par' dir='ltr' id='par_1_68' title="bbox 285 4845 1862 4934">
     <span class='ocr_line' id='line_1_69' title="bbox 285 4845 1862 4934; baseline -0.006 -14"><span class='ocrx_word' id='word_1_515' title='bbox 285 4871 477 4922; x_wconf 58' lang='lat' dir='ltr'><strong>ferunt</strong></span> <span class='ocrx_word' id='word_1_516' title='bbox 503 4881 598 4921; x_wconf 87' lang='lat' dir='ltr'><strong>eos</strong></span> <span class='ocrx_word' id='word_1_517' title='bbox 622 4865 677 4920; x_wconf 91' lang='lat' dir='ltr'><strong>in</strong></span> <span class='ocrx_word' id='word_1_518' title='bbox 703 4845 889 4934; x_wconf 60' lang='lat' dir='ltr'><strong>agru’m</strong></span> <span class='ocrx_word' id='word_1_519' title='bbox 917 4861 1095 4932; x_wconf 77' lang='lat' dir='ltr'><strong>ﬁguli,</strong></span> <span class='ocrx_word' id='word_1_520' title='bbox 1128 4861 1268 4916; x_wconf 89' lang='lat' dir='ltr'><strong>sicut</strong></span> <span class='ocrx_word' id='word_1_521' title='bbox 1291 4859 1572 4915; x_wconf 85' lang='lat' dir='ltr'><strong>constituit</strong></span> <span class='ocrx_word' id='word_1_522' title='bbox 1597 4845 1726 4912; x_wconf 76' lang='grc' dir='ltr'><strong>ηἱίιιί</strong></span> <span class='ocrx_word' id='word_1_523' title='bbox 1761 4857 1862 4911; x_wconf 85' lang='lat' dir='ltr'><strong>Do-</strong></span> 
     </span>
    </p>
   </div>
   <div class='ocr_carea' id='block_1_69' title="bbox 287 4960 932 5023">
    <p class='ocr_par' dir='ltr' id='par_1_69' title="bbox 287 4960 932 5023">
     <span class='ocr_line' id='line_1_70' title="bbox 287 4960 932 5023; baseline 0.005 -13"><span class='ocrx_word' id='word_1_524' title='bbox 287 4960 482 5013; x_wconf 73' lang='lat' dir='ltr'><strong>r&#39;iuus.</strong></span> <span class='ocrx_word' id='word_1_525' title='bbox 922 5013 932 5023; x_wconf 83' lang='grc'><em>,</em></span> 
     </span>
    </p>
   </div>
   <div class='ocr_carea' id='block_1_70' title="bbox 357 5039 1866 5114">
    <p class='ocr_par' dir='ltr' id='par_1_70' title="bbox 357 5039 1866 5114">
     <span class='ocr_line' id='line_1_71' title="bbox 357 5039 1866 5114; baseline -0.007 -11"><span class='ocrx_word' id='word_1_526' title='bbox 357 5049 422 5103; x_wconf 80' lang='lat' dir='ltr'><strong>Et</strong></span> <span class='ocrx_word' id='word_1_527' title='bbox 450 5065 568 5103; x_wconf 85' lang='lat' dir='ltr'><strong>cum</strong></span> <span class='ocrx_word' id='word_1_528' title='bbox 595 5055 930 5102; x_wconf 83' lang='lat' dir='ltr'><strong>accusaretur</strong></span> <span class='ocrx_word' id='word_1_529' title='bbox 956 5063 986 5098; x_wconf 92' lang='lat' dir='ltr'><strong>a</strong></span> <span class='ocrx_word' id='word_1_530' title='bbox 1015 5044 1337 5114; x_wconf 86' lang='lat' dir='ltr'><strong>principibus</strong></span> <span class='ocrx_word' id='word_1_531' title='bbox 1375 5041 1704 5096; x_wconf 82' lang='lat' dir='ltr'><strong>sacerdotum</strong></span> <span class='ocrx_word' id='word_1_532' title='bbox 1735 5039 1866 5092; x_wconf 87' lang='lat' dir='ltr'><strong>nihil</strong></span> 
     </span>
    </p>
   </div>
   <div class='ocr_carea' id='block_1_71' title="bbox 287 5131 1871 5208">
    <p class='ocr_par' dir='ltr' id='par_1_71' title="bbox 287 5131 1871 5208">
     <span class='ocr_line' id='line_1_72' title="bbox 287 5131 1871 5208; baseline -0.005 -19"><span class='ocrx_word' id='word_1_533' title='bbox 287 5139 569 5208; x_wconf 59' lang='lat' dir='ltr'><strong>:u&#39;spondit.</strong></span> <span class='ocrx_word' id='word_1_534' title='bbox 600 5137 736 5193; x_wconf 75' lang='lat' dir='ltr'><strong>Hinc</strong></span> <span class='ocrx_word' id='word_1_535' title='bbox 759 5137 933 5192; x_wconf 87' lang='lat' dir='ltr'><strong>Lucas</strong></span> <span class='ocrx_word' id='word_1_536' title='bbox 953 5135 1030 5189; x_wconf 87' lang='lat' dir='ltr'><strong>ait</strong></span> <span class='ocrx_word' id='word_1_537' title='bbox 1065 5153 1080 5188; x_wconf 86' lang='lat'><em>:</em></span> <span class='ocrx_word' id='word_1_538' title='bbox 1125 5131 1354 5188; x_wconf 85' lang='lat' dir='ltr'><strong>Pilatum</strong></span> <span class='ocrx_word' id='word_1_539' title='bbox 1381 5131 1450 5186; x_wconf 90' lang='lat' dir='ltr'><strong>ad</strong></span> <span class='ocrx_word' id='word_1_540' title='bbox 1487 5131 1746 5202; x_wconf 73' lang='lat' dir='ltr'><strong>principes</strong></span> <span class='ocrx_word' id='word_1_541' title='bbox 1783 5145 1871 5181; x_wconf 88' lang='lat' dir='ltr'><strong>sa-</strong></span> 
     </span>
    </p>
   </div>
   <div class='ocr_carea' id='block_1_72' title="bbox 285 5216 1872 5298">
    <p class='ocr_par' dir='ltr' id='par_1_72' title="bbox 285 5216 1872 5298">
     <span class='ocr_line' id='line_1_73' title="bbox 285 5216 1872 5298; baseline -0.006 -20"><span class='ocrx_word' id='word_1_542' title='bbox 285 5229 557 5290; x_wconf 54' lang='lat' dir='ltr'><strong>rgrdotunt</strong></span> <span class='ocrx_word' id='word_1_543' title='bbox 593 5227 813 5298; x_wconf 74' lang='lat' dir='ltr'><strong>dixisse,</strong></span> <span class='ocrx_word' id='word_1_544' title='bbox 847 5223 979 5280; x_wconf 86' lang='lat' dir='ltr'><strong>nihil</strong></span> <span class='ocrx_word' id='word_1_545' title='bbox 1018 5222 1219 5278; x_wconf 88' lang='lat' dir='ltr'><strong>invenio</strong></span> <span class='ocrx_word' id='word_1_546' title='bbox 1261 5221 1314 5275; x_wconf 91' lang='lat' dir='ltr'><strong>in</strong></span> <span class='ocrx_word' id='word_1_547' title='bbox 1355 5220 1450 5274; x_wconf 85' lang='lat' dir='ltr'><strong>hoc</strong></span> <span class='ocrx_word' id='word_1_548' title='bbox 1491 5219 1714 5272; x_wconf 86' lang='lat' dir='ltr'><strong>homine.</strong></span> <span class='ocrx_word' id='word_1_549' title='bbox 1759 5216 1872 5271; x_wconf 87' lang='lat' dir='ltr'><strong>lloc</strong></span> 
     </span>
    </p>
   </div>
   <div class='ocr_carea' id='block_1_73' title="bbox 287 5309 1867 5390">
    <p class='ocr_par' dir='ltr' id='par_1_73' title="bbox 287 5309 1867 5390">
     <span class='ocr_line' id='line_1_74' title="bbox 287 5309 1867 5390; baseline -0.008 -18"><span class='ocrx_word' id='word_1_550' title='bbox 287 5328 371 5372; x_wconf 63' lang='lat' dir='ltr'><strong>cst</strong></span> <span class='ocrx_word' id='word_1_551' title='bbox 419 5317 564 5390; x_wconf 85' lang='lat' dir='ltr'><strong>quod</strong></span> <span class='ocrx_word' id='word_1_552' title='bbox 593 5319 706 5389; x_wconf 90' lang='lat' dir='ltr'><strong>ipse</strong></span> <span class='ocrx_word' id='word_1_553' title='bbox 730 5317 900 5389; x_wconf 84' lang='lat' dir='ltr'><strong>pridie</strong></span> <span class='ocrx_word' id='word_1_554' title='bbox 922 5329 1084 5387; x_wconf 89' lang='lat' dir='ltr'><strong>quam</strong></span> <span class='ocrx_word' id='word_1_555' title='bbox 1108 5320 1383 5384; x_wconf 85' lang='lat' dir='ltr'><strong>pateretur</strong></span> <span class='ocrx_word' id='word_1_556' title='bbox 1410 5311 1550 5366; x_wconf 90' lang='lat' dir='ltr'><strong>inter</strong></span> <span class='ocrx_word' id='word_1_557' title='bbox 1579 5310 1680 5363; x_wconf 85' lang='lat' dir='ltr'><strong>alia</strong></span> <span class='ocrx_word' id='word_1_558' title='bbox 1710 5309 1867 5362; x_wconf 76' lang='lat' dir='ltr'><strong>disci-</strong></span> 
     </span>
    </p>
   </div>
   <div class='ocr_carea' id='block_1_74' title="bbox 289 5400 1868 5479">
    <p class='ocr_par' dir='ltr' id='par_1_74' title="bbox 289 5400 1868 5479">
     <span class='ocr_line' id='line_1_75' title="bbox 289 5400 1868 5479; baseline -0.007 -17"><span class='ocrx_word' id='word_1_559' title='bbox 289 5409 428 5479; x_wconf 74' lang='lat' dir='ltr'><strong>p&#39;lils</strong></span> <span class='ocrx_word' id='word_1_560' title='bbox 459 5409 535 5464; x_wconf 86' lang='lat' dir='ltr'><strong>ait</strong></span> <span class='ocrx_word' id='word_1_561' title='bbox 563 5427 577 5464; x_wconf 86' lang='lat'><strong>:</strong></span> <span class='ocrx_word' id='word_1_562' title='bbox 619 5407 764 5462; x_wconf 79' lang='lat' dir='ltr'><strong>Venit</strong></span> <span class='ocrx_word' id='word_1_563' title='bbox 790 5408 926 5462; x_wconf 89' lang='lat' dir='ltr'><strong>enim</strong></span> <span class='ocrx_word' id='word_1_564' title='bbox 955 5405 1192 5477; x_wconf 83' lang='lat' dir='ltr'><strong>princeps</strong></span> <span class='ocrx_word' id='word_1_565' title='bbox 1219 5403 1400 5458; x_wconf 87' lang='lat' dir='ltr'><strong>mundi</strong></span> <span class='ocrx_word' id='word_1_566' title='bbox 1425 5401 1607 5472; x_wconf 81' lang='lat' dir='ltr'><strong>hujus,</strong></span> <span class='ocrx_word' id='word_1_567' title='bbox 1637 5408 1684 5453; x_wconf 88' lang='lat' dir='ltr'><strong>et</strong></span> <span class='ocrx_word' id='word_1_568' title='bbox 1709 5400 1762 5453; x_wconf 91' lang='lat' dir='ltr'><strong>in</strong></span> <span class='ocrx_word' id='word_1_569' title='bbox 1788 5415 1868 5452; x_wconf 86' lang='lat' dir='ltr'><strong>me</strong></span> 
     </span>
    </p>
   </div>
   <div class='ocr_carea' id='block_1_75' title="bbox 291 5489 1869 5571">
    <p class='ocr_par' dir='ltr' id='par_1_75' title="bbox 291 5489 1869 5571">
     <span class='ocr_line' id='line_1_76' title="bbox 291 5489 1869 5571; baseline -0.01 -17"><span class='ocrx_word' id='word_1_570' title='bbox 291 5519 393 5554; x_wconf 77' lang='lat' dir='ltr'><strong>non</strong></span> <span class='ocrx_word' id='word_1_571' title='bbox 427 5499 586 5556; x_wconf 84' lang='lat' dir='ltr'><strong>habet</strong></span> <span class='ocrx_word' id='word_1_572' title='bbox 616 5499 897 5571; x_wconf 80' lang='lat' dir='ltr'><strong>quidquam</strong></span> <span class='ocrx_word' id='word_1_573' title='bbox 929 5495 1108 5567; x_wconf 80' lang='lat' dir='ltr'><strong>(Joau.</strong></span> <span class='ocrx_word' id='word_1_574' title='bbox 1142 5493 1274 5564; x_wconf 71' lang='lat' dir='ltr'><strong>3m),</strong></span> <span class='ocrx_word' id='word_1_575' title='bbox 1316 5493 1408 5547; x_wconf 77' lang='lat' dir='ltr'><strong>sed</strong></span> <span class='ocrx_word' id='word_1_576' title='bbox 1451 5493 1575 5561; x_wconf 87' lang='lat' dir='ltr'><strong>quia</strong></span> <span class='ocrx_word' id='word_1_577' title='bbox 1619 5489 1869 5558; x_wconf 69' lang='lat' dir='ltr'><strong>princeps</strong></span> 
     </span>
    </p>
   </div>
   <div class='ocr_carea' id='block_1_76' title="bbox 295 5580 1870 5662">
    <p class='ocr_par' dir='ltr' id='par_1_76' title="bbox 295 5580 1870 5662">
     <span class='ocr_line' id='line_1_77' title="bbox 295 5580 1870 5662; baseline -0.01 -16"><span class='ocrx_word' id='word_1_578' title='bbox 295 5594 498 5662; x_wconf 75' lang='lat' dir='ltr'><strong>mundi,</strong></span> <span class='ocrx_word' id='word_1_579' title='bbox 529 5593 629 5648; x_wconf 88' lang='lat' dir='ltr'><strong>hoc</strong></span> <span class='ocrx_word' id='word_1_580' title='bbox 669 5600 772 5654; x_wconf 87' lang='lat' dir='ltr'><strong>est,</strong></span> <span class='ocrx_word' id='word_1_581' title='bbox 815 5589 1019 5644; x_wconf 84' lang='lat' dir='ltr'><strong>Pilatus</strong></span> <span class='ocrx_word' id='word_1_582' title='bbox 1057 5603 1180 5642; x_wconf 89' lang='lat' dir='ltr'><strong>eum</strong></span> <span class='ocrx_word' id='word_1_583' title='bbox 1223 5585 1470 5650; x_wconf 76' lang='lat' dir='ltr'><strong>absolvit,</strong></span> <span class='ocrx_word' id='word_1_584' title='bbox 1514 5584 1565 5637; x_wconf 90' lang='lat' dir='ltr'><strong>in</strong></span> <span class='ocrx_word' id='word_1_585' title='bbox 1593 5599 1698 5651; x_wconf 85' lang='lat' dir='ltr'><strong>quo</strong></span> <span class='ocrx_word' id='word_1_586' title='bbox 1737 5581 1809 5633; x_wconf 86' lang='lat' dir='ltr'><strong>nil</strong></span> <span class='ocrx_word' id='word_1_587' title='bbox 1837 5580 1870 5632; x_wconf 92' lang='lat' dir='ltr'><strong>il</strong></span> 
     </span>
    </p>
   </div>
   <div class='ocr_carea' id='block_1_77' title="bbox 1952 1843 3532 1918">
    <p class='ocr_par' dir='ltr' id='par_1_77' title="bbox 1952 1843 3532 1918">
     <span class='ocr_line' id='line_1_78' title="bbox 1952 1843 3532 1918; baseline 0.004 -22"><span class='ocrx_word' id='word_1_588' title='bbox 1952 1843 2357 1912; x_wconf 86' lang='lat' dir='ltr'><strong>interpretatur,</strong></span> <span class='ocrx_word' id='word_1_589' title='bbox 2381 1852 2560 1914; x_wconf 86' lang='lat' dir='ltr'><strong>potest</strong></span> <span class='ocrx_word' id='word_1_590' title='bbox 2581 1845 2897 1901; x_wconf 87' lang='lat' dir='ltr'><strong>Antichristi</strong></span> <span class='ocrx_word' id='word_1_591' title='bbox 2922 1855 3105 1917; x_wconf 86' lang='lat' dir='ltr'><strong>typum</strong></span> <span class='ocrx_word' id='word_1_592' title='bbox 3129 1863 3336 1918; x_wconf 79' lang='lat' dir='ltr'><strong>gerere,</strong></span> <span class='ocrx_word' id='word_1_593' title='bbox 3372 1864 3532 1918; x_wconf 78' lang='lat' dir='ltr'><strong>quem</strong></span> 
     </span>
    </p>
   </div>
   <div class='ocr_carea' id='block_1_78' title="bbox 1951 1933 3529 2006">
    <p class='ocr_par' dir='ltr' id='par_1_78' title="bbox 1951 1933 3529 2006">
     <span class='ocr_line' id='line_1_79' title="bbox 1951 1933 3529 2006; baseline 0.003 -18"><span class='ocrx_word' id='word_1_594' title='bbox 1951 1933 2026 1988; x_wconf 90' lang='lat' dir='ltr'><strong>illi</strong></span> <span class='ocrx_word' id='word_1_595' title='bbox 2072 1933 2269 2004; x_wconf 88' lang='lat' dir='ltr'><strong>quibus</strong></span> <span class='ocrx_word' id='word_1_596' title='bbox 2291 1934 2422 1990; x_wconf 89' lang='lat' dir='ltr'><strong>dicit</strong></span> <span class='ocrx_word' id='word_1_597' title='bbox 2445 1953 2459 1988; x_wconf 89' lang='lat'><strong>:</strong></span> <span class='ocrx_word' id='word_1_598' title='bbox 2487 1952 2582 1990; x_wconf 81' lang='lat' dir='ltr'><strong>vos</strong></span> <span class='ocrx_word' id='word_1_599' title='bbox 2611 1953 2678 1991; x_wconf 75' lang='lat' dir='ltr'><strong>ex</strong></span> <span class='ocrx_word' id='word_1_600' title='bbox 2701 1945 2853 2006; x_wconf 86' lang='lat' dir='ltr'><strong>patre</strong></span> <span class='ocrx_word' id='word_1_601' title='bbox 2875 1938 3088 1995; x_wconf 91' lang='lat' dir='ltr'><strong>diabolo</strong></span> <span class='ocrx_word' id='word_1_602' title='bbox 3107 1941 3258 2003; x_wconf 88' lang='lat' dir='ltr'><strong>estis,</strong></span> <span class='ocrx_word' id='word_1_603' title='bbox 3285 1957 3414 1996; x_wconf 85' lang='lat' dir='ltr'><strong>vero</strong></span> <span class='ocrx_word' id='word_1_604' title='bbox 3437 1940 3529 1994; x_wconf 77' lang='lat' dir='ltr'><strong>Dei</strong></span> 
     </span>
    </p>
   </div>
   <div class='ocr_carea' id='block_1_79' title="bbox 1952 2024 3535 2095">
    <p class='ocr_par' dir='ltr' id='par_1_79' title="bbox 1952 2024 3535 2095">
     <span class='ocr_line' id='line_1_80' title="bbox 1952 2024 3535 2095; baseline 0.004 -16"><span class='ocrx_word' id='word_1_605' title='bbox 1952 2024 2062 2080; x_wconf 82' lang='lat' dir='ltr'><strong>ﬁlio</strong></span> <span class='ocrx_word' id='word_1_606' title='bbox 2101 2033 2221 2081; x_wconf 88' lang='lat' dir='ltr'><strong>sunt</strong></span> <span class='ocrx_word' id='word_1_607' title='bbox 2264 2025 2562 2095; x_wconf 68' lang='lat' dir='ltr'><strong>praelaturi.</strong></span> <span class='ocrx_word' id='word_1_608' title='bbox 2601 2027 2767 2084; x_wconf 85' lang='lat' dir='ltr'><strong>Filius</strong></span> <span class='ocrx_word' id='word_1_609' title='bbox 2808 2039 2987 2085; x_wconf 88' lang='lat' dir='ltr'><strong>autem</strong></span> <span class='ocrx_word' id='word_1_610' title='bbox 3028 2031 3222 2086; x_wconf 86' lang='lat' dir='ltr'><strong>diaboli</strong></span> <span class='ocrx_word' id='word_1_611' title='bbox 3265 2030 3535 2086; x_wconf 83' lang='lat' dir='ltr'><strong>Antichri-</strong></span> 
     </span>
    </p>
   </div>
   <div class='ocr_carea' id='block_1_80' title="bbox 1949 2119 3458 2189">
    <p class='ocr_par' dir='ltr' id='par_1_80' title="bbox 1949 2119 3458 2189">
     <span class='ocr_line' id='line_1_81' title="bbox 1949 2119 3458 2189; baseline 0.005 -17"><span class='ocrx_word' id='word_1_612' title='bbox 1949 2123 2084 2178; x_wconf 85' lang='lat' dir='ltr'><strong>stus.</strong></span> <span class='ocrx_word' id='word_1_613' title='bbox 2109 2135 2216 2172; x_wconf 90' lang='lat' dir='ltr'><strong>non</strong></span> <span class='ocrx_word' id='word_1_614' title='bbox 2239 2119 2307 2174; x_wconf 89' lang='lat' dir='ltr'><strong>ab</strong></span> <span class='ocrx_word' id='word_1_615' title='bbox 2329 2119 2446 2189; x_wconf 89' lang='lat' dir='ltr'><strong>ipso</strong></span> <span class='ocrx_word' id='word_1_616' title='bbox 2467 2121 2756 2187; x_wconf 86' lang='lat' dir='ltr'><strong>nascendo,</strong></span> <span class='ocrx_word' id='word_1_617' title='bbox 2791 2123 2886 2178; x_wconf 85' lang='lat' dir='ltr'><strong>sed</strong></span> <span class='ocrx_word' id='word_1_618' title='bbox 2920 2124 3182 2179; x_wconf 79' lang='lat' dir='ltr'><strong>imitando</strong></span> <span class='ocrx_word' id='word_1_619' title='bbox 3214 2134 3458 2180; x_wconf 83' lang='lat' dir='ltr'><strong>voratur.</strong></span> 
     </span>
    </p>
   </div>
   <div class='ocr_carea' id='block_1_81' title="bbox 2023 2206 3534 2283">
    <p class='ocr_par' dir='ltr' id='par_1_81' title="bbox 2023 2206 3534 2283">
     <span class='ocr_line' id='line_1_82' title="bbox 2023 2206 3534 2283; baseline 0.003 -20"><span class='ocrx_word' id='word_1_620' title='bbox 2023 2206 2244 2263; x_wconf 86' lang='lat' dir='ltr'><strong>Sedente</strong></span> <span class='ocrx_word' id='word_1_621' title='bbox 2289 2219 2463 2263; x_wconf 87' lang='lat' dir='ltr'><strong>autem</strong></span> <span class='ocrx_word' id='word_1_622' title='bbox 2503 2209 2595 2266; x_wconf 86' lang='lat' dir='ltr'><strong>illo</strong></span> <span class='ocrx_word' id='word_1_623' title='bbox 2633 2229 2728 2283; x_wconf 86' lang='lat' dir='ltr'><strong>pro</strong></span> <span class='ocrx_word' id='word_1_624' title='bbox 2765 2211 3053 2278; x_wconf 81' lang='lat' dir='ltr'><strong>tribunali,</strong></span> <span class='ocrx_word' id='word_1_625' title='bbox 3093 2213 3233 2267; x_wconf 84' lang='lat' dir='ltr'><strong>misit</strong></span> <span class='ocrx_word' id='word_1_626' title='bbox 3277 2213 3345 2268; x_wconf 84' lang='lat' dir='ltr'><strong>ad</strong></span> <span class='ocrx_word' id='word_1_627' title='bbox 3386 2213 3534 2268; x_wconf 88' lang='lat' dir='ltr'><strong>illum</strong></span> 
     </span>
    </p>
   </div>
   <div class='ocr_carea' id='block_1_82' title="bbox 1951 2296 3537 2371">
    <p class='ocr_par' dir='ltr' id='par_1_82' title="bbox 1951 2296 3537 2371">
     <span class='ocr_line' id='line_1_83' title="bbox 1951 2296 3537 2371; baseline 0.005 -21"><span class='ocrx_word' id='word_1_628' title='bbox 1951 2314 2085 2350; x_wconf 73' lang='lat' dir='ltr'><strong>uxor</strong></span> <span class='ocrx_word' id='word_1_629' title='bbox 2112 2296 2226 2368; x_wconf 70' lang='lat' dir='ltr'><strong>ejd’s</strong></span> <span class='ocrx_word' id='word_1_630' title='bbox 2253 2299 2431 2353; x_wconf 85' lang='lat' dir='ltr'><strong>dicens</strong></span> <span class='ocrx_word' id='word_1_631' title='bbox 2467 2312 2486 2352; x_wconf 87' lang='lat'><strong>.&#39;</strong></span> <span class='ocrx_word' id='word_1_632' title='bbox 2517 2299 2671 2354; x_wconf 83' lang='lat' dir='ltr'><strong>Nihil</strong></span> <span class='ocrx_word' id='word_1_633' title='bbox 2698 2300 2792 2354; x_wconf 88' lang='lat' dir='ltr'><strong>tibi</strong></span> <span class='ocrx_word' id='word_1_634' title='bbox 2820 2309 2869 2354; x_wconf 89' lang='lat' dir='ltr'><strong>et</strong></span> <span class='ocrx_word' id='word_1_635' title='bbox 2889 2301 3038 2371; x_wconf 87' lang='lat' dir='ltr'><strong>justo</strong></span> <span class='ocrx_word' id='word_1_636' title='bbox 3065 2303 3164 2356; x_wconf 72' lang='lat' dir='ltr'><strong>illi.</strong></span> <span class='ocrx_word' id='word_1_637' title='bbox 3202 2302 3372 2356; x_wconf 76' lang='lat' dir='ltr'><strong>Multa</strong></span> <span class='ocrx_word' id='word_1_638' title='bbox 3398 2305 3537 2368; x_wconf 79' lang='lat' dir='ltr'><strong>enim</strong></span> 
     </span>
    </p>
   </div>
   <div class='ocr_carea' id='block_1_83' title="bbox 1947 2387 3538 2462">
    <p class='ocr_par' dir='ltr' id='par_1_83' title="bbox 1947 2387 3538 2462">
     <span class='ocr_line' id='line_1_84' title="bbox 1947 2387 3538 2462; baseline 0.006 -24"><span class='ocrx_word' id='word_1_639' title='bbox 1947 2402 2104 2456; x_wconf 85' lang='lat' dir='ltr'><strong>passa</strong></span> <span class='ocrx_word' id='word_1_640' title='bbox 2137 2403 2253 2440; x_wconf 89' lang='lat' dir='ltr'><strong>sum</strong></span> <span class='ocrx_word' id='word_1_641' title='bbox 2283 2387 2438 2450; x_wconf 82' lang='lat' dir='ltr'><strong>hodie</strong></span> <span class='ocrx_word' id='word_1_642' title='bbox 2464 2405 2558 2460; x_wconf 89' lang='lat' dir='ltr'><strong>per</strong></span> <span class='ocrx_word' id='word_1_643' title='bbox 2585 2390 2748 2446; x_wconf 83' lang='lat' dir='ltr'><strong>visum</strong></span> <span class='ocrx_word' id='word_1_644' title='bbox 2771 2401 2982 2460; x_wconf 85' lang='lat' dir='ltr'><strong>prapter</strong></span> <span class='ocrx_word' id='word_1_645' title='bbox 3009 2389 3179 2446; x_wconf 90' lang='lat' dir='ltr'><strong>illum.</strong></span> <span class='ocrx_word' id='word_1_646' title='bbox 3215 2391 3374 2458; x_wconf 82' lang='lat' dir='ltr'><strong>Nota,</strong></span> <span class='ocrx_word' id='word_1_647' title='bbox 3395 2395 3538 2462; x_wconf 77' lang='lat' dir='ltr'><strong>quod</strong></span> 
     </span>
    </p>
   </div>
   <div class='ocr_carea' id='block_1_84' title="bbox 1950 2475 3538 2551">
    <p class='ocr_par' dir='ltr' id='par_1_84' title="bbox 1950 2475 3538 2551">
     <span class='ocr_line' id='line_1_85' title="bbox 1950 2475 3538 2551; baseline 0.005 -23"><span class='ocrx_word' id='word_1_648' title='bbox 1950 2475 2242 2546; x_wconf 79' lang='lat' dir='ltr'><strong>gentilibus</strong></span> <span class='ocrx_word' id='word_1_649' title='bbox 2262 2492 2403 2547; x_wconf 71' lang='lat' dir='ltr'><strong>scepc</strong></span> <span class='ocrx_word' id='word_1_650' title='bbox 2429 2493 2459 2531; x_wconf 90' lang='lat' dir='ltr'><strong>a</strong></span> <span class='ocrx_word' id='word_1_651' title='bbox 2495 2478 2606 2532; x_wconf 86' lang='lat' dir='ltr'><strong>Deo</strong></span> <span class='ocrx_word' id='word_1_652' title='bbox 2641 2480 2849 2534; x_wconf 87' lang='lat' dir='ltr'><strong>somnia</strong></span> <span class='ocrx_word' id='word_1_653' title='bbox 2872 2480 3195 2543; x_wconf 75' lang='lat' dir='ltr'><strong>rerelentur,</strong></span> <span class='ocrx_word' id='word_1_654' title='bbox 3222 2491 3276 2536; x_wconf 89' lang='lat' dir='ltr'><strong>et</strong></span> <span class='ocrx_word' id='word_1_655' title='bbox 3307 2483 3449 2551; x_wconf 84' lang='lat' dir='ltr'><strong>quod</strong></span> <span class='ocrx_word' id='word_1_656' title='bbox 3483 2483 3538 2536; x_wconf 90' lang='lat' dir='ltr'><strong>iu</strong></span> 
     </span>
    </p>
   </div>
   <div class='ocr_carea' id='block_1_85' title="bbox 1952 2559 3536 2639">
    <p class='ocr_par' dir='ltr' id='par_1_85' title="bbox 1952 2559 3536 2639">
     <span class='ocr_line' id='line_1_86' title="bbox 1952 2559 3536 2639; baseline 0.006 -21"><span class='ocrx_word' id='word_1_657' title='bbox 1952 2565 2124 2622; x_wconf 85' lang='lat' dir='ltr'><strong>Pilato</strong></span> <span class='ocrx_word' id='word_1_658' title='bbox 2143 2577 2198 2620; x_wconf 90' lang='lat' dir='ltr'><strong>et</strong></span> <span class='ocrx_word' id='word_1_659' title='bbox 2219 2583 2389 2622; x_wconf 80' lang='lat' dir='ltr'><strong>uxore</strong></span> <span class='ocrx_word' id='word_1_660' title='bbox 2417 2564 2551 2635; x_wconf 86' lang='lat' dir='ltr'><strong>ejus,</strong></span> <span class='ocrx_word' id='word_1_661' title='bbox 2575 2569 2782 2639; x_wconf 86' lang='lat' dir='ltr'><strong>justum</strong></span> <span class='ocrx_word' id='word_1_662' title='bbox 2817 2559 3108 2626; x_wconf 68' lang='lat' dir='ltr'><strong>Domin&#39;um</strong></span> <span class='ocrx_word' id='word_1_663' title='bbox 3129 2571 3536 2636; x_wconf 82' lang='lat' dir='ltr'><strong>conﬁtentibus,</strong></span> 
     </span>
    </p>
   </div>
   <div class='ocr_carea' id='block_1_86' title="bbox 1949 2661 2872 2731">
    <p class='ocr_par' dir='ltr' id='par_1_86' title="bbox 1949 2661 2872 2731">
     <span class='ocr_line' id='line_1_87' title="bbox 1949 2661 2872 2731; baseline 0.007 -19"><span class='ocrx_word' id='word_1_664' title='bbox 1949 2661 2168 2731; x_wconf 78' lang='lat' dir='ltr'><strong>gentilis</strong></span> <span class='ocrx_word' id='word_1_665' title='bbox 2187 2661 2367 2730; x_wconf 83' lang='lat' dir='ltr'><strong>populi</strong></span> <span class='ocrx_word' id='word_1_666' title='bbox 2394 2661 2762 2717; x_wconf 83' lang='lat' dir='ltr'><strong>testimonium</strong></span> <span class='ocrx_word' id='word_1_667' title='bbox 2784 2663 2872 2718; x_wconf 85' lang='lat' dir='ltr'><strong>sit.</strong></span> 
     </span>
    </p>
   </div>
   <div class='ocr_carea' id='block_1_87' title="bbox 2023 2750 3542 2830">
    <p class='ocr_par' dir='ltr' id='par_1_87' title="bbox 2023 2750 3542 2830">
     <span class='ocr_line' id='line_1_88' title="bbox 2023 2750 3542 2830; baseline 0.005 -26"><span class='ocrx_word' id='word_1_668' title='bbox 2023 2750 2162 2804; x_wconf 85' lang='lat' dir='ltr'><strong>Dicit</strong></span> <span class='ocrx_word' id='word_1_669' title='bbox 2190 2753 2378 2806; x_wconf 83' lang='lat' dir='ltr'><strong>iterum</strong></span> <span class='ocrx_word' id='word_1_670' title='bbox 2405 2751 2510 2808; x_wconf 62' lang='grc' dir='ltr'><strong><em>ἱείς</em></strong></span> <span class='ocrx_word' id='word_1_671' title='bbox 2538 2752 2763 2817; x_wconf 87' lang='lat' dir='ltr'><strong>Pilatus,</strong></span> <span class='ocrx_word' id='word_1_672' title='bbox 2786 2756 2912 2826; x_wconf 80' lang='lat' dir='ltr'><strong>quid</strong></span> <span class='ocrx_word' id='word_1_673' title='bbox 2935 2755 3127 2825; x_wconf 77' lang='lat' dir='ltr'><strong>faciam</strong></span> <span class='ocrx_word' id='word_1_674' title='bbox 3153 2757 3218 2813; x_wconf 83' lang='lat' dir='ltr'><strong>de</strong></span> <span class='ocrx_word' id='word_1_675' title='bbox 3260 2757 3413 2822; x_wconf 70' lang='lat' dir='ltr'><strong>Iesu,</strong></span> <span class='ocrx_word' id='word_1_676' title='bbox 3451 2760 3542 2830; x_wconf 82' lang='lat' dir='ltr'><strong>qui</strong></span> 
     </span>
    </p>
   </div>
   <div class='ocr_carea' id='block_1_88' title="bbox 1951 2840 3542 2916">
    <p class='ocr_par' dir='ltr' id='par_1_88' title="bbox 1951 2840 3542 2916">
     <span class='ocr_line' id='line_1_89' title="bbox 1951 2840 3542 2916; baseline 0.004 -22"><span class='ocrx_word' id='word_1_677' title='bbox 1951 2841 2146 2894; x_wconf 80' lang='lat' dir='ltr'><strong>dicitur</strong></span> <span class='ocrx_word' id='word_1_678' title='bbox 2173 2840 2664 2896; x_wconf 85' lang='lat' dir='ltr'><strong>Christus?Dicunt</strong></span> <span class='ocrx_word' id='word_1_679' title='bbox 2694 2860 2892 2910; x_wconf 82' lang='lat' dir='ltr'><strong>omnes,</strong></span> <span class='ocrx_word' id='word_1_680' title='bbox 2924 2846 3284 2916; x_wconf 66' lang='lat' dir='ltr'><strong>cruciﬁg&#39;vtur.</strong></span> <span class='ocrx_word' id='word_1_681' title='bbox 3326 2845 3400 2901; x_wconf 79' lang='lat' dir='ltr'><strong>Ut</strong></span> <span class='ocrx_word' id='word_1_682' title='bbox 3439 2847 3542 2902; x_wconf 88' lang='lat' dir='ltr'><strong>im-</strong></span> 
     </span>
    </p>
   </div>
   <div class='ocr_carea' id='block_1_89' title="bbox 1951 2933 3538 3004">
    <p class='ocr_par' dir='ltr' id='par_1_89' title="bbox 1951 2933 3538 3004">
     <span class='ocr_line' id='line_1_90' title="bbox 1951 2933 3538 3004; baseline 0.003 -16"><span class='ocrx_word' id='word_1_683' title='bbox 1951 2933 2194 3004; x_wconf 87' lang='lat' dir='ltr'><strong>pleretur</strong></span> <span class='ocrx_word' id='word_1_684' title='bbox 2224 2935 2367 3004; x_wconf 88' lang='lat' dir='ltr'><strong>quod</strong></span> <span class='ocrx_word' id='word_1_685' title='bbox 2403 2935 2605 2990; x_wconf 89' lang='lat' dir='ltr'><strong>dictum</strong></span> <span class='ocrx_word' id='word_1_686' title='bbox 2645 2944 2724 2991; x_wconf 90' lang='lat' dir='ltr'><strong>est</strong></span> <span class='ocrx_word' id='word_1_687' title='bbox 2767 2937 2820 2991; x_wconf 90' lang='lat' dir='ltr'><strong>in</strong></span> <span class='ocrx_word' id='word_1_688' title='bbox 2861 2937 3077 2992; x_wconf 84' lang='lat' dir='ltr'><strong>Psalmo</strong></span> <span class='ocrx_word' id='word_1_689' title='bbox 3115 2957 3128 2992; x_wconf 88' lang='lat'><strong>:</strong></span> <span class='ocrx_word' id='word_1_690' title='bbox 3166 2939 3538 2993; x_wconf 75' lang='lat' dir='ltr'><strong>(.‘ircumdcde-</strong></span> 
     </span>
    </p>
   </div>
   <div class='ocr_carea' id='block_1_90' title="bbox 1954 3024 3536 3097">
    <p class='ocr_par' dir='ltr' id='par_1_90' title="bbox 1954 3024 3536 3097">
     <span class='ocr_line' id='line_1_91' title="bbox 1954 3024 3536 3097; baseline 0.002 -19"><span class='ocrx_word' id='word_1_691' title='bbox 1954 3033 2072 3079; x_wconf 86' lang='lat' dir='ltr'><strong>runt</strong></span> <span class='ocrx_word' id='word_1_692' title='bbox 2102 3041 2182 3079; x_wconf 83' lang='lat' dir='ltr'><strong>me</strong></span> <span class='ocrx_word' id='word_1_693' title='bbox 2209 3041 2361 3079; x_wconf 74' lang='lat' dir='ltr'><strong>cana:</strong></span> <span class='ocrx_word' id='word_1_694' title='bbox 2393 3025 2544 3080; x_wconf 80' lang='lat' dir='ltr'><strong>multi</strong></span> <span class='ocrx_word' id='word_1_695' title='bbox 2572 3024 2744 3097; x_wconf 81' lang='lat' dir='ltr'><strong>(Psal.</strong></span> <span class='ocrx_word' id='word_1_696' title='bbox 2777 3028 2914 3095; x_wconf 70' lang='lat' dir='ltr'><strong>xxx),</strong></span> <span class='ocrx_word' id='word_1_697' title='bbox 2951 3037 3007 3082; x_wconf 78' lang='lat' dir='ltr'><strong>et</strong></span> <span class='ocrx_word' id='word_1_698' title='bbox 3042 3029 3172 3084; x_wconf 90' lang='lat' dir='ltr'><strong>illud</strong></span> <span class='ocrx_word' id='word_1_699' title='bbox 3211 3029 3497 3084; x_wconf 65' lang='lat' dir='ltr'><strong>Hieremiae</strong></span> <span class='ocrx_word' id='word_1_700' title='bbox 3524 3071 3536 3081; x_wconf 94' lang='lat'><strong>.</strong></span> 
     </span>
    </p>
   </div>
   <div class='ocr_carea' id='block_1_91' title="bbox 1953 3205 3162 3280">
    <p class='ocr_par' dir='ltr' id='par_1_91' title="bbox 1953 3205 3162 3280">
     <span class='ocr_line' id='line_1_92' title="bbox 1953 3205 3162 3280; baseline 0.003 -21"><span class='ocrx_word' id='word_1_701' title='bbox 1953 3206 2140 3260; x_wconf 87' lang='lat' dir='ltr'><strong>derunt</strong></span> <span class='ocrx_word' id='word_1_702' title='bbox 2169 3223 2324 3276; x_wconf 79' lang='lat' dir='ltr'><strong>super</strong></span> <span class='ocrx_word' id='word_1_703' title='bbox 2349 3223 2428 3259; x_wconf 80' lang='lat' dir='ltr'><strong>me</strong></span> <span class='ocrx_word' id='word_1_704' title='bbox 2453 3223 2624 3260; x_wconf 86' lang='lat' dir='ltr'><strong>vocem</strong></span> <span class='ocrx_word' id='word_1_705' title='bbox 2653 3225 2803 3262; x_wconf 84' lang='lat' dir='ltr'><strong>suam</strong></span> <span class='ocrx_word' id='word_1_706' title='bbox 2837 3205 3011 3279; x_wconf 81' lang='lat' dir='ltr'><strong>(Hier.</strong></span> <span class='ocrx_word' id='word_1_707' title='bbox 3040 3209 3162 3280; x_wconf 82' lang='lat' dir='ltr'><strong>xu).</strong></span> 
     </span>
    </p>
   </div>
   <div class='ocr_carea' id='block_1_92' title="bbox 1937 3295 3540 3371">
    <p class='ocr_par' dir='ltr' id='par_1_92' title="bbox 1937 3295 3540 3371">
     <span class='ocr_line' id='line_1_93' title="bbox 1937 3295 3540 3371; baseline 0.004 -23"><span class='ocrx_word' id='word_1_708' title='bbox 1937 3298 1946 3308; x_wconf 87' lang='lat'><strong>&#39;</strong></span> <span class='ocrx_word' id='word_1_709' title='bbox 2035 3295 2226 3352; x_wconf 76' lang='lat' dir='ltr'><strong>l&#39;idens</strong></span> <span class='ocrx_word' id='word_1_710' title='bbox 2247 3307 2420 3352; x_wconf 85' lang='lat' dir='ltr'><strong>autem</strong></span> <span class='ocrx_word' id='word_1_711' title='bbox 2453 3296 2678 3363; x_wconf 87' lang='lat' dir='ltr'><strong>Pilatus,</strong></span> <span class='ocrx_word' id='word_1_712' title='bbox 2709 3299 2833 3370; x_wconf 87' lang='lat' dir='ltr'><strong>quia</strong></span> <span class='ocrx_word' id='word_1_713' title='bbox 2859 3299 2991 3354; x_wconf 81' lang='lat' dir='ltr'><strong>nihil</strong></span> <span class='ocrx_word' id='word_1_714' title='bbox 3009 3301 3304 3371; x_wconf 82' lang='lat' dir='ltr'><strong>proﬁceret,</strong></span> <span class='ocrx_word' id='word_1_715' title='bbox 3329 3313 3540 3365; x_wconf 79' lang='lat' dir='ltr'><strong>accepta</strong></span> 
     </span>
    </p>
   </div>
   <div class='ocr_carea' id='block_1_93' title="bbox 1955 3388 3544 3462">
    <p class='ocr_par' dir='ltr' id='par_1_93' title="bbox 1955 3388 3544 3462">
     <span class='ocr_line' id='line_1_94' title="bbox 1955 3388 3544 3462; baseline 0.003 -20"><span class='ocrx_word' id='word_1_716' title='bbox 1955 3407 2092 3460; x_wconf 77' lang='lat' dir='ltr'><strong>aqua</strong></span> <span class='ocrx_word' id='word_1_717' title='bbox 2138 3388 2262 3442; x_wconf 84' lang='lat' dir='ltr'><strong>lavit</strong></span> <span class='ocrx_word' id='word_1_718' title='bbox 2309 3406 2496 3443; x_wconf 82' lang='lat' dir='ltr'><strong>manus</strong></span> <span class='ocrx_word' id='word_1_719' title='bbox 2541 3407 2718 3444; x_wconf 90' lang='lat' dir='ltr'><strong>coram</strong></span> <span class='ocrx_word' id='word_1_720' title='bbox 2765 3391 2980 3462; x_wconf 88' lang='lat' dir='ltr'><strong>populo,</strong></span> <span class='ocrx_word' id='word_1_721' title='bbox 3007 3393 3187 3446; x_wconf 82' lang='lat' dir='ltr'><strong>dicens</strong></span> <span class='ocrx_word' id='word_1_722' title='bbox 3228 3406 3246 3445; x_wconf 87' lang='lat'><strong>.&#39;</strong></span> <span class='ocrx_word' id='word_1_723' title='bbox 3283 3392 3544 3448; x_wconf 83' lang='lat' dir='ltr'><strong>lnnoecus</strong></span> 
     </span>
    </p>
   </div>
   <div class='ocr_carea' id='block_1_94' title="bbox 1954 3479 3542 3550">
    <p class='ocr_par' dir='ltr' id='par_1_94' title="bbox 1954 3479 3542 3550">
     <span class='ocr_line' id='line_1_95' title="bbox 1954 3479 3542 3550; baseline 0.001 -18"><span class='ocrx_word' id='word_1_724' title='bbox 1954 3496 2046 3550; x_wconf 80' lang='lat' dir='ltr'><strong>ego</strong></span> <span class='ocrx_word' id='word_1_725' title='bbox 2087 3495 2202 3531; x_wconf 87' lang='lat' dir='ltr'><strong>smn</strong></span> <span class='ocrx_word' id='word_1_726' title='bbox 2239 3496 2270 3531; x_wconf 93' lang='lat' dir='ltr'><strong>a</strong></span> <span class='ocrx_word' id='word_1_727' title='bbox 2299 3479 2552 3548; x_wconf 85' lang='lat' dir='ltr'><strong>sanguine</strong></span> <span class='ocrx_word' id='word_1_728' title='bbox 2579 3479 2738 3548; x_wconf 87' lang='lat' dir='ltr'><strong>hujus</strong></span> <span class='ocrx_word' id='word_1_729' title='bbox 2766 3479 2935 3550; x_wconf 85' lang='lat' dir='ltr'><strong>justi,</strong></span> <span class='ocrx_word' id='word_1_730' title='bbox 2967 3490 3071 3534; x_wconf 77' lang='lat' dir='ltr'><strong>etc.</strong></span> <span class='ocrx_word' id='word_1_731' title='bbox 3120 3480 3324 3536; x_wconf 84' lang='lat' dir='ltr'><strong>Pilatus</strong></span> <span class='ocrx_word' id='word_1_732' title='bbox 3365 3489 3542 3536; x_wconf 79' lang='lat' dir='ltr'><strong>autem</strong></span> 
     </span>
    </p>
   </div>
   <div class='ocr_carea' id='block_1_95' title="bbox 1955 3569 3546 3642">
    <p class='ocr_par' dir='ltr' id='par_1_95' title="bbox 1955 3569 3546 3642">
     <span class='ocr_line' id='line_1_96' title="bbox 1955 3569 3546 3642; baseline 0.002 -19"><span class='ocrx_word' id='word_1_733' title='bbox 1955 3570 2166 3639; x_wconf 77' lang='lat' dir='ltr'><strong>accepit</strong></span> <span class='ocrx_word' id='word_1_734' title='bbox 2185 3585 2379 3638; x_wconf 86' lang='lat' dir='ltr'><strong>aquam</strong></span> <span class='ocrx_word' id='word_1_735' title='bbox 2408 3569 2560 3637; x_wconf 71' lang='lat' dir='ltr'><strong>juxta</strong></span> <span class='ocrx_word' id='word_1_736' title='bbox 2585 3569 2710 3624; x_wconf 89' lang='lat' dir='ltr'><strong>illud</strong></span> <span class='ocrx_word' id='word_1_737' title='bbox 2733 3573 3102 3642; x_wconf 70' lang='lat' dir='ltr'><strong>propheticum</strong></span> <span class='ocrx_word' id='word_1_738' title='bbox 3133 3591 3144 3626; x_wconf 93' lang='lat'><strong>:</strong></span> <span class='ocrx_word' id='word_1_739' title='bbox 3177 3571 3390 3627; x_wconf 78' lang='lat' dir='ltr'><strong>Lavabo-</strong></span> <span class='ocrx_word' id='word_1_740' title='bbox 3410 3573 3546 3626; x_wconf 78' lang='lat' dir='ltr'><strong>inter</strong></span> 
     </span>
    </p>
   </div>
   <div class='ocr_carea' id='block_1_96' title="bbox 1954 3659 3546 3733">
    <p class='ocr_par' dir='ltr' id='par_1_96' title="bbox 1954 3659 3546 3733">
     <span class='ocr_line' id='line_1_97' title="bbox 1954 3659 3546 3733; baseline 0.003 -21"><span class='ocrx_word' id='word_1_741' title='bbox 1954 3661 2250 3713; x_wconf 73' lang='lat' dir='ltr'><strong>innocentes</strong></span> <span class='ocrx_word' id='word_1_742' title='bbox 2291 3676 2476 3712; x_wconf 88' lang='lat' dir='ltr'><strong>manus</strong></span> <span class='ocrx_word' id='word_1_743' title='bbox 2509 3677 2650 3714; x_wconf 90' lang='lat' dir='ltr'><strong>meas</strong></span> <span class='ocrx_word' id='word_1_744' title='bbox 2679 3659 2852 3732; x_wconf 86' lang='lat' dir='ltr'><strong>(Psal.</strong></span> <span class='ocrx_word' id='word_1_745' title='bbox 2928 3661 3086 3733; x_wconf 73' lang='lat' dir='ltr'><strong>xxv).</strong></span> <span class='ocrx_word' id='word_1_746' title='bbox 3129 3671 3185 3716; x_wconf 87' lang='lat' dir='ltr'><strong>ut</strong></span> <span class='ocrx_word' id='word_1_747' title='bbox 3231 3662 3284 3716; x_wconf 92' lang='lat' dir='ltr'><strong>in</strong></span> <span class='ocrx_word' id='word_1_748' title='bbox 3325 3663 3546 3716; x_wconf 81' lang='lat' dir='ltr'><strong>lavacro</strong></span> 
     </span>
    </p>
   </div>
   <div class='ocr_carea' id='block_1_97' title="bbox 1877 3750 3546 3822">
    <p class='ocr_par' dir='ltr' id='par_1_97' title="bbox 1877 3750 3546 3822">
     <span class='ocr_line' id='line_1_98' title="bbox 1877 3750 3546 3822; baseline -0.001 -16"><span class='ocrx_word' id='word_1_749' title='bbox 1877 3761 1894 3767; x_wconf 76' lang='lat'><strong><em>‘</em></strong></span> <span class='ocrx_word' id='word_1_750' title='bbox 1959 3767 2210 3806; x_wconf 81' lang='lat' dir='ltr'><strong>manuum</strong></span> <span class='ocrx_word' id='word_1_751' title='bbox 2255 3750 2399 3821; x_wconf 82' lang='lat' dir='ltr'><strong>ejus,</strong></span> <span class='ocrx_word' id='word_1_752' title='bbox 2441 3751 2718 3821; x_wconf 74' lang='lat' dir='ltr'><strong>gentilium</strong></span> <span class='ocrx_word' id='word_1_753' title='bbox 2759 3765 2924 3821; x_wconf 84' lang='lat' dir='ltr'><strong>Opera</strong></span> <span class='ocrx_word' id='word_1_754' title='bbox 2967 3760 3348 3822; x_wconf 84' lang='lat' dir='ltr'><strong>purgareutur,</strong></span> <span class='ocrx_word' id='word_1_755' title='bbox 3385 3759 3440 3806; x_wconf 90' lang='lat' dir='ltr'><strong>et</strong></span> <span class='ocrx_word' id='word_1_756' title='bbox 3477 3752 3546 3805; x_wconf 87' lang='lat' dir='ltr'><strong>ab</strong></span> 
     </span>
    </p>
   </div>
   <div class='ocr_carea' id='block_1_98' title="bbox 1957 3838 3545 3912">
    <p class='ocr_par' dir='ltr' id='par_1_98' title="bbox 1957 3838 3545 3912">
     <span class='ocr_line' id='line_1_99' title="bbox 1957 3838 3545 3912; baseline -0.001 -16"><span class='ocrx_word' id='word_1_757' title='bbox 1957 3841 2230 3911; x_wconf 79' lang='lat' dir='ltr'><strong>impietate</strong></span> <span class='ocrx_word' id='word_1_758' title='bbox 2252 3838 2580 3905; x_wconf 70' lang='lat' dir='ltr'><strong>Iudaeorum,</strong></span> <span class='ocrx_word' id='word_1_759' title='bbox 2599 3841 2692 3910; x_wconf 88' lang='lat' dir='ltr'><strong>qui</strong></span> <span class='ocrx_word' id='word_1_760' title='bbox 2707 3839 3094 3905; x_wconf 80' lang='lat' dir='ltr'><strong>clamaverunt,</strong></span> <span class='ocrx_word' id='word_1_761' title='bbox 3121 3840 3377 3912; x_wconf 79' lang='lat' dir='ltr'><strong>crueiﬁge</strong></span> <span class='ocrx_word' id='word_1_762' title='bbox 3397 3855 3545 3903; x_wconf 86' lang='lat' dir='ltr'><strong>cum,</strong></span> 
     </span>
    </p>
   </div>
   <div class='ocr_carea' id='block_1_99' title="bbox 1959 3932 3546 4002">
    <p class='ocr_par' dir='ltr' id='par_1_99' title="bbox 1959 3932 3546 4002">
     <span class='ocr_line' id='line_1_100' title="bbox 1959 3932 3546 4002; baseline 0 -14"><span class='ocrx_word' id='word_1_763' title='bbox 1959 3951 2056 3988; x_wconf 86' lang='lat' dir='ltr'><strong>nos</strong></span> <span class='ocrx_word' id='word_1_764' title='bbox 2077 3934 2280 3990; x_wconf 88' lang='lat' dir='ltr'><strong>alienos</strong></span> <span class='ocrx_word' id='word_1_765' title='bbox 2303 3933 2524 3996; x_wconf 81' lang='lat' dir='ltr'><strong>faceret,</strong></span> <span class='ocrx_word' id='word_1_766' title='bbox 2563 3932 2795 4002; x_wconf 85' lang='lat' dir='ltr'><strong>quodam</strong></span> <span class='ocrx_word' id='word_1_767' title='bbox 2832 3933 2992 4002; x_wconf 87' lang='lat' dir='ltr'><strong>modo</strong></span> <span class='ocrx_word' id='word_1_768' title='bbox 3015 3933 3116 3987; x_wconf 88' lang='lat' dir='ltr'><strong>hoc</strong></span> <span class='ocrx_word' id='word_1_769' title='bbox 3148 3941 3461 3988; x_wconf 81' lang='lat' dir='ltr'><strong>contestans</strong></span> <span class='ocrx_word' id='word_1_770' title='bbox 3493 3944 3546 3988; x_wconf 84' lang='lat' dir='ltr'><strong>et</strong></span> 
     </span>
    </p>
   </div>
   <div class='ocr_carea' id='block_1_100' title="bbox 1957 4025 3546 4096">
    <p class='ocr_par' dir='ltr' id='par_1_100' title="bbox 1957 4025 3546 4096">
     <span class='ocr_line' id='line_1_101' title="bbox 1957 4025 3546 4096; baseline -0.003 -14"><span class='ocrx_word' id='word_1_771' title='bbox 1957 4027 2142 4082; x_wconf 84' lang='lat' dir='ltr'><strong>dicens</strong></span> <span class='ocrx_word' id='word_1_772' title='bbox 2178 4045 2189 4079; x_wconf 88' lang='lat'><strong><em>:</em></strong></span> <span class='ocrx_word' id='word_1_773' title='bbox 2224 4025 2336 4096; x_wconf 78' lang='lat' dir='ltr'><strong>Ego</strong></span> <span class='ocrx_word' id='word_1_774' title='bbox 2369 4025 2585 4095; x_wconf 83' lang='lat' dir='ltr'><strong>quidem</strong></span> <span class='ocrx_word' id='word_1_775' title='bbox 2621 4025 2966 4079; x_wconf 87' lang='lat' dir='ltr'><strong>innocentem</strong></span> <span class='ocrx_word' id='word_1_776' title='bbox 2999 4025 3140 4080; x_wconf 77' lang='lat' dir='ltr'><strong>volui</strong></span> <span class='ocrx_word' id='word_1_777' title='bbox 3172 4025 3424 4088; x_wconf 86' lang='lat' dir='ltr'><strong>liberare,</strong></span> <span class='ocrx_word' id='word_1_778' title='bbox 3453 4025 3546 4077; x_wconf 81' lang='lat' dir='ltr'><strong>sed</strong></span> 
     </span>
    </p>
   </div>
   <div class='ocr_carea' id='block_1_101' title="bbox 1957 4114 3544 4186">
    <p class='ocr_par' dir='ltr' id='par_1_101' title="bbox 1957 4114 3544 4186">
     <span class='ocr_line' id='line_1_102' title="bbox 1957 4114 3544 4186; baseline -0.002 -16"><span class='ocrx_word' id='word_1_779' title='bbox 1957 4117 2211 4186; x_wconf 87' lang='lat' dir='ltr'><strong>quoniam</strong></span> <span class='ocrx_word' id='word_1_780' title='bbox 2263 4115 2456 4170; x_wconf 78' lang='lat' dir='ltr'><strong>seditio</strong></span> <span class='ocrx_word' id='word_1_781' title='bbox 2493 4115 2690 4180; x_wconf 74' lang='lat' dir='ltr'><strong>oritur,</strong></span> <span class='ocrx_word' id='word_1_782' title='bbox 2733 4122 2790 4170; x_wconf 86' lang='lat' dir='ltr'><strong>et</strong></span> <span class='ocrx_word' id='word_1_783' title='bbox 2831 4130 2929 4185; x_wconf 88' lang='lat' dir='ltr'><strong>per</strong></span> <span class='ocrx_word' id='word_1_784' title='bbox 2969 4114 3022 4170; x_wconf 88' lang='lat' dir='ltr'><strong>id</strong></span> <span class='ocrx_word' id='word_1_785' title='bbox 3063 4115 3372 4169; x_wconf 87' lang='lat' dir='ltr'><strong>rebellionis</strong></span> <span class='ocrx_word' id='word_1_786' title='bbox 3415 4115 3544 4170; x_wconf 87' lang='lat' dir='ltr'><strong>mihi</strong></span> 
     </span>
    </p>
   </div>
   <div class='ocr_carea' id='block_1_102' title="bbox 1949 4199 3542 4286">
    <p class='ocr_par' dir='ltr' id='par_1_102' title="bbox 1949 4199 3542 4286">
     <span class='ocr_line' id='line_1_103' title="bbox 1949 4199 3542 4286; baseline 0.005 -36"><span class='ocrx_word' id='word_1_787' title='bbox 1949 4203 2141 4286; x_wconf 73' lang='lat' dir='ltr'><strong>contra</strong></span> <span class='ocrx_word' id='word_1_788' title='bbox 2191 4199 2459 4254; x_wconf 71' lang='lat' dir='ltr'><strong>thsarem</strong></span> <span class='ocrx_word' id='word_1_789' title='bbox 2508 4205 2715 4257; x_wconf 79' lang='lat' dir='ltr'><strong>crinu-n</strong></span> <span class='ocrx_word' id='word_1_790' title='bbox 2771 4203 3096 4286; x_wconf 78' lang='lat' dir='ltr'><strong>impingitur</strong></span> <span class='ocrx_word' id='word_1_791' title='bbox 3152 4205 3332 4274; x_wconf 86' lang='lat' dir='ltr'><strong>(Joan.</strong></span> <span class='ocrx_word' id='word_1_792' title='bbox 3395 4204 3542 4286; x_wconf 29' lang='lat' dir='ltr'><strong>six),</strong></span> 
     </span>
    </p>
   </div>
   <div class='ocr_carea' id='block_1_103' title="bbox 1949 4281 3088 4368">
    <p class='ocr_par' dir='ltr' id='par_1_103' title="bbox 1949 4281 3088 4368">
     <span class='ocr_line' id='line_1_104' title="bbox 1949 4281 3088 4368; baseline 0.011 -26"><span class='ocrx_word' id='word_1_793' title='bbox 1949 4281 2197 4345; x_wconf 79' lang='lat' dir='ltr'><strong>innocens</strong></span> <span class='ocrx_word' id='word_1_794' title='bbox 2227 4309 2343 4346; x_wconf 88' lang='lat' dir='ltr'><strong>sum</strong></span> <span class='ocrx_word' id='word_1_795' title='bbox 2379 4312 2411 4348; x_wconf 88' lang='lat' dir='ltr'><strong>a</strong></span> <span class='ocrx_word' id='word_1_796' title='bbox 2449 4300 2710 4365; x_wconf 83' lang='lat' dir='ltr'><strong>sanguine</strong></span> <span class='ocrx_word' id='word_1_797' title='bbox 2749 4281 3088 4368; x_wconf 56' lang='lat' dir='ltr'><strong>huius&#39;justi.</strong></span> 
     </span>
    </p>
   </div>
   <div class='ocr_carea' id='block_1_104' title="bbox 2035 4377 3545 4459">
    <p class='ocr_par' dir='ltr' id='par_1_104' title="bbox 2035 4377 3545 4459">
     <span class='ocr_line' id='line_1_105' title="bbox 2035 4377 3545 4459; baseline -0.009 -17"><span class='ocrx_word' id='word_1_798' title='bbox 2035 4385 2317 4459; x_wconf 83' lang='lat' dir='ltr'><strong>Respondit</strong></span> <span class='ocrx_word' id='word_1_799' title='bbox 2349 4383 2622 4439; x_wconf 79' lang='lat' dir='ltr'><strong>universus</strong></span> <span class='ocrx_word' id='word_1_800' title='bbox 2654 4380 2878 4454; x_wconf 88' lang='lat' dir='ltr'><strong>populus</strong></span> <span class='ocrx_word' id='word_1_801' title='bbox 2911 4381 3086 4434; x_wconf 90' lang='lat' dir='ltr'><strong>dicens</strong></span> <span class='ocrx_word' id='word_1_802' title='bbox 3121 4392 3140 4430; x_wconf 89' lang='lat'><strong><em>:</em></strong></span> <span class='ocrx_word' id='word_1_803' title='bbox 3177 4377 3408 4450; x_wconf 85' lang='lat' dir='ltr'><strong>Sanguis</strong></span> <span class='ocrx_word' id='word_1_804' title='bbox 3433 4378 3545 4448; x_wconf 68' lang='lat' dir='ltr'><strong>ejus</strong></span> 
     </span>
    </p>
   </div>
   <div class='ocr_carea' id='block_1_105' title="bbox 1963 4469 3547 4550">
    <p class='ocr_par' dir='ltr' id='par_1_105' title="bbox 1963 4469 3547 4550">
     <span class='ocr_line' id='line_1_106' title="bbox 1963 4469 3547 4550; baseline -0.007 -16"><span class='ocrx_word' id='word_1_805' title='bbox 1963 4495 2118 4550; x_wconf 86' lang='lat' dir='ltr'><strong>super</strong></span> <span class='ocrx_word' id='word_1_806' title='bbox 2149 4495 2242 4533; x_wconf 90' lang='lat' dir='ltr'><strong>nos</strong></span> <span class='ocrx_word' id='word_1_807' title='bbox 2275 4485 2323 4531; x_wconf 86' lang='lat' dir='ltr'><strong>et</strong></span> <span class='ocrx_word' id='word_1_808' title='bbox 2343 4469 2507 4546; x_wconf 81' lang='lat' dir='ltr'><strong>super</strong></span> <span class='ocrx_word' id='word_1_809' title='bbox 2519 4473 2659 4544; x_wconf 79' lang='lat' dir='ltr'><strong>ﬁlios</strong></span> <span class='ocrx_word' id='word_1_810' title='bbox 2691 4482 2915 4527; x_wconf 88' lang='lat' dir='ltr'><strong>nostros.</strong></span> <span class='ocrx_word' id='word_1_811' title='bbox 2947 4469 3268 4526; x_wconf 79' lang='lat' dir='ltr'><strong>Perseverat</strong></span> <span class='ocrx_word' id='word_1_812' title='bbox 3288 4484 3457 4539; x_wconf 87' lang='lat' dir='ltr'><strong>usque</strong></span> <span class='ocrx_word' id='word_1_813' title='bbox 3495 4469 3547 4523; x_wconf 84' lang='lat' dir='ltr'><strong>iu</strong></span> 
     </span>
    </p>
   </div>
   <div class='ocr_carea' id='block_1_106' title="bbox 1965 4559 3555 4647">
    <p class='ocr_par' dir='ltr' id='par_1_106' title="bbox 1965 4559 3555 4647">
     <span class='ocr_line' id='line_1_107' title="bbox 1965 4559 3555 4647; baseline -0.01 -16"><span class='ocrx_word' id='word_1_814' title='bbox 1965 4582 2287 4647; x_wconf 68' lang='lat' dir='ltr'><strong>praesentem</strong></span> <span class='ocrx_word' id='word_1_815' title='bbox 2325 4571 2467 4627; x_wconf 86' lang='lat' dir='ltr'><strong>diem</strong></span> <span class='ocrx_word' id='word_1_816' title='bbox 2509 4569 2625 4624; x_wconf 73' lang='lat' dir='ltr'><strong>lucc</strong></span> <span class='ocrx_word' id='word_1_817' title='bbox 2663 4564 2982 4637; x_wconf 89' lang='lat' dir='ltr'><strong>imprecatio</strong></span> <span class='ocrx_word' id='word_1_818' title='bbox 3019 4579 3182 4634; x_wconf 88' lang='lat' dir='ltr'><strong>super</strong></span> <span class='ocrx_word' id='word_1_819' title='bbox 3209 4559 3424 4617; x_wconf 71' lang='lat' dir='ltr'><strong>Judzcos</strong></span> <span class='ocrx_word' id='word_1_820' title='bbox 3447 4603 3460 4626; x_wconf 94' lang='lat'><strong>,</strong></span> <span class='ocrx_word' id='word_1_821' title='bbox 3495 4570 3555 4615; x_wconf 84' lang='lat' dir='ltr'><strong>et</strong></span> 
     </span>
    </p>
   </div>
   <div class='ocr_carea' id='block_1_107' title="bbox 1964 4649 3556 4737">
    <p class='ocr_par' dir='ltr' id='par_1_107' title="bbox 1964 4649 3556 4737">
     <span class='ocr_line' id='line_1_108' title="bbox 1964 4649 3556 4737; baseline -0.011 -16"><span class='ocrx_word' id='word_1_822' title='bbox 1964 4665 2184 4737; x_wconf 79' lang='lat' dir='ltr'><strong>sanguis</strong></span> <span class='ocrx_word' id='word_1_823' title='bbox 2205 4661 2414 4718; x_wconf 91' lang='lat' dir='ltr'><strong>Domini</strong></span> <span class='ocrx_word' id='word_1_824' title='bbox 2439 4677 2546 4716; x_wconf 93' lang='lat' dir='ltr'><strong>non</strong></span> <span class='ocrx_word' id='word_1_825' title='bbox 2583 4656 2824 4713; x_wconf 89' lang='lat' dir='ltr'><strong>aufertur</strong></span> <span class='ocrx_word' id='word_1_826' title='bbox 2855 4654 2921 4711; x_wconf 90' lang='lat' dir='ltr'><strong>ab</strong></span> <span class='ocrx_word' id='word_1_827' title='bbox 2942 4653 3042 4720; x_wconf 89' lang='lat' dir='ltr'><strong>eis,</strong></span> <span class='ocrx_word' id='word_1_828' title='bbox 3065 4653 3206 4708; x_wconf 87' lang='lat' dir='ltr'><strong>unde</strong></span> <span class='ocrx_word' id='word_1_829' title='bbox 3237 4667 3336 4722; x_wconf 89' lang='lat' dir='ltr'><strong>per</strong></span> <span class='ocrx_word' id='word_1_830' title='bbox 3355 4649 3556 4712; x_wconf 82' lang='lat' dir='ltr'><strong>Isaiam</strong></span> 
     </span>
    </p>
   </div>
   <div class='ocr_carea' id='block_1_108' title="bbox 1964 4741 3560 4828">
    <p class='ocr_par' dir='ltr' id='par_1_108' title="bbox 1964 4741 3560 4828">
     <span class='ocr_line' id='line_1_109' title="bbox 1964 4741 3560 4828; baseline -0.011 -16"><span class='ocrx_word' id='word_1_831' title='bbox 1964 4756 2238 4828; x_wconf 90' lang='lat' dir='ltr'><strong>loquitur:</strong></span> <span class='ocrx_word' id='word_1_832' title='bbox 2268 4752 2325 4808; x_wconf 89' lang='lat' dir='ltr'><strong>Si</strong></span> <span class='ocrx_word' id='word_1_833' title='bbox 2357 4751 2646 4806; x_wconf 83' lang='lat' dir='ltr'><strong>lcvareritis</strong></span> <span class='ocrx_word' id='word_1_834' title='bbox 2677 4749 2748 4802; x_wconf 83' lang='lat' dir='ltr'><strong>ad</strong></span> <span class='ocrx_word' id='word_1_835' title='bbox 2779 4764 2861 4802; x_wconf 89' lang='lat' dir='ltr'><strong>me</strong></span> <span class='ocrx_word' id='word_1_836' title='bbox 2891 4763 3100 4810; x_wconf 84' lang='lat' dir='ltr'><strong>manus,</strong></span> <span class='ocrx_word' id='word_1_837' title='bbox 3133 4760 3238 4799; x_wconf 90' lang='lat' dir='ltr'><strong>non</strong></span> <span class='ocrx_word' id='word_1_838' title='bbox 3269 4741 3560 4798; x_wconf 67' lang='lat' dir='ltr'><strong>exaudiant</strong></span> 
     </span>
    </p>
   </div>
   <div class='ocr_carea' id='block_1_109' title="bbox 1965 4837 3112 4910">
    <p class='ocr_par' dir='ltr' id='par_1_109' title="bbox 1965 4837 3112 4910">
     <span class='ocr_line' id='line_1_110' title="bbox 1965 4837 3112 4910; baseline -0.012 -8"><span class='ocrx_word' id='word_1_839' title='bbox 1965 4865 2072 4910; x_wconf 87' lang='lat' dir='ltr'><strong>vos,</strong></span> <span class='ocrx_word' id='word_1_840' title='bbox 2099 4861 2286 4900; x_wconf 88' lang='lat' dir='ltr'><strong>manus</strong></span> <span class='ocrx_word' id='word_1_841' title='bbox 2306 4851 2490 4898; x_wconf 81' lang='lat' dir='ltr'><strong>vestra:</strong></span> <span class='ocrx_word' id='word_1_842' title='bbox 2509 4840 2763 4909; x_wconf 87' lang='lat' dir='ltr'><strong>sanguine</strong></span> <span class='ocrx_word' id='word_1_843' title='bbox 2783 4837 2948 4910; x_wconf 78' lang='lat' dir='ltr'><strong>plena:</strong></span> <span class='ocrx_word' id='word_1_844' title='bbox 2970 4845 3112 4890; x_wconf 90' lang='lat' dir='ltr'><strong>sunt.</strong></span> 
     </span>
    </p>
   </div>
   <div class='ocr_carea' id='block_1_110' title="bbox 2042 4925 3556 4993">
    <p class='ocr_par' dir='ltr' id='par_1_110' title="bbox 2042 4925 3556 4993">
     <span class='ocr_line' id='line_1_111' title="bbox 2042 4925 3556 4993; baseline -0.011 0"><span class='ocrx_word' id='word_1_845' title='bbox 2042 4936 2186 4993; x_wconf 88' lang='lat' dir='ltr'><strong>Tunc</strong></span> <span class='ocrx_word' id='word_1_846' title='bbox 2212 4935 2401 4990; x_wconf 80' lang='lat' dir='ltr'><strong>milites</strong></span> <span class='ocrx_word' id='word_1_847' title='bbox 2428 4941 2670 4987; x_wconf 72' lang='lat' dir='ltr'><strong>eruentes</strong></span> <span class='ocrx_word' id='word_1_848' title='bbox 2699 4929 2902 4993; x_wconf 86' lang='lat' dir='ltr'><strong>Jesum,</strong></span> <span class='ocrx_word' id='word_1_849' title='bbox 2925 4925 3234 4980; x_wconf 83' lang='lat' dir='ltr'><strong>chlamidcm</strong></span> <span class='ocrx_word' id='word_1_850' title='bbox 3261 4928 3556 4977; x_wconf 76' lang='lat' dir='ltr'><strong>coccineum</strong></span> 
     </span>
    </p>
   </div>
   <div class='ocr_carea' id='block_1_111' title="bbox 1970 5013 3552 5084">
    <p class='ocr_par' dir='ltr' id='par_1_111' title="bbox 1970 5013 3552 5084">
     <span class='ocr_line' id='line_1_112' title="bbox 1970 5013 3552 5084; baseline -0.012 0"><span class='ocrx_word' id='word_1_851' title='bbox 1970 5025 2422 5084; x_wconf 86' lang='lat' dir='ltr'><strong>circumdederunt</strong></span> <span class='ocrx_word' id='word_1_852' title='bbox 2453 5023 2521 5076; x_wconf 91' lang='lat' dir='ltr'><strong>ei.</strong></span> <span class='ocrx_word' id='word_1_853' title='bbox 2563 5019 2652 5074; x_wconf 77' lang='lat' dir='ltr'><strong>Vel</strong></span> <span class='ocrx_word' id='word_1_854' title='bbox 2685 5018 2974 5073; x_wconf 83' lang='lat' dir='ltr'><strong>secundum</strong></span> <span class='ocrx_word' id='word_1_855' title='bbox 3016 5015 3290 5078; x_wconf 84' lang='lat' dir='ltr'><strong>Marcum,</strong></span> <span class='ocrx_word' id='word_1_856' title='bbox 3330 5013 3552 5068; x_wconf 87' lang='lat' dir='ltr'><strong>induunt</strong></span> 
     </span>
    </p>
   </div>
   <div class='ocr_carea' id='block_1_112' title="bbox 1971 5101 3558 5190">
    <p class='ocr_par' dir='ltr' id='par_1_112' title="bbox 1971 5101 3558 5190">
     <span class='ocr_line' id='line_1_113' title="bbox 1971 5101 3558 5190; baseline -0.012 -14"><span class='ocrx_word' id='word_1_857' title='bbox 1971 5138 2090 5176; x_wconf 88' lang='lat' dir='ltr'><strong>eum</strong></span> <span class='ocrx_word' id='word_1_858' title='bbox 2117 5133 2372 5190; x_wconf 82' lang='lat' dir='ltr'><strong>purpura.</strong></span> <span class='ocrx_word' id='word_1_859' title='bbox 2400 5111 2506 5168; x_wconf 88' lang='lat' dir='ltr'><strong>Pro</strong></span> <span class='ocrx_word' id='word_1_860' title='bbox 2544 5110 2693 5182; x_wconf 79' lang='lat' dir='ltr'><strong>regia</strong></span> <span class='ocrx_word' id='word_1_861' title='bbox 2733 5109 2875 5164; x_wconf 90' lang='lat' dir='ltr'><strong>enim</strong></span> <span class='ocrx_word' id='word_1_862' title='bbox 2918 5121 3159 5177; x_wconf 88' lang='lat' dir='ltr'><strong>purpura</strong></span> <span class='ocrx_word' id='word_1_863' title='bbox 3198 5104 3425 5159; x_wconf 86' lang='lat' dir='ltr'><strong>chlamis</strong></span> <span class='ocrx_word' id='word_1_864' title='bbox 3465 5101 3558 5157; x_wconf 85' lang='lat' dir='ltr'><strong>illa</strong></span> 
     </span>
    </p>
   </div>
   <div class='ocr_carea' id='block_1_113' title="bbox 1974 5191 3558 5269">
    <p class='ocr_par' dir='ltr' id='par_1_113' title="bbox 1974 5191 3558 5269">
     <span class='ocr_line' id='line_1_114' title="bbox 1974 5191 3558 5269; baseline -0.015 0"><span class='ocrx_word' id='word_1_865' title='bbox 1974 5211 2225 5269; x_wconf 87' lang='lat' dir='ltr'><strong>coccinea</strong></span> <span class='ocrx_word' id='word_1_866' title='bbox 2253 5208 2322 5262; x_wconf 87' lang='lat' dir='ltr'><strong>ab</strong></span> <span class='ocrx_word' id='word_1_867' title='bbox 2348 5202 2696 5261; x_wconf 85' lang='lat' dir='ltr'><strong>illudenlibus</strong></span> <span class='ocrx_word' id='word_1_868' title='bbox 2735 5198 2976 5254; x_wconf 87' lang='lat' dir='ltr'><strong>adhibita</strong></span> <span class='ocrx_word' id='word_1_869' title='bbox 3021 5203 3162 5262; x_wconf 82' lang='lat' dir='ltr'><strong>erat,</strong></span> <span class='ocrx_word' id='word_1_870' title='bbox 3197 5203 3254 5248; x_wconf 83' lang='lat' dir='ltr'><strong>et</strong></span> <span class='ocrx_word' id='word_1_871' title='bbox 3283 5203 3363 5251; x_wconf 75' lang='lat' dir='ltr'><strong>est</strong></span> <span class='ocrx_word' id='word_1_872' title='bbox 3395 5191 3558 5245; x_wconf 83' lang='lat' dir='ltr'><strong>rubra</strong></span> 
     </span>
    </p>
   </div>
   <div class='ocr_carea' id='block_1_114' title="bbox 1977 5281 3562 5376">
    <p class='ocr_par' dir='ltr' id='par_1_114' title="bbox 1977 5281 3562 5376">
     <span class='ocr_line' id='line_1_115' title="bbox 1977 5281 3562 5376; baseline -0.015 -21"><span class='ocrx_word' id='word_1_873' title='bbox 1977 5302 2222 5376; x_wconf 66' lang='lat' dir='ltr'><strong>quaedam</strong></span> <span class='ocrx_word' id='word_1_874' title='bbox 2249 5311 2484 5369; x_wconf 86' lang='lat' dir='ltr'><strong>purpura</strong></span> <span class='ocrx_word' id='word_1_875' title='bbox 2515 5308 2679 5348; x_wconf 78' lang='lat' dir='ltr'><strong>cocco</strong></span> <span class='ocrx_word' id='word_1_876' title='bbox 2708 5289 3000 5346; x_wconf 86' lang='lat' dir='ltr'><strong>simillima.</strong></span> <span class='ocrx_word' id='word_1_877' title='bbox 3026 5287 3208 5341; x_wconf 88' lang='lat' dir='ltr'><strong>Potest</strong></span> <span class='ocrx_word' id='word_1_878' title='bbox 3229 5286 3390 5338; x_wconf 83' lang='lat' dir='ltr'><strong>etiam</strong></span> <span class='ocrx_word' id='word_1_879' title='bbox 3416 5281 3562 5354; x_wconf 45' lang='lat' dir='ltr'><strong>ﬁeri,</strong></span> 
     </span>
    </p>
   </div>
   <div class='ocr_carea' id='block_1_115' title="bbox 1979 5374 3560 5464">
    <p class='ocr_par' dir='ltr' id='par_1_115' title="bbox 1979 5374 3560 5464">
     <span class='ocr_line' id='line_1_116' title="bbox 1979 5374 3560 5464; baseline -0.017 -15"><span class='ocrx_word' id='word_1_880' title='bbox 1979 5374 2034 5449; x_wconf 80' lang='lat' dir='ltr'><strong>ut</strong></span> <span class='ocrx_word' id='word_1_881' title='bbox 2065 5404 2353 5464; x_wconf 85' lang='lat' dir='ltr'><strong>purpuram</strong></span> <span class='ocrx_word' id='word_1_882' title='bbox 2389 5386 2552 5442; x_wconf 80' lang='lat' dir='ltr'><strong>etiam</strong></span> <span class='ocrx_word' id='word_1_883' title='bbox 2584 5382 2796 5436; x_wconf 84' lang='lat' dir='ltr'><strong>Marcus</strong></span> <span class='ocrx_word' id='word_1_884' title='bbox 2829 5374 3329 5434; x_wconf 79' lang='lat' dir='ltr'><strong>commcmoravcrit</strong></span> <span class='ocrx_word' id='word_1_885' title='bbox 3349 5414 3362 5433; x_wconf 83' lang='lat'><strong>,</strong></span> <span class='ocrx_word' id='word_1_886' title='bbox 3394 5386 3560 5464; x_wconf 59' lang='lat' dir='ltr'><strong>tiliam</strong></span> 
     </span>
    </p>
   </div>
   <div class='ocr_carea' id='block_1_116' title="bbox 1979 5459 3548 5544">
    <p class='ocr_par' dir='ltr' id='par_1_116' title="bbox 1979 5459 3548 5544">
     <span class='ocr_line' id='line_1_117' title="bbox 1979 5459 3548 5544; baseline -0.017 -4"><span class='ocrx_word' id='word_1_887' title='bbox 1979 5459 2205 5541; x_wconf 68' lang='lat' dir='ltr'><strong>eblamis</strong></span> <span class='ocrx_word' id='word_1_888' title='bbox 2245 5479 2515 5539; x_wconf 84' lang='lat' dir='ltr'><strong>habebat,</strong></span> <span class='ocrx_word' id='word_1_889' title='bbox 2559 5472 2807 5544; x_wconf 79' lang='lat' dir='ltr'><strong>quamvis</strong></span> <span class='ocrx_word' id='word_1_890' title='bbox 2849 5477 2992 5524; x_wconf 88' lang='lat' dir='ltr'><strong>esset</strong></span> <span class='ocrx_word' id='word_1_891' title='bbox 3018 5466 3288 5522; x_wconf 81' lang='lat' dir='ltr'><strong>coccinea.</strong></span> <span class='ocrx_word' id='word_1_892' title='bbox 3340 5459 3548 5530; x_wconf 66' lang='lat' dir='ltr'><strong>Mystiu.</strong></span> 
     </span>
    </p>
   </div>
   <div class='ocr_carea' id='block_1_117' title="bbox 1983 5548 3557 5645">
    <p class='ocr_par' dir='ltr' id='par_1_117' title="bbox 1983 5548 3557 5645">
     <span class='ocr_line' id='line_1_118' title="bbox 1983 5548 3557 5645; baseline -0.016 -16"><span class='ocrx_word' id='word_1_893' title='bbox 1983 5591 2111 5645; x_wconf 75' lang='lat' dir='ltr'><strong>ergo</strong></span> <span class='ocrx_word' id='word_1_894' title='bbox 2147 5573 2200 5627; x_wconf 91' lang='lat' dir='ltr'><strong>in</strong></span> <span class='ocrx_word' id='word_1_895' title='bbox 2229 5584 2461 5642; x_wconf 83' lang='lat' dir='ltr'><strong>purpura</strong></span> <span class='ocrx_word' id='word_1_896' title='bbox 2495 5580 2598 5636; x_wconf 87' lang='lat' dir='ltr'><strong>qua</strong></span> <span class='ocrx_word' id='word_1_897' title='bbox 2628 5562 2845 5618; x_wconf 78' lang='lat' dir='ltr'><strong>indutus</strong></span> <span class='ocrx_word' id='word_1_898' title='bbox 2871 5568 2953 5615; x_wconf 87' lang='lat' dir='ltr'><strong>est</strong></span> <span class='ocrx_word' id='word_1_899' title='bbox 2980 5557 3256 5616; x_wconf 69' lang='lat' dir='ltr'><strong>Damiuus,</strong></span> <span class='ocrx_word' id='word_1_900' title='bbox 3293 5554 3400 5622; x_wconf 68' lang='lat' dir='ltr'><strong>ipsa</strong></span> <span class='ocrx_word' id='word_1_901' title='bbox 3441 5548 3557 5618; x_wconf 49' lang='grc' dir='ltr'><strong>(ἡμὴ</strong></span> 
     </span>
    </p>
   </div>
   <div class='ocr_carea' id='block_1_118' title="bbox 368 5686 2052 5762">
    <p class='ocr_par' dir='ltr' id='par_1_118' title="bbox 368 5686 2052 5762">
     <span class='ocr_line' id='line_1_119' title="bbox 368 5686 2052 5762; baseline -0.011 -10"><span class='ocrx_word' id='word_1_902' title='bbox 368 5711 391 5736; x_wconf 63' lang='grc'><strong>³</strong></span> <span class='ocrx_word' id='word_1_903' title='bbox 433 5697 558 5754; x_wconf 67' lang='grc' dir='ltr'><strong>11ωο</strong></span> <span class='ocrx_word' id='word_1_904' title='bbox 596 5696 654 5762; x_wconf 79' lang='lat' dir='ltr'><strong>in</strong></span> <span class='ocrx_word' id='word_1_905' title='bbox 683 5695 950 5750; x_wconf 81' lang='lat' dir='ltr'><strong>llieremia</strong></span> <span class='ocrx_word' id='word_1_906' title='bbox 983 5708 1087 5746; x_wconf 88' lang='lat' dir='ltr'><strong>non</strong></span> <span class='ocrx_word' id='word_1_907' title='bbox 1121 5691 1483 5752; x_wconf 67' lang='lat' dir='ltr'><strong>inveniuntur,</strong></span> <span class='ocrx_word' id='word_1_908' title='bbox 1526 5697 1660 5742; x_wconf 66' lang='lat' dir='ltr'><strong>teste</strong></span> <span class='ocrx_word' id='word_1_909' title='bbox 1701 5686 2052 5739; x_wconf 66' lang='lat' dir='ltr'><strong>lih:rm:t’mo.</strong></span> 
     </span>
    </p>
   </div>
  </div>
