3978 6440
485 303 578 357 187

1777 296 2131 351 SMARAGDI
2169 293 2459 349 ABBATIS

3646 288 3745 342 lSS

478 435 612 475 caro
651 430 813 488 quam
857 412 1194 484 passionibus
1231 411 1431 483 objccit
1482 412 1807 476 insinuatur,
1846 412 1911 465 de
1953 426 2057 480 qua
2088 413 2135 470 Α
2163 410 2337 463 hmres
2359 408 2765 476 interpretatur.
2801 405 2909 459 Nec
2937 402 3373 473 przetereundum
3409 403 3555 473 quod
3604 404 3748 458 idem

481 506 760 579 prannissa
790 506 1001 560 dixerat
1034 503 1303 574 Propheta
1335 520 1347 555 :
1379 501 1558 568 Quare
1595 517 1716 572 ergo
1747 501 1964 555 rubrum
1988 509 2062 554 est

479 597 845 650 indumentum
872 603 1039 657 tuum,
1081 602 1130 646 et
1173 593 1475 647 vestimenta
1503 601 1616 657 tua,
1657 591 1808 662 quasi
1850 589 2064 644 calcan-

479 686 610 738 tium
633 685 688 737 in
715 680 987 736 torculari.
1013 681 1069 736 In
1092 697 1291 737 corona
1320 697 1451 737 vero
1476 697 1637 752 quam
1660 682 1929 753 portabat,
1960 681 2067 751 spi-

420 799 432 811 ·
483 792 583 831 nea
614 785 922 831 nostrorum
952 775 1223 845 susceptio
1249 783 1626 844 peccatorum,
1662 790 1761 844 pro
1789 789 1895 844 qua
1926 788 2069 827 mor-

426 860 431 869 ’
481 868 610 922 talis
647 867 763 921 ﬁeri
793 866 1044 934 dignatus
1089 872 1174 920 est
1200 865 1521 928 ostenditur,
1560 862 1718 931 juxta
1752 863 1893 932 quod
1931 877 2070 932 pra:-

483 975 675 1016 cursor
714 959 884 1027 ipsius
931 956 1298 1010 testimonium
1328 956 1375 1011 ei
1422 956 1712 1025 perhibens
1757 955 1833 1008 ait
1874 972 1887 1008 :
1936 952 2070 1006 Ecce

483 1068 654 1123 agnus
700 1050 818 1114 Dei,
861 1066 975 1103 ecce
1026 1048 1115 1118 qui
1158 1047 1290 1101 tollit
1318 1057 1529 1118 peccata
1574 1047 1755 1100 mundi
1793 1045 1972 1118 (Joan.
2007 1047 2065 1113 ι).

484 1142 730 1211 Namque
759 1140 943 1210 spinas
973 1139 1023 1192 in
1049 1138 1441 1209 signiﬁcatione
1466 1146 1807 1207 peccatorum
1832 1136 1954 1205 poni
1985 1150 2071 1189 so-

488 1231 602 1283 lere
632 1238 864 1284 testatur
894 1229 1007 1298 ipse
1036 1227 1316 1291 Dominus,
1344 1227 1435 1295 qui
1485 1225 1817 1295 protoplasto
1866 1225 1919 1278 in
1949 1240 2072 1293 pec-

486 1331 669 1375 catum
696 1320 946 1389 prolapso
975 1318 1192 1373 dicebat
1222 1336 1234 1371 :
1271 1315 1432 1371 Terra
1456 1327 1549 1369 tua
1575 1317 1754 1387 spinas
1778 1326 1825 1370 et
1851 1314 2071 1369 tribulos

486 1413 795 1484 geminabit
839 1413 931 1465 tibi
978 1410 1131 1483 (Gen.
1162 1408 1266 1482 ιιι),
1316 1409 1459 1479 quod
1499 1419 1585 1463 est
1627 1416 1813 1478 aperte
1841 1407 2022 1461 dicere
2054 1425 2067 1461 :

482 1507 830 1562 Conscientia
863 1514 952 1560 tua
984 1504 1303 1573 punctiones
1344 1502 1462 1568 tibi,
1492 1511 1547 1556 et
1580 1502 1794 1556 aculeos
1819 1501 2072 1556 vitiorum

483 1609 776 1668 procreare
805 1612 908 1651 non
937 1596 1177 1651 desistet.
1210 1593 1363 1661 Quod
1391 1608 1520 1648 vero
1540 1591 1694 1661 juxta
1724 1591 2073 1663 Evangelium

485 1690 649 1745 Luca:
685 1687 947 1741 Dominus
977 1685 1119 1755 apud
1159 1683 1425 1739 Herodem
1470 1683 1591 1737 alba
1632 1690 1780 1737 veste
1808 1680 2070 1745 induitur,

2168 499 2354 554 Simon
2368 499 2435 553 de
2446 496 2572 551 villa
2589 496 2799 551 venisse
2816 495 3019 561 fertur;
3036 495 3160 550 villa
3176 495 3321 551 enim
3336 510 3509 568 pagus
3524 497 3748 561 dicitur,

2167 605 2340 645 avoce
2354 576 2541 644 Graeca
2570 593 2727 658 πηγή,
2750 602 2871 657 qua:
2893 584 3096 641 fontem
3138 585 3429 657 significat,
3462 586 3607 641 unde
3637 586 3746 657 pln-

2168 680 2431 736 ressimul
2459 682 2649 737 domus
2675 682 2911 746 rusticae,
2939 681 3044 736 hoc
3064 689 3170 747 est,
3193 680 3376 751 plures
3391 680 3548 743 villae,
3577 695 3751 750 pagus

2168 780 2414 838 vocatur,
2461 775 2606 843 quod
2650 772 2795 828 circa
2829 772 3006 826 fontes
3044 772 3203 827 condi
3250 771 3558 843 hujusmodi
3611 772 3750 826 \illm

2170 874 2583 919 consueverunt.
2610 864 2749 921 llinc
2772 865 2966 936 pagani
2995 864 3125 919 dicti
3157 865 3314 935 quasi
3354 864 3565 919 villani.
3597 866 3751 922 Unde.

2171 970 2408 1025 paganos
2437 954 2768 1025 appellamus
2795 969 2889 1009 eos
2909 994 2924 1019 ,
2957 968 3094 1023 quos
3129 968 3159 1006 a
3206 953 3428 1008 civitate
3474 953 3572 1008 Dei
3623 954 3751 1008 alic-

2170 1058 2292 1108 nos,
2321 1052 2375 1096 et
2406 1044 2561 1112 quasi
2598 1044 2821 1098 urbana:
2866 1043 3294 1098 conversationis
3341 1057 3463 1098 esse
3505 1043 3755 1098 videmus

2171 1141 2440 1202 expertes.
2475 1132 2581 1188 Sed
2599 1135 2665 1188 de
2693 1149 2829 1204 pago
2858 1133 3043 1189 Simon
3070 1134 3369 1206 egrediens,
3388 1149 3606 1189 crucem
3631 1152 3756 1204 por-

2173 1220 2605 1290 tatpostJesum,
2620 1238 2743 1278 cum
2755 1223 2985 1292 populus
3007 1223 3284 1277 nationum
3309 1225 3533 1295 paganis
3560 1224 3754 1279 ritibus

2173 1312 2481 1379 derelictis,
2524 1313 2747 1385 vestigia
2786 1314 3082 1369 Dominicaa
3122 1314 3393 1384 passionis
3440 1315 3755 1371 obedienter

2173 1404 2568 1474 complectitur.
2597 1406 2751 1473 Quod
2772 1416 2955 1460 autem
2983 1406 3278 1461 secundum
3296 1406 3509 1462 Lucam
3550 1410 3608 1463 in
3651 1410 3754 1465 hoc

2174 1492 2294 1547 loco
2324 1497 2674 1565 sequentibus
2698 1512 2754 1551 sc
2775 1496 3036 1552 Dominus
3063 1496 3381 1552 mulieribus
3400 1498 3567 1553 dixit:
3596 1498 3755 1555 Filia:

2176 1588 2533 1654 Hierusalem,
2558 1588 2714 1642 nolite
2734 1590 2857 1656 ﬂere
2875 1606 3035 1660 super
3056 1606 3155 1655 me,
3179 1590 3271 1644 sed
3296 1607 3454 1661 super
3481 1608 3569 1647 ros
3598 1602 3646 1647 et
3673 1612 3759 1647 su-

2174 1700 2265 1753 per
2291 1681 2429 1750 ﬁlios
2451 1688 2667 1744 vestros,
2688 1687 2743 1732 et
2767 1679 2915 1733 addit
2944 1693 2961 1732 :
2987 1676 3126 1743 Quia
3152 1679 3267 1732 siin
3294 1666 3457 1733 viridi
3476 1679 3620 1751 ligno
3645 1682 3758 1736 huc

486 1783 543 1836 in
571 1780 782 1836 caeteris
819 1793 948 1832 vero
992 1776 1350 1845 Evangelistis
1395 1790 1427 1828 a
1472 1774 1731 1827 militibus
1758 1772 1942 1837 Pilati,
1970 1771 2072 1826 sub
2099 1762 2147 1820 B
2176 1774 2398 1844 faciunt,
2430 1771 2486 1823 in
2522 1771 2671 1824 arido
2695 1771 2823 1841 quid
2855 1770 2949 1839 fiet
3014 1769 3179 1840 (Luc.
3200 1770 3396 1843 xxm)?
3419 1772 3515 1843 (Ex
3562 1774 3757 1842 Beda)

480 1871 738 1926 coccineo
769 1869 882 1925 sive
919 1881 1188 1937 purpureo
1226 1865 1413 1919 habitu
1453 1864 1641 1919 illusus
1677 1879 1797 1918 csse
1824 1862 2072 1933 perbibe-

488 1970 594 2023 tur,
620 1959 812 2014 collata
835 1965 1062 2025 utraque
1092 1955 1420 2016 narratione,
1448 1953 1502 2005 in
1526 1968 1633 2006 uno
1663 1951 1990 2014 innocentia,
2018 1957 2075 2004 et

484 2058 712 2113 castitas
740 2061 1033 2122 assumpta:
1062 2050 1436 2113 humanitatis,
1474 2048 1526 2101 in
1565 2047 1734 2101 altero
1765 2054 1942 2099 autem
1980 2059 2070 2098 ve-

489 2148 623 2200 ritas
650 2142 935 2214 passionis,
974 2154 1071 2210 per
1107 2154 1267 2210 quam
1296 2138 1361 2191 ad
1400 2137 1623 2207 gloriam
1668 2135 1816 2205 regni
1846 2135 2081 2188 immor-'

493 2238 615 2291 talis
652 2243 797 2291 esset
820 2239 1179 2303 perventurus
1201 2230 1540 2300 exprimitur.
1575 2228 1730 2282 Sicut
1767 2227 1910 2281 enim
1940 2241 2070 2295 pur-

483 2343 623 2397 pura
652 2325 887 2380 colorem
932 2322 1231 2390 sanguinis,
1273 2321 1365 2390 qui
1393 2334 1492 2388 pro
1534 2318 1687 2372 nobis
1725 2315 1924 2373 effusus
1966 2323 2073 2380 est,

491 2419 757 2481 im'tatur,
808 2415 881 2469 ita
929 2421 986 2467 et
1032 2411 1247 2467 habitus
1276 2424 1524 2479 regnum,
1560 2408 1699 2476 quod
1725 2415 1844 2476 post
1867 2405 2073 2475 passio-

484 2527 612 2565 nem
664 2508 921 2572 intravit,
968 2505 1233 2585 pobisque
1279 2502 1585 2557 intrandum
1619 2498 1904 2571 patefecit,
1945 2497 2075 2552 insi-

491 2600 695 2656 nuavit.
727 2599 928 2654 Verum
966 2595 1092 2665 quia
1122 2594 1259 2649 dixit
1285 2592 1571 2663 Apostolus
1596 2590 1892 2658 :Quotquot
1934 2589 2072 2642 enim

491 2694 548 2746 in
598 2688 806 2744 Christo
860 2686 1110 2757 baptizati
1162 2684 1318 2749 estis,
1369 2680 1637 2736 Christum
1687 2679 1964 2743 induistis,
2019 2687 2075 2733 ct

485 2784 659 2839 Isaias
686 2780 915 2837 Domino
956 2780 1020 2835 de
1046 2778 1232 2834 electis
1274 2777 1526 2833 omnibus
1555 2791 1568 2828 :
1605 2773 1702 2829 His
1738 2774 1874 2828 velut
1916 2791 2075 2828 orna-

491 2886 664 2931 mento
705 2875 937 2929 vestieris
980 2872 1116 2945 (Isa.
1149 2872 1319 2941 mit).
1369 2869 1556 2925 Potest
1599 2870 1653 2923 in
1695 2869 1798 2924 hoc
1845 2876 2073 2938 utroque

489 2966 701 3022 Domini
757 2965 977 3029 habitu,
1027 2964 1204 3018 omnis
1249 2962 1547 3017 electorum
1596 2961 1713 3031 ejus
1757 2960 2067 3025 multitudo,

489 3071 609 3124 quae
654 3057 707 3110 in
750 3063 1018 3125 martyres
1042 3053 1400 3118 venerandos,
1443 3060 1500 3106 et
1539 3060 1788 3107 cteteram
1835 3050 2066 3107 fidelium

484 3148 697 3218 plebem
727 3146 1095 3217 distinguitur,
1127 3145 1405 3216 aptissime
1445 3143 1736 3214 designari.
1765 3142 1899 3198 Alba
1926 3143 2069 3198 enim

490 3249 640 3296 veste
683 3240 947 3302 induitur,
1002 3253 1126 3292 eum
1180 3237 1379 3292 munda
1429 3234 1696 3304 iustorum
1740 3234 2077 3290 confessione

486 3329 872 3385 circumdatur.
912 3328 1160 3398 Purpura
1208 3327 1321 3382 sive
1368 3340 1531 3381 cocco
1572 3326 1820 3390 vestitur,
1864 3342 1988 3381 cum
2020 3326 2074 3381 in

492 3419 765 3489 triumpho
797 3417 1212 3472 victoriosorum
1242 3422 1540 3484 martyrum
1568 3414 1841 3485 gloriatur.

567 3509 637 3563 Et
677 3508 953 3579 plectentes
996 3523 1243 3561 coronam
1281 3505 1345 3559 de
1371 3505 1570 3575 spinis,
1599 3516 1885 3577 posuerunt
1922 3523 2077 3576 super

486 3606 647 3667 caput
673 3595 811 3666 ejus,
827 3604 875 3649 et
889 3596 1202 3650 arundinem
1230 3595 1284 3648 in
1315 3594 1528 3649 dextera
1542 3594 1675 3665 ejus,
1693 3604 1748 3649 et
1768 3596 1991 3664 reliqua.
2016 3595 2074 3649 lu

452 3712 456 3716 ί
489 3688 762 3744 chlamide
781 3689 1035 3743 coccinea
1058 3702 1221 3757 opera
1244 3686 1496 3742 Gentium
1520 3696 1742 3742 eruenta
1765 3695 2033 3742 sustentat
2058 3704 2070 3739 :

492 3783 550 3836 in
581 3797 783 3837 corona
831 3782 1015 3851 spinea
1068 3780 1413 3835 maledictum
1464 3780 1627 3835 solvit
1661 3780 1943 3848 antiquum
1976 3798 1990 3831 :
2021 3778 2075 3832 in

489 3873 703 3927 calamo
731 3881 989 3928 venenata
1016 3872 1216 3927 occidit
1244 3871 1518 3936 animalia,
1548 3873 1661 3927 sive
1702 3871 1967 3925 calamum
1999 3879 2078 3924 te-

492 3964 657 4018 nebat
679 3962 733 4017 in
765 3978 926 4017 manu
947 4003 961 4027 ,
997 3970 1057 4016 ut
1085 3962 1427 4032 sacrilegium
1456 3961 1721 4017 scriberet
1743 3958 2071 4014 Iudaeorum.

564 4054 829 4109 Ezeuntes
870 4063 1064 4120 autem,
1094 4054 1397 4108 invenerunt
1448 4053 1707 4107 hominem
1745 4050 2073 4121 Cyrenaeum,

490 4146 774 4200 uenientem
798 4145 999 4200 obviam
1024 4146 1145 4211 sibi,
1176 4146 1290 4202 sive
1318 4144 1617 4201 secundum
1659 4142 1897 4199 Marcum
1933 4162 1945 4197 ε
1984 4142 2078 4199 Ve-

491 4238 717 4290 nientem
756 4235 821 4290 de
871 4235 1017 4303 villa,
1049 4237 1258 4291 nomine
1285 4234 1573 4300 Simonem,
1603 4233 1741 4289 hunc
1770 4237 2078 4306 angariave-

495 4337 639 4393 runt,
667 4338 721 4381 ut
749 4328 950 4383 tolleret
980 4346 1185 4383 crucem
1206 4329 1341 4399 ejus.
1374 4326 1474 4399 (Ex
1502 4325 1748 4401 Hieron.)
1768 4328 2077 4384 Cavendum

496 4433 562 4472 ne
586 4418 835 4473 videatur
863 4420 1202 4475 contrarium
1229 4420 1369 4489 quod
1390 4417 1625 4474 Joannes
1650 4419 1864 4483 scribit,
1897 4420 2073 4489 ipsum
2102 4459 2152 4517 Β

494 4509 779 4563 Dominqu
809 4510 912 4565 sibi
949 4526 1167 4566 erucem
1199 4519 1465 4580 portasse.
1499 4508 1609 4564 Sed
1649 4511 1753 4564 hoc
1778 4510 2077 4579 intelligen-

490 4600 641 4664 dum,
674 4600 817 4669 quod
847 4601 1133 4671 egrediens
1179 4601 1245 4654 de
1296 4600 1548 4669 prmtorio
1589 4598 1769 4665 Jesus,
1802 4601 1917 4669 ipse
1972 4600 2075 4655 sibi

491 4689 787 4746 secundum
821 4691 1085 4747 Joannem
1112 4691 1349 4760 portavit
1370 4705 1609 4755 crucem,
1653 4700 1837 4761 postea
1867 4691 2073 4746 Simoni

493 4783 812 4853 portandam
863 4784 1253 4852 imposuerunt,
1284 4790 1339 4836 et
1373 4783 1475 4836 hoc
1503 4796 1743 4851 congruo
1768 4783 1901 4837 satis
1929 4783 2076 4837 ordi-

496 4890 596 4938 ne,
628 4874 753 4943 quia
778 4875 886 4944 ipse
927 4889 1113 4943 passus
1154 4882 1228 4926 est
1274 4889 1370 4942 pro
1400 4871 1566 4936 nobis,
1600 4872 1893 4944 relinquens
1925 4873 2071 4929 nobis

495 4961 807 5034 exemplum,
856 4971 911 5015 ut
955 4978 1235 5032 sequamur
1274 4961 1488 5031 vestigia
1527 4961 1641 5031 ejus
1694 4960 1760 5032 (ι
1788 4960 1933 5017 Petr.
1988 4964 2069 5035 υ).

497 5053 564 5107 Ει
591 5053 715 5123 quia
750 5051 937 5108 Simon
979 5052 1104 5115 iste,
1132 5067 1237 5105 non
1284 5049 1721 5122 Ilierosolymita,
1767 5051 1863 5106 sed
1903 5050 2071 5123 Cyre-

498 5160 645 5198 nazus
674 5158 794 5199 esse
836 5142 1167 5211 perhibetur.
1214 5139 1423 5210 Cyrene
1473 5141 1617 5195 enim
1653 5140 1829 5212 Libya:
1879 5144 2071 5201 civitas

499 5240 613 5296 est,
643 5241 703 5286 ut
747 5232 802 5286 in
845 5230 1073 5285 Actibus
1118 5229 1480 5298 apostolorum
1538 5230 1763 5301 legimus
1808 5231 1945 5303 (Act.
1972 5233 2067 5305 ιι),

501 5331 646 5377 recte
664 5338 762 5393 per
783 5336 905 5375 eum
929 5319 1109 5390 pepuli
1131 5319 1366 5390 gentium
1397 5320 1872 5392 designantur,qui
1901 5341 2071 5395 quon—

501 5416 623 5468 dam
671 5412 941 5484 peregrini
990 5419 1046 5464 et
1089 5410 1868 5493 hospitcs'testamentorum,
1928 5433 2073 5470 nunc

503 5503 803 5560 obediendo
821 5501 968 5556 cives
999 5507 1125 5555 sunt
1149 5510 1202 5554 ct
1227 5502 1502 5557 domestici
1537 5504 1649 5558 Dei.
1679 5505 1746 5559 Et
1778 5506 1919 5561 sicut
1947 5506 2069 5561 alibi

504 5595 702 5650 dicitur
727 5609 740 5645 :
773 5588 1021 5643 "(credes
1040 5589 1243 5660 quidem
1275 5591 1387 5658 Dei,
1413 5593 1703 5648 coluercdes
1720 5606 1890 5671 autem
1916 5595 2069 5649 Chri-

507 5684 573 5729 st:
593 5682 771 5752 (llam.
790 5678 928 5750 vni).
956 5680 1101 5736 L'ude
1129 5692 1176 5735 ct
1208 5692 1326 5752 apte
1345 5683 1818 5747 Simouobcdicns,
1841 5688 2068 5757 Cyrene,

2176 1864 2354 1919 Viride
2383 1862 2742 1933 eaimlignum
2772 1862 3007 1932 seipsum
3042 1878 3277 1933 suosque
3302 1864 3756 1930 electos,aridunt

2168 1970 2298 2010 vero
2335 1954 2528 2024 impios
2572 1963 2627 2007 et
2665 1960 2976 2022 peccatores
3019 1953 3306 2023 signiﬁcat.
3354 1953 3408 2009 Si
3453 1970 3554 2025 ego
3604 1955 3754 2026 ipse.

2170 2049 2360 2118 inquit,
2378 2048 2469 2118 qui
2492 2056 2771 2117 peceatum
2803 2062 2906 2099 non
2934 2044 3166 2117 feci,qui
3185 2047 3387 2118 lignum
3415 2049 3539 2103 vitae
3562 2052 3760 2104 merito

2170 2141 2428 2211 appellor,
2451 2139 2659 2195 fruetus
2690 2138 2877 2208 gratia:
2902 2137 3178 2194 duodenos
3209 2156 3306 2210 per
3329 2140 3571 2212 singulos
3608 2158 3761 2196 men-

2171 2248 2258 2287 ses
2294 2232 2480 2296 alfero,
2525 2233 2642 2287 sine
2686 2232 2808 2302 igne
2838 2231 3105 2301 passionis
3133 2248 3164 2287 a
3213 2233 3414 2288 mundo
3446 2250 3553 2288 non
3596 2250 3759 2297 exeo.

2171 2324 2301 2393 quid
2325 2332 2483 2393 putas
2528 2339 2623 2378 eos
2657 2337 2877 2377 manere
2922 2324 3200 2391 tormenti,
3235 2325 3326 2394 qui
3371 2324 3639 2381 fructibus
3668 2343 3763 2379 vn—

2171 2410 2305 2480 cui,'
2351 2413 2575 2483 insuper
2630 2413 2754 2467 vitae
2807 2412 3013 2484 lignum
3066 2410 3299 2470 ﬂammis
3353 2415 3483 2470 dare
3525 2432 3634 2471 non
3693 2420 3760 2472 ti-

2172 2503 2360 2557 ruent?

2242 2599 2311 2654 Et
2338 2611 2583 2655 uenerunt
2605 2601 2660 2655 in
2686 2599 2857 2654 locum
2881 2601 2972 2671 qui
3000 2600 3195 2655 dicitur
3217 2600 3497 2672 Golgotlta,
3519 2604 3661 2673 quod
3680 2613 3759 2657 est

2172 2690 2430 2747 Calvarice
2450 2692 2616 2747 locus.
2646 2692 2810 2748 Extra
2829 2694 3019 2749 urbem
3039 2692 3376 2750 Hierusalem
3398 2703 3453 2749 et
3473 2694 3608 2750 foris
3628 2711 3759 2765 por-

2174 2785 2419 2842 tamloca
2437 2794 2594 2842 erant
2622 2788 2675 2842 in
2698 2790 2894 2859 quibus
2914 2790 3303 2845 truncabantur
3326 2790 3507 2861 capita
3532 2792 3758 2847 damna-

2171 2884 2372 2942 torum,
2389 2876 2732 2943 etcalvarite,
2754 2878 2902 2933 idest
2930 2878 3316 2935 decollatorum
3343 2895 3624 2950 sumpsere
3657 2896 3759 2935 no-

2172 2981 2318 3022 men.
2339 2966 2630 3039 Pmpterea
2657 2978 2837 3024 autem
2863 2969 2935 3023 ibi
2964 2968 3254 3025 cruciﬁxus
3284 2978 3370 3025 est
3387 2971 3670 3037 Dominus,
3698 2984 3757 3027 nt

2171 3058 2263 3113 ubi
2280 3059 2429 3129 prius
2445 3068 2562 3114 erat
2575 3074 2701 3115 area
2716 3060 3091 3115 damnatorum
3101 3100 3116 3126 ,
3130 3061 3201 3114 ibi
3215 3061 3556 3132 erigerentur
3564 3064 3760 3118 vexilla

2179 3148 2443 3220 martyrii.
2461 3149 2527 3202 Et
2542 3149 2811 3218 quomodo
2827 3164 2927 3218 pro
2944 3150 3099 3204 nobis
3120 3150 3464 3205 maledictum
3486 3154 3667 3208 crucis
3683 3153 3754 3208 fa-

2176 3248 2298 3297 ctus
2317 3250 2370 3296 et
2391 3239 2705 3312 ﬂagellatus,
2721 3248 2775 3295 et
2797 3241 3119 3302 cruciﬁxus.
3152 3243 3231 3297 sic
3263 3257 3363 3312 pro
3392 3245 3636 3300 omnium
3671 3263 3759 3301 sa-

2177 3330 2287 3385 lute
2299 3333 2453 3400 quasi
2474 3332 2667 3387 noxius
2680 3331 2821 3386 inter
2836 3333 3027 3388 noxios
3045 3333 3397 3405 crucifigitur,
3414 3338 3580 3393 utubi
3594 3339 3757 3394 abun-

2175 3422 2317 3476 davit
2352 3432 2641 3492 peceatum,
2680 3422 3064 3492 superabundet
3094 3425 3265 3495 gratia
3289 3425 3469 3498 (Rom.
3500 3442 3576 3500 ν).
3610 3429 3759 3496 Qua-

2176 3512 2300 3566 liter
2326 3527 2457 3567 sane
2476 3512 2736 3567 Dominus
2780 3513 2833 3567 in
2861 3529 3022 3569 cruce
3060 3516 3290 3585 positus,
3316 3517 3515 3586 quidve
3557 3520 3754 3573 eadem

2175 3604 2529 3658 sacratissimi
2560 3606 2802 3674 corporis
2834 3607 3033 3676 positio
3063 3608 3257 3679 regalis
3288 3609 3341 3664 in
3370 3625 3429 3666 se
3456 3618 3585 3682 typo
3628 3630 3760 3667 eon-

2176 3693 2364 3759 tin'eat,
2394 3693 2644 3749 Sedulius
2677 3694 2732 3751 in
2777 3696 3027 3752 Paschali
3069 3699 3310 3755 carmine
3336 3700 3562 3771 pulchre
3589 3705 3763 3758 versi—

2174 3782 2276 3837 bus
2296 3782 2430 3837 dixit
2455 3782 2591 3854 (Lib.
2621 3784 2697 3856 v).

2300 3901 2530 3969 Brennus
2553 3904 2604 3952 in
2628 3904 2777 3969 patuli
2801 3917 3071 3969 suspensus
3093 3903 3308 3969 culmine
3330 3905 3473 3969 lign=,

2302 3962 2577 4026 Belligione
2603 3967 2678 4021 pia
2701 3962 3203 4016 mutans'diseriminis
3227 3962 3370 4025 iram,

2302 4025 2402 4090 Pax
2422 4025 2584 4078 crucis
2602 4028 2708 4088 ipse
2728 4026 2835 4090 fuit,
2863 4028 3172 4088 violentaque
3190 4030 3359 4077 t‘olmra
3379 4028 3615 4076 membris

2302 4087 2554 4161 illustrius
2578 4087 2940 4161 prppriis,_’pu'n
2957 4102 3017 4136 am
3048 4087 3244 4161 vestivit
3272 4090 3473 4161 honore,

2300 4149 2701 4211 Suppliciumque
2725 4149 2861 4199 dedit
2882 4151 3074 4207 signum
3095 4152 3249 4209 magis
3274 4162 3385 4198 esse
3406 4154 3598 4207 salulis,

2299 4210 2507 4272 ipsaque
2528 4210 2829 4262 sanctiﬁcans
2844 4214 2890 4260 in
2913 4225 2968 4260 se
2994 4219 3235 4261 tormenta
3258 4213 3436 4259 beavit.

2348 4271 2443 4322 eve
2466 4276 2576 4335 quis
2599 4275 2796 4333 ignoret
2818 4273 3037 4335 speciem
3064 4274 3228 4323 crucis
3247 4285 3356 4319 esse.
3376 4271 3659 4329 colendam,

2302 4334 2420 4391 Quae
2441 4334 2698 4383 Dentiuum
2720 4343 2926 4391 tortam
2942 4346 3109 4386 ovans.
3135 4336 3325 4382 ratione
3350 4340 3537 4393 potenti

2306 4400 2543 4465 Quattuor
2566 4395 2681 4442 inde
2707 4394 2876 4465 plagas
2896 4396 3117 4465 quadrati
3143 4396 3509 4465 colligttprbis.

2302 4457 2592 4514 Fplendidus
2615 4455 2826 4504 auctoris
2848 4456 2910 4504 de
2937 4461 3122 4505 vertice
3141 4455 3299 4514 fulget
3318 4455 3463 4504 Eous.

2303 4517 2517 4570 Occiduo
2539 4529 2689 4565 sacrae
2708 4516 2984 4566 lambuntnr
3008 4518 3171 4567 sidere
3199 4518 3389 4575 plantae.

2306 4583 2487 4628 Arcton
2511 4579 2683 4627 dextra
2709 4585 2870 4635 tenet,
2888 4579 3099 4626 medium
3122 4578 3240 4627 lava
3263 4585 3409 4634 erigit
3427 4590 3593 4635 axem,

2302 4642 2582 4700 Cunctaque
2600 4639 2665 4687 de
2683 4640 2915 4688 membris
2936 4642 3053 4689 vivit
3077 4649 3247 4689 natura
3271 4640 3503 4697 creantis,

2301 4704 2361 4752 Ει.
2395 4699 2547 4751 cruce
2585 4700 2891 4762 complexum
2932 4699 3147 4750 Christus
3183 4702 3317 4763 regit
3355 4702 3586 4822 undiqtq‘l
3612 4716 3743 4747 tun't-

3558 4783 3566 4805 ι
3595 4777 3693 4810 unt.

3558 4765 3693 4810 dunt.

2264 4875 2516 4930 Moralem
2586 4889 2800 4944 quoque
2862 4882 3221 4930 sacrosancta:
3288 4874 3468 4930 erucis
3527 4874 3758 4944 figuram

2173 4966 2433 5022 describit
2471 4964 2780 5035 Apostolus,
2810 4964 2902 5019 ubi
2945 4966 3021 5018 ait
3069 4983 3082 5020 :
3116 4963 3183 5019 In
3221 4964 3480 5018 charitate
3527 4965 3756 5017 radicuti

2172 5066 2219 5108 et
2269 5054 2498 5125 fundati,
2532 5063 2589 5108 ut
2626 5054 2835 5124 possitis
2864 5056 3299 5125 comprehendere
3342 5072 3461 5109 eum
3515 5055 3759 5108 omnibus

2172 5144 2385 5208 sanctis,
2416 5159 2533 5214 qua:
2553 5140 2869 5196 sit‘latitudo
2894 5152 2942 5197 et
2979 5142 3284 5214 longitudo,
3313 5142 3535 5198 altitudo
3559 5154 3608 5196 et
3636 5160 3758 5214 pro-

2175 5235 2397 5304 fundum
2429 5234 2654 5306 (Ephes.
2685 5236 2791 5304 ιιι).
2847 5233 3190 5304 Cognoscere
3238 5235 3403 5290 etiam
3455 5236 3758 5303 superemi-

2172 5336 2388 5382 nentcm
2427 5327 2667 5382 scientia:
2722 5327 3044 5382 charitatem
3091 5326 3311 5382 Christi.
3364 5326 3421 5381 In
3464 5326 3758 5382 latitudine

2173 5416 2367 5485 quippe
2392 5416 2531 5471 bona
2553 5431 2715 5486 opera
2733 5417 3016 5471 charitatis
3036 5416 3323 5486 significat.
3339 5416 3397 5470 ιιι
3420 5416 3758 5485 longitudine

2173 5510 2630 5577 perseverantiam
2694 5517 2893 5563 saneta:
2957 5510 3387 5565 conversationis
3456 5525 3631 5580 usque
3701 5510 3754 5563 in

2176 5600 2355 5653 linem.
2396 5599 2453 5653 lu
2482 5599 2764 5654 altitud'ne
2792 5616 2941 5670 spem
2972 5601 3270 5655 cmlestium
3296 5602 3665 5670 prmmiorum.
3699 5601 3754 5654 ln

2176 5688 2440 5759 profundo
2483 5690 2850 5745 iuserutabilia
2884 5691 3087 5761 judicia
3130 5691 3259 5755 Dei,
3299 5690 3439 5745 unde
3478 5691 3580 5744 ista
3626 5707 3749 5758 grn-
