  <div class='ocr_page' id='page_1' title='image "/cluster/home/n/w/nwhite01/storage/ocr_20150623/102/umn.31951002477395f/102.png"; bbox 0 0 3978 6416; ppageno 0'>
   <div class='ocr_carea' id='block_1_1' title="bbox 286 323 393 377">
    <p class='ocr_par' dir='ltr' id='par_1_1' title="bbox 286 323 393 377">
     <span class='ocr_line' id='line_1_1' title="bbox 286 323 393 377; baseline 0.019 -3"><span class='ocrx_word' id='word_1_1' title='bbox 286 323 393 377; x_wconf 70' lang='lat'><strong>18&#39;.)</strong></span> 
     </span>
    </p>
   </div>
   <div class='ocr_carea' id='block_1_2' title="bbox 1110 321 2727 396">
    <p class='ocr_par' dir='ltr' id='par_1_2' title="bbox 1110 321 2727 396">
     <span class='ocr_line' id='line_1_2' title="bbox 1110 321 2727 396; baseline 0.001 -17"><span class='ocrx_word' id='word_1_2' title='bbox 1110 322 1628 383; x_wconf 80' lang='lat' dir='ltr'><strong>COLLECTIONES</strong></span> <span class='ocrx_word' id='word_1_3' title='bbox 1667 324 1732 379; x_wconf 76' lang='grc' dir='ltr'><strong>ΙΝ</strong></span> <span class='ocrx_word' id='word_1_4' title='bbox 1774 321 2152 377; x_wconf 78' lang='lat' dir='ltr'><strong>EPISTULAS</strong></span> <span class='ocrx_word' id='word_1_5' title='bbox 2189 323 2277 378; x_wconf 81' lang='grc' dir='ltr'><strong>ΕΤ</strong></span> <span class='ocrx_word' id='word_1_6' title='bbox 2314 324 2727 396; x_wconf 54' lang='lat' dir='ltr'><strong>EVALFCELIA.</strong></span> 
     </span>
    </p>
   </div>
   <div class='ocr_carea' id='block_1_3' title="bbox 3444 329 3542 383">
    <p class='ocr_par' dir='ltr' id='par_1_3' title="bbox 3444 329 3542 383">
     <span class='ocr_line' id='line_1_3' title="bbox 3444 329 3542 383; baseline 0 -1"><span class='ocrx_word' id='word_1_7' title='bbox 3444 329 3542 383; x_wconf 74' lang='lat' dir='ltr'><strong>lDC</strong></span> 
     </span>
    </p>
   </div>
   <div class='ocr_carea' id='block_1_4' title="bbox 284 434 3541 510">
    <p class='ocr_par' dir='ltr' id='par_1_4' title="bbox 284 434 3541 510">
     <span class='ocr_line' id='line_1_4' title="bbox 284 434 3541 510; baseline -0 -19"><span class='ocrx_word' id='word_1_8' title='bbox 284 438 356 508; x_wconf 72' lang='lat' dir='ltr'><strong>tia</strong></span> <span class='ocrx_word' id='word_1_9' title='bbox 384 437 437 491; x_wconf 93' lang='lat' dir='ltr'><strong>in</strong></span> <span class='ocrx_word' id='word_1_10' title='bbox 466 435 713 490; x_wconf 85' lang='lat' dir='ltr'><strong>homines</strong></span> <span class='ocrx_word' id='word_1_11' title='bbox 746 435 911 490; x_wconf 90' lang='lat' dir='ltr'><strong>venit.</strong></span> <span class='ocrx_word' id='word_1_12' title='bbox 939 434 1007 490; x_wconf 83' lang='lat' dir='ltr'><strong>Et.</strong></span> <span class='ocrx_word' id='word_1_13' title='bbox 1050 436 1165 493; x_wconf 75' lang='lat' dir='ltr'><strong>hmc</strong></span> <span class='ocrx_word' id='word_1_14' title='bbox 1198 439 1274 492; x_wconf 90' lang='lat' dir='ltr'><strong>ita</strong></span> <span class='ocrx_word' id='word_1_15' title='bbox 1324 448 1645 510; x_wconf 90' lang='lat' dir='ltr'><strong>coaptantur</strong></span> <span class='ocrx_word' id='word_1_16' title='bbox 1678 452 1865 493; x_wconf 85' lang='lat' dir='ltr'><strong>sacra—</strong></span> <span class='ocrx_word' id='word_1_17' title='bbox 1894 438 1944 496; x_wconf 85' lang='lat' dir='ltr'><strong>A</strong></span> <span class='ocrx_word' id='word_1_18' title='bbox 1970 434 2167 504; x_wconf 86' lang='lat' dir='ltr'><strong>quippe</strong></span> <span class='ocrx_word' id='word_1_19' title='bbox 2196 435 2248 489; x_wconf 92' lang='lat' dir='ltr'><strong>in</strong></span> <span class='ocrx_word' id='word_1_20' title='bbox 2280 451 2386 492; x_wconf 91' lang='lat' dir='ltr'><strong>uno</strong></span> <span class='ocrx_word' id='word_1_21' title='bbox 2430 438 2499 492; x_wconf 88' lang='lat' dir='ltr'><strong>ad</strong></span> <span class='ocrx_word' id='word_1_22' title='bbox 2528 452 2717 493; x_wconf 86' lang='lat' dir='ltr'><strong>omnes</strong></span> <span class='ocrx_word' id='word_1_23' title='bbox 2745 435 3008 507; x_wconf 85' lang='lat' dir='ltr'><strong>pervenit,</strong></span> <span class='ocrx_word' id='word_1_24' title='bbox 3041 449 3161 490; x_wconf 83' lang='lat' dir='ltr'><strong>cum</strong></span> <span class='ocrx_word' id='word_1_25' title='bbox 3208 452 3328 493; x_wconf 85' lang='lat' dir='ltr'><strong>sors</strong></span> <span class='ocrx_word' id='word_1_26' title='bbox 3370 438 3541 491; x_wconf 79' lang='lat' dir='ltr'><strong>omni-</strong></span> 
     </span>
    </p>
   </div>
   <div class='ocr_carea' id='block_1_5' title="bbox 280 526 1868 600">
    <p class='ocr_par' dir='ltr' id='par_1_5' title="bbox 280 526 1868 600">
     <span class='ocr_line' id='line_1_5' title="bbox 280 526 1868 600; baseline -0.003 -16"><span class='ocrx_word' id='word_1_27' title='bbox 280 536 467 585; x_wconf 87' lang='lat' dir='ltr'><strong>mento</strong></span> <span class='ocrx_word' id='word_1_28' title='bbox 490 526 693 593; x_wconf 88' lang='lat' dir='ltr'><strong>crucis,</strong></span> <span class='ocrx_word' id='word_1_29' title='bbox 708 536 769 582; x_wconf 91' lang='lat' dir='ltr'><strong>ut</strong></span> <span class='ocrx_word' id='word_1_30' title='bbox 787 527 840 581; x_wconf 91' lang='lat' dir='ltr'><strong>in</strong></span> <span class='ocrx_word' id='word_1_31' title='bbox 870 526 1153 583; x_wconf 90' lang='lat' dir='ltr'><strong>latitudine</strong></span> <span class='ocrx_word' id='word_1_32' title='bbox 1174 529 1474 600; x_wconf 79' lang='lat' dir='ltr'><strong>accipiatur</strong></span> <span class='ocrx_word' id='word_1_33' title='bbox 1499 539 1868 584; x_wconf 88' lang='lat' dir='ltr'><strong>transversum</strong></span> 
     </span>
    </p>
   </div>
   <div class='ocr_carea' id='block_1_6' title="bbox 283 618 1866 692">
    <p class='ocr_par' dir='ltr' id='par_1_6' title="bbox 283 618 1866 692">
     <span class='ocr_line' id='line_1_6' title="bbox 283 618 1866 692; baseline 0 -19"><span class='ocrx_word' id='word_1_34' title='bbox 283 618 511 691; x_wconf 79' lang='lat' dir='ltr'><strong>lignum,</strong></span> <span class='ocrx_word' id='word_1_35' title='bbox 564 634 673 689; x_wconf 91' lang='lat' dir='ltr'><strong>quo</strong></span> <span class='ocrx_word' id='word_1_36' title='bbox 705 618 1073 673; x_wconf 82' lang='lat' dir='ltr'><strong>extenduntur</strong></span> <span class='ocrx_word' id='word_1_37' title='bbox 1102 635 1313 684; x_wconf 89' lang='lat' dir='ltr'><strong>manus,</strong></span> <span class='ocrx_word' id='word_1_38' title='bbox 1371 630 1594 692; x_wconf 90' lang='lat' dir='ltr'><strong>propter</strong></span> <span class='ocrx_word' id='word_1_39' title='bbox 1641 633 1866 690; x_wconf 90' lang='lat' dir='ltr'><strong>operum</strong></span> 
     </span>
    </p>
   </div>
   <div class='ocr_carea' id='block_1_7' title="bbox 282 707 1868 780">
    <p class='ocr_par' dir='ltr' id='par_1_7' title="bbox 282 707 1868 780">
     <span class='ocr_line' id='line_1_7' title="bbox 282 707 1868 780; baseline 0 -17"><span class='ocrx_word' id='word_1_40' title='bbox 282 707 758 780; x_wconf 88' lang='lat' dir='ltr'><strong>signiﬁcationem.</strong></span> <span class='ocrx_word' id='word_1_41' title='bbox 784 708 842 763; x_wconf 89' lang='lat' dir='ltr'><strong>In</strong></span> <span class='ocrx_word' id='word_1_42' title='bbox 865 708 1206 780; x_wconf 82' lang='lat' dir='ltr'><strong>longitudine</strong></span> <span class='ocrx_word' id='word_1_43' title='bbox 1228 711 1297 764; x_wconf 90' lang='lat' dir='ltr'><strong>ab</strong></span> <span class='ocrx_word' id='word_1_44' title='bbox 1324 710 1439 780; x_wconf 91' lang='lat' dir='ltr'><strong>ipso</strong></span> <span class='ocrx_word' id='word_1_45' title='bbox 1464 725 1632 780; x_wconf 89' lang='lat' dir='ltr'><strong>usque</strong></span> <span class='ocrx_word' id='word_1_46' title='bbox 1675 710 1728 763; x_wconf 92' lang='lat' dir='ltr'><strong>in</strong></span> <span class='ocrx_word' id='word_1_47' title='bbox 1760 718 1868 764; x_wconf 81' lang='lat' dir='ltr'><strong>ter-</strong></span> 
     </span>
    </p>
   </div>
   <div class='ocr_carea' id='block_1_8' title="bbox 284 800 1862 870">
    <p class='ocr_par' dir='ltr' id='par_1_8' title="bbox 284 800 1862 870">
     <span class='ocr_line' id='line_1_8' title="bbox 284 800 1862 870; baseline -0.001 -15"><span class='ocrx_word' id='word_1_48' title='bbox 284 817 423 865; x_wconf 89' lang='lat' dir='ltr'><strong>ram,</strong></span> <span class='ocrx_word' id='word_1_49' title='bbox 479 800 571 855; x_wconf 91' lang='lat' dir='ltr'><strong>ubi</strong></span> <span class='ocrx_word' id='word_1_50' title='bbox 620 808 792 855; x_wconf 88' lang='lat' dir='ltr'><strong>totum</strong></span> <span class='ocrx_word' id='word_1_51' title='bbox 843 815 1039 870; x_wconf 89' lang='lat' dir='ltr'><strong>corpus</strong></span> <span class='ocrx_word' id='word_1_52' title='bbox 1072 800 1389 856; x_wconf 89' lang='lat' dir='ltr'><strong>cruciﬁxum</strong></span> <span class='ocrx_word' id='word_1_53' title='bbox 1426 808 1574 856; x_wconf 88' lang='lat' dir='ltr'><strong>stare</strong></span> <span class='ocrx_word' id='word_1_54' title='bbox 1629 801 1862 865; x_wconf 84' lang='lat' dir='ltr'><strong>videtur,</strong></span> 
     </span>
    </p>
   </div>
   <div class='ocr_carea' id='block_1_9' title="bbox 281 886 1868 960">
    <p class='ocr_par' dir='ltr' id='par_1_9' title="bbox 281 886 1868 960">
     <span class='ocr_line' id='line_1_9' title="bbox 281 886 1868 960; baseline 0.001 -19"><span class='ocrx_word' id='word_1_55' title='bbox 281 889 426 958; x_wconf 91' lang='lat' dir='ltr'><strong>quod</strong></span> <span class='ocrx_word' id='word_1_56' title='bbox 454 886 720 960; x_wconf 88' lang='lat' dir='ltr'><strong>signiﬁcat</strong></span> <span class='ocrx_word' id='word_1_57' title='bbox 746 887 1063 958; x_wconf 87' lang='lat' dir='ltr'><strong>persistere,</strong></span> <span class='ocrx_word' id='word_1_58' title='bbox 1087 890 1192 944; x_wconf 89' lang='lat' dir='ltr'><strong>hoc</strong></span> <span class='ocrx_word' id='word_1_59' title='bbox 1213 896 1316 955; x_wconf 87' lang='lat' dir='ltr'><strong>est,</strong></span> <span class='ocrx_word' id='word_1_60' title='bbox 1339 889 1721 959; x_wconf 81' lang='lat' dir='ltr'><strong>longanimiter</strong></span> <span class='ocrx_word' id='word_1_61' title='bbox 1742 906 1868 960; x_wconf 88' lang='lat' dir='ltr'><strong>per-</strong></span> 
     </span>
    </p>
   </div>
   <div class='ocr_carea' id='block_1_10' title="bbox 284 977 1864 1053">
    <p class='ocr_par' dir='ltr' id='par_1_10' title="bbox 284 977 1864 1053">
     <span class='ocr_line' id='line_1_10' title="bbox 284 977 1864 1053; baseline 0.001 -21"><span class='ocrx_word' id='word_1_62' title='bbox 284 994 527 1034; x_wconf 81' lang='lat' dir='ltr'><strong>manere.</strong></span> <span class='ocrx_word' id='word_1_63' title='bbox 547 977 606 1033; x_wconf 91' lang='lat' dir='ltr'><strong>ln</strong></span> <span class='ocrx_word' id='word_1_64' title='bbox 633 978 915 1034; x_wconf 87' lang='lat' dir='ltr'><strong>latitudine</strong></span> <span class='ocrx_word' id='word_1_65' title='bbox 935 978 1002 1033; x_wconf 89' lang='lat' dir='ltr'><strong>ab</strong></span> <span class='ocrx_word' id='word_1_66' title='bbox 1028 979 1144 1049; x_wconf 91' lang='lat' dir='ltr'><strong>ipso</strong></span> <span class='ocrx_word' id='word_1_67' title='bbox 1158 986 1473 1034; x_wconf 84' lang='lat' dir='ltr'><strong>transverso</strong></span> <span class='ocrx_word' id='word_1_68' title='bbox 1488 979 1635 1053; x_wconf 88' lang='lat' dir='ltr'><strong>ligno</strong></span> <span class='ocrx_word' id='word_1_69' title='bbox 1650 995 1864 1035; x_wconf 83' lang='lat' dir='ltr'><strong>sursum</strong></span> 
     </span>
    </p>
   </div>
   <div class='ocr_carea' id='block_1_11' title="bbox 281 1069 1867 1141">
    <p class='ocr_par' dir='ltr' id='par_1_11' title="bbox 281 1069 1867 1141">
     <span class='ocr_line' id='line_1_11' title="bbox 281 1069 1867 1141; baseline 0.004 -21"><span class='ocrx_word' id='word_1_70' title='bbox 281 1069 667 1139; x_wconf 75' lang='lat' dir='ltr'><strong>versus,&#39;quod</strong></span> <span class='ocrx_word' id='word_1_71' title='bbox 700 1069 767 1123; x_wconf 91' lang='lat' dir='ltr'><strong>ad</strong></span> <span class='ocrx_word' id='word_1_72' title='bbox 800 1077 959 1139; x_wconf 88' lang='lat' dir='ltr'><strong>caput</strong></span> <span class='ocrx_word' id='word_1_73' title='bbox 1005 1070 1233 1141; x_wconf 71' lang='lat' dir='ltr'><strong>eminet,</strong></span> <span class='ocrx_word' id='word_1_74' title='bbox 1262 1078 1481 1141; x_wconf 80' lang='lat' dir='ltr'><strong>propter</strong></span> <span class='ocrx_word' id='word_1_75' title='bbox 1509 1071 1867 1141; x_wconf 76' lang='lat' dir='ltr'><strong>exSpectatio-</strong></span> 
     </span>
    </p>
   </div>
   <div class='ocr_carea' id='block_1_12' title="bbox 282 1160 1865 1230">
    <p class='ocr_par' dir='ltr' id='par_1_12' title="bbox 282 1160 1865 1230">
     <span class='ocr_line' id='line_1_12' title="bbox 282 1160 1865 1230; baseline 0.002 -16"><span class='ocrx_word' id='word_1_76' title='bbox 282 1175 407 1214; x_wconf 87' lang='lat' dir='ltr'><strong>nem</strong></span> <span class='ocrx_word' id='word_1_77' title='bbox 455 1175 837 1230; x_wconf 88' lang='lat' dir='ltr'><strong>supernorum,</strong></span> <span class='ocrx_word' id='word_1_78' title='bbox 870 1174 938 1213; x_wconf 90' lang='lat' dir='ltr'><strong>ne</strong></span> <span class='ocrx_word' id='word_1_79' title='bbox 981 1160 1070 1214; x_wconf 88' lang='lat' dir='ltr'><strong>illa</strong></span> <span class='ocrx_word' id='word_1_80' title='bbox 1103 1175 1266 1229; x_wconf 89' lang='lat' dir='ltr'><strong>opera</strong></span> <span class='ocrx_word' id='word_1_81' title='bbox 1297 1161 1437 1215; x_wconf 90' lang='lat' dir='ltr'><strong>bona</strong></span> <span class='ocrx_word' id='word_1_82' title='bbox 1480 1168 1643 1230; x_wconf 90' lang='lat' dir='ltr'><strong>atque</strong></span> <span class='ocrx_word' id='word_1_83' title='bbox 1679 1161 1734 1215; x_wconf 90' lang='lat' dir='ltr'><strong>in</strong></span> <span class='ocrx_word' id='word_1_84' title='bbox 1784 1163 1865 1217; x_wconf 89' lang='lat' dir='ltr'><strong>eis</strong></span> 
     </span>
    </p>
   </div>
   <div class='ocr_carea' id='block_1_13' title="bbox 283 1248 1862 1319">
    <p class='ocr_par' dir='ltr' id='par_1_13' title="bbox 283 1248 1862 1319">
     <span class='ocr_line' id='line_1_13' title="bbox 283 1248 1862 1319; baseline 0.002 -16"><span class='ocrx_word' id='word_1_85' title='bbox 283 1250 704 1317; x_wconf 73' lang='lat' dir='ltr'><strong>perseverantia,</strong></span> <span class='ocrx_word' id='word_1_86' title='bbox 728 1256 946 1319; x_wconf 80' lang='lat' dir='ltr'><strong>propter</strong></span> <span class='ocrx_word' id='word_1_87' title='bbox 967 1248 1230 1304; x_wconf 81' lang='lat' dir='ltr'><strong>beneﬁcia</strong></span> <span class='ocrx_word' id='word_1_88' title='bbox 1251 1249 1364 1312; x_wconf 90' lang='lat' dir='ltr'><strong>Dei,</strong></span> <span class='ocrx_word' id='word_1_89' title='bbox 1388 1257 1604 1305; x_wconf 90' lang='lat' dir='ltr'><strong>terrena</strong></span> <span class='ocrx_word' id='word_1_90' title='bbox 1632 1266 1698 1306; x_wconf 89' lang='lat' dir='ltr'><strong>ac</strong></span> <span class='ocrx_word' id='word_1_91' title='bbox 1725 1259 1862 1305; x_wconf 92' lang='lat' dir='ltr'><strong>tem-</strong></span> 
     </span>
    </p>
   </div>
   <div class='ocr_carea' id='block_1_14' title="bbox 283 1341 1863 1414">
    <p class='ocr_par' dir='ltr' id='par_1_14' title="bbox 283 1341 1863 1414">
     <span class='ocr_line' id='line_1_14' title="bbox 283 1341 1863 1414; baseline 0.001 -17"><span class='ocrx_word' id='word_1_92' title='bbox 283 1344 486 1414; x_wconf 84' lang='lat' dir='ltr'><strong>poralia</strong></span> <span class='ocrx_word' id='word_1_93' title='bbox 516 1341 759 1397; x_wconf 67' lang='lat' dir='ltr'><strong>facienda</strong></span> <span class='ocrx_word' id='word_1_94' title='bbox 787 1344 1101 1406; x_wconf 82' lang='lat' dir='ltr'><strong>credantur,</strong></span> <span class='ocrx_word' id='word_1_95' title='bbox 1127 1343 1222 1397; x_wconf 89' lang='lat' dir='ltr'><strong>sed</strong></span> <span class='ocrx_word' id='word_1_96' title='bbox 1261 1343 1444 1413; x_wconf 90' lang='lat' dir='ltr'><strong>potius</strong></span> <span class='ocrx_word' id='word_1_97' title='bbox 1481 1351 1703 1414; x_wconf 88' lang='lat' dir='ltr'><strong>propter</strong></span> <span class='ocrx_word' id='word_1_98' title='bbox 1732 1343 1863 1399; x_wconf 89' lang='lat' dir='ltr'><strong>illud</strong></span> 
     </span>
    </p>
   </div>
   <div class='ocr_carea' id='block_1_15' title="bbox 280 1432 1865 1506">
    <p class='ocr_par' dir='ltr' id='par_1_15' title="bbox 280 1432 1865 1506">
     <span class='ocr_line' id='line_1_15' title="bbox 280 1432 1865 1506; baseline -0.001 -17"><span class='ocrx_word' id='word_1_99' title='bbox 280 1436 424 1505; x_wconf 77' lang='lat' dir='ltr'><strong>quod</strong></span> <span class='ocrx_word' id='word_1_100' title='bbox 470 1436 699 1506; x_wconf 84' lang='lat' dir='ltr'><strong>desuper</strong></span> <span class='ocrx_word' id='word_1_101' title='bbox 726 1435 1134 1504; x_wconf 80' lang='lat' dir='ltr'><strong>‘sempiternum</strong></span> <span class='ocrx_word' id='word_1_102' title='bbox 1172 1441 1357 1505; x_wconf 87' lang='lat' dir='ltr'><strong>sperat</strong></span> <span class='ocrx_word' id='word_1_103' title='bbox 1405 1432 1561 1498; x_wconf 89' lang='lat' dir='ltr'><strong>ﬁdes,</strong></span> <span class='ocrx_word' id='word_1_104' title='bbox 1602 1449 1723 1504; x_wconf 77' lang='lat' dir='ltr'><strong>qua:</strong></span> <span class='ocrx_word' id='word_1_105' title='bbox 1766 1449 1865 1503; x_wconf 91' lang='lat' dir='ltr'><strong>per</strong></span> 
     </span>
    </p>
   </div>
   <div class='ocr_carea' id='block_1_16' title="bbox 280 1525 1860 1597">
    <p class='ocr_par' dir='ltr' id='par_1_16' title="bbox 280 1525 1860 1597">
     <span class='ocr_line' id='line_1_16' title="bbox 280 1525 1860 1597; baseline -0.001 -17"><span class='ocrx_word' id='word_1_106' title='bbox 280 1527 620 1581; x_wconf 89' lang='lat' dir='ltr'><strong>dilectionem</strong></span> <span class='ocrx_word' id='word_1_107' title='bbox 653 1534 926 1597; x_wconf 88' lang='lat' dir='ltr'><strong>operatur.</strong></span> <span class='ocrx_word' id='word_1_108' title='bbox 963 1526 1018 1580; x_wconf 92' lang='lat' dir='ltr'><strong>In</strong></span> <span class='ocrx_word' id='word_1_109' title='bbox 1069 1526 1336 1596; x_wconf 83' lang='lat' dir='ltr'><strong>profundo</strong></span> <span class='ocrx_word' id='word_1_110' title='bbox 1382 1533 1587 1589; x_wconf 89' lang='lat' dir='ltr'><strong>autem,</strong></span> <span class='ocrx_word' id='word_1_111' title='bbox 1619 1540 1746 1594; x_wconf 90' lang='lat' dir='ltr'><strong>pars</strong></span> <span class='ocrx_word' id='word_1_112' title='bbox 1772 1525 1860 1580; x_wconf 91' lang='lat' dir='ltr'><strong>illa</strong></span> 
     </span>
    </p>
   </div>
   <div class='ocr_carea' id='block_1_17' title="bbox 282 1615 1863 1691">
    <p class='ocr_par' dir='ltr' id='par_1_17' title="bbox 282 1615 1863 1691">
     <span class='ocr_line' id='line_1_17' title="bbox 282 1615 1863 1691; baseline -0.003 -18"><span class='ocrx_word' id='word_1_113' title='bbox 282 1619 431 1691; x_wconf 88' lang='lat' dir='ltr'><strong>ligni,</strong></span> <span class='ocrx_word' id='word_1_114' title='bbox 462 1634 580 1688; x_wconf 76' lang='lat' dir='ltr'><strong>qua:</strong></span> <span class='ocrx_word' id='word_1_115' title='bbox 613 1618 667 1672; x_wconf 90' lang='lat' dir='ltr'><strong>in</strong></span> <span class='ocrx_word' id='word_1_116' title='bbox 692 1626 833 1672; x_wconf 87' lang='lat' dir='ltr'><strong>terra</strong></span> <span class='ocrx_word' id='word_1_117' title='bbox 859 1616 1041 1671; x_wconf 87' lang='lat' dir='ltr'><strong>abdita</strong></span> <span class='ocrx_word' id='word_1_118' title='bbox 1068 1615 1246 1671; x_wconf 89' lang='lat' dir='ltr'><strong>deﬁxa</strong></span> <span class='ocrx_word' id='word_1_119' title='bbox 1276 1616 1429 1681; x_wconf 54' lang='lat' dir='ltr'><strong>latet,</strong></span> <span class='ocrx_word' id='word_1_120' title='bbox 1462 1617 1556 1671; x_wconf 92' lang='lat' dir='ltr'><strong>sed</strong></span> <span class='ocrx_word' id='word_1_121' title='bbox 1590 1617 1713 1671; x_wconf 88' lang='lat' dir='ltr'><strong>inde</strong></span> <span class='ocrx_word' id='word_1_122' title='bbox 1736 1630 1863 1670; x_wconf 89' lang='lat' dir='ltr'><strong>con-</strong></span> 
     </span>
    </p>
   </div>
   <div class='ocr_carea' id='block_1_18' title="bbox 279 1707 1857 1783">
    <p class='ocr_par' dir='ltr' id='par_1_18' title="bbox 279 1707 1857 1783">
     <span class='ocr_line' id='line_1_18' title="bbox 279 1707 1857 1783; baseline -0.003 -17"><span class='ocrx_word' id='word_1_123' title='bbox 279 1712 454 1783; x_wconf 84' lang='lat' dir='ltr'><strong>surgit</strong></span> <span class='ocrx_word' id='word_1_124' title='bbox 480 1711 608 1766; x_wconf 90' lang='lat' dir='ltr'><strong>illud</strong></span> <span class='ocrx_word' id='word_1_125' title='bbox 638 1726 796 1766; x_wconf 91' lang='lat' dir='ltr'><strong>omne</strong></span> <span class='ocrx_word' id='word_1_126' title='bbox 825 1707 965 1779; x_wconf 84' lang='lat' dir='ltr'><strong>quod</strong></span> <span class='ocrx_word' id='word_1_127' title='bbox 998 1710 1233 1774; x_wconf 89' lang='lat' dir='ltr'><strong>eminet,</strong></span> <span class='ocrx_word' id='word_1_128' title='bbox 1266 1710 1407 1764; x_wconf 90' lang='lat' dir='ltr'><strong>sicut</strong></span> <span class='ocrx_word' id='word_1_129' title='bbox 1432 1725 1494 1763; x_wconf 82' lang='lat' dir='ltr'><strong>ex</strong></span> <span class='ocrx_word' id='word_1_130' title='bbox 1527 1710 1735 1765; x_wconf 88' lang='lat' dir='ltr'><strong>occulta</strong></span> <span class='ocrx_word' id='word_1_131' title='bbox 1764 1709 1857 1763; x_wconf 87' lang='lat' dir='ltr'><strong>Dei</strong></span> 
     </span>
    </p>
   </div>
   <div class='ocr_carea' id='block_1_19' title="bbox 279 1801 1856 1871">
    <p class='ocr_par' dir='ltr' id='par_1_19' title="bbox 279 1801 1856 1871">
     <span class='ocr_line' id='line_1_19' title="bbox 279 1801 1856 1871; baseline -0.001 -15"><span class='ocrx_word' id='word_1_132' title='bbox 279 1804 555 1859; x_wconf 75' lang='lat' dir='ltr'><strong>voluntate</strong></span> <span class='ocrx_word' id='word_1_133' title='bbox 596 1809 822 1857; x_wconf 87' lang='lat' dir='ltr'><strong>vocatur</strong></span> <span class='ocrx_word' id='word_1_134' title='bbox 863 1803 1026 1856; x_wconf 92' lang='lat' dir='ltr'><strong>homo</strong></span> <span class='ocrx_word' id='word_1_135' title='bbox 1070 1802 1137 1856; x_wconf 89' lang='lat' dir='ltr'><strong>ad</strong></span> <span class='ocrx_word' id='word_1_136' title='bbox 1167 1801 1642 1871; x_wconf 88' lang='lat' dir='ltr'><strong>participationem</strong></span> <span class='ocrx_word' id='word_1_137' title='bbox 1694 1808 1856 1854; x_wconf 68' lang='lat' dir='ltr'><strong>tante</strong></span> 
     </span>
    </p>
   </div>
   <div class='ocr_carea' id='block_1_20' title="bbox 278 1893 1856 1968">
    <p class='ocr_par' dir='ltr' id='par_1_20' title="bbox 278 1893 1856 1968">
     <span class='ocr_line' id='line_1_20' title="bbox 278 1893 1856 1968; baseline -0.004 -17"><span class='ocrx_word' id='word_1_138' title='bbox 278 1897 483 1968; x_wconf 62' lang='lat' dir='ltr'><strong>gratim,</strong></span> <span class='ocrx_word' id='word_1_139' title='bbox 524 1895 661 1951; x_wconf 90' lang='lat' dir='ltr'><strong>alius</strong></span> <span class='ocrx_word' id='word_1_140' title='bbox 686 1896 784 1958; x_wconf 88' lang='lat' dir='ltr'><strong>sic,</strong></span> <span class='ocrx_word' id='word_1_141' title='bbox 813 1894 952 1949; x_wconf 89' lang='lat' dir='ltr'><strong>alius</strong></span> <span class='ocrx_word' id='word_1_142' title='bbox 997 1902 1180 1949; x_wconf 89' lang='lat' dir='ltr'><strong>autem</strong></span> <span class='ocrx_word' id='word_1_143' title='bbox 1225 1894 1327 1959; x_wconf 91' lang='lat' dir='ltr'><strong>sic,</strong></span> <span class='ocrx_word' id='word_1_144' title='bbox 1360 1893 1856 1963; x_wconf 91' lang='lat' dir='ltr'><strong>supereminentem</strong></span> 
     </span>
    </p>
   </div>
   <div class='ocr_carea' id='block_1_21' title="bbox 280 1982 1857 2051">
    <p class='ocr_par' dir='ltr' id='par_1_21' title="bbox 280 1982 1857 2051">
     <span class='ocr_line' id='line_1_21' title="bbox 280 1982 1857 2051; baseline -0.004 -7"><span class='ocrx_word' id='word_1_145' title='bbox 280 2005 411 2044; x_wconf 68' lang='lat' dir='ltr'><strong>vero</strong></span> <span class='ocrx_word' id='word_1_146' title='bbox 432 1987 669 2042; x_wconf 75' lang='lat' dir='ltr'><strong>scientiae</strong></span> <span class='ocrx_word' id='word_1_147' title='bbox 707 1987 1024 2041; x_wconf 87' lang='lat' dir='ltr'><strong>charitatem</strong></span> <span class='ocrx_word' id='word_1_148' title='bbox 1060 1985 1286 2049; x_wconf 86' lang='lat' dir='ltr'><strong>Christi,</strong></span> <span class='ocrx_word' id='word_1_149' title='bbox 1318 2000 1438 2039; x_wconf 91' lang='lat' dir='ltr'><strong>eam</strong></span> <span class='ocrx_word' id='word_1_150' title='bbox 1470 1982 1730 2051; x_wconf 82' lang='lat' dir='ltr'><strong>profecto,</strong></span> <span class='ocrx_word' id='word_1_151' title='bbox 1764 1984 1857 2038; x_wconf 91' lang='lat' dir='ltr'><strong>ubi</strong></span> 
     </span>
    </p>
   </div>
   <div class='ocr_carea' id='block_1_22' title="bbox 278 2075 1857 2152">
    <p class='ocr_par' dir='ltr' id='par_1_22' title="bbox 278 2075 1857 2152">
     <span class='ocr_line' id='line_1_22' title="bbox 278 2075 1857 2152; baseline -0.003 -17"><span class='ocrx_word' id='word_1_152' title='bbox 278 2098 383 2152; x_wconf 86' lang='lat' dir='ltr'><strong>pax</strong></span> <span class='ocrx_word' id='word_1_153' title='bbox 419 2081 507 2135; x_wconf 90' lang='lat' dir='ltr'><strong>illa</strong></span> <span class='ocrx_word' id='word_1_154' title='bbox 534 2090 639 2147; x_wconf 89' lang='lat' dir='ltr'><strong>est,</strong></span> <span class='ocrx_word' id='word_1_155' title='bbox 664 2095 783 2151; x_wconf 77' lang='lat' dir='ltr'><strong>qua:</strong></span> <span class='ocrx_word' id='word_1_156' title='bbox 816 2079 1075 2150; x_wconf 70' lang='lat' dir='ltr'><strong>prmcellit</strong></span> <span class='ocrx_word' id='word_1_157' title='bbox 1095 2095 1310 2136; x_wconf 89' lang='lat' dir='ltr'><strong>omnem</strong></span> <span class='ocrx_word' id='word_1_158' title='bbox 1341 2078 1671 2134; x_wconf 90' lang='lat' dir='ltr'><strong>intellectum</strong></span> <span class='ocrx_word' id='word_1_159' title='bbox 1700 2075 1857 2149; x_wconf 85' lang='lat' dir='ltr'><strong>(Phi—</strong></span> 
     </span>
    </p>
   </div>
   <div class='ocr_carea' id='block_1_23' title="bbox 278 2170 1685 2244">
    <p class='ocr_par' dir='ltr' id='par_1_23' title="bbox 278 2170 1685 2244">
     <span class='ocr_line' id='line_1_23' title="bbox 278 2170 1685 2244; baseline -0.003 -16"><span class='ocrx_word' id='word_1_160' title='bbox 278 2174 372 2244; x_wconf 87' lang='lat' dir='ltr'><strong>lip.</strong></span> <span class='ocrx_word' id='word_1_161' title='bbox 397 2173 491 2243; x_wconf 82' lang='lat' dir='ltr'><strong>tv).</strong></span> <span class='ocrx_word' id='word_1_162' title='bbox 1682 2170 1685 2173; x_wconf 81' lang='grc'><em>’</em></span> 
     </span>
    </p>
   </div>
   <div class='ocr_carea' id='block_1_24' title="bbox 354 2264 1861 2335">
    <p class='ocr_par' dir='ltr' id='par_1_24' title="bbox 354 2264 1861 2335">
     <span class='ocr_line' id='line_1_24' title="bbox 354 2264 1861 2335; baseline -0.003 -17"><span class='ocrx_word' id='word_1_163' title='bbox 354 2265 421 2319; x_wconf 82' lang='lat' dir='ltr'><strong>Et</strong></span> <span class='ocrx_word' id='word_1_164' title='bbox 440 2265 637 2319; x_wconf 86' lang='lat' dir='ltr'><strong>dabant</strong></span> <span class='ocrx_word' id='word_1_165' title='bbox 668 2264 715 2319; x_wconf 92' lang='lat' dir='ltr'><strong>ei</strong></span> <span class='ocrx_word' id='word_1_166' title='bbox 741 2265 933 2329; x_wconf 84' lang='lat' dir='ltr'><strong>bibere,</strong></span> <span class='ocrx_word' id='word_1_167' title='bbox 962 2265 1289 2335; x_wconf 83' lang='lat' dir='ltr'><strong>myrrhatum</strong></span> <span class='ocrx_word' id='word_1_168' title='bbox 1312 2264 1510 2326; x_wconf 59' lang='lat' dir='ltr'><strong>uinum,</strong></span> <span class='ocrx_word' id='word_1_169' title='bbox 1542 2271 1590 2316; x_wconf 88' lang='lat' dir='ltr'><strong>et</strong></span> <span class='ocrx_word' id='word_1_170' title='bbox 1633 2277 1734 2315; x_wconf 88' lang='lat' dir='ltr'><strong>non</strong></span> <span class='ocrx_word' id='word_1_171' title='bbox 1770 2277 1861 2314; x_wconf 88' lang='lat' dir='ltr'><strong>ac-</strong></span> 
     </span>
    </p>
   </div>
   <div class='ocr_carea' id='block_1_25' title="bbox 280 2351 1856 2431">
    <p class='ocr_par' dir='ltr' id='par_1_25' title="bbox 280 2351 1856 2431">
     <span class='ocr_line' id='line_1_25' title="bbox 280 2351 1856 2431; baseline -0.005 -18"><span class='ocrx_word' id='word_1_172' title='bbox 280 2358 433 2431; x_wconf 82' lang='lat' dir='ltr'><strong>cepit.</strong></span> <span class='ocrx_word' id='word_1_173' title='bbox 484 2356 585 2429; x_wconf 82' lang='lat' dir='ltr'><strong>(Ex</strong></span> <span class='ocrx_word' id='word_1_174' title='bbox 617 2356 860 2429; x_wconf 84' lang='lat' dir='ltr'><strong>Hieron.)</strong></span> <span class='ocrx_word' id='word_1_175' title='bbox 896 2358 1038 2412; x_wconf 84' lang='lat' dir='ltr'><strong>Deus</strong></span> <span class='ocrx_word' id='word_1_176' title='bbox 1085 2356 1328 2427; x_wconf 85' lang='lat' dir='ltr'><strong>loquitur</strong></span> <span class='ocrx_word' id='word_1_177' title='bbox 1368 2354 1435 2408; x_wconf 90' lang='lat' dir='ltr'><strong>ad</strong></span> <span class='ocrx_word' id='word_1_178' title='bbox 1468 2351 1808 2408; x_wconf 84' lang='lat' dir='ltr'><strong>Hierusalem</strong></span> <span class='ocrx_word' id='word_1_179' title='bbox 1842 2368 1856 2405; x_wconf 88' lang='lat'><strong>:</strong></span> 
     </span>
    </p>
   </div>
   <div class='ocr_carea' id='block_1_26' title="bbox 283 2442 1862 2521">
    <p class='ocr_par' dir='ltr' id='par_1_26' title="bbox 283 2442 1862 2521">
     <span class='ocr_line' id='line_1_26' title="bbox 283 2442 1862 2521; baseline -0.006 -16"><span class='ocrx_word' id='word_1_180' title='bbox 283 2450 397 2521; x_wconf 83' lang='lat' dir='ltr'><strong>Ego</strong></span> <span class='ocrx_word' id='word_1_181' title='bbox 424 2459 471 2504; x_wconf 92' lang='lat' dir='ltr'><strong>te</strong></span> <span class='ocrx_word' id='word_1_182' title='bbox 493 2448 724 2520; x_wconf 76' lang='lat' dir='ltr'><strong>plantavi</strong></span> <span class='ocrx_word' id='word_1_183' title='bbox 754 2451 958 2504; x_wconf 84' lang='lat' dir='ltr'><strong>vineam</strong></span> <span class='ocrx_word' id='word_1_184' title='bbox 992 2465 1161 2503; x_wconf 86' lang='lat' dir='ltr'><strong>meam</strong></span> <span class='ocrx_word' id='word_1_185' title='bbox 1202 2463 1400 2512; x_wconf 83' lang='lat' dir='ltr'><strong>veram,</strong></span> <span class='ocrx_word' id='word_1_186' title='bbox 1429 2444 1688 2517; x_wconf 87' lang='lat' dir='ltr'><strong>quomodo</strong></span> <span class='ocrx_word' id='word_1_187' title='bbox 1718 2442 1862 2513; x_wconf 81' lang='lat' dir='ltr'><strong>facta</strong></span> 
     </span>
    </p>
   </div>
   <div class='ocr_carea' id='block_1_27' title="bbox 280 2534 1864 2610">
    <p class='ocr_par' dir='ltr' id='par_1_27' title="bbox 280 2534 1864 2610">
     <span class='ocr_line' id='line_1_27' title="bbox 280 2534 1864 2610; baseline -0.005 -15"><span class='ocrx_word' id='word_1_188' title='bbox 280 2557 333 2596; x_wconf 83' lang='lat' dir='ltr'><strong>es</strong></span> <span class='ocrx_word' id='word_1_189' title='bbox 354 2540 407 2594; x_wconf 89' lang='lat' dir='ltr'><strong>in</strong></span> <span class='ocrx_word' id='word_1_190' title='bbox 435 2540 836 2594; x_wconf 74' lang='lat' dir='ltr'><strong>amaritudinem</strong></span> <span class='ocrx_word' id='word_1_191' title='bbox 863 2541 979 2594; x_wconf 81' lang='lat' dir='ltr'><strong>ritis</strong></span> <span class='ocrx_word' id='word_1_192' title='bbox 1002 2539 1190 2594; x_wconf 72' lang='lat' dir='ltr'><strong>aliena:</strong></span> <span class='ocrx_word' id='word_1_193' title='bbox 1216 2537 1350 2610; x_wconf 85' lang='lat' dir='ltr'><strong>(Ier.</strong></span> <span class='ocrx_word' id='word_1_194' title='bbox 1382 2537 1485 2601; x_wconf 79' lang='lat' dir='ltr'><strong>tt)?</strong></span> <span class='ocrx_word' id='word_1_195' title='bbox 1510 2535 1709 2590; x_wconf 83' lang='lat' dir='ltr'><strong>Amara</strong></span> <span class='ocrx_word' id='word_1_196' title='bbox 1733 2534 1864 2588; x_wconf 86' lang='lat' dir='ltr'><strong>vitis</strong></span> 
     </span>
    </p>
   </div>
   <div class='ocr_carea' id='block_1_28' title="bbox 282 2624 1860 2700">
    <p class='ocr_par' dir='ltr' id='par_1_28' title="bbox 282 2624 1860 2700">
     <span class='ocr_line' id='line_1_28' title="bbox 282 2624 1860 2700; baseline -0.004 -16"><span class='ocrx_word' id='word_1_197' title='bbox 282 2644 526 2684; x_wconf 86' lang='lat' dir='ltr'><strong>amarum</strong></span> <span class='ocrx_word' id='word_1_198' title='bbox 577 2630 759 2683; x_wconf 89' lang='lat' dir='ltr'><strong>vinum</strong></span> <span class='ocrx_word' id='word_1_199' title='bbox 791 2628 938 2693; x_wconf 78' lang='lat' dir='ltr'><strong>facit,</strong></span> <span class='ocrx_word' id='word_1_200' title='bbox 974 2630 1117 2700; x_wconf 88' lang='lat' dir='ltr'><strong>quod</strong></span> <span class='ocrx_word' id='word_1_201' title='bbox 1160 2629 1411 2699; x_wconf 85' lang='lat' dir='ltr'><strong>propinat</strong></span> <span class='ocrx_word' id='word_1_202' title='bbox 1448 2626 1677 2681; x_wconf 89' lang='lat' dir='ltr'><strong>Domino</strong></span> <span class='ocrx_word' id='word_1_203' title='bbox 1730 2624 1860 2679; x_wconf 84' lang='lat' dir='ltr'><strong>Iesu</strong></span> 
     </span>
    </p>
   </div>
   <div class='ocr_carea' id='block_1_29' title="bbox 280 2719 1863 2792">
    <p class='ocr_par' dir='ltr' id='par_1_29' title="bbox 280 2719 1863 2792">
     <span class='ocr_line' id='line_1_29' title="bbox 280 2719 1863 2792; baseline -0.002 -14"><span class='ocrx_word' id='word_1_204' title='bbox 280 2722 518 2785; x_wconf 89' lang='lat' dir='ltr'><strong>Christo,</strong></span> <span class='ocrx_word' id='word_1_205' title='bbox 543 2730 601 2776; x_wconf 90' lang='lat' dir='ltr'><strong>ut</strong></span> <span class='ocrx_word' id='word_1_206' title='bbox 628 2722 917 2792; x_wconf 85' lang='lat' dir='ltr'><strong>impleatur</strong></span> <span class='ocrx_word' id='word_1_207' title='bbox 942 2723 1087 2792; x_wconf 89' lang='lat' dir='ltr'><strong>quod</strong></span> <span class='ocrx_word' id='word_1_208' title='bbox 1134 2722 1398 2791; x_wconf 89' lang='lat' dir='ltr'><strong>scriptum</strong></span> <span class='ocrx_word' id='word_1_209' title='bbox 1444 2729 1530 2775; x_wconf 89' lang='lat' dir='ltr'><strong>est</strong></span> <span class='ocrx_word' id='word_1_210' title='bbox 1559 2739 1571 2775; x_wconf 91' lang='lat'><strong>:</strong></span> <span class='ocrx_word' id='word_1_211' title='bbox 1606 2719 1671 2773; x_wconf 81' lang='lat' dir='ltr'><strong>Et</strong></span> <span class='ocrx_word' id='word_1_212' title='bbox 1709 2721 1863 2776; x_wconf 82' lang='lat' dir='ltr'><strong>dede-</strong></span> 
     </span>
    </p>
   </div>
   <div class='ocr_carea' id='block_1_30' title="bbox 284 2813 1863 2880">
    <p class='ocr_par' dir='ltr' id='par_1_30' title="bbox 284 2813 1863 2880">
     <span class='ocr_line' id='line_1_30' title="bbox 284 2813 1863 2880; baseline 0 -14"><span class='ocrx_word' id='word_1_213' title='bbox 284 2821 405 2867; x_wconf 79' lang='lat' dir='ltr'><strong>runt</strong></span> <span class='ocrx_word' id='word_1_214' title='bbox 445 2813 498 2866; x_wconf 87' lang='lat' dir='ltr'><strong>iu</strong></span> <span class='ocrx_word' id='word_1_215' title='bbox 534 2813 704 2867; x_wconf 81' lang='lat' dir='ltr'><strong>cibum</strong></span> <span class='ocrx_word' id='word_1_216' title='bbox 732 2830 902 2868; x_wconf 87' lang='lat' dir='ltr'><strong>meum</strong></span> <span class='ocrx_word' id='word_1_217' title='bbox 930 2813 1018 2880; x_wconf 81' lang='lat' dir='ltr'><strong>fel,</strong></span> <span class='ocrx_word' id='word_1_218' title='bbox 1072 2824 1121 2869; x_wconf 88' lang='lat' dir='ltr'><strong>et</strong></span> <span class='ocrx_word' id='word_1_219' title='bbox 1166 2814 1219 2867; x_wconf 87' lang='lat' dir='ltr'><strong>in</strong></span> <span class='ocrx_word' id='word_1_220' title='bbox 1261 2813 1351 2867; x_wconf 85' lang='lat' dir='ltr'><strong>siti</strong></span> <span class='ocrx_word' id='word_1_221' title='bbox 1391 2829 1506 2866; x_wconf 78' lang='lat' dir='ltr'><strong>mea</strong></span> <span class='ocrx_word' id='word_1_222' title='bbox 1557 2820 1863 2875; x_wconf 79' lang='lat' dir='ltr'><strong>putaverunt</strong></span> 
     </span>
    </p>
   </div>
   <div class='ocr_carea' id='block_1_31' title="bbox 283 2901 1862 2976">
    <p class='ocr_par' dir='ltr' id='par_1_31' title="bbox 283 2901 1862 2976">
     <span class='ocr_line' id='line_1_31' title="bbox 283 2901 1862 2976; baseline -0.002 -17"><span class='ocrx_word' id='word_1_223' title='bbox 283 2921 365 2959; x_wconf 88' lang='lat' dir='ltr'><strong>me</strong></span> <span class='ocrx_word' id='word_1_224' title='bbox 385 2913 530 2958; x_wconf 85' lang='lat' dir='ltr'><strong>aceto</strong></span> <span class='ocrx_word' id='word_1_225' title='bbox 577 2901 752 2976; x_wconf 86' lang='lat' dir='ltr'><strong>(Psal.</strong></span> <span class='ocrx_word' id='word_1_226' title='bbox 816 2904 1025 2975; x_wconf 69' lang='lat' dir='ltr'><strong>LXVIII).</strong></span> <span class='ocrx_word' id='word_1_227' title='bbox 1056 2904 1211 2972; x_wconf 82' lang='lat' dir='ltr'><strong>Quod</strong></span> <span class='ocrx_word' id='word_1_228' title='bbox 1254 2913 1437 2959; x_wconf 90' lang='lat' dir='ltr'><strong>autem</strong></span> <span class='ocrx_word' id='word_1_229' title='bbox 1489 2903 1688 2958; x_wconf 86' lang='lat' dir='ltr'><strong>dicitur</strong></span> <span class='ocrx_word' id='word_1_230' title='bbox 1737 2920 1751 2956; x_wconf 88' lang='lat'><strong>:</strong></span> <span class='ocrx_word' id='word_1_231' title='bbox 1795 2902 1862 2956; x_wconf 87' lang='lat' dir='ltr'><strong>Et</strong></span> 
     </span>
    </p>
   </div>
   <div class='ocr_carea' id='block_1_32' title="bbox 281 2991 1860 3065">
    <p class='ocr_par' dir='ltr' id='par_1_32' title="bbox 281 2991 1860 3065">
     <span class='ocr_line' id='line_1_32' title="bbox 281 2991 1860 3065; baseline -0.002 -17"><span class='ocrx_word' id='word_1_232' title='bbox 281 3010 389 3048; x_wconf 76' lang='lat' dir='ltr'><strong>non</strong></span> <span class='ocrx_word' id='word_1_233' title='bbox 416 2995 634 3065; x_wconf 86' lang='lat' dir='ltr'><strong>accepit,</strong></span> <span class='ocrx_word' id='word_1_234' title='bbox 660 2993 743 3049; x_wconf 78' lang='lat' dir='ltr'><strong>vel</strong></span> <span class='ocrx_word' id='word_1_235' title='bbox 768 2997 1063 3050; x_wconf 90' lang='lat' dir='ltr'><strong>secundum</strong></span> <span class='ocrx_word' id='word_1_236' title='bbox 1100 2995 1409 3049; x_wconf 68' lang='lat' dir='ltr'><strong>Matthmum</strong></span> <span class='ocrx_word' id='word_1_237' title='bbox 1440 3012 1453 3047; x_wconf 91' lang='lat'>:</span> <span class='ocrx_word' id='word_1_238' title='bbox 1484 2991 1616 3046; x_wconf 81' lang='lat' dir='ltr'><strong>Cum</strong></span> <span class='ocrx_word' id='word_1_239' title='bbox 1638 3003 1860 3062; x_wconf 79' lang='lat' dir='ltr'><strong>gustas-</strong></span> 
     </span>
    </p>
   </div>
   <div class='ocr_carea' id='block_1_33' title="bbox 281 3082 1860 3157">
    <p class='ocr_par' dir='ltr' id='par_1_33' title="bbox 281 3082 1860 3157">
     <span class='ocr_line' id='line_1_33' title="bbox 281 3082 1860 3157; baseline -0.002 -17"><span class='ocrx_word' id='word_1_240' title='bbox 281 3095 384 3152; x_wconf 81' lang='lat' dir='ltr'><strong>set,</strong></span> <span class='ocrx_word' id='word_1_241' title='bbox 407 3086 572 3142; x_wconf 82' lang='lat' dir='ltr'><strong>noluit</strong></span> <span class='ocrx_word' id='word_1_242' title='bbox 615 3086 804 3153; x_wconf 83' lang='lat' dir='ltr'><strong>bibere,</strong></span> <span class='ocrx_word' id='word_1_243' title='bbox 843 3082 948 3142; x_wconf 87' lang='lat' dir='ltr'><strong>hoc</strong></span> <span class='ocrx_word' id='word_1_244' title='bbox 990 3087 1213 3153; x_wconf 86' lang='lat' dir='ltr'><strong>indicat,</strong></span> <span class='ocrx_word' id='word_1_245' title='bbox 1245 3088 1389 3157; x_wconf 83' lang='lat' dir='ltr'><strong>quod</strong></span> <span class='ocrx_word' id='word_1_246' title='bbox 1419 3086 1715 3157; x_wconf 79' lang='lat' dir='ltr'><strong>gustaverit</strong></span> <span class='ocrx_word' id='word_1_247' title='bbox 1740 3084 1860 3154; x_wconf 92' lang='lat' dir='ltr'><strong>qui-</strong></span> 
     </span>
    </p>
   </div>
   <div class='ocr_carea' id='block_1_34' title="bbox 282 3175 1858 3246">
    <p class='ocr_par' dir='ltr' id='par_1_34' title="bbox 282 3175 1858 3246">
     <span class='ocr_line' id='line_1_34' title="bbox 282 3175 1858 3246; baseline -0.001 -15"><span class='ocrx_word' id='word_1_248' title='bbox 282 3176 404 3231; x_wconf 86' lang='lat' dir='ltr'><strong>dem</strong></span> <span class='ocrx_word' id='word_1_249' title='bbox 434 3191 532 3246; x_wconf 89' lang='lat' dir='ltr'><strong>pro</strong></span> <span class='ocrx_word' id='word_1_250' title='bbox 553 3178 708 3233; x_wconf 88' lang='lat' dir='ltr'><strong>nobis</strong></span> <span class='ocrx_word' id='word_1_251' title='bbox 724 3178 916 3233; x_wconf 89' lang='lat' dir='ltr'><strong>mortis</strong></span> <span class='ocrx_word' id='word_1_252' title='bbox 940 3178 1356 3233; x_wconf 88' lang='lat' dir='ltr'><strong>amaritudinem</strong></span> <span class='ocrx_word' id='word_1_253' title='bbox 1377 3219 1391 3241; x_wconf 91' lang='lat'><strong>,</strong></span> <span class='ocrx_word' id='word_1_254' title='bbox 1421 3177 1516 3231; x_wconf 87' lang='lat' dir='ltr'><strong>sel</strong></span> <span class='ocrx_word' id='word_1_255' title='bbox 1566 3176 1723 3231; x_wconf 90' lang='lat' dir='ltr'><strong>tertia</strong></span> <span class='ocrx_word' id='word_1_256' title='bbox 1767 3175 1858 3231; x_wconf 77' lang='lat' dir='ltr'><strong>die</strong></span> 
     </span>
    </p>
   </div>
   <div class='ocr_carea' id='block_1_35' title="bbox 285 3269 1858 3340">
    <p class='ocr_par' dir='ltr' id='par_1_35' title="bbox 285 3269 1858 3340">
     <span class='ocr_line' id='line_1_35' title="bbox 285 3269 1858 3340; baseline -0.001 -16"><span class='ocrx_word' id='word_1_257' title='bbox 285 3270 599 3325; x_wconf 85' lang='lat' dir='ltr'><strong>resurrexit.</strong></span> <span class='ocrx_word' id='word_1_258' title='bbox 646 3269 799 3338; x_wconf 83' lang='lat' dir='ltr'><strong>Quod</strong></span> <span class='ocrx_word' id='word_1_259' title='bbox 828 3280 1007 3326; x_wconf 90' lang='lat' dir='ltr'><strong>autem</strong></span> <span class='ocrx_word' id='word_1_260' title='bbox 1035 3271 1112 3326; x_wconf 89' lang='lat' dir='ltr'><strong>ait</strong></span> <span class='ocrx_word' id='word_1_261' title='bbox 1154 3271 1368 3325; x_wconf 83' lang='lat' dir='ltr'><strong>Marcus</strong></span> <span class='ocrx_word' id='word_1_262' title='bbox 1408 3289 1421 3324; x_wconf 90' lang='lat'><strong>:</strong></span> <span class='ocrx_word' id='word_1_263' title='bbox 1472 3270 1595 3325; x_wconf 89' lang='lat' dir='ltr'><strong>Non</strong></span> <span class='ocrx_word' id='word_1_264' title='bbox 1640 3270 1858 3340; x_wconf 83' lang='lat' dir='ltr'><strong>accepit,</strong></span> 
     </span>
    </p>
   </div>
   <div class='ocr_carea' id='block_1_36' title="bbox 284 3362 1859 3434">
    <p class='ocr_par' dir='ltr' id='par_1_36' title="bbox 284 3362 1859 3434">
     <span class='ocr_line' id='line_1_36' title="bbox 284 3362 1859 3434; baseline 0 -19"><span class='ocrx_word' id='word_1_265' title='bbox 284 3362 621 3434; x_wconf 82' lang='lat' dir='ltr'><strong>intelligitur,</strong></span> <span class='ocrx_word' id='word_1_266' title='bbox 654 3378 759 3418; x_wconf 89' lang='lat' dir='ltr'><strong>non</strong></span> <span class='ocrx_word' id='word_1_267' title='bbox 786 3364 995 3434; x_wconf 90' lang='lat' dir='ltr'><strong>accepit</strong></span> <span class='ocrx_word' id='word_1_268' title='bbox 1020 3372 1081 3419; x_wconf 92' lang='lat' dir='ltr'><strong>ut</strong></span> <span class='ocrx_word' id='word_1_269' title='bbox 1104 3365 1336 3419; x_wconf 78' lang='lat' dir='ltr'><strong>biberet.</strong></span> <span class='ocrx_word' id='word_1_270' title='bbox 1367 3362 1620 3417; x_wconf 85' lang='lat' dir='ltr'><strong>Gustavit</strong></span> <span class='ocrx_word' id='word_1_271' title='bbox 1655 3370 1859 3426; x_wconf 86' lang='lat' dir='ltr'><strong>autem,</strong></span> 
     </span>
    </p>
   </div>
   <div class='ocr_carea' id='block_1_37' title="bbox 282 3452 1863 3525">
    <p class='ocr_par' dir='ltr' id='par_1_37' title="bbox 282 3452 1863 3525">
     <span class='ocr_line' id='line_1_37' title="bbox 282 3452 1863 3525; baseline -0.001 -16"><span class='ocrx_word' id='word_1_272' title='bbox 282 3454 424 3509; x_wconf 81' lang='lat' dir='ltr'><strong>slcut</strong></span> <span class='ocrx_word' id='word_1_273' title='bbox 477 3453 759 3510; x_wconf 67' lang='lat' dir='ltr'><strong>Matthzeus</strong></span> <span class='ocrx_word' id='word_1_274' title='bbox 792 3457 949 3511; x_wconf 82' lang='lat' dir='ltr'><strong>testis</strong></span> <span class='ocrx_word' id='word_1_275' title='bbox 981 3462 1086 3519; x_wconf 85' lang='lat' dir='ltr'><strong>est,</strong></span> <span class='ocrx_word' id='word_1_276' title='bbox 1125 3464 1186 3509; x_wconf 88' lang='lat' dir='ltr'><strong>ut</strong></span> <span class='ocrx_word' id='word_1_277' title='bbox 1232 3455 1374 3525; x_wconf 90' lang='lat' dir='ltr'><strong>quod</strong></span> <span class='ocrx_word' id='word_1_278' title='bbox 1410 3454 1549 3509; x_wconf 92' lang='lat' dir='ltr'><strong>idem</strong></span> <span class='ocrx_word' id='word_1_279' title='bbox 1582 3452 1863 3507; x_wconf 78' lang='lat' dir='ltr'><strong>Matthzeus</strong></span> 
     </span>
    </p>
   </div>
   <div class='ocr_carea' id='block_1_38' title="bbox 282 3544 1864 3612">
    <p class='ocr_par' dir='ltr' id='par_1_38' title="bbox 282 3544 1864 3612">
     <span class='ocr_line' id='line_1_38' title="bbox 282 3544 1864 3612; baseline -0.001 -12"><span class='ocrx_word' id='word_1_280' title='bbox 282 3545 407 3601; x_wconf 88' lang='lat' dir='ltr'><strong>ait:</strong></span> <span class='ocrx_word' id='word_1_281' title='bbox 454 3545 638 3600; x_wconf 79' lang='lat' dir='ltr'><strong>Noluit</strong></span> <span class='ocrx_word' id='word_1_282' title='bbox 669 3547 861 3612; x_wconf 86' lang='lat' dir='ltr'><strong>bibere,</strong></span> <span class='ocrx_word' id='word_1_283' title='bbox 902 3549 1004 3603; x_wconf 89' lang='lat' dir='ltr'><strong>hoc</strong></span> <span class='ocrx_word' id='word_1_284' title='bbox 1043 3547 1255 3603; x_wconf 84' lang='lat' dir='ltr'><strong>Marcus</strong></span> <span class='ocrx_word' id='word_1_285' title='bbox 1299 3546 1438 3601; x_wconf 89' lang='lat' dir='ltr'><strong>dixit</strong></span> <span class='ocrx_word' id='word_1_286' title='bbox 1492 3560 1508 3599; x_wconf 93' lang='lat'><strong>:</strong></span> <span class='ocrx_word' id='word_1_287' title='bbox 1552 3544 1677 3599; x_wconf 85' lang='lat' dir='ltr'><strong>Non</strong></span> <span class='ocrx_word' id='word_1_288' title='bbox 1713 3561 1864 3599; x_wconf 85' lang='lat' dir='ltr'><strong>acce-</strong></span> 
     </span>
    </p>
   </div>
   <div class='ocr_carea' id='block_1_39' title="bbox 280 3634 1861 3708">
    <p class='ocr_par' dir='ltr' id='par_1_39' title="bbox 280 3634 1861 3708">
     <span class='ocr_line' id='line_1_39' title="bbox 280 3634 1861 3708; baseline -0.002 -18"><span class='ocrx_word' id='word_1_289' title='bbox 280 3635 379 3705; x_wconf 90' lang='lat' dir='ltr'><strong>pit,</strong></span> <span class='ocrx_word' id='word_1_290' title='bbox 406 3636 637 3692; x_wconf 88' lang='lat' dir='ltr'><strong>tacuerit</strong></span> <span class='ocrx_word' id='word_1_291' title='bbox 679 3644 858 3691; x_wconf 89' lang='lat' dir='ltr'><strong>autem</strong></span> <span class='ocrx_word' id='word_1_292' title='bbox 888 3638 1031 3706; x_wconf 88' lang='lat' dir='ltr'><strong>quod</strong></span> <span class='ocrx_word' id='word_1_293' title='bbox 1074 3636 1390 3708; x_wconf 89' lang='lat' dir='ltr'><strong>gustaverit.</strong></span> <span class='ocrx_word' id='word_1_294' title='bbox 1420 3634 1531 3689; x_wconf 87' lang='lat' dir='ltr'><strong>Sed</strong></span> <span class='ocrx_word' id='word_1_295' title='bbox 1578 3634 1683 3690; x_wconf 88' lang='lat' dir='ltr'><strong>hoc</strong></span> <span class='ocrx_word' id='word_1_296' title='bbox 1716 3634 1861 3704; x_wconf 86' lang='lat' dir='ltr'><strong>quod</strong></span> 
     </span>
    </p>
   </div>
   <div class='ocr_carea' id='block_1_40' title="bbox 285 3724 1859 3798">
    <p class='ocr_par' dir='ltr' id='par_1_40' title="bbox 285 3724 1859 3798">
     <span class='ocr_line' id='line_1_40' title="bbox 285 3724 1859 3798; baseline -0.003 -17"><span class='ocrx_word' id='word_1_297' title='bbox 285 3726 364 3782; x_wconf 91' lang='lat' dir='ltr'><strong>ait</strong></span> <span class='ocrx_word' id='word_1_298' title='bbox 404 3726 635 3793; x_wconf 80' lang='lat' dir='ltr'><strong>Marcus,</strong></span> <span class='ocrx_word' id='word_1_299' title='bbox 684 3728 1015 3798; x_wconf 80' lang='lat' dir='ltr'><strong>myrrhatum</strong></span> <span class='ocrx_word' id='word_1_300' title='bbox 1069 3724 1246 3783; x_wconf 74' lang='lat' dir='ltr'><strong>vinum</strong></span> <span class='ocrx_word' id='word_1_301' title='bbox 1293 3725 1702 3796; x_wconf 86' lang='lat' dir='ltr'><strong>intelligendum</strong></span> <span class='ocrx_word' id='word_1_302' title='bbox 1755 3734 1859 3792; x_wconf 88' lang='lat' dir='ltr'><strong>est,</strong></span> 
     </span>
    </p>
   </div>
   <div class='ocr_carea' id='block_1_41' title="bbox 286 3816 1862 3889">
    <p class='ocr_par' dir='ltr' id='par_1_41' title="bbox 286 3816 1862 3889">
     <span class='ocr_line' id='line_1_41' title="bbox 286 3816 1862 3889; baseline -0.003 -15"><span class='ocrx_word' id='word_1_303' title='bbox 286 3817 594 3874; x_wconf 70' lang='lat' dir='ltr'><strong>Matthaeum</strong></span> <span class='ocrx_word' id='word_1_304' title='bbox 622 3819 824 3875; x_wconf 78' lang='lat' dir='ltr'><strong>dixisse</strong></span> <span class='ocrx_word' id='word_1_305' title='bbox 866 3836 879 3873; x_wconf 91' lang='lat'><strong>:</strong></span> <span class='ocrx_word' id='word_1_306' title='bbox 919 3817 1050 3883; x_wconf 77' lang='lat' dir='ltr'><strong>Cum</strong></span> <span class='ocrx_word' id='word_1_307' title='bbox 1103 3817 1224 3889; x_wconf 76' lang='lat' dir='ltr'><strong>felle</strong></span> <span class='ocrx_word' id='word_1_308' title='bbox 1268 3819 1501 3873; x_wconf 87' lang='lat' dir='ltr'><strong>mistum.</strong></span> <span class='ocrx_word' id='word_1_309' title='bbox 1528 3816 1623 3873; x_wconf 86' lang='lat' dir='ltr'><strong>Fel</strong></span> <span class='ocrx_word' id='word_1_310' title='bbox 1662 3817 1862 3888; x_wconf 88' lang='lat' dir='ltr'><strong>quippe</strong></span> 
     </span>
    </p>
   </div>
   <div class='ocr_carea' id='block_1_42' title="bbox 283 3906 1863 3981">
    <p class='ocr_par' dir='ltr' id='par_1_42' title="bbox 283 3906 1863 3981">
     <span class='ocr_line' id='line_1_42' title="bbox 283 3906 1863 3981; baseline -0.003 -18"><span class='ocrx_word' id='word_1_311' title='bbox 283 3923 385 3980; x_wconf 91' lang='lat' dir='ltr'><strong>pro</strong></span> <span class='ocrx_word' id='word_1_312' title='bbox 426 3909 788 3965; x_wconf 88' lang='lat' dir='ltr'><strong>amaritudine</strong></span> <span class='ocrx_word' id='word_1_313' title='bbox 836 3910 1036 3981; x_wconf 87' lang='lat' dir='ltr'><strong>posuit,</strong></span> <span class='ocrx_word' id='word_1_314' title='bbox 1097 3918 1152 3963; x_wconf 92' lang='lat' dir='ltr'><strong>et</strong></span> <span class='ocrx_word' id='word_1_315' title='bbox 1195 3908 1537 3980; x_wconf 86' lang='lat' dir='ltr'><strong>myrrhatum</strong></span> <span class='ocrx_word' id='word_1_316' title='bbox 1595 3907 1739 3963; x_wconf 91' lang='lat' dir='ltr'><strong>enim</strong></span> <span class='ocrx_word' id='word_1_317' title='bbox 1784 3906 1863 3960; x_wconf 83' lang='lat' dir='ltr'><strong>vi-</strong></span> 
     </span>
    </p>
   </div>
   <div class='ocr_carea' id='block_1_43' title="bbox 286 4001 1863 4076">
    <p class='ocr_par' dir='ltr' id='par_1_43' title="bbox 286 4001 1863 4076">
     <span class='ocr_line' id='line_1_43' title="bbox 286 4001 1863 4076; baseline -0.004 -13"><span class='ocrx_word' id='word_1_318' title='bbox 286 4020 416 4063; x_wconf 83' lang='lat' dir='ltr'><strong>num</strong></span> <span class='ocrx_word' id='word_1_319' title='bbox 463 4005 863 4062; x_wconf 89' lang='lat' dir='ltr'><strong>amarissimum</strong></span> <span class='ocrx_word' id='word_1_320' title='bbox 897 4014 1002 4071; x_wconf 89' lang='lat' dir='ltr'><strong>est,</strong></span> <span class='ocrx_word' id='word_1_321' title='bbox 1052 4019 1366 4076; x_wconf 85' lang='lat' dir='ltr'><strong>quanquam</strong></span> <span class='ocrx_word' id='word_1_322' title='bbox 1397 4002 1516 4059; x_wconf 88' lang='lat' dir='ltr'><strong>ﬁeri</strong></span> <span class='ocrx_word' id='word_1_323' title='bbox 1566 4001 1758 4070; x_wconf 89' lang='lat' dir='ltr'><strong>possit,</strong></span> <span class='ocrx_word' id='word_1_324' title='bbox 1803 4009 1863 4056; x_wconf 89' lang='lat' dir='ltr'><strong>ut</strong></span> 
     </span>
    </p>
   </div>
   <div class='ocr_carea' id='block_1_44' title="bbox 283 4093 1865 4170">
    <p class='ocr_par' dir='ltr' id='par_1_44' title="bbox 283 4093 1865 4170">
     <span class='ocr_line' id='line_1_44' title="bbox 283 4093 1865 4170; baseline -0.002 -19"><span class='ocrx_word' id='word_1_325' title='bbox 283 4102 341 4151; x_wconf 94' lang='lat' dir='ltr'><strong>et</strong></span> <span class='ocrx_word' id='word_1_326' title='bbox 386 4094 509 4153; x_wconf 83' lang='lat' dir='ltr'><strong>felle</strong></span> <span class='ocrx_word' id='word_1_327' title='bbox 551 4104 607 4153; x_wconf 90' lang='lat' dir='ltr'><strong>et</strong></span> <span class='ocrx_word' id='word_1_328' title='bbox 651 4097 873 4170; x_wconf 85' lang='lat' dir='ltr'><strong>myrrha</strong></span> <span class='ocrx_word' id='word_1_329' title='bbox 911 4106 1024 4153; x_wconf 90' lang='lat' dir='ltr'><strong>tum</strong></span> <span class='ocrx_word' id='word_1_330' title='bbox 1071 4098 1259 4153; x_wconf 90' lang='lat' dir='ltr'><strong>vinum</strong></span> <span class='ocrx_word' id='word_1_331' title='bbox 1298 4094 1699 4152; x_wconf 79' lang='lat' dir='ltr'><strong>amarissimum</strong></span> <span class='ocrx_word' id='word_1_332' title='bbox 1749 4093 1865 4149; x_wconf 89' lang='lat' dir='ltr'><strong>red-</strong></span> 
     </span>
    </p>
   </div>
   <div class='ocr_carea' id='block_1_45' title="bbox 282 4187 493 4241">
    <p class='ocr_par' dir='ltr' id='par_1_45' title="bbox 282 4187 493 4241">
     <span class='ocr_line' id='line_1_45' title="bbox 282 4187 493 4241; baseline 0.005 -1"><span class='ocrx_word' id='word_1_333' title='bbox 282 4187 493 4241; x_wconf 90' lang='lat' dir='ltr'><strong>derent.</strong></span> 
     </span>
    </p>
   </div>
   <div class='ocr_carea' id='block_1_46' title="bbox 371 4269 1863 4350">
    <p class='ocr_par' dir='ltr' id='par_1_46' title="bbox 371 4269 1863 4350">
     <span class='ocr_line' id='line_1_46' title="bbox 371 4269 1863 4350; baseline -0.001 -19"><span class='ocrx_word' id='word_1_334' title='bbox 371 4276 661 4350; x_wconf 75' lang='lat' dir='ltr'><strong>Postquam</strong></span> <span class='ocrx_word' id='word_1_335' title='bbox 712 4289 887 4335; x_wconf 89' lang='lat' dir='ltr'><strong>autem</strong></span> <span class='ocrx_word' id='word_1_336' title='bbox 938 4279 1310 4349; x_wconf 68' lang='lat' dir='ltr'><strong>cruci/imarum</strong></span> <span class='ocrx_word' id='word_1_337' title='bbox 1362 4269 1517 4343; x_wconf 84' lang='lat' dir='ltr'><strong>eum,</strong></span> <span class='ocrx_word' id='word_1_338' title='bbox 1576 4277 1863 4331; x_wconf 79' lang='lat' dir='ltr'><strong>diviserunt</strong></span> 
     </span>
    </p>
   </div>
   <div class='ocr_carea' id='block_1_47' title="bbox 284 4366 1863 4440">
    <p class='ocr_par' dir='ltr' id='par_1_47' title="bbox 284 4366 1863 4440">
     <span class='ocr_line' id='line_1_47' title="bbox 284 4366 1863 4440; baseline 0.001 -20"><span class='ocrx_word' id='word_1_339' title='bbox 284 4369 585 4424; x_wconf 73' lang='lat' dir='ltr'><strong>vestimenta</strong></span> <span class='ocrx_word' id='word_1_340' title='bbox 627 4370 763 4440; x_wconf 90' lang='lat' dir='ltr'><strong>ejus,</strong></span> <span class='ocrx_word' id='word_1_341' title='bbox 807 4382 1000 4425; x_wconf 86' lang='lat' dir='ltr'><strong>sortem</strong></span> <span class='ocrx_word' id='word_1_342' title='bbox 1046 4371 1330 4424; x_wconf 85' lang='lat' dir='ltr'><strong>mittentes.</strong></span> <span class='ocrx_word' id='word_1_343' title='bbox 1361 4368 1488 4423; x_wconf 65' lang='lat' dir='ltr'><strong>Haec</strong></span> <span class='ocrx_word' id='word_1_344' title='bbox 1535 4366 1863 4438; x_wconf 86' lang='lat' dir='ltr'><strong>evangelista</strong></span> 
     </span>
    </p>
   </div>
   <div class='ocr_carea' id='block_1_48' title="bbox 282 4457 1943 4545">
    <p class='ocr_par' dir='ltr' id='par_1_48' title="bbox 282 4457 1943 4545">
     <span class='ocr_line' id='line_1_48' title="bbox 282 4457 1943 4545; baseline -0.001 -31"><span class='ocrx_word' id='word_1_345' title='bbox 282 4457 516 4515; x_wconf 81' lang='lat' dir='ltr'><strong>Joannes</strong></span> <span class='ocrx_word' id='word_1_346' title='bbox 547 4460 757 4531; x_wconf 88' lang='lat' dir='ltr'><strong>plenius</strong></span> <span class='ocrx_word' id='word_1_347' title='bbox 784 4462 1067 4530; x_wconf 88' lang='lat' dir='ltr'><strong>exposuit,</strong></span> <span class='ocrx_word' id='word_1_348' title='bbox 1107 4461 1234 4532; x_wconf 89' lang='lat' dir='ltr'><strong>quia</strong></span> <span class='ocrx_word' id='word_1_349' title='bbox 1262 4460 1470 4515; x_wconf 89' lang='lat' dir='ltr'><strong>scilicet</strong></span> <span class='ocrx_word' id='word_1_350' title='bbox 1504 4458 1725 4525; x_wconf 76' lang='lat' dir='ltr'><strong>milites,</strong></span> <span class='ocrx_word' id='word_1_351' title='bbox 1768 4473 1866 4513; x_wconf 67' lang='grc' dir='ltr'><strong>αυ-</strong></span> <span class='ocrx_word' id='word_1_352' title='bbox 1888 4485 1943 4545; x_wconf 77' lang='lat' dir='ltr'><strong>D</strong></span> 
     </span>
    </p>
   </div>
   <div class='ocr_carea' id='block_1_49' title="bbox 286 4551 1865 4623">
    <p class='ocr_par' dir='ltr' id='par_1_49' title="bbox 286 4551 1865 4623">
     <span class='ocr_line' id='line_1_49' title="bbox 286 4551 1865 4623; baseline 0 -18"><span class='ocrx_word' id='word_1_353' title='bbox 286 4562 401 4607; x_wconf 88' lang='lat' dir='ltr'><strong>tera</strong></span> <span class='ocrx_word' id='word_1_354' title='bbox 437 4552 490 4606; x_wconf 91' lang='lat' dir='ltr'><strong>iu</strong></span> <span class='ocrx_word' id='word_1_355' title='bbox 514 4560 747 4623; x_wconf 87' lang='lat' dir='ltr'><strong>quatuor</strong></span> <span class='ocrx_word' id='word_1_356' title='bbox 774 4561 980 4623; x_wconf 89' lang='lat' dir='ltr'><strong>partes,</strong></span> <span class='ocrx_word' id='word_1_357' title='bbox 1000 4554 1156 4622; x_wconf 82' lang='lat' dir='ltr'><strong>juxta</strong></span> <span class='ocrx_word' id='word_1_358' title='bbox 1194 4568 1351 4608; x_wconf 87' lang='lat' dir='ltr'><strong>suum</strong></span> <span class='ocrx_word' id='word_1_359' title='bbox 1399 4566 1683 4606; x_wconf 87' lang='lat' dir='ltr'><strong>numerum</strong></span> <span class='ocrx_word' id='word_1_360' title='bbox 1730 4551 1865 4605; x_wconf 83' lang='lat' dir='ltr'><strong>divi-</strong></span> 
     </span>
    </p>
   </div>
   <div class='ocr_carea' id='block_1_50' title="bbox 284 4640 1869 4712">
    <p class='ocr_par' dir='ltr' id='par_1_50' title="bbox 284 4640 1869 4712">
     <span class='ocr_line' id='line_1_50' title="bbox 284 4640 1869 4712; baseline -0.001 -18"><span class='ocrx_word' id='word_1_361' title='bbox 284 4642 495 4705; x_wconf 84' lang='lat' dir='ltr'><strong>dentes,</strong></span> <span class='ocrx_word' id='word_1_362' title='bbox 526 4641 593 4696; x_wconf 90' lang='lat' dir='ltr'><strong>de</strong></span> <span class='ocrx_word' id='word_1_363' title='bbox 630 4642 839 4707; x_wconf 89' lang='lat' dir='ltr'><strong>tunica,</strong></span> <span class='ocrx_word' id='word_1_364' title='bbox 882 4658 1004 4712; x_wconf 74' lang='lat' dir='ltr'><strong>qua:</strong></span> <span class='ocrx_word' id='word_1_365' title='bbox 1051 4640 1387 4697; x_wconf 89' lang='lat' dir='ltr'><strong>ineonsutilis</strong></span> <span class='ocrx_word' id='word_1_366' title='bbox 1431 4647 1575 4702; x_wconf 87' lang='lat' dir='ltr'><strong>erat,</strong></span> <span class='ocrx_word' id='word_1_367' title='bbox 1635 4640 1869 4707; x_wconf 85' lang='lat' dir='ltr'><strong>desuper</strong></span> 
     </span>
    </p>
   </div>
   <div class='ocr_carea' id='block_1_51' title="bbox 285 4727 1867 4801">
    <p class='ocr_par' dir='ltr' id='par_1_51' title="bbox 285 4727 1867 4801">
     <span class='ocr_line' id='line_1_51' title="bbox 285 4727 1867 4801; baseline 0 -19"><span class='ocrx_word' id='word_1_368' title='bbox 285 4738 540 4784; x_wconf 83' lang='lat' dir='ltr'><strong>contexta</strong></span> <span class='ocrx_word' id='word_1_369' title='bbox 566 4745 664 4801; x_wconf 90' lang='lat' dir='ltr'><strong>per</strong></span> <span class='ocrx_word' id='word_1_370' title='bbox 691 4739 886 4795; x_wconf 91' lang='lat' dir='ltr'><strong>totum,</strong></span> <span class='ocrx_word' id='word_1_371' title='bbox 915 4740 1119 4787; x_wconf 90' lang='lat' dir='ltr'><strong>sortem</strong></span> <span class='ocrx_word' id='word_1_372' title='bbox 1149 4731 1437 4785; x_wconf 89' lang='lat' dir='ltr'><strong>miserunt.</strong></span> <span class='ocrx_word' id='word_1_373' title='bbox 1472 4727 1582 4801; x_wconf 80' lang='lat' dir='ltr'><strong>(Ea:</strong></span> <span class='ocrx_word' id='word_1_374' title='bbox 1618 4727 1867 4799; x_wconf 75' lang='lat' dir='ltr'><strong>August.)</strong></span> 
     </span>
    </p>
   </div>
   <div class='ocr_carea' id='block_1_52' title="bbox 285 4820 1866 4892">
    <p class='ocr_par' dir='ltr' id='par_1_52' title="bbox 285 4820 1866 4892">
     <span class='ocr_line' id='line_1_52' title="bbox 285 4820 1866 4892; baseline 0 -18"><span class='ocrx_word' id='word_1_375' title='bbox 285 4822 686 4892; x_wconf 82' lang='lat' dir='ltr'><strong>Quadripartita</strong></span> <span class='ocrx_word' id='word_1_376' title='bbox 716 4833 894 4878; x_wconf 88' lang='lat' dir='ltr'><strong>autem</strong></span> <span class='ocrx_word' id='word_1_377' title='bbox 943 4825 1113 4879; x_wconf 88' lang='lat' dir='ltr'><strong>vestis</strong></span> <span class='ocrx_word' id='word_1_378' title='bbox 1156 4823 1368 4878; x_wconf 91' lang='lat' dir='ltr'><strong>Domini</strong></span> <span class='ocrx_word' id='word_1_379' title='bbox 1413 4820 1866 4891; x_wconf 89' lang='lat' dir='ltr'><strong>quadripartitam</strong></span> 
     </span>
    </p>
   </div>
   <div class='ocr_carea' id='block_1_53' title="bbox 285 4908 1869 4982">
    <p class='ocr_par' dir='ltr' id='par_1_53' title="bbox 285 4908 1869 4982">
     <span class='ocr_line' id='line_1_53' title="bbox 285 4908 1869 4982; baseline -0.001 -19"><span class='ocrx_word' id='word_1_380' title='bbox 285 4908 402 4976; x_wconf 82' lang='lat' dir='ltr'><strong>ejus</strong></span> <span class='ocrx_word' id='word_1_381' title='bbox 440 4910 689 4982; x_wconf 87' lang='lat' dir='ltr'><strong>ﬁguravit</strong></span> <span class='ocrx_word' id='word_1_382' title='bbox 737 4911 1051 4976; x_wconf 75' lang='lat' dir='ltr'><strong>Ecclesium,</strong></span> <span class='ocrx_word' id='word_1_383' title='bbox 1090 4921 1204 4966; x_wconf 88' lang='lat' dir='ltr'><strong>toto</strong></span> <span class='ocrx_word' id='word_1_384' title='bbox 1238 4911 1446 4967; x_wconf 86' lang='lat' dir='ltr'><strong>scilicet</strong></span> <span class='ocrx_word' id='word_1_385' title='bbox 1491 4910 1584 4981; x_wconf 92' lang='lat' dir='ltr'><strong>qui</strong></span> <span class='ocrx_word' id='word_1_386' title='bbox 1635 4919 1869 4980; x_wconf 87' lang='lat' dir='ltr'><strong>quatuor</strong></span> 
     </span>
    </p>
   </div>
   <div class='ocr_carea' id='block_1_54' title="bbox 285 5002 1869 5073">
    <p class='ocr_par' dir='ltr' id='par_1_54' title="bbox 285 5002 1869 5073">
     <span class='ocr_line' id='line_1_54' title="bbox 285 5002 1869 5073; baseline -0.001 -16"><span class='ocrx_word' id='word_1_387' title='bbox 285 5002 531 5073; x_wconf 88' lang='lat' dir='ltr'><strong>partibus</strong></span> <span class='ocrx_word' id='word_1_388' title='bbox 562 5011 776 5059; x_wconf 90' lang='lat' dir='ltr'><strong>constat</strong></span> <span class='ocrx_word' id='word_1_389' title='bbox 799 5013 1065 5059; x_wconf 89' lang='lat' dir='ltr'><strong>terrarum</strong></span> <span class='ocrx_word' id='word_1_390' title='bbox 1087 5005 1219 5059; x_wconf 91' lang='lat' dir='ltr'><strong>orbe</strong></span> <span class='ocrx_word' id='word_1_391' title='bbox 1239 5002 1514 5068; x_wconf 81' lang='lat' dir='ltr'><strong>dill‘usam,</strong></span> <span class='ocrx_word' id='word_1_392' title='bbox 1540 5010 1596 5056; x_wconf 91' lang='lat' dir='ltr'><strong>et</strong></span> <span class='ocrx_word' id='word_1_393' title='bbox 1618 5002 1869 5057; x_wconf 90' lang='lat' dir='ltr'><strong>omnibus</strong></span> 
     </span>
    </p>
   </div>
   <div class='ocr_carea' id='block_1_55' title="bbox 286 5094 1870 5167">
    <p class='ocr_par' dir='ltr' id='par_1_55' title="bbox 286 5094 1870 5167">
     <span class='ocr_line' id='line_1_55' title="bbox 286 5094 1870 5167; baseline -0.001 -19"><span class='ocrx_word' id='word_1_394' title='bbox 286 5094 525 5163; x_wconf 77' lang='lat' dir='ltr'><strong>ejusdem</strong></span> <span class='ocrx_word' id='word_1_395' title='bbox 562 5096 765 5152; x_wconf 90' lang='lat' dir='ltr'><strong>eisdem</strong></span> <span class='ocrx_word' id='word_1_396' title='bbox 806 5098 1049 5167; x_wconf 86' lang='lat' dir='ltr'><strong>partibus</strong></span> <span class='ocrx_word' id='word_1_397' title='bbox 1078 5095 1378 5165; x_wconf 62' lang='lat' dir='ltr'><strong>aequaliter,</strong></span> <span class='ocrx_word' id='word_1_398' title='bbox 1419 5094 1470 5150; x_wconf 87' lang='lat' dir='ltr'><strong>id</strong></span> <span class='ocrx_word' id='word_1_399' title='bbox 1502 5103 1615 5158; x_wconf 76' lang='lat' dir='ltr'><strong>est,</strong></span> <span class='ocrx_word' id='word_1_400' title='bbox 1644 5109 1870 5148; x_wconf 88' lang='lat' dir='ltr'><strong>concor-</strong></span> 
     </span>
    </p>
   </div>
   <div class='ocr_carea' id='block_1_56' title="bbox 289 5183 1867 5247">
    <p class='ocr_par' dir='ltr' id='par_1_56' title="bbox 289 5183 1867 5247">
     <span class='ocr_line' id='line_1_56' title="bbox 289 5183 1867 5247; baseline -0.001 -8"><span class='ocrx_word' id='word_1_401' title='bbox 289 5186 429 5240; x_wconf 90' lang='lat' dir='ltr'><strong>diter</strong></span> <span class='ocrx_word' id='word_1_402' title='bbox 456 5186 822 5243; x_wconf 89' lang='lat' dir='ltr'><strong>distributam.</strong></span> <span class='ocrx_word' id='word_1_403' title='bbox 856 5186 1061 5243; x_wconf 82' lang='lat' dir='ltr'><strong>Tunica</strong></span> <span class='ocrx_word' id='word_1_404' title='bbox 1096 5201 1227 5241; x_wconf 90' lang='lat' dir='ltr'><strong>vero</strong></span> <span class='ocrx_word' id='word_1_405' title='bbox 1267 5186 1358 5247; x_wconf 79' lang='lat' dir='ltr'><strong>illa</strong></span> <span class='ocrx_word' id='word_1_406' title='bbox 1404 5185 1595 5241; x_wconf 84' lang='lat' dir='ltr'><strong>sortita</strong></span> <span class='ocrx_word' id='word_1_407' title='bbox 1624 5183 1867 5240; x_wconf 91' lang='lat' dir='ltr'><strong>omnium</strong></span> 
     </span>
    </p>
   </div>
   <div class='ocr_carea' id='block_1_57' title="bbox 286 5275 1870 5351">
    <p class='ocr_par' dir='ltr' id='par_1_57' title="bbox 286 5275 1870 5351">
     <span class='ocr_line' id='line_1_57' title="bbox 286 5275 1870 5351; baseline -0.004 -17"><span class='ocrx_word' id='word_1_408' title='bbox 286 5279 521 5351; x_wconf 87' lang='lat' dir='ltr'><strong>partium</strong></span> <span class='ocrx_word' id='word_1_409' title='bbox 551 5279 819 5349; x_wconf 81' lang='lat' dir='ltr'><strong>signiﬁcat</strong></span> <span class='ocrx_word' id='word_1_410' title='bbox 846 5281 1133 5344; x_wconf 87' lang='lat' dir='ltr'><strong>unitatem,</strong></span> <span class='ocrx_word' id='word_1_411' title='bbox 1182 5293 1303 5348; x_wconf 77' lang='lat' dir='ltr'><strong>quae</strong></span> <span class='ocrx_word' id='word_1_412' title='bbox 1340 5276 1626 5333; x_wconf 88' lang='lat' dir='ltr'><strong>eharitatis</strong></span> <span class='ocrx_word' id='word_1_413' title='bbox 1656 5275 1870 5333; x_wconf 86' lang='lat' dir='ltr'><strong>vinculo</strong></span> 
     </span>
    </p>
   </div>
   <div class='ocr_carea' id='block_1_58' title="bbox 288 5365 1873 5436">
    <p class='ocr_par' dir='ltr' id='par_1_58' title="bbox 288 5365 1873 5436">
     <span class='ocr_line' id='line_1_58' title="bbox 288 5365 1873 5436; baseline -0.005 -10"><span class='ocrx_word' id='word_1_414' title='bbox 288 5370 622 5426; x_wconf 88' lang='lat' dir='ltr'><strong>continetur.</strong></span> <span class='ocrx_word' id='word_1_415' title='bbox 654 5368 711 5427; x_wconf 90' lang='lat' dir='ltr'><strong>Si</strong></span> <span class='ocrx_word' id='word_1_416' title='bbox 757 5370 902 5426; x_wconf 89' lang='lat' dir='ltr'><strong>enim</strong></span> <span class='ocrx_word' id='word_1_417' title='bbox 948 5370 1211 5433; x_wconf 84' lang='lat' dir='ltr'><strong>cbaritas,</strong></span> <span class='ocrx_word' id='word_1_418' title='bbox 1251 5366 1406 5436; x_wconf 83' lang='lat' dir='ltr'><strong>juxta</strong></span> <span class='ocrx_word' id='word_1_419' title='bbox 1437 5365 1785 5436; x_wconf 83' lang='lat' dir='ltr'><strong>Apostolum,</strong></span> <span class='ocrx_word' id='word_1_420' title='bbox 1816 5372 1873 5418; x_wconf 92' lang='lat' dir='ltr'><strong>et</strong></span> 
     </span>
    </p>
   </div>
   <div class='ocr_carea' id='block_1_59' title="bbox 288 5454 1875 5531">
    <p class='ocr_par' dir='ltr' id='par_1_59' title="bbox 288 5454 1875 5531">
     <span class='ocr_line' id='line_1_59' title="bbox 288 5454 1875 5531; baseline -0.005 -16"><span class='ocrx_word' id='word_1_421' title='bbox 288 5459 859 5531; x_wconf 82' lang='lat' dir='ltr'><strong>supereminentiorcm</strong></span> <span class='ocrx_word' id='word_1_422' title='bbox 886 5460 1047 5514; x_wconf 86' lang='lat' dir='ltr'><strong>habet</strong></span> <span class='ocrx_word' id='word_1_423' title='bbox 1064 5459 1225 5523; x_wconf 85' lang='lat' dir='ltr'><strong>viam,</strong></span> <span class='ocrx_word' id='word_1_424' title='bbox 1244 5467 1298 5512; x_wconf 89' lang='lat' dir='ltr'><strong>et</strong></span> <span class='ocrx_word' id='word_1_425' title='bbox 1315 5454 1682 5526; x_wconf 80' lang='lat' dir='ltr'><strong>supereminet</strong></span> <span class='ocrx_word' id='word_1_426' title='bbox 1697 5454 1875 5511; x_wconf 89' lang='lat' dir='ltr'><strong>scicn-</strong></span> 
     </span>
    </p>
   </div>
   <div class='ocr_carea' id='block_1_60' title="bbox 289 5544 1872 5621">
    <p class='ocr_par' dir='ltr' id='par_1_60' title="bbox 289 5544 1872 5621">
     <span class='ocr_line' id='line_1_60' title="bbox 289 5544 1872 5621; baseline -0.005 -17"><span class='ocrx_word' id='word_1_427' title='bbox 289 5551 399 5616; x_wconf 72' lang='lat' dir='ltr'><strong>tia&#39;,</strong></span> <span class='ocrx_word' id='word_1_428' title='bbox 426 5558 481 5604; x_wconf 90' lang='lat' dir='ltr'><strong>et</strong></span> <span class='ocrx_word' id='word_1_429' title='bbox 508 5565 671 5621; x_wconf 89' lang='lat' dir='ltr'><strong>super</strong></span> <span class='ocrx_word' id='word_1_430' title='bbox 697 5551 878 5604; x_wconf 88' lang='lat' dir='ltr'><strong>omnia</strong></span> <span class='ocrx_word' id='word_1_431' title='bbox 906 5556 1172 5620; x_wconf 73' lang='lat' dir='ltr'><strong>pncccpta</strong></span> <span class='ocrx_word' id='word_1_432' title='bbox 1202 5558 1310 5613; x_wconf 90' lang='lat' dir='ltr'><strong>est,</strong></span> <span class='ocrx_word' id='word_1_433' title='bbox 1345 5545 1540 5601; x_wconf 83' lang='lat' dir='ltr'><strong>merito</strong></span> <span class='ocrx_word' id='word_1_434' title='bbox 1568 5544 1734 5598; x_wconf 84' lang='lat' dir='ltr'><strong>vestis</strong></span> <span class='ocrx_word' id='word_1_435' title='bbox 1766 5560 1872 5614; x_wconf 87' lang='lat' dir='ltr'><strong>qua</strong></span> 
     </span>
    </p>
   </div>
   <div class='ocr_carea' id='block_1_61' title="bbox 291 5633 1875 5712">
    <p class='ocr_par' dir='ltr' id='par_1_61' title="bbox 291 5633 1875 5712">
     <span class='ocr_line' id='line_1_61' title="bbox 291 5633 1875 5712; baseline -0.006 -17"><span class='ocrx_word' id='word_1_436' title='bbox 291 5640 629 5712; x_wconf 82' lang='lat' dir='ltr'><strong>signiﬁcatur</strong></span> <span class='ocrx_word' id='word_1_437' title='bbox 657 5639 890 5711; x_wconf 76' lang='lat' dir='ltr'><strong>desuper</strong></span> <span class='ocrx_word' id='word_1_438' title='bbox 935 5647 1213 5704; x_wconf 82' lang='lat' dir='ltr'><strong>contexta,</strong></span> <span class='ocrx_word' id='word_1_439' title='bbox 1253 5637 1585 5709; x_wconf 87' lang='lat' dir='ltr'><strong>perhibetur.</strong></span> <span class='ocrx_word' id='word_1_440' title='bbox 1632 5633 1688 5687; x_wconf 91' lang='lat' dir='ltr'><strong>In</strong></span> <span class='ocrx_word' id='word_1_441' title='bbox 1730 5643 1875 5692; x_wconf 77' lang='lat' dir='ltr'><strong>sorte</strong></span> 
     </span>
    </p>
   </div>
   <div class='ocr_carea' id='block_1_62' title="bbox 295 5724 1873 5805">
    <p class='ocr_par' dir='ltr' id='par_1_62' title="bbox 295 5724 1873 5805">
     <span class='ocr_line' id='line_1_62' title="bbox 295 5724 1873 5805; baseline -0.004 -20"><span class='ocrx_word' id='word_1_442' title='bbox 295 5741 475 5799; x_wconf 68' lang='lat' dir='ltr'><strong>autem</strong></span> <span class='ocrx_word' id='word_1_443' title='bbox 504 5730 653 5805; x_wconf 90' lang='lat' dir='ltr'><strong>quid,</strong></span> <span class='ocrx_word' id='word_1_444' title='bbox 686 5731 786 5786; x_wconf 85' lang='lat' dir='ltr'><strong>nisi</strong></span> <span class='ocrx_word' id='word_1_445' title='bbox 834 5731 923 5784; x_wconf 80' lang='lat' dir='ltr'><strong>Dei</strong></span> <span class='ocrx_word' id='word_1_446' title='bbox 978 5729 1148 5799; x_wconf 78' lang='lat' dir='ltr'><strong>gratia</strong></span> <span class='ocrx_word' id='word_1_447' title='bbox 1196 5725 1571 5782; x_wconf 74' lang='lat' dir='ltr'><strong>commendata</strong></span> <span class='ocrx_word' id='word_1_448' title='bbox 1621 5725 1736 5777; x_wconf 80' lang='lat' dir='ltr'><strong>est?</strong></span> <span class='ocrx_word' id='word_1_449' title='bbox 1785 5724 1873 5779; x_wconf 78' lang='lat' dir='ltr'><strong>Sic</strong></span> 
     </span>
    </p>
   </div>
   <div class='ocr_carea' id='block_1_63' title="bbox 1965 523 3544 595">
    <p class='ocr_par' dir='ltr' id='par_1_63' title="bbox 1965 523 3544 595">
     <span class='ocr_line' id='line_1_63' title="bbox 1965 523 3544 595; baseline 0.004 -18"><span class='ocrx_word' id='word_1_450' title='bbox 1965 523 2069 579; x_wconf 86' lang='lat' dir='ltr'><strong>bus</strong></span> <span class='ocrx_word' id='word_1_451' title='bbox 2089 523 2307 593; x_wconf 88' lang='lat' dir='ltr'><strong>placuit,</strong></span> <span class='ocrx_word' id='word_1_452' title='bbox 2337 526 2462 595; x_wconf 85' lang='lat' dir='ltr'><strong>quia</strong></span> <span class='ocrx_word' id='word_1_453' title='bbox 2491 534 2547 581; x_wconf 91' lang='lat' dir='ltr'><strong>et</strong></span> <span class='ocrx_word' id='word_1_454' title='bbox 2574 526 2670 581; x_wconf 83' lang='lat' dir='ltr'><strong>Dei</strong></span> <span class='ocrx_word' id='word_1_455' title='bbox 2712 527 2887 594; x_wconf 83' lang='lat' dir='ltr'><strong>gratia</strong></span> <span class='ocrx_word' id='word_1_456' title='bbox 2919 525 2974 579; x_wconf 91' lang='lat' dir='ltr'><strong>in</strong></span> <span class='ocrx_word' id='word_1_457' title='bbox 3014 525 3221 580; x_wconf 89' lang='lat' dir='ltr'><strong>unitate</strong></span> <span class='ocrx_word' id='word_1_458' title='bbox 3265 526 3333 580; x_wconf 88' lang='lat' dir='ltr'><strong>ad</strong></span> <span class='ocrx_word' id='word_1_459' title='bbox 3357 541 3544 583; x_wconf 85' lang='lat' dir='ltr'><strong>omnes</strong></span> 
     </span>
    </p>
   </div>
   <div class='ocr_carea' id='block_1_64' title="bbox 1962 615 3546 688">
    <p class='ocr_par' dir='ltr' id='par_1_64' title="bbox 1962 615 3546 688">
     <span class='ocr_line' id='line_1_64' title="bbox 1962 615 3546 688; baseline 0.004 -19"><span class='ocrx_word' id='word_1_460' title='bbox 1962 615 2243 686; x_wconf 85' lang='lat' dir='ltr'><strong>pervenit,</strong></span> <span class='ocrx_word' id='word_1_461' title='bbox 2286 624 2344 671; x_wconf 91' lang='lat' dir='ltr'><strong>et</strong></span> <span class='ocrx_word' id='word_1_462' title='bbox 2385 633 2507 672; x_wconf 90' lang='lat' dir='ltr'><strong>cum</strong></span> <span class='ocrx_word' id='word_1_463' title='bbox 2547 632 2668 673; x_wconf 86' lang='lat' dir='ltr'><strong>sors</strong></span> <span class='ocrx_word' id='word_1_464' title='bbox 2707 618 2962 684; x_wconf 76' lang='lat' dir='ltr'><strong>mittitur,</strong></span> <span class='ocrx_word' id='word_1_465' title='bbox 3002 634 3109 673; x_wconf 90' lang='lat' dir='ltr'><strong>non</strong></span> <span class='ocrx_word' id='word_1_466' title='bbox 3156 634 3402 688; x_wconf 80' lang='lat' dir='ltr'><strong>personae</strong></span> <span class='ocrx_word' id='word_1_467' title='bbox 3445 635 3546 675; x_wconf 81' lang='lat' dir='ltr'><strong>cu—</strong></span> 
     </span>
    </p>
   </div>
   <div class='ocr_carea' id='block_1_65' title="bbox 1957 704 3544 785">
    <p class='ocr_par' dir='ltr' id='par_1_65' title="bbox 1957 704 3544 785">
     <span class='ocr_line' id='line_1_65' title="bbox 1957 704 3544 785; baseline 0.002 -23"><span class='ocrx_word' id='word_1_468' title='bbox 1957 704 2187 779; x_wconf 83' lang='lat' dir='ltr'><strong>jusque,</strong></span> <span class='ocrx_word' id='word_1_469' title='bbox 2228 708 2311 764; x_wconf 88' lang='lat' dir='ltr'><strong>vel</strong></span> <span class='ocrx_word' id='word_1_470' title='bbox 2334 709 2568 773; x_wconf 87' lang='lat' dir='ltr'><strong>meritis,</strong></span> <span class='ocrx_word' id='word_1_471' title='bbox 2591 709 2685 765; x_wconf 88' lang='lat' dir='ltr'><strong>sed</strong></span> <span class='ocrx_word' id='word_1_472' title='bbox 2714 709 2926 765; x_wconf 89' lang='lat' dir='ltr'><strong>occulto</strong></span> <span class='ocrx_word' id='word_1_473' title='bbox 2956 709 3052 764; x_wconf 91' lang='lat' dir='ltr'><strong>Dei</strong></span> <span class='ocrx_word' id='word_1_474' title='bbox 3081 709 3288 778; x_wconf 83' lang='lat' dir='ltr'><strong>judicio</strong></span> <span class='ocrx_word' id='word_1_475' title='bbox 3314 710 3544 785; x_wconf 67' lang='lat' dir='ltr'><strong>ceditur.</strong></span> 
     </span>
    </p>
   </div>
   <div class='ocr_carea' id='block_1_66' title="bbox 2035 800 3548 872">
    <p class='ocr_par' dir='ltr' id='par_1_66' title="bbox 2035 800 3548 872">
     <span class='ocr_line' id='line_1_66' title="bbox 2035 800 3548 872; baseline 0.001 -18"><span class='ocrx_word' id='word_1_476' title='bbox 2035 800 2107 855; x_wconf 89' lang='lat' dir='ltr'><strong>Et</strong></span> <span class='ocrx_word' id='word_1_477' title='bbox 2138 810 2425 871; x_wconf 88' lang='lat' dir='ltr'><strong>posuerunt</strong></span> <span class='ocrx_word' id='word_1_478' title='bbox 2455 817 2614 871; x_wconf 82' lang='lat' dir='ltr'><strong>super</strong></span> <span class='ocrx_word' id='word_1_479' title='bbox 2642 811 2796 871; x_wconf 88' lang='lat' dir='ltr'><strong>caput</strong></span> <span class='ocrx_word' id='word_1_480' title='bbox 2840 801 2956 870; x_wconf 85' lang='lat' dir='ltr'><strong>ejus</strong></span> <span class='ocrx_word' id='word_1_481' title='bbox 2982 818 3197 855; x_wconf 86' lang='lat' dir='ltr'><strong>causam</strong></span> <span class='ocrx_word' id='word_1_482' title='bbox 3222 802 3385 872; x_wconf 81' lang='lat' dir='ltr'><strong>ipsius</strong></span> <span class='ocrx_word' id='word_1_483' title='bbox 3416 804 3548 856; x_wconf 86' lang='lat' dir='ltr'><strong>scri-</strong></span> 
     </span>
    </p>
   </div>
   <div class='ocr_carea' id='block_1_67' title="bbox 1963 891 3545 966">
    <p class='ocr_par' dir='ltr' id='par_1_67' title="bbox 1963 891 3545 966">
     <span class='ocr_line' id='line_1_67' title="bbox 1963 891 3545 966; baseline -0.001 -18"><span class='ocrx_word' id='word_1_484' title='bbox 1963 906 2107 966; x_wconf 90' lang='lat' dir='ltr'><strong>ptam</strong></span> <span class='ocrx_word' id='word_1_485' title='bbox 2133 908 2151 946; x_wconf 89' lang='lat'><strong><em>:</em></strong></span> <span class='ocrx_word' id='word_1_486' title='bbox 2186 892 2286 948; x_wconf 80' lang='lat' dir='ltr'><strong>Hic</strong></span> <span class='ocrx_word' id='word_1_487' title='bbox 2319 903 2393 947; x_wconf 89' lang='lat' dir='ltr'><strong>est</strong></span> <span class='ocrx_word' id='word_1_488' title='bbox 2417 893 2573 948; x_wconf 85' lang='lat' dir='ltr'><strong>Iesus</strong></span> <span class='ocrx_word' id='word_1_489' title='bbox 2598 909 2688 947; x_wconf 70' lang='lat' dir='ltr'><strong>rea:</strong></span> <span class='ocrx_word' id='word_1_490' title='bbox 2724 891 3057 946; x_wconf 63' lang='lat' dir='ltr'><strong>Iudaeorum.</strong></span> <span class='ocrx_word' id='word_1_491' title='bbox 3078 891 3309 948; x_wconf 86' lang='lat' dir='ltr'><strong>Pulchre</strong></span> <span class='ocrx_word' id='word_1_492' title='bbox 3336 893 3545 953; x_wconf 89' lang='lat' dir='ltr'><strong>titulus,</strong></span> 
     </span>
    </p>
   </div>
   <div class='ocr_carea' id='block_1_68' title="bbox 1966 982 3543 1055">
    <p class='ocr_par' dir='ltr' id='par_1_68' title="bbox 1966 982 3543 1055">
     <span class='ocr_line' id='line_1_68' title="bbox 1966 982 3543 1055; baseline -0.001 -17"><span class='ocrx_word' id='word_1_493' title='bbox 1966 985 2057 1055; x_wconf 90' lang='lat' dir='ltr'><strong>qui</strong></span> <span class='ocrx_word' id='word_1_494' title='bbox 2084 982 2361 1038; x_wconf 88' lang='lat' dir='ltr'><strong>Christum</strong></span> <span class='ocrx_word' id='word_1_495' title='bbox 2397 983 2600 1054; x_wconf 79' lang='lat' dir='ltr'><strong>Regem</strong></span> <span class='ocrx_word' id='word_1_496' title='bbox 2642 991 2897 1048; x_wconf 88' lang='lat' dir='ltr'><strong>testatur,</strong></span> <span class='ocrx_word' id='word_1_497' title='bbox 2929 998 3038 1037; x_wconf 88' lang='lat' dir='ltr'><strong>non</strong></span> <span class='ocrx_word' id='word_1_498' title='bbox 3068 982 3232 1047; x_wconf 80' lang='lat' dir='ltr'><strong>infra,</strong></span> <span class='ocrx_word' id='word_1_499' title='bbox 3258 984 3353 1038; x_wconf 89' lang='lat' dir='ltr'><strong>sed</strong></span> <span class='ocrx_word' id='word_1_500' title='bbox 3384 998 3543 1052; x_wconf 87' lang='lat' dir='ltr'><strong>supra</strong></span> 
     </span>
    </p>
   </div>
   <div class='ocr_carea' id='block_1_69' title="bbox 1965 1076 3547 1146">
    <p class='ocr_par' dir='ltr' id='par_1_69' title="bbox 1965 1076 3547 1146">
     <span class='ocr_line' id='line_1_69' title="bbox 1965 1076 3547 1146; baseline 0 -15"><span class='ocrx_word' id='word_1_501' title='bbox 1965 1091 2178 1131; x_wconf 89' lang='lat' dir='ltr'><strong>erucem</strong></span> <span class='ocrx_word' id='word_1_502' title='bbox 2204 1076 2442 1145; x_wconf 90' lang='lat' dir='ltr'><strong>ponitur,</strong></span> <span class='ocrx_word' id='word_1_503' title='bbox 2470 1077 2596 1145; x_wconf 89' lang='lat' dir='ltr'><strong>quia</strong></span> <span class='ocrx_word' id='word_1_504' title='bbox 2626 1076 2755 1131; x_wconf 90' lang='lat' dir='ltr'><strong>licet</strong></span> <span class='ocrx_word' id='word_1_505' title='bbox 2792 1076 2846 1130; x_wconf 91' lang='lat' dir='ltr'><strong>in</strong></span> <span class='ocrx_word' id='word_1_506' title='bbox 2871 1090 3033 1131; x_wconf 89' lang='lat' dir='ltr'><strong>cruce</strong></span> <span class='ocrx_word' id='word_1_507' title='bbox 3058 1091 3158 1146; x_wconf 91' lang='lat' dir='ltr'><strong>pro</strong></span> <span class='ocrx_word' id='word_1_508' title='bbox 3186 1077 3342 1132; x_wconf 89' lang='lat' dir='ltr'><strong>nobis</strong></span> <span class='ocrx_word' id='word_1_509' title='bbox 3373 1076 3547 1131; x_wconf 89' lang='lat' dir='ltr'><strong>homi-</strong></span> 
     </span>
    </p>
   </div>
   <div class='ocr_carea' id='block_1_70' title="bbox 1963 1166 3547 1238">
    <p class='ocr_par' dir='ltr' id='par_1_70' title="bbox 1963 1166 3547 1238">
     <span class='ocr_line' id='line_1_70' title="bbox 1963 1166 3547 1238; baseline 0.001 -18"><span class='ocrx_word' id='word_1_510' title='bbox 1963 1166 2047 1221; x_wconf 93' lang='lat' dir='ltr'><strong>nis</strong></span> <span class='ocrx_word' id='word_1_511' title='bbox 2076 1166 2390 1221; x_wconf 87' lang='lat' dir='ltr'><strong>inﬁrmitate</strong></span> <span class='ocrx_word' id='word_1_512' title='bbox 2431 1166 2669 1232; x_wconf 88' lang='lat' dir='ltr'><strong>dolebat,</strong></span> <span class='ocrx_word' id='word_1_513' title='bbox 2713 1181 2879 1235; x_wconf 86' lang='lat' dir='ltr'><strong>super</strong></span> <span class='ocrx_word' id='word_1_514' title='bbox 2922 1182 3140 1221; x_wconf 91' lang='lat' dir='ltr'><strong>crucem</strong></span> <span class='ocrx_word' id='word_1_515' title='bbox 3192 1175 3371 1222; x_wconf 88' lang='lat' dir='ltr'><strong>tamen</strong></span> <span class='ocrx_word' id='word_1_516' title='bbox 3403 1169 3547 1238; x_wconf 89' lang='lat' dir='ltr'><strong>regis</strong></span> 
     </span>
    </p>
   </div>
   <div class='ocr_carea' id='block_1_71' title="bbox 1961 1254 3549 1327">
    <p class='ocr_par' dir='ltr' id='par_1_71' title="bbox 1961 1254 3549 1327">
     <span class='ocr_line' id='line_1_71' title="bbox 1961 1254 3549 1327; baseline 0.002 -19"><span class='ocrx_word' id='word_1_517' title='bbox 1961 1255 2244 1326; x_wconf 82' lang='lat' dir='ltr'><strong>majestate</strong></span> <span class='ocrx_word' id='word_1_518' title='bbox 2267 1254 2526 1327; x_wconf 80' lang='lat' dir='ltr'><strong>fulgebat,</strong></span> <span class='ocrx_word' id='word_1_519' title='bbox 2549 1256 2675 1326; x_wconf 87' lang='lat' dir='ltr'><strong>quia</strong></span> <span class='ocrx_word' id='word_1_520' title='bbox 2698 1266 2822 1326; x_wconf 87' lang='lat' dir='ltr'><strong>apte</strong></span> <span class='ocrx_word' id='word_1_521' title='bbox 2848 1255 3173 1325; x_wconf 88' lang='lat' dir='ltr'><strong>ctiam,quia</strong></span> <span class='ocrx_word' id='word_1_522' title='bbox 3200 1272 3293 1312; x_wconf 84' lang='lat' dir='ltr'><strong>rex</strong></span> <span class='ocrx_word' id='word_1_523' title='bbox 3318 1258 3476 1312; x_wconf 92' lang='lat' dir='ltr'><strong>simul</strong></span> <span class='ocrx_word' id='word_1_524' title='bbox 3493 1269 3549 1312; x_wconf 90' lang='lat' dir='ltr'><strong>et</strong></span> 
     </span>
    </p>
   </div>
   <div class='ocr_carea' id='block_1_72' title="bbox 1961 1344 3548 1401">
    <p class='ocr_par' dir='ltr' id='par_1_72' title="bbox 1961 1344 3548 1401">
     <span class='ocr_line' id='line_1_72' title="bbox 1961 1344 3548 1401; baseline 0.001 -1"><span class='ocrx_word' id='word_1_525' title='bbox 1961 1345 2217 1400; x_wconf 89' lang='lat' dir='ltr'><strong>sacerdos</strong></span> <span class='ocrx_word' id='word_1_526' title='bbox 2261 1353 2347 1400; x_wconf 90' lang='lat' dir='ltr'><strong>est</strong></span> <span class='ocrx_word' id='word_1_527' title='bbox 2381 1360 2502 1399; x_wconf 91' lang='lat' dir='ltr'><strong>cum</strong></span> <span class='ocrx_word' id='word_1_528' title='bbox 2540 1345 2798 1399; x_wconf 83' lang='lat' dir='ltr'><strong>eximiam</strong></span> <span class='ocrx_word' id='word_1_529' title='bbox 2854 1344 3005 1399; x_wconf 90' lang='lat' dir='ltr'><strong>Patri</strong></span> <span class='ocrx_word' id='word_1_530' title='bbox 3048 1360 3163 1400; x_wconf 64' lang='lat' dir='ltr'><strong>suae</strong></span> <span class='ocrx_word' id='word_1_531' title='bbox 3220 1346 3401 1401; x_wconf 88' lang='lat' dir='ltr'><strong>carnis</strong></span> <span class='ocrx_word' id='word_1_532' title='bbox 3450 1346 3548 1401; x_wconf 89' lang='lat' dir='ltr'><strong>ho—</strong></span> 
     </span>
    </p>
   </div>
   <div class='ocr_carea' id='block_1_73' title="bbox 1961 1431 3545 1504">
    <p class='ocr_par' dir='ltr' id='par_1_73' title="bbox 1961 1431 3545 1504">
     <span class='ocr_line' id='line_1_73' title="bbox 1961 1431 3545 1504; baseline 0 -17"><span class='ocrx_word' id='word_1_533' title='bbox 1961 1434 2123 1488; x_wconf 89' lang='lat' dir='ltr'><strong>stiam</strong></span> <span class='ocrx_word' id='word_1_534' title='bbox 2180 1434 2234 1488; x_wconf 89' lang='lat' dir='ltr'><strong>in</strong></span> <span class='ocrx_word' id='word_1_535' title='bbox 2282 1432 2440 1488; x_wconf 85' lang='lat' dir='ltr'><strong>altari</strong></span> <span class='ocrx_word' id='word_1_536' title='bbox 2473 1434 2652 1488; x_wconf 85' lang='lat' dir='ltr'><strong>crucis</strong></span> <span class='ocrx_word' id='word_1_537' title='bbox 2693 1431 2930 1496; x_wconf 82' lang='lat' dir='ltr'><strong>oll&#39;erret,</strong></span> <span class='ocrx_word' id='word_1_538' title='bbox 2979 1433 3124 1504; x_wconf 87' lang='lat' dir='ltr'><strong>regis</strong></span> <span class='ocrx_word' id='word_1_539' title='bbox 3166 1448 3403 1503; x_wconf 90' lang='lat' dir='ltr'><strong>quoque,</strong></span> <span class='ocrx_word' id='word_1_540' title='bbox 3439 1450 3545 1504; x_wconf 88' lang='lat' dir='ltr'><strong>qua</strong></span> 
     </span>
    </p>
   </div>
   <div class='ocr_carea' id='block_1_74' title="bbox 1959 1521 3544 1593">
    <p class='ocr_par' dir='ltr' id='par_1_74' title="bbox 1959 1521 3544 1593">
     <span class='ocr_line' id='line_1_74' title="bbox 1959 1521 3544 1593; baseline 0.001 -16"><span class='ocrx_word' id='word_1_541' title='bbox 1959 1522 2221 1593; x_wconf 69' lang='lat' dir='ltr'><strong>praeditus</strong></span> <span class='ocrx_word' id='word_1_542' title='bbox 2264 1532 2388 1577; x_wconf 86' lang='lat' dir='ltr'><strong>erat</strong></span> <span class='ocrx_word' id='word_1_543' title='bbox 2414 1521 2589 1587; x_wconf 92' lang='lat' dir='ltr'><strong>titulo,</strong></span> <span class='ocrx_word' id='word_1_544' title='bbox 2618 1522 2940 1592; x_wconf 89' lang='lat' dir='ltr'><strong>dignitatem</strong></span> <span class='ocrx_word' id='word_1_545' title='bbox 2986 1523 3294 1593; x_wconf 74' lang='lat' dir='ltr'><strong>pnntendit,</strong></span> <span class='ocrx_word' id='word_1_546' title='bbox 3323 1532 3381 1577; x_wconf 91' lang='lat' dir='ltr'><strong>ut</strong></span> <span class='ocrx_word' id='word_1_547' title='bbox 3409 1539 3544 1579; x_wconf 87' lang='lat' dir='ltr'><strong>cun-</strong></span> 
     </span>
    </p>
   </div>
   <div class='ocr_carea' id='block_1_75' title="bbox 1959 1612 3547 1683">
    <p class='ocr_par' dir='ltr' id='par_1_75' title="bbox 1959 1612 3547 1683">
     <span class='ocr_line' id='line_1_75' title="bbox 1959 1612 3547 1683; baseline 0.001 -15"><span class='ocrx_word' id='word_1_548' title='bbox 1959 1613 2063 1668; x_wconf 91' lang='lat' dir='ltr'><strong>etis</strong></span> <span class='ocrx_word' id='word_1_549' title='bbox 2090 1612 2301 1683; x_wconf 85' lang='lat' dir='ltr'><strong>legere,</strong></span> <span class='ocrx_word' id='word_1_550' title='bbox 2333 1612 2435 1667; x_wconf 92' lang='lat' dir='ltr'><strong>hoc</strong></span> <span class='ocrx_word' id='word_1_551' title='bbox 2472 1619 2578 1676; x_wconf 88' lang='lat' dir='ltr'><strong>est,</strong></span> <span class='ocrx_word' id='word_1_552' title='bbox 2626 1613 2813 1667; x_wconf 91' lang='lat' dir='ltr'><strong>audire</strong></span> <span class='ocrx_word' id='word_1_553' title='bbox 2862 1620 2918 1667; x_wconf 91' lang='lat' dir='ltr'><strong>et</strong></span> <span class='ocrx_word' id='word_1_554' title='bbox 2966 1612 3192 1669; x_wconf 89' lang='lat' dir='ltr'><strong>credere</strong></span> <span class='ocrx_word' id='word_1_555' title='bbox 3235 1613 3547 1669; x_wconf 90' lang='lat' dir='ltr'><strong>volentibus</strong></span> 
     </span>
    </p>
   </div>
   <div class='ocr_carea' id='block_1_76' title="bbox 1962 1703 3545 1774">
    <p class='ocr_par' dir='ltr' id='par_1_76' title="bbox 1962 1703 3545 1774">
     <span class='ocr_line' id='line_1_76' title="bbox 1962 1703 3545 1774; baseline 0.001 -17"><span class='ocrx_word' id='word_1_556' title='bbox 1962 1704 2281 1769; x_wconf 87' lang='lat' dir='ltr'><strong>innotescat,</strong></span> <span class='ocrx_word' id='word_1_557' title='bbox 2327 1703 2454 1773; x_wconf 90' lang='lat' dir='ltr'><strong>quia</strong></span> <span class='ocrx_word' id='word_1_558' title='bbox 2484 1718 2645 1757; x_wconf 89' lang='lat' dir='ltr'><strong>suum</strong></span> <span class='ocrx_word' id='word_1_559' title='bbox 2685 1718 2781 1773; x_wconf 92' lang='lat' dir='ltr'><strong>per</strong></span> <span class='ocrx_word' id='word_1_560' title='bbox 2827 1718 3045 1758; x_wconf 91' lang='lat' dir='ltr'><strong>crucem</strong></span> <span class='ocrx_word' id='word_1_561' title='bbox 3090 1718 3195 1758; x_wconf 92' lang='lat' dir='ltr'><strong>non</strong></span> <span class='ocrx_word' id='word_1_562' title='bbox 3225 1704 3545 1774; x_wconf 87' lang='lat' dir='ltr'><strong>perdiderit,</strong></span> 
     </span>
    </p>
   </div>
   <div class='ocr_carea' id='block_1_77' title="bbox 1890 1776 3543 1866">
    <p class='ocr_par' dir='ltr' id='par_1_77' title="bbox 1890 1776 3543 1866">
     <span class='ocr_line' id='line_1_77' title="bbox 1890 1776 3543 1866; baseline -0.001 -15"><span class='ocrx_word' id='word_1_563' title='bbox 1890 1776 1933 1833; x_wconf 72' lang='grc' dir='ltr'><strong>Β</strong></span> <span class='ocrx_word' id='word_1_564' title='bbox 1961 1797 2055 1852; x_wconf 88' lang='lat' dir='ltr'><strong>sed</strong></span> <span class='ocrx_word' id='word_1_565' title='bbox 2101 1796 2443 1852; x_wconf 88' lang='lat' dir='ltr'><strong>eonﬁrmarit</strong></span> <span class='ocrx_word' id='word_1_566' title='bbox 2495 1796 2677 1866; x_wconf 87' lang='lat' dir='ltr'><strong>potius</strong></span> <span class='ocrx_word' id='word_1_567' title='bbox 2730 1805 2785 1850; x_wconf 92' lang='lat' dir='ltr'><strong>et</strong></span> <span class='ocrx_word' id='word_1_568' title='bbox 2834 1795 3205 1850; x_wconf 88' lang='lat' dir='ltr'><strong>corroborarit</strong></span> <span class='ocrx_word' id='word_1_569' title='bbox 3235 1796 3543 1863; x_wconf 85' lang='lat' dir='ltr'><strong>imperium.</strong></span> 
     </span>
    </p>
   </div>
   <div class='ocr_carea' id='block_1_78' title="bbox 1958 1884 3547 1956">
    <p class='ocr_par' dir='ltr' id='par_1_78' title="bbox 1958 1884 3547 1956">
     <span class='ocr_line' id='line_1_78' title="bbox 1958 1884 3547 1956; baseline -0.002 -14"><span class='ocrx_word' id='word_1_570' title='bbox 1958 1888 2092 1942; x_wconf 87' lang='lat' dir='ltr'><strong>Nam</strong></span> <span class='ocrx_word' id='word_1_571' title='bbox 2137 1888 2281 1956; x_wconf 87' lang='lat' dir='ltr'><strong>quod</strong></span> <span class='ocrx_word' id='word_1_572' title='bbox 2310 1888 2415 1943; x_wconf 89' lang='lat' dir='ltr'><strong>hoc</strong></span> <span class='ocrx_word' id='word_1_573' title='bbox 2464 1902 2682 1950; x_wconf 90' lang='lat' dir='ltr'><strong>nomen,</strong></span> <span class='ocrx_word' id='word_1_574' title='bbox 2716 1884 3002 1950; x_wconf 88' lang='lat' dir='ltr'><strong>llehraice,</strong></span> <span class='ocrx_word' id='word_1_575' title='bbox 3050 1884 3239 1941; x_wconf 77' lang='lat' dir='ltr'><strong>Grzece</strong></span> <span class='ocrx_word' id='word_1_576' title='bbox 3268 1894 3324 1939; x_wconf 91' lang='lat' dir='ltr'><strong>et</strong></span> <span class='ocrx_word' id='word_1_577' title='bbox 3353 1884 3547 1939; x_wconf 87' lang='lat' dir='ltr'><strong>Latine</strong></span> 
     </span>
    </p>
   </div>
   <div class='ocr_carea' id='block_1_79' title="bbox 1957 1960 3546 2052">
    <p class='ocr_par' dir='ltr' id='par_1_79' title="bbox 1957 1960 3546 2052">
     <span class='ocr_line' id='line_1_79' title="bbox 1957 1960 3546 2052; baseline 0.001 -18"><span class='ocrx_word' id='word_1_578' title='bbox 1957 1979 2218 2049; x_wconf 88' lang='lat' dir='ltr'><strong>scriptum</strong></span> <span class='ocrx_word' id='word_1_579' title='bbox 2265 1987 2403 2041; x_wconf 85' lang='lat' dir='ltr'><strong>erat,</strong></span> <span class='ocrx_word' id='word_1_580' title='bbox 2449 1978 2677 2035; x_wconf 59' lang='lat' dir='ltr'><strong>Dl&#39;n‘l’u‘l</strong></span> <span class='ocrx_word' id='word_1_581' title='bbox 2705 1960 3003 2052; x_wconf 55' lang='grc' dir='ltr'><strong>ἹΗὩ-*ΠΞΠ</strong></span> <span class='ocrx_word' id='word_1_582' title='bbox 3041 1981 3243 2037; x_wconf 65' lang='lat' dir='ltr'><strong>Wﬁ‘.</strong></span> <span class='ocrx_word' id='word_1_583' title='bbox 3285 1976 3483 2036; x_wconf 64' lang='grc' dir='ltr'><strong>Ἰηνοῡς</strong></span> <span class='ocrx_word' id='word_1_584' title='bbox 3520 1974 3546 2029; x_wconf 83' lang='grc' dir='ltr'><strong><em>ὃ</em></strong></span> 
     </span>
    </p>
   </div>
   <div class='ocr_carea' id='block_1_80' title="bbox 1960 2063 3553 2128">
    <p class='ocr_par' dir='ltr' id='par_1_80' title="bbox 1960 2063 3553 2128">
     <span class='ocr_line' id='line_1_80' title="bbox 1960 2063 3553 2128; baseline -0.004 -6"><span class='ocrx_word' id='word_1_585' title='bbox 1960 2069 2197 2128; x_wconf 71' lang='grc' dir='ltr'><strong>Βασιλεὺς</strong></span> <span class='ocrx_word' id='word_1_586' title='bbox 2224 2075 2323 2124; x_wconf 74' lang='grc' dir='ltr'>τῶν</span> <span class='ocrx_word' id='word_1_587' title='bbox 2367 2065 2644 2125; x_wconf 75' lang='grc' dir='ltr'><strong>Ἰουδαίων,</strong></span> <span class='ocrx_word' id='word_1_588' title='bbox 2667 2064 2825 2120; x_wconf 80' lang='lat' dir='ltr'><strong>Jesus</strong></span> <span class='ocrx_word' id='word_1_589' title='bbox 2853 2063 3167 2118; x_wconf 85' lang='lat' dir='ltr'><strong>Nazarenus</strong></span> <span class='ocrx_word' id='word_1_590' title='bbox 3217 2079 3311 2117; x_wconf 83' lang='lat' dir='ltr'><strong>rex</strong></span> <span class='ocrx_word' id='word_1_591' title='bbox 3343 2063 3553 2117; x_wconf 73' lang='lat' dir='ltr'><strong>ludam-</strong></span> 
     </span>
    </p>
   </div>
   <div class='ocr_carea' id='block_1_81' title="bbox 1960 2151 3528 2224">
    <p class='ocr_par' dir='ltr' id='par_1_81' title="bbox 1960 2151 3528 2224">
     <span class='ocr_line' id='line_1_81' title="bbox 1960 2151 3528 2224; baseline -0.004 -13"><span class='ocrx_word' id='word_1_592' title='bbox 1960 2172 2110 2221; x_wconf 89' lang='lat' dir='ltr'><strong>rum,</strong></span> <span class='ocrx_word' id='word_1_593' title='bbox 2143 2156 2245 2211; x_wconf 91' lang='lat' dir='ltr'><strong>hoc</strong></span> <span class='ocrx_word' id='word_1_594' title='bbox 2288 2164 2391 2221; x_wconf 85' lang='lat' dir='ltr'><strong>est,</strong></span> <span class='ocrx_word' id='word_1_595' title='bbox 2434 2155 2577 2224; x_wconf 86' lang='lat' dir='ltr'><strong>quod</strong></span> <span class='ocrx_word' id='word_1_596' title='bbox 2608 2153 2751 2209; x_wconf 88' lang='lat' dir='ltr'><strong>idem</strong></span> <span class='ocrx_word' id='word_1_597' title='bbox 2784 2153 3077 2223; x_wconf 85' lang='lat' dir='ltr'><strong>Apostolus</strong></span> <span class='ocrx_word' id='word_1_598' title='bbox 3104 2151 3428 2207; x_wconf 83' lang='lat' dir='ltr'><strong>subsecutus</strong></span> <span class='ocrx_word' id='word_1_599' title='bbox 3456 2168 3528 2205; x_wconf 87' lang='lat' dir='ltr'><strong>an</strong></span> 
     </span>
    </p>
   </div>
   <div class='ocr_carea' id='block_1_82' title="bbox 1960 2243 3547 2318">
    <p class='ocr_par' dir='ltr' id='par_1_82' title="bbox 1960 2243 3547 2318">
     <span class='ocr_line' id='line_1_82' title="bbox 1960 2243 3547 2318; baseline -0.004 -14"><span class='ocrx_word' id='word_1_600' title='bbox 1960 2249 2150 2304; x_wconf 89' lang='lat' dir='ltr'><strong>nectit.</strong></span> <span class='ocrx_word' id='word_1_601' title='bbox 2184 2248 2252 2303; x_wconf 85' lang='lat' dir='ltr'><strong>Et</strong></span> <span class='ocrx_word' id='word_1_602' title='bbox 2303 2248 2472 2303; x_wconf 89' lang='lat' dir='ltr'><strong>omnis</strong></span> <span class='ocrx_word' id='word_1_603' title='bbox 2524 2247 2704 2318; x_wconf 83' lang='lat' dir='ltr'><strong>lingua</strong></span> <span class='ocrx_word' id='word_1_604' title='bbox 2753 2246 3089 2315; x_wconf 78' lang='lat' dir='ltr'><strong>conﬁteatur,</strong></span> <span class='ocrx_word' id='word_1_605' title='bbox 3117 2246 3242 2315; x_wconf 84' lang='lat' dir='ltr'><strong>quia</strong></span> <span class='ocrx_word' id='word_1_606' title='bbox 3289 2243 3547 2298; x_wconf 84' lang='lat' dir='ltr'><strong>Dominus</strong></span> 
     </span>
    </p>
   </div>
   <div class='ocr_carea' id='block_1_83' title="bbox 1958 2332 3543 2410">
    <p class='ocr_par' dir='ltr' id='par_1_83' title="bbox 1958 2332 3543 2410">
     <span class='ocr_line' id='line_1_83' title="bbox 1958 2332 3543 2410; baseline -0.005 -15"><span class='ocrx_word' id='word_1_607' title='bbox 1958 2339 2115 2397; x_wconf 87' lang='lat' dir='ltr'><strong>Iesus</strong></span> <span class='ocrx_word' id='word_1_608' title='bbox 2141 2339 2378 2396; x_wconf 82' lang='lat' dir='ltr'><strong>Christus</strong></span> <span class='ocrx_word' id='word_1_609' title='bbox 2404 2340 2458 2393; x_wconf 89' lang='lat' dir='ltr'><strong>in</strong></span> <span class='ocrx_word' id='word_1_610' title='bbox 2505 2338 2675 2410; x_wconf 85' lang='lat' dir='ltr'><strong>gloria</strong></span> <span class='ocrx_word' id='word_1_611' title='bbox 2701 2345 2776 2392; x_wconf 88' lang='lat' dir='ltr'><strong>est</strong></span> <span class='ocrx_word' id='word_1_612' title='bbox 2825 2336 2922 2391; x_wconf 83' lang='lat' dir='ltr'><strong>Dei</strong></span> <span class='ocrx_word' id='word_1_613' title='bbox 2965 2336 3139 2390; x_wconf 88' lang='lat' dir='ltr'><strong>Patris</strong></span> <span class='ocrx_word' id='word_1_614' title='bbox 3170 2332 3423 2407; x_wconf 82' lang='lat' dir='ltr'><strong>(Philipp.</strong></span> <span class='ocrx_word' id='word_1_615' title='bbox 3459 2334 3543 2405; x_wconf 83' lang='lat' dir='ltr'><strong>ii).</strong></span> 
     </span>
    </p>
   </div>
   <div class='ocr_carea' id='block_1_84' title="bbox 1964 2426 3546 2498">
    <p class='ocr_par' dir='ltr' id='par_1_84' title="bbox 1964 2426 3546 2498">
     <span class='ocr_line' id='line_1_84' title="bbox 1964 2426 3546 2498; baseline -0.003 -15"><span class='ocrx_word' id='word_1_616' title='bbox 1964 2428 2237 2498; x_wconf 86' lang='lat' dir='ltr'><strong>Quantum</strong></span> <span class='ocrx_word' id='word_1_617' title='bbox 2265 2444 2397 2485; x_wconf 89' lang='lat' dir='ltr'><strong>vero</strong></span> <span class='ocrx_word' id='word_1_618' title='bbox 2417 2429 2485 2483; x_wconf 90' lang='lat' dir='ltr'><strong>ad</strong></span> <span class='ocrx_word' id='word_1_619' title='bbox 2508 2428 2775 2492; x_wconf 88' lang='lat' dir='ltr'><strong>litteram,</strong></span> <span class='ocrx_word' id='word_1_620' title='bbox 2813 2427 2897 2481; x_wconf 81' lang='lat' dir='ltr'><strong>hae</strong></span> <span class='ocrx_word' id='word_1_621' title='bbox 2939 2435 3051 2481; x_wconf 91' lang='lat' dir='ltr'><strong>tres</strong></span> <span class='ocrx_word' id='word_1_622' title='bbox 3076 2426 3274 2497; x_wconf 67' lang='lat' dir='ltr'><strong>lingua:</strong></span> <span class='ocrx_word' id='word_1_623' title='bbox 3316 2426 3387 2479; x_wconf 90' lang='lat' dir='ltr'><strong>ibi</strong></span> <span class='ocrx_word' id='word_1_624' title='bbox 3435 2442 3546 2495; x_wconf 74' lang='lat' dir='ltr'><strong>pne</strong></span> 
     </span>
    </p>
   </div>
   <div class='ocr_carea' id='block_1_85' title="bbox 1961 2513 3549 2588">
    <p class='ocr_par' dir='ltr' id='par_1_85' title="bbox 1961 2513 3549 2588">
     <span class='ocr_line' id='line_1_85' title="bbox 1961 2513 3549 2588; baseline -0.005 -13"><span class='ocrx_word' id='word_1_625' title='bbox 1961 2521 2175 2575; x_wconf 67' lang='lat' dir='ltr'><strong>ueteris</strong></span> <span class='ocrx_word' id='word_1_626' title='bbox 2197 2520 2529 2583; x_wconf 83' lang='lat' dir='ltr'><strong>eminebant,</strong></span> <span class='ocrx_word' id='word_1_627' title='bbox 2566 2519 2789 2574; x_wconf 75' lang='lat' dir='ltr'><strong>llebrzea</strong></span> <span class='ocrx_word' id='word_1_628' title='bbox 2811 2558 2826 2583; x_wconf 92' lang='lat'><strong>,</strong></span> <span class='ocrx_word' id='word_1_629' title='bbox 2848 2524 3071 2588; x_wconf 89' lang='lat' dir='ltr'><strong>propter</strong></span> <span class='ocrx_word' id='word_1_630' title='bbox 3090 2513 3304 2571; x_wconf 71' lang='lat' dir='ltr'><strong>Judmos</strong></span> <span class='ocrx_word' id='word_1_631' title='bbox 3334 2516 3386 2569; x_wconf 93' lang='lat' dir='ltr'><strong>in</strong></span> <span class='ocrx_word' id='word_1_632' title='bbox 3428 2515 3549 2587; x_wconf 89' lang='lat' dir='ltr'><strong>lege</strong></span> 
     </span>
    </p>
   </div>
   <div class='ocr_carea' id='block_1_86' title="bbox 1962 2605 3553 2687">
    <p class='ocr_par' dir='ltr' id='par_1_86' title="bbox 1962 2605 3553 2687">
     <span class='ocr_line' id='line_1_86' title="bbox 1962 2605 3553 2687; baseline -0.005 -20"><span class='ocrx_word' id='word_1_633' title='bbox 1962 2613 2274 2687; x_wconf 82' lang='lat' dir='ltr'><strong>gloriantes,</strong></span> <span class='ocrx_word' id='word_1_634' title='bbox 2304 2610 2492 2666; x_wconf 62' lang='lat' dir='ltr'><strong>Graeca</strong></span> <span class='ocrx_word' id='word_1_635' title='bbox 2512 2652 2527 2676; x_wconf 96' lang='lat'><strong>,</strong></span> <span class='ocrx_word' id='word_1_636' title='bbox 2551 2618 2775 2681; x_wconf 90' lang='lat' dir='ltr'><strong>propter</strong></span> <span class='ocrx_word' id='word_1_637' title='bbox 2806 2609 3048 2680; x_wconf 88' lang='lat' dir='ltr'><strong>gentium</strong></span> <span class='ocrx_word' id='word_1_638' title='bbox 3076 2606 3370 2677; x_wconf 88' lang='lat' dir='ltr'><strong>sapientes,</strong></span> <span class='ocrx_word' id='word_1_639' title='bbox 3399 2605 3518 2660; x_wconf 89' lang='lat' dir='ltr'><strong>Lati</strong></span> <span class='ocrx_word' id='word_1_640' title='bbox 3542 2636 3553 2642; x_wconf 96' lang='lat'><strong><em>-</em></strong></span> 
     </span>
    </p>
   </div>
   <div class='ocr_carea' id='block_1_87' title="bbox 1965 2696 3545 2783">
    <p class='ocr_par' dir='ltr' id='par_1_87' title="bbox 1965 2696 3545 2783">
     <span class='ocr_line' id='line_1_87' title="bbox 1965 2696 3545 2783; baseline -0.006 -22"><span class='ocrx_word' id='word_1_641' title='bbox 1965 2722 2033 2761; x_wconf 81' lang='lat' dir='ltr'><strong>ra</strong></span> <span class='ocrx_word' id='word_1_642' title='bbox 2052 2747 2066 2765; x_wconf 91' lang='lat'><strong>.</strong></span> <span class='ocrx_word' id='word_1_643' title='bbox 2100 2712 2321 2775; x_wconf 89' lang='lat' dir='ltr'><strong>propter</strong></span> <span class='ocrx_word' id='word_1_644' title='bbox 2345 2702 2635 2766; x_wconf 77' lang='lat' dir='ltr'><strong>Romanos,</strong></span> <span class='ocrx_word' id='word_1_645' title='bbox 2662 2700 2941 2783; x_wconf 32' lang='lat' dir='ltr'><strong>multisIac</strong></span> <span class='ocrx_word' id='word_1_646' title='bbox 2981 2713 3118 2770; x_wconf 91' lang='lat' dir='ltr'><strong>pene</strong></span> <span class='ocrx_word' id='word_1_647' title='bbox 3146 2697 3397 2752; x_wconf 90' lang='lat' dir='ltr'><strong>omnibus</strong></span> <span class='ocrx_word' id='word_1_648' title='bbox 3432 2696 3545 2765; x_wconf 81' lang='lat' dir='ltr'><strong>jam</strong></span> 
     </span>
    </p>
   </div>
   <div class='ocr_carea' id='block_1_88' title="bbox 1967 2785 3548 2871">
    <p class='ocr_par' dir='ltr' id='par_1_88' title="bbox 1967 2785 3548 2871">
     <span class='ocr_line' id='line_1_88' title="bbox 1967 2785 3548 2871; baseline -0.008 -18"><span class='ocrx_word' id='word_1_649' title='bbox 1967 2809 2095 2854; x_wconf 89' lang='lat' dir='ltr'><strong>tunc</strong></span> <span class='ocrx_word' id='word_1_650' title='bbox 2118 2798 2369 2871; x_wconf 84' lang='lat' dir='ltr'><strong>gentibus</strong></span> <span class='ocrx_word' id='word_1_651' title='bbox 2401 2795 2752 2865; x_wconf 89' lang='lat' dir='ltr'><strong>imperantes.</strong></span> <span class='ocrx_word' id='word_1_652' title='bbox 2791 2791 2972 2846; x_wconf 83' lang='lat' dir='ltr'><strong>Velint</strong></span> <span class='ocrx_word' id='word_1_653' title='bbox 3024 2789 3224 2852; x_wconf 89' lang='lat' dir='ltr'><strong>nolint,</strong></span> <span class='ocrx_word' id='word_1_654' title='bbox 3274 2804 3404 2859; x_wconf 87' lang='lat' dir='ltr'><strong>ergo</strong></span> <span class='ocrx_word' id='word_1_655' title='bbox 3454 2785 3548 2841; x_wconf 82' lang='lat' dir='ltr'><strong>Ju-</strong></span> 
     </span>
    </p>
   </div>
   <div class='ocr_carea' id='block_1_89' title="bbox 1965 2878 3552 2954">
    <p class='ocr_par' dir='ltr' id='par_1_89' title="bbox 1965 2878 3552 2954">
     <span class='ocr_line' id='line_1_89' title="bbox 1965 2878 3552 2954; baseline -0.007 -12"><span class='ocrx_word' id='word_1_656' title='bbox 1965 2889 2082 2950; x_wconf 58' lang='lat' dir='ltr'><strong>daei,</strong></span> <span class='ocrx_word' id='word_1_657' title='bbox 2115 2901 2276 2942; x_wconf 90' lang='lat' dir='ltr'><strong>omne</strong></span> <span class='ocrx_word' id='word_1_658' title='bbox 2300 2884 2486 2939; x_wconf 90' lang='lat' dir='ltr'><strong>mundi</strong></span> <span class='ocrx_word' id='word_1_659' title='bbox 2516 2897 2772 2954; x_wconf 86' lang='lat' dir='ltr'><strong>regnum,</strong></span> <span class='ocrx_word' id='word_1_660' title='bbox 2812 2880 2990 2937; x_wconf 87' lang='lat' dir='ltr'><strong>omnis</strong></span> <span class='ocrx_word' id='word_1_661' title='bbox 3022 2878 3293 2934; x_wconf 88' lang='lat' dir='ltr'><strong>mundana</strong></span> <span class='ocrx_word' id='word_1_662' title='bbox 3338 2878 3552 2947; x_wconf 85' lang='lat' dir='ltr'><strong>sapien-</strong></span> 
     </span>
    </p>
   </div>
   <div class='ocr_carea' id='block_1_90' title="bbox 1966 2969 3548 3043">
    <p class='ocr_par' dir='ltr' id='par_1_90' title="bbox 1966 2969 3548 3043">
     <span class='ocr_line' id='line_1_90' title="bbox 1966 2969 3548 3043; baseline -0.008 -10"><span class='ocrx_word' id='word_1_663' title='bbox 1966 2979 2061 3043; x_wconf 89' lang='lat' dir='ltr'><strong>tia,</strong></span> <span class='ocrx_word' id='word_1_664' title='bbox 2099 2976 2282 3032; x_wconf 90' lang='lat' dir='ltr'><strong>omnia</strong></span> <span class='ocrx_word' id='word_1_665' title='bbox 2324 2974 2520 3029; x_wconf 75' lang='lat' dir='ltr'><strong>divinae</strong></span> <span class='ocrx_word' id='word_1_666' title='bbox 2547 2973 2679 3043; x_wconf 80' lang='lat' dir='ltr'><strong>legis</strong></span> <span class='ocrx_word' id='word_1_667' title='bbox 2719 2978 3059 3027; x_wconf 88' lang='lat' dir='ltr'><strong>sacramenta</strong></span> <span class='ocrx_word' id='word_1_668' title='bbox 3103 2976 3392 3033; x_wconf 87' lang='lat' dir='ltr'><strong>testantur,</strong></span> <span class='ocrx_word' id='word_1_669' title='bbox 3422 2969 3548 3036; x_wconf 89' lang='lat' dir='ltr'><strong>quia</strong></span> 
     </span>
    </p>
   </div>
   <div class='ocr_carea' id='block_1_91' title="bbox 1964 3059 3553 3131">
    <p class='ocr_par' dir='ltr' id='par_1_91' title="bbox 1964 3059 3553 3131">
     <span class='ocr_line' id='line_1_91' title="bbox 1964 3059 3553 3131; baseline -0.007 -8"><span class='ocrx_word' id='word_1_670' title='bbox 1964 3067 2121 3123; x_wconf 86' lang='lat' dir='ltr'><strong>Jesus</strong></span> <span class='ocrx_word' id='word_1_671' title='bbox 2142 3083 2234 3122; x_wconf 90' lang='lat' dir='ltr'><strong>rex</strong></span> <span class='ocrx_word' id='word_1_672' title='bbox 2260 3064 2568 3119; x_wconf 73' lang='lat' dir='ltr'><strong>Jndmorum</strong></span> <span class='ocrx_word' id='word_1_673' title='bbox 2592 3070 2693 3127; x_wconf 87' lang='lat' dir='ltr'><strong>est,</strong></span> <span class='ocrx_word' id='word_1_674' title='bbox 2721 3064 2824 3117; x_wconf 91' lang='lat' dir='ltr'><strong>hoc</strong></span> <span class='ocrx_word' id='word_1_675' title='bbox 2852 3069 2966 3127; x_wconf 90' lang='lat' dir='ltr'><strong>est,</strong></span> <span class='ocrx_word' id='word_1_676' title='bbox 3005 3061 3301 3131; x_wconf 88' lang='lat' dir='ltr'><strong>imperator</strong></span> <span class='ocrx_word' id='word_1_677' title='bbox 3324 3059 3553 3114; x_wconf 88' lang='lat' dir='ltr'><strong>creden-</strong></span> 
     </span>
    </p>
   </div>
   <div class='ocr_carea' id='block_1_92' title="bbox 1966 3154 2937 3216">
    <p class='ocr_par' dir='ltr' id='par_1_92' title="bbox 1966 3154 2937 3216">
     <span class='ocr_line' id='line_1_92' title="bbox 1966 3154 2937 3216; baseline -0.008 -1"><span class='ocrx_word' id='word_1_678' title='bbox 1966 3162 2098 3216; x_wconf 90' lang='lat' dir='ltr'><strong>tium</strong></span> <span class='ocrx_word' id='word_1_679' title='bbox 2125 3167 2182 3214; x_wconf 92' lang='lat' dir='ltr'><strong>et</strong></span> <span class='ocrx_word' id='word_1_680' title='bbox 2217 3156 2587 3215; x_wconf 87' lang='lat' dir='ltr'><strong>conﬁtentium</strong></span> <span class='ocrx_word' id='word_1_681' title='bbox 2632 3154 2937 3210; x_wconf 89' lang='lat' dir='ltr'><strong>Dominum.</strong></span> 
     </span>
    </p>
   </div>
   <div class='ocr_carea' id='block_1_93' title="bbox 2036 3240 3548 3316">
    <p class='ocr_par' dir='ltr' id='par_1_93' title="bbox 2036 3240 3548 3316">
     <span class='ocr_line' id='line_1_93' title="bbox 2036 3240 3548 3316; baseline -0.006 -13"><span class='ocrx_word' id='word_1_682' title='bbox 2036 3249 2181 3303; x_wconf 88' lang='lat' dir='ltr'><strong>Tunc</strong></span> <span class='ocrx_word' id='word_1_683' title='bbox 2209 3246 2450 3316; x_wconf 67' lang='lat' dir='ltr'><strong>cruciﬁxi</strong></span> <span class='ocrx_word' id='word_1_684' title='bbox 2489 3254 2609 3300; x_wconf 87' lang='lat' dir='ltr'><strong>sunt</strong></span> <span class='ocrx_word' id='word_1_685' title='bbox 2637 3262 2756 3299; x_wconf 87' lang='lat' dir='ltr'><strong>cum</strong></span> <span class='ocrx_word' id='word_1_686' title='bbox 2776 3262 2837 3299; x_wconf 87' lang='lat' dir='ltr'><strong>eo</strong></span> <span class='ocrx_word' id='word_1_687' title='bbox 2863 3253 2911 3298; x_wconf 92' lang='lat' dir='ltr'><strong>et</strong></span> <span class='ocrx_word' id='word_1_688' title='bbox 2952 3242 3057 3296; x_wconf 89' lang='lat' dir='ltr'><strong>duo</strong></span> <span class='ocrx_word' id='word_1_689' title='bbox 3080 3240 3334 3307; x_wconf 79' lang='lat' dir='ltr'><strong>latrones,</strong></span> <span class='ocrx_word' id='word_1_690' title='bbox 3359 3258 3392 3295; x_wconf 90' lang='lat' dir='ltr'><strong>a</strong></span> <span class='ocrx_word' id='word_1_691' title='bbox 3421 3240 3548 3295; x_wconf 71' lang='lat' dir='ltr'><strong>dea:-</strong></span> 
     </span>
    </p>
   </div>
   <div class='ocr_carea' id='block_1_94' title="bbox 1963 3331 3545 3410">
    <p class='ocr_par' dir='ltr' id='par_1_94' title="bbox 1963 3331 3545 3410">
     <span class='ocr_line' id='line_1_94' title="bbox 1963 3331 3545 3410; baseline -0.009 -11"><span class='ocrx_word' id='word_1_692' title='bbox 1963 3346 2078 3410; x_wconf 85' lang='lat' dir='ltr'><strong>tris,</strong></span> <span class='ocrx_word' id='word_1_693' title='bbox 2107 3352 2210 3399; x_wconf 90' lang='lat' dir='ltr'><strong>etc.</strong></span> <span class='ocrx_word' id='word_1_694' title='bbox 2237 3341 2503 3396; x_wconf 85' lang='lat' dir='ltr'><strong>Latrones</strong></span> <span class='ocrx_word' id='word_1_695' title='bbox 2544 3340 2638 3409; x_wconf 91' lang='lat' dir='ltr'><strong>qui</strong></span> <span class='ocrx_word' id='word_1_696' title='bbox 2679 3354 2803 3393; x_wconf 89' lang='lat' dir='ltr'><strong>cum</strong></span> <span class='ocrx_word' id='word_1_697' title='bbox 2833 3335 3062 3390; x_wconf 90' lang='lat' dir='ltr'><strong>Domino</strong></span> <span class='ocrx_word' id='word_1_698' title='bbox 3088 3342 3216 3389; x_wconf 89' lang='lat' dir='ltr'><strong>sunt</strong></span> <span class='ocrx_word' id='word_1_699' title='bbox 3240 3334 3370 3389; x_wconf 87' lang='lat' dir='ltr'><strong>hinc</strong></span> <span class='ocrx_word' id='word_1_700' title='bbox 3419 3331 3545 3386; x_wconf 83' lang='lat' dir='ltr'><strong>inde</strong></span> 
     </span>
    </p>
   </div>
   <div class='ocr_carea' id='block_1_95' title="bbox 1962 3423 3558 3503">
    <p class='ocr_par' dir='ltr' id='par_1_95' title="bbox 1962 3423 3558 3503">
     <span class='ocr_line' id='line_1_95' title="bbox 1962 3423 3558 3503; baseline -0.009 -12"><span class='ocrx_word' id='word_1_701' title='bbox 1962 3434 2232 3498; x_wconf 84' lang='lat' dir='ltr'><strong>cruciﬁxi,</strong></span> <span class='ocrx_word' id='word_1_702' title='bbox 2281 3431 2595 3503; x_wconf 84' lang='lat' dir='ltr'><strong>signiﬁcant</strong></span> <span class='ocrx_word' id='word_1_703' title='bbox 2642 3444 2737 3485; x_wconf 89' lang='lat' dir='ltr'><strong>eos</strong></span> <span class='ocrx_word' id='word_1_704' title='bbox 2797 3427 2890 3498; x_wconf 91' lang='lat' dir='ltr'><strong>qui</strong></span> <span class='ocrx_word' id='word_1_705' title='bbox 2938 3426 3039 3482; x_wconf 88' lang='lat' dir='ltr'><strong>sub</strong></span> <span class='ocrx_word' id='word_1_706' title='bbox 3097 3424 3201 3480; x_wconf 89' lang='lat' dir='ltr'><strong>ﬁde</strong></span> <span class='ocrx_word' id='word_1_707' title='bbox 3233 3433 3290 3479; x_wconf 92' lang='lat' dir='ltr'><strong>et</strong></span> <span class='ocrx_word' id='word_1_708' title='bbox 3341 3423 3558 3479; x_wconf 79' lang='lat' dir='ltr'><strong>confes-</strong></span> 
     </span>
    </p>
   </div>
   <div class='ocr_carea' id='block_1_96' title="bbox 1964 3499 3543 3592">
    <p class='ocr_par' dir='ltr' id='par_1_96' title="bbox 1964 3499 3543 3592">
     <span class='ocr_line' id='line_1_96' title="bbox 1964 3499 3543 3592; baseline -0.011 -8"><span class='ocrx_word' id='word_1_709' title='bbox 1964 3528 2117 3585; x_wconf 89' lang='lat' dir='ltr'><strong>sione</strong></span> <span class='ocrx_word' id='word_1_710' title='bbox 2151 3499 2378 3589; x_wconf 79' lang='lat' dir='ltr'><strong>Christi,</strong></span> <span class='ocrx_word' id='word_1_711' title='bbox 2416 3499 2499 3577; x_wconf 73' lang='lat' dir='ltr'><strong>vel</strong></span> <span class='ocrx_word' id='word_1_712' title='bbox 2538 3535 2768 3592; x_wconf 86' lang='lat' dir='ltr'><strong>agonem</strong></span> <span class='ocrx_word' id='word_1_713' title='bbox 2816 3516 3087 3587; x_wconf 81' lang='lat' dir='ltr'><strong>martyrii,</strong></span> <span class='ocrx_word' id='word_1_714' title='bbox 3145 3514 3230 3570; x_wconf 89' lang='lat' dir='ltr'><strong>vel</strong></span> <span class='ocrx_word' id='word_1_715' title='bbox 3257 3514 3543 3570; x_wconf 71' lang='lat' dir='ltr'><strong>continuen-</strong></span> 
     </span>
    </p>
   </div>
   <div class='ocr_carea' id='block_1_97' title="bbox 1965 3606 3551 3678">
    <p class='ocr_par' dir='ltr' id='par_1_97' title="bbox 1965 3606 3551 3678">
     <span class='ocr_line' id='line_1_97' title="bbox 1965 3606 3551 3678; baseline -0.01 -2"><span class='ocrx_word' id='word_1_716' title='bbox 1965 3621 2052 3676; x_wconf 69' lang='lat' dir='ltr'><strong>tize</strong></span> <span class='ocrx_word' id='word_1_717' title='bbox 2096 3617 2346 3673; x_wconf 88' lang='lat' dir='ltr'><strong>arctioris</strong></span> <span class='ocrx_word' id='word_1_718' title='bbox 2392 3616 2639 3671; x_wconf 75' lang='lat' dir='ltr'><strong>instituta</strong></span> <span class='ocrx_word' id='word_1_719' title='bbox 2685 3611 2935 3667; x_wconf 90' lang='lat' dir='ltr'><strong>subeunt.</strong></span> <span class='ocrx_word' id='word_1_720' title='bbox 2976 3608 3082 3664; x_wconf 86' lang='lat' dir='ltr'><strong>Sed</strong></span> <span class='ocrx_word' id='word_1_721' title='bbox 3128 3615 3394 3678; x_wconf 88' lang='lat' dir='ltr'><strong>quotquot</strong></span> <span class='ocrx_word' id='word_1_722' title='bbox 3436 3606 3551 3660; x_wconf 72' lang='lat' dir='ltr'><strong>hmo</strong></span> 
     </span>
    </p>
   </div>
   <div class='ocr_carea' id='block_1_98' title="bbox 1962 3698 3546 3785">
    <p class='ocr_par' dir='ltr' id='par_1_98' title="bbox 1962 3698 3546 3785">
     <span class='ocr_line' id='line_1_98' title="bbox 1962 3698 3546 3785; baseline -0.011 -17"><span class='ocrx_word' id='word_1_723' title='bbox 1962 3729 2063 3785; x_wconf 88' lang='lat' dir='ltr'><strong>pro</strong></span> <span class='ocrx_word' id='word_1_724' title='bbox 2118 3719 2325 3766; x_wconf 77' lang='lat' dir='ltr'><strong>mterna</strong></span> <span class='ocrx_word' id='word_1_725' title='bbox 2390 3708 2561 3764; x_wconf 89' lang='lat' dir='ltr'><strong>solum</strong></span> <span class='ocrx_word' id='word_1_726' title='bbox 2618 3704 2937 3774; x_wconf 61' lang='lat' dir='ltr'><strong>caelestique</strong></span> <span class='ocrx_word' id='word_1_727' title='bbox 3003 3701 3170 3774; x_wconf 83' lang='lat' dir='ltr'><strong>gloria</strong></span> <span class='ocrx_word' id='word_1_728' title='bbox 3222 3706 3439 3772; x_wconf 83' lang='lat' dir='ltr'><strong>gerunt,</strong></span> <span class='ocrx_word' id='word_1_729' title='bbox 3491 3698 3546 3752; x_wconf 90' lang='lat' dir='ltr'><strong>hi</strong></span> 
     </span>
    </p>
   </div>
   <div class='ocr_carea' id='block_1_99' title="bbox 1962 3792 3547 3877">
    <p class='ocr_par' dir='ltr' id='par_1_99' title="bbox 1962 3792 3547 3877">
     <span class='ocr_line' id='line_1_99' title="bbox 1962 3792 3547 3877; baseline -0.012 -16"><span class='ocrx_word' id='word_1_730' title='bbox 1962 3805 2205 3877; x_wconf 79' lang='lat' dir='ltr'><strong>profecto</strong></span> <span class='ocrx_word' id='word_1_731' title='bbox 2234 3802 2412 3858; x_wconf 84' lang='lat' dir='ltr'><strong>dextri</strong></span> <span class='ocrx_word' id='word_1_732' title='bbox 2456 3799 2682 3855; x_wconf 86' lang='lat' dir='ltr'><strong>latronis</strong></span> <span class='ocrx_word' id='word_1_733' title='bbox 2710 3797 2905 3852; x_wconf 89' lang='lat' dir='ltr'><strong>merito</strong></span> <span class='ocrx_word' id='word_1_734' title='bbox 2929 3803 2985 3850; x_wconf 90' lang='lat' dir='ltr'><strong>et</strong></span> <span class='ocrx_word' id='word_1_735' title='bbox 3020 3793 3125 3849; x_wconf 89' lang='lat' dir='ltr'><strong>ﬁde</strong></span> <span class='ocrx_word' id='word_1_736' title='bbox 3172 3792 3547 3863; x_wconf 88' lang='lat' dir='ltr'><strong>designantur.</strong></span> 
     </span>
    </p>
   </div>
   <div class='ocr_carea' id='block_1_100' title="bbox 1964 3882 3549 3967">
    <p class='ocr_par' dir='ltr' id='par_1_100' title="bbox 1964 3882 3549 3967">
     <span class='ocr_line' id='line_1_100' title="bbox 1964 3882 3549 3967; baseline -0.011 -14"><span class='ocrx_word' id='word_1_737' title='bbox 1964 3898 2034 3953; x_wconf 86' lang='lat' dir='ltr'><strong>At</strong></span> <span class='ocrx_word' id='word_1_738' title='bbox 2066 3897 2180 3967; x_wconf 90' lang='lat' dir='ltr'><strong>qui,</strong></span> <span class='ocrx_word' id='word_1_739' title='bbox 2211 3893 2297 3950; x_wconf 87' lang='lat' dir='ltr'><strong>vel</strong></span> <span class='ocrx_word' id='word_1_740' title='bbox 2326 3894 2576 3948; x_wconf 64' lang='lat' dir='ltr'><strong>humanae</strong></span> <span class='ocrx_word' id='word_1_741' title='bbox 2606 3889 2780 3944; x_wconf 91' lang='lat' dir='ltr'><strong>laudis</strong></span> <span class='ocrx_word' id='word_1_742' title='bbox 2808 3887 3027 3949; x_wconf 85' lang='lat' dir='ltr'><strong>intuitu,</strong></span> <span class='ocrx_word' id='word_1_743' title='bbox 3061 3884 3147 3939; x_wconf 91' lang='lat' dir='ltr'><strong>vel</strong></span> <span class='ocrx_word' id='word_1_744' title='bbox 3174 3882 3416 3955; x_wconf 90' lang='lat' dir='ltr'><strong>qualibet</strong></span> <span class='ocrx_word' id='word_1_745' title='bbox 3445 3882 3549 3936; x_wconf 90' lang='lat' dir='ltr'><strong>mi-</strong></span> 
     </span>
    </p>
   </div>
   <div class='ocr_carea' id='block_1_101' title="bbox 1964 3972 3553 4057">
    <p class='ocr_par' dir='ltr' id='par_1_101' title="bbox 1964 3972 3553 4057">
     <span class='ocr_line' id='line_1_101' title="bbox 1964 3972 3553 4057; baseline -0.01 -16"><span class='ocrx_word' id='word_1_746' title='bbox 1964 4002 2068 4042; x_wconf 88' lang='lat' dir='ltr'><strong>nus</strong></span> <span class='ocrx_word' id='word_1_747' title='bbox 2092 3986 2252 4057; x_wconf 88' lang='lat' dir='ltr'><strong>digna</strong></span> <span class='ocrx_word' id='word_1_748' title='bbox 2279 3982 2598 4043; x_wconf 88' lang='lat' dir='ltr'><strong>intentione,</strong></span> <span class='ocrx_word' id='word_1_749' title='bbox 2643 3977 2839 4033; x_wconf 78' lang='lat' dir='ltr'><strong>saeculo</strong></span> <span class='ocrx_word' id='word_1_750' title='bbox 2875 3974 3279 4037; x_wconf 90' lang='lat' dir='ltr'><strong>abrenuntiant,</strong></span> <span class='ocrx_word' id='word_1_751' title='bbox 3313 3988 3418 4028; x_wconf 90' lang='lat' dir='ltr'><strong>non</strong></span> <span class='ocrx_word' id='word_1_752' title='bbox 3448 3972 3553 4026; x_wconf 86' lang='lat' dir='ltr'><strong>im-</strong></span> 
     </span>
    </p>
   </div>
   <div class='ocr_carea' id='block_1_102' title="bbox 1966 4064 3549 4144">
    <p class='ocr_par' dir='ltr' id='par_1_102' title="bbox 1966 4064 3549 4144">
     <span class='ocr_line' id='line_1_102' title="bbox 1966 4064 3549 4144; baseline -0.011 -11"><span class='ocrx_word' id='word_1_753' title='bbox 1966 4078 2162 4133; x_wconf 89' lang='lat' dir='ltr'><strong>merito</strong></span> <span class='ocrx_word' id='word_1_754' title='bbox 2203 4071 2659 4144; x_wconf 89' lang='lat' dir='ltr'><strong>blasphematoris</strong></span> <span class='ocrx_word' id='word_1_755' title='bbox 2699 4078 2755 4124; x_wconf 88' lang='lat' dir='ltr'><strong>et</strong></span> <span class='ocrx_word' id='word_1_756' title='bbox 2796 4066 3003 4123; x_wconf 91' lang='lat' dir='ltr'><strong>sinistri</strong></span> <span class='ocrx_word' id='word_1_757' title='bbox 3038 4064 3270 4119; x_wconf 85' lang='lat' dir='ltr'><strong>latronis</strong></span> <span class='ocrx_word' id='word_1_758' title='bbox 3310 4072 3549 4118; x_wconf 89' lang='lat' dir='ltr'><strong>mentem</strong></span> 
     </span>
    </p>
   </div>
   <div class='ocr_carea' id='block_1_103' title="bbox 1964 4155 3544 4231">
    <p class='ocr_par' dir='ltr' id='par_1_103' title="bbox 1964 4155 3544 4231">
     <span class='ocr_line' id='line_1_103' title="bbox 1964 4155 3544 4231; baseline -0.01 -8"><span class='ocrx_word' id='word_1_759' title='bbox 1964 4176 2020 4222; x_wconf 91' lang='lat' dir='ltr'><strong>et</strong></span> <span class='ocrx_word' id='word_1_760' title='bbox 2070 4176 2226 4222; x_wconf 90' lang='lat' dir='ltr'><strong>actus</strong></span> <span class='ocrx_word' id='word_1_761' title='bbox 2257 4167 2560 4221; x_wconf 89' lang='lat' dir='ltr'><strong>imitantur.</strong></span> <span class='ocrx_word' id='word_1_762' title='bbox 2624 4163 2700 4217; x_wconf 90' lang='lat' dir='ltr'><strong>De</strong></span> <span class='ocrx_word' id='word_1_763' title='bbox 2746 4160 2996 4231; x_wconf 89' lang='lat' dir='ltr'><strong>qualibus</strong></span> <span class='ocrx_word' id='word_1_764' title='bbox 3048 4157 3179 4212; x_wconf 90' lang='lat' dir='ltr'><strong>dicit</strong></span> <span class='ocrx_word' id='word_1_765' title='bbox 3205 4155 3544 4227; x_wconf 82' lang='lat' dir='ltr'><strong>Apostolus:</strong></span> 
     </span>
    </p>
   </div>
   <div class='ocr_carea' id='block_1_104' title="bbox 1968 4245 3551 4326">
    <p class='ocr_par' dir='ltr' id='par_1_104' title="bbox 1968 4245 3551 4326">
     <span class='ocr_line' id='line_1_104' title="bbox 1968 4245 3551 4326; baseline -0.008 -13"><span class='ocrx_word' id='word_1_766' title='bbox 1968 4259 2029 4314; x_wconf 88' lang='lat' dir='ltr'><strong>Si</strong></span> <span class='ocrx_word' id='word_1_767' title='bbox 2052 4257 2317 4312; x_wconf 87' lang='lat' dir='ltr'><strong>tradidero</strong></span> <span class='ocrx_word' id='word_1_768' title='bbox 2338 4271 2526 4326; x_wconf 89' lang='lat' dir='ltr'><strong>corpus</strong></span> <span class='ocrx_word' id='word_1_769' title='bbox 2552 4269 2722 4307; x_wconf 89' lang='lat' dir='ltr'><strong>meum</strong></span> <span class='ocrx_word' id='word_1_770' title='bbox 2748 4261 2803 4305; x_wconf 89' lang='lat' dir='ltr'><strong>ut</strong></span> <span class='ocrx_word' id='word_1_771' title='bbox 2827 4249 3063 4313; x_wconf 85' lang='lat' dir='ltr'><strong>ardeam,</strong></span> <span class='ocrx_word' id='word_1_772' title='bbox 3085 4248 3131 4301; x_wconf 88' lang='lat' dir='ltr'><strong>si</strong></span> <span class='ocrx_word' id='word_1_773' title='bbox 3159 4245 3350 4300; x_wconf 87' lang='lat' dir='ltr'><strong>dedero</strong></span> <span class='ocrx_word' id='word_1_774' title='bbox 3375 4264 3551 4300; x_wconf 87' lang='lat' dir='ltr'><strong>omnes</strong></span> 
     </span>
    </p>
   </div>
   <div class='ocr_carea' id='block_1_105' title="bbox 1966 4334 3554 4419">
    <p class='ocr_par' dir='ltr' id='par_1_105' title="bbox 1966 4334 3554 4419">
     <span class='ocr_line' id='line_1_105' title="bbox 1966 4334 3554 4419; baseline -0.009 -18"><span class='ocrx_word' id='word_1_775' title='bbox 1966 4346 2245 4419; x_wconf 76' lang='lat' dir='ltr'><strong>facultates</strong></span> <span class='ocrx_word' id='word_1_776' title='bbox 2268 4361 2410 4399; x_wconf 87' lang='lat' dir='ltr'><strong>meas</strong></span> <span class='ocrx_word' id='word_1_777' title='bbox 2438 4345 2494 4397; x_wconf 89' lang='lat' dir='ltr'><strong>in</strong></span> <span class='ocrx_word' id='word_1_778' title='bbox 2528 4342 2669 4396; x_wconf 87' lang='lat' dir='ltr'><strong>cibos</strong></span> <span class='ocrx_word' id='word_1_779' title='bbox 2690 4355 3009 4412; x_wconf 84' lang='lat' dir='ltr'><strong>pauperum,</strong></span> <span class='ocrx_word' id='word_1_780' title='bbox 3031 4338 3077 4391; x_wconf 87' lang='lat' dir='ltr'><strong>si</strong></span> <span class='ocrx_word' id='word_1_781' title='bbox 3117 4337 3226 4390; x_wconf 89' lang='lat' dir='ltr'><strong>alia</strong></span> <span class='ocrx_word' id='word_1_782' title='bbox 3267 4334 3436 4389; x_wconf 89' lang='lat' dir='ltr'><strong>multa</strong></span> <span class='ocrx_word' id='word_1_783' title='bbox 3483 4336 3554 4406; x_wconf 79' lang='lat' dir='ltr'><strong>fe-</strong></span> 
     </span>
    </p>
   </div>
   <div class='ocr_carea' id='block_1_106' title="bbox 1967 4426 3555 4501">
    <p class='ocr_par' dir='ltr' id='par_1_106' title="bbox 1967 4426 3555 4501">
     <span class='ocr_line' id='line_1_106' title="bbox 1967 4426 3555 4501; baseline -0.006 -10"><span class='ocrx_word' id='word_1_784' title='bbox 1967 4454 2106 4501; x_wconf 84' lang='lat' dir='ltr'><strong>cero,</strong></span> <span class='ocrx_word' id='word_1_785' title='bbox 2132 4435 2437 4490; x_wconf 85' lang='lat' dir='ltr'><strong>churitatem</strong></span> <span class='ocrx_word' id='word_1_786' title='bbox 2479 4441 2656 4487; x_wconf 86' lang='lat' dir='ltr'><strong>autem</strong></span> <span class='ocrx_word' id='word_1_787' title='bbox 2700 4447 2806 4485; x_wconf 87' lang='lat' dir='ltr'><strong>non</strong></span> <span class='ocrx_word' id='word_1_788' title='bbox 2840 4429 3085 4494; x_wconf 82' lang='lat' dir='ltr'><strong>habeam,</strong></span> <span class='ocrx_word' id='word_1_789' title='bbox 3126 4426 3258 4481; x_wconf 82' lang='lat' dir='ltr'><strong>nihil</strong></span> <span class='ocrx_word' id='word_1_790' title='bbox 3286 4428 3412 4481; x_wconf 88' lang='lat' dir='ltr'><strong>mihi</strong></span> <span class='ocrx_word' id='word_1_791' title='bbox 3436 4445 3555 4499; x_wconf 82' lang='lat' dir='ltr'><strong>pro-</strong></span> 
     </span>
    </p>
   </div>
   <div class='ocr_carea' id='block_1_107' title="bbox 1967 4516 3554 4597">
    <p class='ocr_par' dir='ltr' id='par_1_107' title="bbox 1967 4516 3554 4597">
     <span class='ocr_line' id='line_1_107' title="bbox 1967 4516 3554 4597; baseline -0.006 -17"><span class='ocrx_word' id='word_1_792' title='bbox 1967 4527 2079 4580; x_wconf 85' lang='lat' dir='ltr'><strong>dest</strong></span> <span class='ocrx_word' id='word_1_793' title='bbox 2120 4525 2171 4597; x_wconf 91' lang='grc' dir='ltr'><strong>(Ι</strong></span> <span class='ocrx_word' id='word_1_794' title='bbox 2202 4522 2325 4579; x_wconf 91' lang='lat' dir='ltr'><strong>Cor.</strong></span> <span class='ocrx_word' id='word_1_795' title='bbox 2370 4523 2516 4593; x_wconf 81' lang='lat' dir='ltr'><strong>xm).</strong></span> <span class='ocrx_word' id='word_1_796' title='bbox 2564 4521 2635 4575; x_wconf 81' lang='lat' dir='ltr'><strong>At</strong></span> <span class='ocrx_word' id='word_1_797' title='bbox 2677 4534 2807 4575; x_wconf 88' lang='lat' dir='ltr'><strong>vero</strong></span> <span class='ocrx_word' id='word_1_798' title='bbox 2836 4518 2973 4572; x_wconf 82' lang='lat' dir='ltr'><strong>beati</strong></span> <span class='ocrx_word' id='word_1_799' title='bbox 3009 4516 3100 4588; x_wconf 86' lang='lat' dir='ltr'><strong>qui</strong></span> <span class='ocrx_word' id='word_1_800' title='bbox 3144 4516 3554 4587; x_wconf 84' lang='lat' dir='ltr'><strong>persecutionem</strong></span> 
     </span>
    </p>
   </div>
   <div class='ocr_carea' id='block_1_108' title="bbox 1965 4607 3552 4688">
    <p class='ocr_par' dir='ltr' id='par_1_108' title="bbox 1965 4607 3552 4688">
     <span class='ocr_line' id='line_1_108' title="bbox 1965 4607 3552 4688; baseline -0.006 -16"><span class='ocrx_word' id='word_1_801' title='bbox 1965 4619 2243 4688; x_wconf 88' lang='lat' dir='ltr'><strong>patiuntur</strong></span> <span class='ocrx_word' id='word_1_802' title='bbox 2292 4625 2504 4687; x_wconf 86' lang='lat' dir='ltr'><strong>propter</strong></span> <span class='ocrx_word' id='word_1_803' title='bbox 2555 4613 2846 4683; x_wconf 87' lang='lat' dir='ltr'><strong>justitiam,</strong></span> <span class='ocrx_word' id='word_1_804' title='bbox 2898 4609 3148 4681; x_wconf 87' lang='lat' dir='ltr'><strong>quoniam</strong></span> <span class='ocrx_word' id='word_1_805' title='bbox 3195 4607 3429 4679; x_wconf 88' lang='lat' dir='ltr'><strong>ipsorum</strong></span> <span class='ocrx_word' id='word_1_806' title='bbox 3475 4618 3552 4664; x_wconf 85' lang='lat' dir='ltr'><strong>est</strong></span> 
     </span>
    </p>
   </div>
   <div class='ocr_carea' id='block_1_109' title="bbox 1968 4701 2804 4779">
    <p class='ocr_par' dir='ltr' id='par_1_109' title="bbox 1968 4701 2804 4779">
     <span class='ocr_line' id='line_1_109' title="bbox 1968 4701 2804 4779; baseline -0.007 -17"><span class='ocrx_word' id='word_1_807' title='bbox 1968 4724 2182 4779; x_wconf 88' lang='lat' dir='ltr'><strong>regnum</strong></span> <span class='ocrx_word' id='word_1_808' title='bbox 2206 4706 2450 4761; x_wconf 71' lang='lat' dir='ltr'><strong>calorum</strong></span> <span class='ocrx_word' id='word_1_809' title='bbox 2485 4703 2703 4776; x_wconf 83' lang='lat' dir='ltr'><strong>(Matth.</strong></span> <span class='ocrx_word' id='word_1_810' title='bbox 2725 4701 2804 4774; x_wconf 88' lang='lat' dir='ltr'><strong>v).</strong></span> 
     </span>
    </p>
   </div>
   <div class='ocr_carea' id='block_1_110' title="bbox 2042 4793 3552 4867">
    <p class='ocr_par' dir='ltr' id='par_1_110' title="bbox 2042 4793 3552 4867">
     <span class='ocr_line' id='line_1_110' title="bbox 2042 4793 3552 4867; baseline -0.003 -13"><span class='ocrx_word' id='word_1_811' title='bbox 2042 4802 2427 4854; x_wconf 66' lang='lat' dir='ltr'><strong>Pra’tereuntes</strong></span> <span class='ocrx_word' id='word_1_812' title='bbox 2454 4807 2630 4853; x_wconf 87' lang='lat' dir='ltr'><strong>autem</strong></span> <span class='ocrx_word' id='word_1_813' title='bbox 2657 4793 3085 4867; x_wconf 85' lang='lat' dir='ltr'><strong>blasphemabant</strong></span> <span class='ocrx_word' id='word_1_814' title='bbox 3112 4808 3250 4858; x_wconf 87' lang='lat' dir='ltr'><strong>eum,</strong></span> <span class='ocrx_word' id='word_1_815' title='bbox 3298 4803 3552 4850; x_wconf 79' lang='lat' dir='ltr'><strong>moventes</strong></span> 
     </span>
    </p>
   </div>
   <div class='ocr_carea' id='block_1_111' title="bbox 1969 4884 3553 4967">
    <p class='ocr_par' dir='ltr' id='par_1_111' title="bbox 1969 4884 3553 4967">
     <span class='ocr_line' id='line_1_111' title="bbox 1969 4884 3553 4967; baseline -0.008 -15"><span class='ocrx_word' id='word_1_816' title='bbox 1969 4898 2142 4967; x_wconf 87' lang='lat' dir='ltr'><strong>capita</strong></span> <span class='ocrx_word' id='word_1_817' title='bbox 2183 4911 2303 4958; x_wconf 86' lang='lat' dir='ltr'><strong>sua,</strong></span> <span class='ocrx_word' id='word_1_818' title='bbox 2353 4900 2457 4948; x_wconf 89' lang='lat' dir='ltr'><strong>etc.</strong></span> <span class='ocrx_word' id='word_1_819' title='bbox 2502 4887 2984 4961; x_wconf 88' lang='lat' dir='ltr'><strong>Blasphemabant,</strong></span> <span class='ocrx_word' id='word_1_820' title='bbox 3049 4884 3177 4956; x_wconf 89' lang='lat' dir='ltr'><strong>quia</strong></span> <span class='ocrx_word' id='word_1_821' title='bbox 3233 4892 3553 4956; x_wconf 66' lang='lat' dir='ltr'><strong>praetergre-</strong></span> 
     </span>
    </p>
   </div>
   <div class='ocr_carea' id='block_1_112' title="bbox 1973 4977 3552 5048">
    <p class='ocr_par' dir='ltr' id='par_1_112' title="bbox 1973 4977 3552 5048">
     <span class='ocr_line' id='line_1_112' title="bbox 1973 4977 3552 5048; baseline -0.005 -7"><span class='ocrx_word' id='word_1_822' title='bbox 1973 4987 2262 5042; x_wconf 89' lang='lat' dir='ltr'><strong>diebantur</strong></span> <span class='ocrx_word' id='word_1_823' title='bbox 2300 4983 2464 5047; x_wconf 89' lang='lat' dir='ltr'><strong>viam,</strong></span> <span class='ocrx_word' id='word_1_824' title='bbox 2495 4990 2550 5037; x_wconf 92' lang='lat' dir='ltr'><strong>et</strong></span> <span class='ocrx_word' id='word_1_825' title='bbox 2599 4981 2653 5035; x_wconf 91' lang='lat' dir='ltr'><strong>in</strong></span> <span class='ocrx_word' id='word_1_826' title='bbox 2683 4995 2812 5034; x_wconf 87' lang='lat' dir='ltr'><strong>vero</strong></span> <span class='ocrx_word' id='word_1_827' title='bbox 2839 4978 3037 5033; x_wconf 90' lang='lat' dir='ltr'><strong>itinere</strong></span> <span class='ocrx_word' id='word_1_828' title='bbox 3052 4977 3345 5048; x_wconf 69' lang='lat' dir='ltr'><strong>Scriptum</strong></span> <span class='ocrx_word' id='word_1_829' title='bbox 3364 4977 3552 5033; x_wconf 89' lang='lat' dir='ltr'><strong>ambu-</strong></span> 
     </span>
    </p>
   </div>
   <div class='ocr_carea' id='block_1_113' title="bbox 1973 5067 3549 5142">
    <p class='ocr_par' dir='ltr' id='par_1_113' title="bbox 1973 5067 3549 5142">
     <span class='ocr_line' id='line_1_113' title="bbox 1973 5067 3549 5142; baseline -0.006 -9"><span class='ocrx_word' id='word_1_830' title='bbox 1973 5078 2087 5133; x_wconf 83' lang='lat' dir='ltr'><strong>lare.</strong></span> <span class='ocrx_word' id='word_1_831' title='bbox 2114 5076 2391 5141; x_wconf 88' lang='lat' dir='ltr'><strong>nolebant,</strong></span> <span class='ocrx_word' id='word_1_832' title='bbox 2419 5073 2710 5130; x_wconf 85' lang='lat' dir='ltr'><strong>movebant</strong></span> <span class='ocrx_word' id='word_1_833' title='bbox 2728 5072 2925 5142; x_wconf 89' lang='lat' dir='ltr'><strong>capita,</strong></span> <span class='ocrx_word' id='word_1_834' title='bbox 2946 5069 3072 5139; x_wconf 90' lang='lat' dir='ltr'><strong>quia</strong></span> <span class='ocrx_word' id='word_1_835' title='bbox 3087 5067 3199 5138; x_wconf 82' lang='lat' dir='ltr'><strong>jam</strong></span> <span class='ocrx_word' id='word_1_836' title='bbox 3222 5077 3350 5124; x_wconf 89' lang='lat' dir='ltr'><strong>ante</strong></span> <span class='ocrx_word' id='word_1_837' title='bbox 3372 5085 3549 5125; x_wconf 87' lang='lat' dir='ltr'><strong>move-</strong></span> 
     </span>
    </p>
   </div>
   <div class='ocr_carea' id='block_1_114' title="bbox 1975 5165 3199 5237">
    <p class='ocr_par' dir='ltr' id='par_1_114' title="bbox 1975 5165 3199 5237">
     <span class='ocr_line' id='line_1_114' title="bbox 1975 5165 3199 5237; baseline -0.006 -14"><span class='ocrx_word' id='word_1_838' title='bbox 1975 5177 2098 5223; x_wconf 89' lang='lat' dir='ltr'><strong>rant</strong></span> <span class='ocrx_word' id='word_1_839' title='bbox 2120 5168 2282 5237; x_wconf 85' lang='lat' dir='ltr'><strong>pedes</strong></span> <span class='ocrx_word' id='word_1_840' title='bbox 2307 5174 2362 5221; x_wconf 94' lang='lat' dir='ltr'><strong>et</strong></span> <span class='ocrx_word' id='word_1_841' title='bbox 2397 5181 2504 5220; x_wconf 91' lang='lat' dir='ltr'><strong>non</strong></span> <span class='ocrx_word' id='word_1_842' title='bbox 2535 5165 2754 5220; x_wconf 89' lang='lat' dir='ltr'><strong>stabant</strong></span> <span class='ocrx_word' id='word_1_843' title='bbox 2775 5178 2937 5233; x_wconf 85' lang='lat' dir='ltr'><strong>supra</strong></span> <span class='ocrx_word' id='word_1_844' title='bbox 2968 5168 3199 5233; x_wconf 89' lang='lat' dir='ltr'><strong>petram.</strong></span> 
     </span>
    </p>
   </div>
   <div class='ocr_carea' id='block_1_115' title="bbox 2048 5252 3549 5326">
    <p class='ocr_par' dir='ltr' id='par_1_115' title="bbox 2048 5252 3549 5326">
     <span class='ocr_line' id='line_1_115' title="bbox 2048 5252 3549 5326; baseline -0.004 -14"><span class='ocrx_word' id='word_1_845' title='bbox 2048 5258 2305 5314; x_wconf 87' lang='lat' dir='ltr'><strong>Similiter</strong></span> <span class='ocrx_word' id='word_1_846' title='bbox 2323 5265 2372 5311; x_wconf 87' lang='lat' dir='ltr'><strong>et</strong></span> <span class='ocrx_word' id='word_1_847' title='bbox 2400 5255 2658 5326; x_wconf 83' lang='lat' dir='ltr'><strong>principes</strong></span> <span class='ocrx_word' id='word_1_848' title='bbox 2684 5252 3015 5309; x_wconf 87' lang='lat' dir='ltr'><strong>sacerdotum</strong></span> <span class='ocrx_word' id='word_1_849' title='bbox 3045 5268 3164 5307; x_wconf 82' lang='lat' dir='ltr'><strong>cum</strong></span> <span class='ocrx_word' id='word_1_850' title='bbox 3193 5253 3377 5307; x_wconf 76' lang='lat' dir='ltr'><strong>scribis</strong></span> <span class='ocrx_word' id='word_1_851' title='bbox 3406 5253 3549 5306; x_wconf 85' lang='lat' dir='ltr'><strong>dice-</strong></span> 
     </span>
    </p>
   </div>
   <div class='ocr_carea' id='block_1_116' title="bbox 1975 5342 3547 5415">
    <p class='ocr_par' dir='ltr' id='par_1_116' title="bbox 1975 5342 3547 5415">
     <span class='ocr_line' id='line_1_116' title="bbox 1975 5342 3547 5415; baseline -0.006 -9"><span class='ocrx_word' id='word_1_852' title='bbox 1975 5352 2119 5415; x_wconf 88' lang='lat' dir='ltr'><strong>bant,</strong></span> <span class='ocrx_word' id='word_1_853' title='bbox 2144 5359 2250 5405; x_wconf 89' lang='lat' dir='ltr'><strong>etc.</strong></span> <span class='ocrx_word' id='word_1_854' title='bbox 2278 5349 2451 5403; x_wconf 78' lang='lat' dir='ltr'><strong>Etiam</strong></span> <span class='ocrx_word' id='word_1_855' title='bbox 2487 5346 2730 5402; x_wconf 90' lang='lat' dir='ltr'><strong>nolentes</strong></span> <span class='ocrx_word' id='word_1_856' title='bbox 2751 5344 3081 5401; x_wconf 86' lang='lat' dir='ltr'><strong>conﬁtentur</strong></span> <span class='ocrx_word' id='word_1_857' title='bbox 3110 5343 3303 5398; x_wconf 74' lang='lat' dir='ltr'><strong>scribzr</strong></span> <span class='ocrx_word' id='word_1_858' title='bbox 3324 5350 3378 5398; x_wconf 93' lang='lat' dir='ltr'><strong>et</strong></span> <span class='ocrx_word' id='word_1_859' title='bbox 3410 5342 3547 5413; x_wconf 89' lang='lat' dir='ltr'><strong>pha-</strong></span> 
     </span>
    </p>
   </div>
   <div class='ocr_carea' id='block_1_117' title="bbox 1974 5438 3546 5515">
    <p class='ocr_par' dir='ltr' id='par_1_117' title="bbox 1974 5438 3546 5515">
     <span class='ocr_line' id='line_1_117' title="bbox 1974 5438 3546 5515; baseline -0.006 -14"><span class='ocrx_word' id='word_1_860' title='bbox 1974 5447 2135 5508; x_wconf 66' lang='lat' dir='ltr'><strong>rismi,</strong></span> <span class='ocrx_word' id='word_1_861' title='bbox 2181 5443 2325 5515; x_wconf 89' lang='lat' dir='ltr'><strong>quod</strong></span> <span class='ocrx_word' id='word_1_862' title='bbox 2368 5443 2502 5497; x_wconf 88' lang='lat' dir='ltr'><strong>alios</strong></span> <span class='ocrx_word' id='word_1_863' title='bbox 2538 5441 2718 5497; x_wconf 83' lang='lat' dir='ltr'><strong>salvos</strong></span> <span class='ocrx_word' id='word_1_864' title='bbox 2771 5438 2993 5505; x_wconf 75' lang='lat' dir='ltr'><strong>fecerit;</strong></span> <span class='ocrx_word' id='word_1_865' title='bbox 3036 5438 3218 5509; x_wconf 87' lang='lat' dir='ltr'><strong>itaque</strong></span> <span class='ocrx_word' id='word_1_866' title='bbox 3242 5454 3337 5493; x_wconf 77' lang='lat' dir='ltr'><strong>vos</strong></span> <span class='ocrx_word' id='word_1_867' title='bbox 3368 5450 3546 5492; x_wconf 86' lang='lat' dir='ltr'><strong>vestra</strong></span> 
     </span>
    </p>
   </div>
   <div class='ocr_carea' id='block_1_118' title="bbox 1973 5527 3551 5600">
    <p class='ocr_par' dir='ltr' id='par_1_118' title="bbox 1973 5527 3551 5600">
     <span class='ocr_line' id='line_1_118' title="bbox 1973 5527 3551 5600; baseline -0.007 -6"><span class='ocrx_word' id='word_1_868' title='bbox 1973 5539 2298 5594; x_wconf 74' lang='lat' dir='ltr'><strong>condemnat</strong></span> <span class='ocrx_word' id='word_1_869' title='bbox 2335 5534 2624 5590; x_wconf 87' lang='lat' dir='ltr'><strong>seu-tentia.</strong></span> <span class='ocrx_word' id='word_1_870' title='bbox 2657 5532 2759 5600; x_wconf 87' lang='lat' dir='ltr'><strong>Qui</strong></span> <span class='ocrx_word' id='word_1_871' title='bbox 2785 5531 2927 5586; x_wconf 90' lang='lat' dir='ltr'><strong>enim</strong></span> <span class='ocrx_word' id='word_1_872' title='bbox 2958 5529 3095 5585; x_wconf 88' lang='lat' dir='ltr'><strong>alios</strong></span> <span class='ocrx_word' id='word_1_873' title='bbox 3124 5528 3301 5583; x_wconf 86' lang='lat' dir='ltr'><strong>salvos</strong></span> <span class='ocrx_word' id='word_1_874' title='bbox 3332 5527 3478 5591; x_wconf 84' lang='lat' dir='ltr'><strong>fecit,</strong></span> <span class='ocrx_word' id='word_1_875' title='bbox 3507 5529 3551 5583; x_wconf 86' lang='lat' dir='ltr'><strong>s&#39;.</strong></span> 
     </span>
    </p>
   </div>
   <div class='ocr_carea' id='block_1_119' title="bbox 1978 5627 2997 5700">
    <p class='ocr_par' dir='ltr' id='par_1_119' title="bbox 1978 5627 2997 5700">
     <span class='ocr_line' id='line_1_119' title="bbox 1978 5627 2997 5700; baseline -0.007 -16"><span class='ocrx_word' id='word_1_876' title='bbox 1978 5631 2128 5685; x_wconf 62' lang='lat' dir='ltr'><strong>velle!</strong></span> <span class='ocrx_word' id='word_1_877' title='bbox 2144 5672 2157 5693; x_wconf 85' lang='lat'><strong>,</strong></span> <span class='ocrx_word' id='word_1_878' title='bbox 2184 5640 2240 5684; x_wconf 91' lang='lat' dir='ltr'><strong>ct</strong></span> <span class='ocrx_word' id='word_1_879' title='bbox 2264 5629 2497 5700; x_wconf 86' lang='lat' dir='ltr'><strong>seipsum</strong></span> <span class='ocrx_word' id='word_1_880' title='bbox 2531 5627 2740 5682; x_wconf 86' lang='lat' dir='ltr'><strong>salvare</strong></span> <span class='ocrx_word' id='word_1_881' title='bbox 2764 5632 2997 5694; x_wconf 84' lang='lat' dir='ltr'><strong>poterat.</strong></span> 
     </span>
    </p>
   </div>
   <div class='ocr_carea' id='block_1_120' title="bbox 2051 5710 3522 5783">
    <p class='ocr_par' dir='ltr' id='par_1_120' title="bbox 2051 5710 3522 5783">
     <span class='ocr_line' id='line_1_120' title="bbox 2051 5710 3522 5783; baseline -0.005 -7"><span class='ocrx_word' id='word_1_882' title='bbox 2051 5723 2335 5776; x_wconf 79' lang='lat' dir='ltr'><strong>Dcscendut</strong></span> <span class='ocrx_word' id='word_1_883' title='bbox 2367 5738 2501 5775; x_wconf 64' lang='lat' dir='ltr'><strong>nunc</strong></span> <span class='ocrx_word' id='word_1_884' title='bbox 2535 5720 2595 5773; x_wconf 70' lang='lat' dir='ltr'><strong>do:</strong></span> <span class='ocrx_word' id='word_1_885' title='bbox 2617 5734 2790 5780; x_wconf 72' lang='lat' dir='ltr'><strong>cruce,</strong></span> <span class='ocrx_word' id='word_1_886' title='bbox 2817 5724 2862 5767; x_wconf 79' lang='lat' dir='ltr'><strong>ct</strong></span> <span class='ocrx_word' id='word_1_887' title='bbox 2895 5715 3150 5767; x_wconf 64' lang='lat' dir='ltr'><strong>credimus</strong></span> <span class='ocrx_word' id='word_1_888' title='bbox 3194 5713 3257 5767; x_wconf 85' lang='lat' dir='ltr'><strong>ci.</strong></span> <span class='ocrx_word' id='word_1_889' title='bbox 3286 5711 3393 5783; x_wconf 69' lang='lat' dir='ltr'><strong>(Ex</strong></span> <span class='ocrx_word' id='word_1_890' title='bbox 3420 5710 3522 5769; x_wconf 78' lang='lat' dir='ltr'><strong>llic</strong></span> 
     </span>
    </p>
   </div>
  </div>
