3978 6428
185 332 284 388 Jb?)

1023 319 1548 380 COLLECTIONES
1584 321 1649 376 IN
1693 319 2072 374 EPISTOLAS
2109 317 2196 373 ET
2237 317 2650 373 EV'A‘NGELIA.

3343 316 3448 374 195

177 457 374 497 simum
411 439 744 511 signiﬁcans,
768 437 859 506 qui
892 419 1072 506 lingua
1125 432 1416 503 promitur,
1445 431 1526 486 sic
1555 429 1764 484 arundo
1790 437 1840 496 Α
1865 430 2119 486 vaticinia
2170 429 2573 501 prophetarum,
2625 428 2717 500 qui
2746 437 2801 484 et
2825 429 2924 499 ipsi
2973 443 3002 483 a
3027 436 3182 500 petra
3229 427 3452 486 Christo

141 531 284 586 ..ιιίρί
309 540 492 600 potest
513 528 714 592 littera,
745 525 890 596 quod
915 523 1180 578 arundine
1207 521 1482 578 scribitur.

1865 537 1990 580 cum
2007 521 2280 592 Apostolis
2299 529 2466 590 petra:
2485 521 2802 576 vocabulum
2823 528 3194 591 susceperant,
3215 528 3275 575 ut
3291 522 3451 591 quid-

250 623 410 676 Jesus
455 629 631 673 autent
671 618 863 671 iterum
890 614 1126 670 clamans
1170 629 1290 668 vare
1334 627 1550 683 magna,
1595 611 1767 666 emisit
1864 613 1996 683 quid
2015 612 2069 666 in
2091 612 2171 666 eis
2198 611 2340 665 duro
2363 611 2498 680 legis
2523 610 2790 666 velamine
2817 611 3188 679 claudebatur,
3212 611 3444 666 scissum

181 715 450 788 spiritum.
493 711 602 784 (Ea:
633 706 825 781 Beda.)
856 709 1062 763 Divina:
1088 705 1375 778 potestatis
1401 705 1662 760 indicium
1686 711 1772 760 est
1865 711 2019 775 patet
2040 711 2097 758 ct
2123 701 2396 773 gentibus.

184 807 438 862 emittere
477 803 752 875 spiritum,
795 808 857 856 ut
901 799 1018 870 ipse
1054 811 1269 868 quoque
1309 797 1565 852 dixerat:
1600 793 1776 873 Nemo

186 907 351 971 potest
376 895 562 952 tollere
584 894 818 948 animam
846 907 1016 946 meam
1051 907 1084 944 a
1119 905 1222 955 me,
1247 888 1338 943 sed
1372 904 1466 959 ego
1496 903 1633 958 pono
1655 902 1771 940 eam

185 1008 216 1044 a
241 989 472 1060 μείρεο,
493 997 548 1042 ut
571 982 1049 1053 rursumaecipiam
1074 996 1190 1036 eam
1220 977 1404 1052 (Joan.
1435 978 1512 1051 ι).
1543 977 1775 1050 Lignum

188 1082 455 1138 adversus
483 1079 710 1148 lignum,
749 1084 805 1132 et
855 1089 1050 1130 manus
1091 1081 1340 1142 patenter
1385 1071 1752 1126 extenduntur

189 1172 456 1226 adversus
485 1184 677 1224 manus
707 1166 1050 1223 continenter
1076 1172 1355 1228 extensas,
1383 1177 1482 1232 pro
1511 1161 1708 1218 solutis
1721 1167 1780 1214 et

194 1261 442 1318 remissis
461 1239 794 1331 praebentur,
813 1255 986 1312 clavis
1011 1253 1258 1318 conﬁxae,
1287 1267 1386 1324 pro
1412 1251 1498 1307 bis
1520 1265 1640 1320 qua:
1669 1247 1778 1318 eje-

190 1361 388 1408 cerunt
413 1351 616 1416 Adam,
655 1347 965 1419 praebentur
993 1358 1213 1408 manus,
1236 1358 1359 1412 qua:
1403 1337 1592 1397 orbe’m
1619 1348 1778 1394 terra:

193 1443 684 1512 complecterentur
707 1446 764 1492 et
807 1441 1086 1499 revocent,
1109 1448 1208 1503 pro
1244 1431 1549 1488 humilitate
1577 1429 1781 1485 exalta-

196 1531 293 1596 tio,
335 1545 435 1600 pro
482 1527 634 1584 suavi
663 1533 720 1582 et
768 1525 1073 1596 pernicioso
1101 1530 1283 1594 gustu,
1321 1520 1614 1590 suscipitur
1640 1518 1779 1574 fellis

197 1630 412 1693 gustus,
464 1627 521 1674 et
568 1631 715 1672 mors
745 1631 846 1685 pro
893 1621 1068 1669 morte
1103 1620 1366 1676 mutatur,
1404 1611 1640 1666 tenebrae
1680 1624 1779 1678 pro

202 1712 462 1778 tenebris,
513 1707 784 1782 sepultura
811 1721 909 1777 pro
955 1703 1250 1776 sepultura,
1300 1701 1629 1758 resurrectio
1679 1714 1779 1770 pro

1941 795 2010 851 Et
2053 805 2392 852 monumenta
2436 804 2618 866 aperta
2644 804 2787 850 sunt.
2839 794 2918 850 De
2951 795 3148 864 quibus
3186 796 3448 866 scriptum

1869 894 1990 942 est:
2030 885 2132 941 Vos
2159 887 2282 940 estis
2324 885 2564 956 sepulcra
2591 886 2912 940 extrinsecus
2951 883 3199 940 dealba'a
3233 886 3448 958 (Matth.

1871 977 2054 1049 mn),
2078 993 2202 1049 qua:
2229 977 2375 1032 intus
2392 977 2552 1046 plena
2572 984 2698 1032 sunt
2716 976 2932 1031 ossibus
2948 985 3313 1043 mortuorum,
3331 978 3453 1033 ideo

1873 1077 2002 1124 sunt
2026 1076 2234 1138 aperta,
2261 1077 2322 1122 ut
2346 1067 2735 1139 egrederentur
2759 1066 2827 1123 de
2872 1066 2958 1122 bis
2987 1067 3078 1136 qui
3111 1067 3260 1136 prius
3289 1067 3342 1120 in
3377 1067 3459 1120 iu-

1874 1161 2136 1218 ﬁdelitate
2165 1162 2366 1216 mortui
2411 1169 2592 1227 erant,
2624 1171 2680 1216 et
2723 1177 2846 1217 cum
2876 1171 3196 1232 resurgeute
3237 1159 3456 1216 Christo

1876 1261 2039 1322 atque
2080 1253 2298 1308 vivente
2324 1253 2588 1316 viverent,
2617 1260 2672 1306 et
2717 1253 3136 1323 ingrederentur
3172 1252 3454 1308 cwlestem

1875 1342 2202 1400 Jerusalem.
2249 1345 2419 1400 Porro
2462 1345 2759 1400 secundum
2787 1345 3052 1411 litteram,
3091 1345 3224 1400 nulli
3257 1345 3460 1400 violen-

1878 1444 1992 1490 tum
2044 1450 2166 1492 esse
2218 1435 2500 1499 videatur,
2549 1443 2761 1490 mortuo
2831 1436 3139 1503 Salvatore,
3186 1436 3462 1506 appellare

1878 1523 2178 1580 Jerusalem
2206 1535 2449 1580 sanctam
2469 1525 2766 1592 civitatem,
2792 1541 2915 1580 cum
2941 1541 3114 1595 usque
3141 1526 3210 1580 ad
3239 1527 3456 1581 destru-

1880 1617 2115 1674 ctionem
2133 1615 2260 1686 “eius
2279 1632 2493 1689 semper
2512 1617 2757 1690 Apostoli
2772 1619 3036 1691 templum
3060 1619 3294 1691 ingressi
3313 1627 3462 1684 sunt,

1881 1717 1936 1764 et
1963 1709 2033 1765 ob
2058 1708 2372 1764 scandalum
2409 1725 2622 1776 eorum,
2649 1711 2742 1780 qui
2767 1711 2832 1766 de
2857 1709 3059 1766 Judteis
3096 1701 3466 1770 crediderant,

203 1801 626 1864 resurrectione,
677 1797 793 1852 haec
839 1797 1044 1861 omnia,
1080 1811 1210 1850 cura
1255 1794 1500 1864 quaedam
1529 1805 1657 1864 erga
1683 1804 1816 1865 nos:

1905 1803 2018 1874 egis
2046 1811 2407 1870 exercuerunt
2436 1803 2809 1868 cmremonias,
2833 1801 3096 1872 cujusque
3121 1803 3468 1874 quadragesi-

202 1902 285 1946 est
312 1890 429 1956 Dei,
460 1897 514 1945 et
542 1887 804 1944 medicina
834 1883 1164 1940 inlirmitatis
1208 1891 1428 1938 nostris.
1657 1947 1662 1952 _

279 1981 348 2034 Et
388 1996 503 2034 ecce
545 1977 711 2032 velum
739 1974 912 2048 templi
955 1975 1172 2030 scissum
1213 1981 1288 2028 est
1319 1975 1375 2027 in
1395 1973 1530 2027 duas
1553 1980 1728 2044 partes
1755 1989 1788 2026 a

205 2089 413 2128 summo
441 2087 602 2143 usque
646 2069 906 2123 deorsum.
937 2065 1044 2140 (Ex
1087 2065 1278 2138 Beda.)
1309 2063 1585 2118 Scinditur
1612 2061 1788 2116 velum

210 2159 414 2230 templi,
447 2167 506 2213 ut
533 2172 658 2212 arca
685 2155 994 2210 testamenti
1025 2162 1081 2209 et
1103 2152 1285 2208 omnia
1320 2151 1455 2223 legis
1484 2164 1791 2206 sacramen-

212 2263 290 2317 ta,
339 2265 458 2322 quae
501 2248 821 2320 tegebantur
851 2253 1168 2318 appareant,
1211 2252 1374 2313 atque
1416 2241 1484 2296 ad
1535 2240 1790 2311 p0pulum

214 2349 494 2397 transeant
538 2339 836 2394 nationum.
892 2337 1034 2392 Ante
1091 2336 1291 2391 etenim
1321 2335 1526 2391 dictum
1567 2334 1788 2387 fuerat:

217 2433 392 2486 Notus
439 2432 492 2484 in
532 2428 722 2484 Juda’a
783 2427 944 2493 Deus,
981 2428 1035 2481 in
1088 2425 1258 2481 Israel
1319 2441 1566 2496 magnum
1607 2440 1795 2478 nomen

213 2525 328 2594 ejus
357 2517 712 2594 (Psal.txxv).
751 2517 902 2572 Nunc
931 2527 1112 2572 autem
1143 2517 1384 2574 exaltare
1433 2531 1600 2586 super
1627 2513 1794 2569 caelos

219 2615 380 2677 Deus,
423 2621 478 2666 et
519 2625 680 2680 super
725 2623 964 2674 omnem,
1010 2607 1206 2678 inquit,
1236 2615 1440 2663 terram
1487 2605 1653 2678 gloria
1681 2613 1790 2659 tua.

217 2709 283 2762 Et
335 2708 391 2762 in
437 2703 725 2777 Evangelio
752 2704 903 2776 prius
943 2703 1080 2758 dixit
1129 2721 1142 2756 :
1181 2701 1249 2756 In
1286 2703 1423 2757 riam
1452 2701 1686 2772 gentium
1733 2717 1796 2756 ne

216 2797 457 2851 abieritis
497 2794 743 2867 (Matth,
788 2793 864 2867 χ).
911 2793 1041 2850 Post
1065 2794 1376 2864 passionem
1424 2807 1556 2850 vero
1594 2807 1746 2848 suam
1779 2811 1792 2846 :

221 2889 446 2954 Enntes,
472 2887 666 2958 inquit,
691 2887 869 2940 docete
911 2898 1087 2940 attines
1116 2895 1290 2956 gentes
1313 2884 1528 2958 (Matth.
1564 2883 1792 2957 ultimo).

223 2980 412 3036 Velum
451 2978 634 3049 templi
669 2978 900 3032 scissum
964 2985 1070 3042 est,
1115 2985 1172 3031 et
1216 2977 1397 3031 omnia
1432 2975 1567 3047 legis
1611 2990 1798 3032 sacra-

220 3080 426 3138 menta,
453 3085 574 3140 quae
598 3070 752 3140 prius
777 3068 1097 3138 tegebantur
1124 3068 1336 3138 prodita
1363 3076 1508 3133 sunt,
1535 3076 1700 3138 atque
1731 3067 1800 3121 ad

1887 1909 2036 1948 mum
2065 1893 2360 1948 secundum
2390 1909 2589 1947 annum
2619 1894 2887 1963 passionis
2915 1893 3128 1948 Domini
3163 1894 3349 1948 datum
3383 1901 3471 1947 est

1890 1991 2100 2054 tempus
2127 1983 2483 2054 paenitentiae.
2511 1983 2590 2038 llli
2621 2000 2747 2039 vero
2778 1985 2829 2038 in
2861 1983 3195 2054 blasphemia
3217 1999 3470 2054 persevc-

1891 2082 2110 2138 rantes,
2162 2075 2364 2144 egressi
2421 2085 2547 2128 sunt
2590 2073 2696 2130 duo
2743 2075 2858 2128 ursi
2917 2072 2986 2128 de
3036 2073 3185 2129 silvis
3229 2073 3475 2145 gentium

1893 2155 2289 2228 Romanarum,
2323 2163 2388 2218 et'
2407 2163 2783 2219 laceraverunt
2811 2165 3203 2220 interﬁcientes
3232 2180 3350 2220 eam
3372 2206 3386 2230 ,
3419 2174 3474 2220 ct

1891 2273 1958 2312 ex
1987 2273 2053 2312 eo
2079 2241 2342 2328 tempore,
2373 2275 2480 2314 non
2507 2257 2805 2313 Jerusalem
2837 2266 3024 2313 sancta
3045 2299 3060 2324 ,
3091 2257 3185 2313 sed
3217 2257 3472 2329 spiritua-

1893 2346 2017 2400 liter
2039 2346 2308 2418 Egyptus
2335 2357 2560 2404 vocatur
2587 2356 2640 2401 et
2671 2347 2926 2402 Sodoma.

1962 2435 2031 2491 Et
2059 2441 2225 2492 multa
2253 2455 2474 2510 corpora
2517 2449 2836 2506 sanctorum,
2881 2441 2971 2512 qui
2999 2440 3320 2496 dormierunt
3355 2459 3476 2494 sur-

1895 2539 2163 2593 rexerant,
2195 2538 2299 2586 etc.
2331 2530 2433 2601 (Ex
2477 2529 2668 2604 Beda.)
2699 2528 2802 2596 Qui
2831 2531 2978 2586 enim
3007 2541 3323 2604 resurgentc
3365 2531 3476 2586 Du-

1896 2619 2044 2674 mino
2101 2630 2518 2676 resurrexerunt
2570 2638 2600 2676 a
2657 2623 2911 2687 mortuis,
2963 2623 3128 2677 etiam
3190 2623 3254 2677 ad
3311 2622 3480 2677 cmlos

1897 2710 2220 2774 ascendente
2264 2710 2424 2764 simul
2454 2711 2764 2766 ascendisse
2806 2711 3062 2766 credendi
3106 2721 3252 2765 sant.
3295 2709 3481 2780 Neque

1896 2801 2004 2856 ulla
2034 2802 2245 2856 ratione
2272 2801 2346 2856 illi
2375 2803 2663 2857 temeritati
2696 2801 2830 2857 ﬁdes
2860 2801 3358 2864 accommodanda,
3385 2801 3479 2870 qui

1897 2907 1990 2946 eos
2015 2900 2202 2962 postea
2231 2908 2478 2948 reversos
2505 2893 2558 2946 in
2590 2893 2850 2956 cinerem,
2887 2908 2951 2947 ac
2977 2893 3154 2946 denuo
3193 2891 3247 2945 in
3285 2905 3480 2945 monu—

1900 2984 2119 3049 mentis,
2166 2999 2287 3053 qum
2331 2983 2542 3054 pridem
2571 2983 2841 3053 patefacta
2889 2993 3014 3037 sunt
3059 2982 3128 3037 ab
3155 2983 3252 3044 eis,
3286 2982 3484 3051 quibus

1901 3073 2061 3142 paulo
2082 3081 2206 3128 ante
2219 3073 2325 3128 vivi
2341 3081 2730 3142 apparuerunt,
2759 3088 2910 3127 more
2927 3080 3264 3127 mortuorum
3287 3079 3482 3142 putant

220 3165 498 3235 gentilium
550 3161 810 3234 populum
864 3161 1218 3216 transierunt.
1273 3159 1382 3233 (Ex
1439 3159 1686 3232 Hieron.)
1743 3159 1874 3226 ιιιο
1907 3166 2124 3238 quidam
2150 3179 2272 3219 esse
2296 3164 2554 3219 reclusos.
2595 3163 2703 3236 (Ea:
2733 3153 2976 3234 Hieron.)
3008 3163 3289 3230 Quomodo
3317 3163 3482 3217 Laza-

222 3255 530 3326 Evangelio,
579 3253 736 3323 cujus
791 3267 933 3323 saepe
985 3249 1214 3306 facimus
1259 3251 1607 3314 mentionem,
1639 3264 1823 3320 super-

222 3347 470 3410 limiuare
499 3345 681 3415 templi
724 3344 948 3400 inﬁnita:
975 3345 1379 3415 magnitudinis,
1411 3343 1656 3398 fractum.
1678 3357 1803 3398 esse

225 3449 388 3508 atque
436 3436 664 3492 divisum
723 3435 975 3506 legimus.
1033 3433 1300 3504 Josepbus
1359 3449 1578 3504 quoque
1638 3433 1807 3489 refert

228 3529 364 3602 (Lib.
403 3544 479 3583 vn
533 3528 668 3583 Belli
712 3528 962 3594 Judaici;
989 3545 1107 3598 cap.
1153 3528 1242 3600 12)
1268 3527 1500 3583 virtutes
1534 3527 1808 3597 angelicas

227 3621 487 3692 praesides
519 3621 790 3691 quondam
825 3619 1008 3690 templi
1032 3629 1162 3674 tunc
1184 3619 1388 3690 pariter
1411 3619 1812 3684 conclamasso,

231 3723 569 3767 transeamus
597 3723 663 3766 es
689 3713 777 3766 his
808 3711 1047 3766 sedibus.
1086 3712 1446 3778 Quaarendum
1489 3722 1575 3766 est
1623 3720 1806 3766 utrum

233 3803 408 3858 velum
454 3803 636 3872 templi
689 3803 918 3858 scissum
963 3810 1068 3866 est,
1133 3803 1376 3858 exterius
1433 3817 1499 3856 an
1554 3801 1802 3858 interius.

235 3895 341 3951 Sed
388 3890 515 3950 uiihi
546 3894 758 3950 videtur
809 3896 862 3950 in
917 3896 1168 3966 passione
1202 3895 1439 3961 Domini,
1469 3895 1600 3951 illud
1625 3896 1807 3950 velum

229 3999 351 4041 esse
379 3987 731 4050 conscissum,
763 3985 905 4056 quod
947 3985 1000 4038 in
1034 3985 1234 4054 templo
1263 3984 1395 4039 foris
1419 3985 1652 4055 positum
1685 3983 1808 4050 fuit,

230 4087 288 4131 et
312 4075 678 4147 appellabatur
705 4075 968 4140 exterius,
1023 4083 1081 4129 ut
1130 4075 1464 4144 signiﬁcaret
1499 4075 1625 4145 quia
1667 4091 1811 4130 mmc

229 4183 299 4221 ex
324 4176 473 4237 parte
503 4167 762 4251 videmus,
785 4177 843 4222 et
867 4182 933 4222 ex
957 4168 1114 4237 parte
1131 4168 1526 4238 cognoscimus.
1555 4167 1690 4223 Cum
1723 4185 1816 4222 au-

232 4267 340 4312 tem
363 4259 569 4313 venerit
613 4259 1076 4330 quodzpcrl'eclum
1122 4269 1226 4326 est,
1259 4268 1385 4316 tunc
1429 4262 1594 4315 etiam
1632 4262 1837 4316 velum-

233 4349 461 4404 intcrius
502 4349 968 4421 disrumpendum,
1021 4361 1080 4404 ut
1117 4351 1301 4406 omnia
1332 4367 1453 4422 quae
1491 4365 1635 4406 nunc
1659 4353 1815 4406 nobis

231 4441 546 4496 abscondita
593 4450 740 4506 sunt,
777 4443 969 4497 domus
1007 4442 1100 4496 Dei
1139 4450 1476 4497 sacramenta
1510 4443 1809 4496 videamus.

1905 3273 1998 3314 rus
2040 3265 2284 3311 mortuus
2313 3255 2633 3320 resurrexit,
2669 3255 2747 3310 sic
2792 3253 2857 3310 ct'
2875 3255 3045 3309 multa
3075 3270 3306 3326 corpora
3356 3270 3484 3309 san-

1903 3357 2115 3404 ctorum
2153 3342 2586 3412 resurrexerunt,
2619 3356 2676 3401 ut
2706 3347 2992 3402 Dominum
3017 3347 3370 3402 ostenderent
3403 3362 3477 3401 re-

1905 3432 2243 3515 surgentem,
2289 3451 2345 3498 ct
2373 3453 2554 3498 tamen
2598 3458 2721 3496 cum
2753 3437 3102 3498 monumenta
3135 3449 3322 3512 aperta
3348 3441 3488 3508 sint,

1906 3552 2012 3590 non
2050 3544 2176 3591 ante
2225 3545 2602 3600 surrexerunt,
2651 3551 2813 3606 quam
2853 3535 3114 3591 Dominus
3143 3543 3489 3606 resurgeret,

1905 3634 1966 3680 ut
2016 3632 2161 3680 esset
2212 3627 2604 3696 primogenitus
2652 3625 3068 3680 resurrectionis
3115 3640 3184 3679 ex
3235 3624 3487 3679 mortuis.

1907 3715 2134 3783 Quando
2162 3732 2292 3771 vero
2317 3717 2512 3772 dicitur
2537 3735 2549 3770 :
2579 3715 2950 3786 Apparuerunt
2987 3715 3167 3769 multis
3187 3755 3202 3782 ,
3247 3716 3489 3772 ostendi-

1911 3819 1998 3862 tur
2043 3823 2150 3862 non
2203 3807 2472 3878 generalis
2503 3806 2670 3862 fuisse
2708 3807 3058 3872 resurrectio,
3088 3821 3210 3877 quae
3236 3807 3490 3863 omnibus

1909 3910 2215 3971 appareret,
2247 3901 2340 3955 sed
2366 3900 2616 3972 specialis
2643 3901 2709 3954 ad
2737 3900 3016 3970 plurimos,
3049 3909 3110 3954 ut
3129 3901 3184 3955 hi
3216 3901 3482 3961 viderent,

1909 3994 2001 4064 qui
2026 4007 2247 4048 cernere
2274 3993 2636 4046 merebantur.
2662 3991 2933 4058 Quaeritur
2953 4003 3133 4046 autem
3155 4007 3254 4044 cur
3279 3989 3501 4066 Marcus

1911 4084 2054 4138 dicat
2081 4101 2092 4136 :
2127 4081 2261 4136 Erat
2291 4091 2461 4135 autem
2505 4084 2633 4135 liora
2662 4083 2814 4136 tertia
2855 4091 2903 4135 et
2931 4068 3305 4151 cruci/iurant
3335 4099 3498 4147 eum,

1910 4187 1963 4232 et
1983 4173 2218 4230 Joannes
2239 4175 2399 4229 dicit:
2435 4173 2565 4226 Erat
2594 4183 2765 4226 autem
2794 4189 3072 4243 parasccve
3106 4169 3324 4227 Pasrlue
3356 4173 3495 4227 hom

1913 4267 2066 4338 quasi
2089 4274 2256 4319 sexta.
2287 4263 2395 4335 (Ex
2418 4262 2596 4333 Vulg.)
2631 4262 2860 4326 Quidam
2880 4262 2982 4316 hoc
3009 4262 3336 4332 scriptorum
3359 4277 3496 4316 con-

1915 4357 2098 4427 tigisse
2125 4354 2252 4409 dicit
2281 4369 2490 4408 errore.
2523 4354 2630 4408 Sed
2663 4368 2767 4406 non
2800 4352 2932 4406 mihi
2970 4353 3188 4406 videtur
3215 4351 3382 4406 ullam
3407 4353 3494 4406 in-

1914 4447 2324 4518 terpolationem
2367 4445 2762 4516 suscipiendam
2781 4445 3076 4515 Scriptum
3111 4443 3326 4510 divinae,
3359 4459 3508 4514 'quar

233 4533 373 4600 Quid
395 4533 700 4602 signiﬁcent
726 4535 832 4589 duo
855 4533 1162 4598 cherubim,
1187 4535 1319 4604 quid
1345 4535 1652 4599 oraculum,
1681 4535 1810 4604 quid
1838 4525 1890 4584 D
1915 4540 1984 4594 ab
2013 4538 2248 4593 Ecclesia
2279 4545 2394 4592 toto
2435 4537 2568 4592 orbe
2597 4535 2808 4600 dill'usa,
2856 4535 3150 4590 inviolabili
3201 4536 3509 4590 traditione

229 4641 332 4679 vas
355 4639 610 4688 aureum,
647 4624 702 4679 in
747 4640 867 4695 quo-
884 4640 1092 4679 manna'
1122 4625 1458 4680 reconditum
1485 4625 1606 4680 fuit.
1659 4625 1813 4682 Nunc

233 4716 378 4770 enim
410 4731 508 4790 per
544 4716 822 4785 speculum
851 4716 1098 4771 videmus
1123 4716 1178 4770 in
1203 4716 1456 4787 imagine,
1507 4725 1707 4770 etcum
1738 4717 1816 4772 bi-

233 4806 418 4861 storiaz
465 4804 622 4860 nobis
679 4805 856 4860 velum
905 4805 1135 4860 scissum
1196 4806 1290 4870 sit,
1347 4814 1401 4860 et
1447 4807 1819 4876 iugrediamur

235 4897 434 4950 atrium
485 4897 602 4964 Dei,
633 4906 812 4954 tamen
849 4907 1060 4954 secreta
1093 4898 1214 4969 ejus
1248 4905 1303 4953 et
1324 4897 1580 4953 universa
1615 4907 1817 4969 myste-

237 4990 337 5056 ria,
368 5005 486 5060 quae
510 4991 719 5048 cmlesti
746 4991 1082 5047 Hierusalem
1111 4992 1301 5048 clausa
1323 4993 1650 5057 retinentur,
1675 4994 1818 5048 scire

233 5099 342 5137 non
364 5099 672 5154 possumus.

307 5172 373 5227 Et
407 5183 548 5227 terra
591 5185 733 5230 mota
776 5185 874 5232 est.
904 5173 1066 5230 Juxta
1107 5174 1238 5230 illud
1266 5175 1412 5246 quod
1441 5175 1706 5246 scriptum
1734 5185 1820 5232 est

233 5267 286 5320 iu
308 5265 494 5338 Aggco
519 5285 532 5320 :
560 5266 742 5324 Adhuc
765 5285 858 5339 ego
887 5267 1047 5324 semel
1077 5267 1285 5323 movebo
1317 5267 1502 5324 calum
1525 5277 1573 5322 et
1595 5277 1816 5334 terram,

230 5366 278 5408 at
310 5357 474 5410 veniet
505 5355 842 5412 desideratus
861 5357 1062 5412 cunctis
1088 5356 1358 5428 gentibus,
1377 5365 1433 5411 ut
1466 5357 1753 5413 alr-oriente
1771 5369 1820 5412 et

231 5450 500 5504 occidente
524 5451 753 5514 veniant,
771 5461 819 5506 et
846 5449 1145 5505 recumbunt
1167 5465 1292 5505 eum
1307 5449 1575 5505 Abraham
1596 5459 1647 5504 et
1660 5449 1820 5506 Isaac

229 5550 276 5593 st
307 5539 476 5594 Iacob
510 5540 660 5612 (Agg.
692 5541 776 5610 Il).

302 5631 369 5684 Et
385 5641 550 5701 petrtr
562 5633 736 5686 scissis
755 5641 896 5686 sunt.
921 5631 977 5686 in
1003 5631 1216 5702 signum
1249 5629 1443 5686 futurte
1465 5630 1820 5685 resurrectio-

230 5724 338 5781 nis.
381 5723 470 5778 vel
501 5723 632 5777 dura
662 5723 822 5778 corda
849 5723 1158 5792 gentilium,
1191 5723 1303 5778 sive
1349 5732 1518 5794 petra:
1567 5723 1821 5776 universa

1915 4629 2229 4698 suscipitur.
2276 4627 2346 4682 Et
2392 4642 2459 4682 ne
2488 4641 2585 4696 per
2615 4627 2716 4681 hoc
2743 4626 2960 4681 occasio
3004 4626 3164 4681 detur
3203 4623 3507 4691 haereticis,

1917 4736 2024 4776 non
2050 4720 2348 4790 accipiendi
2383 4719 2436 4774 in
2468 4713 3014 4788 quibus'violaverint‘
3033 4718 3212 4774 divina
3258 4719 3505 4774 decreta.

1920 4811 2172 4881 Nunquid
2213 4828 2316 4882 per
2344 4821 2422 4867 tot
2465 4813 2660 4868 sarcula
2706 4812 2876 4868 latere
2909 4813 3086 4882 potuit
3133 4823 3240 4868 tam
3287 4829 3515 4870 summa:

1919 4905 2120 4960 lectio?
2165 4914 2259 4959 aut
2309 4920 2414 4961 non
2463 4906 2746 4961 emendari
2789 4905 3000 4961 falsitas
3043 4905 3319 4978 irrogata?
3359 4907 3516 4976 Quid

1917 5009 2049 5066 ergo
2074 4995 2334 5061 dicimus,
2351 4995 2456 5051 nisi
2487 5004 2580 5051 aut
2597 4994 2756 5065 iuxta
2785 4995 3372 5062 Marcum,Jud:eorum
3403 5016 3518 5055 vo--

1915 5087 2092 5152 cibus,
2140 5103 2246 5158 qua
2289 5087 2597 5142 clamarunt
2639 5087 2925 5160 Cruciﬂge,
2955 5091 3085 5144 hora
3131 5091 3291 5144 tertia
3321 5093 3517 5147 cruci—r

1919 5175 2109 5240 ﬁxum,
2140 5185 2237 5230 aut
2273 5177 2464 5232 eadem
2511 5179 2643 5232 hora
2668 5177 2874 5248 judicio
2919 5181 3088 5236 morti
3117 5181 3394 5236 addictum
3435 5197 3515 5237 ex.

1919 5267 2208 5333 sententia,
2229 5267 2378 5322 velut
2399 5267 2522 5338 jam-
2539 5269 2870 5326 cruciﬁxum
2889 5270 3061 5326 voluit
3090 5270 3408 5344 designare?
3433 5273 3513 5326 Et

1921 5361 2196 5432 quomodo
2226 5361 2524 5416 secundum
2555 5360 2818 5418 Joannem
2866 5363 2919 5418 in
2965 5379 3128 5419 cruce
3155 5349 3304 5420 ’hora
3347 5373 3518 5420 sextae

1923 5466 2238 5524 suspensus,
2292 5453 2436 5521 quod
2487 5469 2554 5507 ex
2609 5453 2974 5520 mirabilibus,
3027 5470 3148 5526 qua:
3191 5455 3518 5510 acciderunt.

1924 5544 2099 5614 magis
2125 5545 2401 5610 existimo,
2432 5545 2563 5600 dum
2591 5547 2658 5600 ab
2694 5547 2860 5616 ipsius
2891 5557 3164 5604 momento
3205 5548 3505 5618 temporis.

1903 5627 2006 5688 'sol
2039 5635 2225 5688 radios
2269 5637 2546 5692 sute‘lucis
2571 5637 2858 5691 abscondit
2881 5679 2895 5702 ,
2927 5653 2995 5693 ne
3025 5639 3289 5694 creatoris
3315 5639 3396 5693 sui
3425 5639 3514 5694 vi-v
3610 5665 3628 5674 —

1926 5726 2079 5780 deret
2107 5724 2377 5793 injuria-nt.
2408 5726 2510 5778 Aut
2535 5728 2580 5783 si
2613 5729 2741 5781 hora
2769 5737 2850 5782 est
2877 5729 3034 5781 tertia
3058 5730 3372 5786 cruciliws.
3397 5746 3510 5784 non
