  <div class='ocr_page' id='page_1' title='image "/cluster/home/n/w/nwhite01/storage/ocr_20150623/102/umn.31951002477395f/105.png"; bbox 0 0 3978 6412; ppageno 0'>
   <div class='ocr_carea' id='block_1_1' title="bbox 485 340 595 399">
    <p class='ocr_par' dir='ltr' id='par_1_1' title="bbox 485 340 595 399">
     <span class='ocr_line' id='line_1_1' title="bbox 485 340 595 399; baseline -0.009 -1"><span class='ocrx_word' id='word_1_1' title='bbox 485 340 595 399; x_wconf 74' lang='grc'><strong>195</strong></span> 
     </span>
    </p>
   </div>
   <div class='ocr_carea' id='block_1_2' title="bbox 1774 319 2458 378">
    <p class='ocr_par' dir='ltr' id='par_1_2' title="bbox 1774 319 2458 378">
     <span class='ocr_line' id='line_1_2' title="bbox 1774 319 2458 378; baseline -0.007 0"><span class='ocrx_word' id='word_1_2' title='bbox 1774 321 2128 378; x_wconf 77' lang='lat' dir='ltr'><strong>SMARAGDI</strong></span> <span class='ocrx_word' id='word_1_3' title='bbox 2169 319 2458 374; x_wconf 75' lang='lat' dir='ltr'><strong>ABBATIS</strong></span> 
     </span>
    </p>
   </div>
   <div class='ocr_carea' id='block_1_3' title="bbox 3631 318 3738 373">
    <p class='ocr_par' dir='ltr' id='par_1_3' title="bbox 3631 318 3738 373">
     <span class='ocr_line' id='line_1_3' title="bbox 3631 318 3738 373; baseline 0.019 -2"><span class='ocrx_word' id='word_1_4' title='bbox 3631 318 3738 373; x_wconf 76' lang='lat' dir='ltr'><strong>l‘.‘:6</strong></span> 
     </span>
    </p>
   </div>
   <div class='ocr_carea' id='block_1_4' title="bbox 480 428 3742 511">
    <p class='ocr_par' dir='ltr' id='par_1_4' title="bbox 480 428 3742 511">
     <span class='ocr_line' id='line_1_4' title="bbox 480 428 3742 511; baseline -0.007 -2"><span class='ocrx_word' id='word_1_5' title='bbox 480 456 761 510; x_wconf 87' lang='lat' dir='ltr'><strong>dissonant</strong></span> <span class='ocrx_word' id='word_1_6' title='bbox 780 452 892 505; x_wconf 71' lang='lat' dir='ltr'><strong>hmc</strong></span> <span class='ocrx_word' id='word_1_7' title='bbox 915 446 1128 511; x_wconf 83' lang='lat' dir='ltr'><strong>Joanni,</strong></span> <span class='ocrx_word' id='word_1_8' title='bbox 1153 444 1348 500; x_wconf 91' lang='lat' dir='ltr'><strong>dicenti</strong></span> <span class='ocrx_word' id='word_1_9' title='bbox 1375 458 1389 496; x_wconf 88' lang='lat'><strong>:</strong></span> <span class='ocrx_word' id='word_1_10' title='bbox 1420 441 1551 496; x_wconf 85' lang='lat' dir='ltr'><strong>Erat</strong></span> <span class='ocrx_word' id='word_1_11' title='bbox 1586 450 1761 494; x_wconf 87' lang='lat' dir='ltr'><strong>autem</strong></span> <span class='ocrx_word' id='word_1_12' title='bbox 1783 452 2057 509; x_wconf 85' lang='lat' dir='ltr'><strong>parasceve</strong></span> <span class='ocrx_word' id='word_1_13' title='bbox 2085 435 2134 493; x_wconf 80' lang='grc' dir='ltr'><strong>Α</strong></span> <span class='ocrx_word' id='word_1_14' title='bbox 2161 446 2337 486; x_wconf 82' lang='lat' dir='ltr'><strong>rorem</strong></span> <span class='ocrx_word' id='word_1_15' title='bbox 2366 431 2546 489; x_wconf 65' lang='lat' dir='ltr'><strong>Mariae</strong></span> <span class='ocrx_word' id='word_1_16' title='bbox 2569 430 2755 483; x_wconf 90' lang='lat' dir='ltr'><strong>matris</strong></span> <span class='ocrx_word' id='word_1_17' title='bbox 2777 428 3009 493; x_wconf 86' lang='lat' dir='ltr'><strong>Domini,</strong></span> <span class='ocrx_word' id='word_1_18' title='bbox 3049 440 3102 483; x_wconf 90' lang='lat' dir='ltr'><strong>ct</strong></span> <span class='ocrx_word' id='word_1_19' title='bbox 3134 438 3360 484; x_wconf 84' lang='lat' dir='ltr'><strong>matrem</strong></span> <span class='ocrx_word' id='word_1_20' title='bbox 3392 431 3628 486; x_wconf 90' lang='lat' dir='ltr'><strong>ﬁliorum</strong></span> <span class='ocrx_word' id='word_1_21' title='bbox 3642 433 3742 487; x_wconf 82' lang='lat' dir='ltr'><strong>Ze-</strong></span> 
     </span>
    </p>
   </div>
   <div class='ocr_carea' id='block_1_5' title="bbox 481 530 2048 613">
    <p class='ocr_par' dir='ltr' id='par_1_5' title="bbox 481 530 2048 613">
     <span class='ocr_line' id='line_1_5' title="bbox 481 530 2048 613; baseline -0.01 -14"><span class='ocrx_word' id='word_1_22' title='bbox 481 547 611 599; x_wconf 87' lang='lat' dir='ltr'><strong>hora</strong></span> <span class='ocrx_word' id='word_1_23' title='bbox 635 543 742 613; x_wconf 76' lang='lat' dir='ltr'><strong>fere</strong></span> <span class='ocrx_word' id='word_1_24' title='bbox 770 552 913 595; x_wconf 76' lang='lat' dir='ltr'><strong>sexta</strong></span> <span class='ocrx_word' id='word_1_25' title='bbox 943 530 1122 610; x_wconf 90' lang='lat' dir='ltr'><strong>(Ioan.</strong></span> <span class='ocrx_word' id='word_1_26' title='bbox 1159 536 1293 607; x_wconf 78' lang='lat' dir='ltr'><strong>xix).</strong></span> <span class='ocrx_word' id='word_1_27' title='bbox 1323 536 1624 590; x_wconf 84' lang='lat' dir='ltr'><strong>Parasceve</strong></span> <span class='ocrx_word' id='word_1_28' title='bbox 1648 533 1793 586; x_wconf 90' lang='lat' dir='ltr'><strong>enim</strong></span> <span class='ocrx_word' id='word_1_29' title='bbox 1831 545 2048 600; x_wconf 68' lang='lat' dir='ltr'><strong>praepa-</strong></span> 
     </span>
    </p>
   </div>
   <div class='ocr_carea' id='block_1_6' title="bbox 483 622 2049 701">
    <p class='ocr_par' dir='ltr' id='par_1_6' title="bbox 483 622 2049 701">
     <span class='ocr_line' id='line_1_6' title="bbox 483 622 2049 701; baseline -0.01 -12"><span class='ocrx_word' id='word_1_30' title='bbox 483 635 620 689; x_wconf 83' lang='lat' dir='ltr'><strong>ratio</strong></span> <span class='ocrx_word' id='word_1_31' title='bbox 649 634 1052 701; x_wconf 88' lang='lat' dir='ltr'><strong>interpretatnr,</strong></span> <span class='ocrx_word' id='word_1_32' title='bbox 1101 636 1157 681; x_wconf 91' lang='lat' dir='ltr'><strong>et</strong></span> <span class='ocrx_word' id='word_1_33' title='bbox 1180 626 1360 696; x_wconf 81' lang='lat' dir='ltr'><strong>passio</strong></span> <span class='ocrx_word' id='word_1_34' title='bbox 1388 622 1756 690; x_wconf 82' lang='lat' dir='ltr'><strong>Christi,qu:e</strong></span> <span class='ocrx_word' id='word_1_35' title='bbox 1794 631 1879 675; x_wconf 85' lang='lat' dir='ltr'><strong>est</strong></span> <span class='ocrx_word' id='word_1_36' title='bbox 1923 634 2049 673; x_wconf 92' lang='lat' dir='ltr'><strong>vere</strong></span> 
     </span>
    </p>
   </div>
   <div class='ocr_carea' id='block_1_7' title="bbox 482 708 2050 789">
    <p class='ocr_par' dir='ltr' id='par_1_7' title="bbox 482 708 2050 789">
     <span class='ocr_line' id='line_1_7' title="bbox 482 708 2050 789; baseline -0.01 -12"><span class='ocrx_word' id='word_1_37' title='bbox 482 723 701 777; x_wconf 69' lang='lat' dir='ltr'><strong>Paschze</strong></span> <span class='ocrx_word' id='word_1_38' title='bbox 760 718 1239 789; x_wconf 58' lang='lat' dir='ltr'><strong>przeparatiotante</strong></span> <span class='ocrx_word' id='word_1_39' title='bbox 1282 715 1458 769; x_wconf 87' lang='lat' dir='ltr'><strong>lucem</strong></span> <span class='ocrx_word' id='word_1_40' title='bbox 1485 713 1628 767; x_wconf 83' lang='lat' dir='ltr'><strong>facta</strong></span> <span class='ocrx_word' id='word_1_41' title='bbox 1674 718 1778 774; x_wconf 88' lang='lat' dir='ltr'><strong>est,</strong></span> <span class='ocrx_word' id='word_1_42' title='bbox 1807 710 1933 764; x_wconf 90' lang='lat' dir='ltr'><strong>dum</strong></span> <span class='ocrx_word' id='word_1_43' title='bbox 1983 708 2050 762; x_wconf 92' lang='lat' dir='ltr'><strong>ad</strong></span> 
     </span>
    </p>
   </div>
   <div class='ocr_carea' id='block_1_8' title="bbox 480 788 2054 881">
    <p class='ocr_par' dir='ltr' id='par_1_8' title="bbox 480 788 2054 881">
     <span class='ocr_line' id='line_1_8' title="bbox 480 788 2054 881; baseline -0.01 -14"><span class='ocrx_word' id='word_1_44' title='bbox 480 788 688 867; x_wconf 56' lang='lat' dir='ltr'><strong>Annam</strong></span> <span class='ocrx_word' id='word_1_45' title='bbox 715 788 1014 881; x_wconf 79' lang='lat' dir='ltr'><strong>principem</strong></span> <span class='ocrx_word' id='word_1_46' title='bbox 1033 806 1400 866; x_wconf 88' lang='lat' dir='ltr'><strong>sacerdotum,</strong></span> <span class='ocrx_word' id='word_1_47' title='bbox 1430 811 1696 858; x_wconf 89' lang='lat' dir='ltr'><strong>nocturno</strong></span> <span class='ocrx_word' id='word_1_48' title='bbox 1721 802 1897 856; x_wconf 88' lang='lat' dir='ltr'><strong>adhuc</strong></span> <span class='ocrx_word' id='word_1_49' title='bbox 1918 808 2054 853; x_wconf 81' lang='lat' dir='ltr'><strong>tem-</strong></span> 
     </span>
    </p>
   </div>
   <div class='ocr_carea' id='block_1_9' title="bbox 480 892 2050 976">
    <p class='ocr_par' dir='ltr' id='par_1_9' title="bbox 480 892 2050 976">
     <span class='ocr_line' id='line_1_9' title="bbox 480 892 2050 976; baseline -0.011 -15"><span class='ocrx_word' id='word_1_50' title='bbox 480 921 611 976; x_wconf 85' lang='lat' dir='ltr'><strong>pme</strong></span> <span class='ocrx_word' id='word_1_51' title='bbox 642 904 951 959; x_wconf 73' lang='lat' dir='ltr'><strong>duceretur.</strong></span> <span class='ocrx_word' id='word_1_52' title='bbox 1002 898 1114 953; x_wconf 79' lang='lat' dir='ltr'><strong>Nec</strong></span> <span class='ocrx_word' id='word_1_53' title='bbox 1160 897 1435 951; x_wconf 89' lang='lat' dir='ltr'><strong>immerito</strong></span> <span class='ocrx_word' id='word_1_54' title='bbox 1462 896 1529 950; x_wconf 92' lang='lat' dir='ltr'><strong>ab</strong></span> <span class='ocrx_word' id='word_1_55' title='bbox 1559 894 1649 948; x_wconf 90' lang='lat' dir='ltr'><strong>illa</strong></span> <span class='ocrx_word' id='word_1_56' title='bbox 1680 895 1813 948; x_wconf 87' lang='lat' dir='ltr'><strong>hora</strong></span> <span class='ocrx_word' id='word_1_57' title='bbox 1844 892 2050 955; x_wconf 88' lang='lat' dir='ltr'><strong>noctis,</strong></span> 
     </span>
    </p>
   </div>
   <div class='ocr_carea' id='block_1_10' title="bbox 483 985 2055 1066">
    <p class='ocr_par' dir='ltr' id='par_1_10' title="bbox 483 985 2055 1066">
     <span class='ocr_line' id='line_1_10' title="bbox 483 985 2055 1066; baseline -0.006 -19"><span class='ocrx_word' id='word_1_58' title='bbox 483 1012 588 1066; x_wconf 80' lang='lat' dir='ltr'><strong>qua</strong></span> <span class='ocrx_word' id='word_1_59' title='bbox 614 993 771 1049; x_wconf 89' lang='lat' dir='ltr'><strong>Iesus</strong></span> <span class='ocrx_word' id='word_1_60' title='bbox 799 995 991 1047; x_wconf 89' lang='lat' dir='ltr'><strong>ductus</strong></span> <span class='ocrx_word' id='word_1_61' title='bbox 1018 996 1102 1044; x_wconf 87' lang='lat' dir='ltr'><strong>est</strong></span> <span class='ocrx_word' id='word_1_62' title='bbox 1132 989 1184 1042; x_wconf 91' lang='lat' dir='ltr'><strong>in</strong></span> <span class='ocrx_word' id='word_1_63' title='bbox 1215 988 1382 1040; x_wconf 72' lang='lat' dir='ltr'><strong>Anum</strong></span> <span class='ocrx_word' id='word_1_64' title='bbox 1413 988 1648 1049; x_wconf 91' lang='lat' dir='ltr'><strong>domum,</strong></span> <span class='ocrx_word' id='word_1_65' title='bbox 1680 1000 1849 1053; x_wconf 85' lang='lat' dir='ltr'><strong>usque</strong></span> <span class='ocrx_word' id='word_1_66' title='bbox 1871 986 1936 1038; x_wconf 90' lang='lat' dir='ltr'><strong>ad</strong></span> <span class='ocrx_word' id='word_1_67' title='bbox 1959 985 2055 1038; x_wconf 87' lang='lat' dir='ltr'><strong>ho-</strong></span> 
     </span>
    </p>
   </div>
   <div class='ocr_carea' id='block_1_11' title="bbox 485 1073 2050 1144">
    <p class='ocr_par' dir='ltr' id='par_1_11' title="bbox 485 1073 2050 1144">
     <span class='ocr_line' id='line_1_11' title="bbox 485 1073 2050 1144; baseline -0.008 -6"><span class='ocrx_word' id='word_1_68' title='bbox 485 1099 600 1138; x_wconf 89' lang='lat' dir='ltr'><strong>ram</strong></span> <span class='ocrx_word' id='word_1_69' title='bbox 633 1082 866 1144; x_wconf 85' lang='lat' dir='ltr'><strong>tertiam,</strong></span> <span class='ocrx_word' id='word_1_70' title='bbox 916 1095 1011 1133; x_wconf 83' lang='lat' dir='ltr'><strong>sex</strong></span> <span class='ocrx_word' id='word_1_71' title='bbox 1042 1078 1187 1131; x_wconf 63' lang='lat' dir='ltr'><strong>horae</strong></span> <span class='ocrx_word' id='word_1_72' title='bbox 1230 1075 1394 1130; x_wconf 90' lang='lat' dir='ltr'><strong>fuisse</strong></span> <span class='ocrx_word' id='word_1_73' title='bbox 1435 1092 1466 1129; x_wconf 91' lang='lat' dir='ltr'><strong>a</strong></span> <span class='ocrx_word' id='word_1_74' title='bbox 1510 1073 1717 1129; x_wconf 77' lang='lat' dir='ltr'><strong>Joanne</strong></span> <span class='ocrx_word' id='word_1_75' title='bbox 1746 1074 2050 1128; x_wconf 90' lang='lat' dir='ltr'><strong>traduntur.</strong></span> 
     </span>
    </p>
   </div>
   <div class='ocr_carea' id='block_1_12' title="bbox 484 1167 2051 1239">
    <p class='ocr_par' dir='ltr' id='par_1_12' title="bbox 484 1167 2051 1239">
     <span class='ocr_line' id='line_1_12' title="bbox 484 1167 2051 1239; baseline -0.006 -9"><span class='ocrx_word' id='word_1_76' title='bbox 484 1176 665 1230; x_wconf 90' lang='lat' dir='ltr'><strong>Potuit</strong></span> <span class='ocrx_word' id='word_1_77' title='bbox 691 1174 834 1228; x_wconf 89' lang='lat' dir='ltr'><strong>enim</strong></span> <span class='ocrx_word' id='word_1_78' title='bbox 861 1172 977 1226; x_wconf 87' lang='lat' dir='ltr'><strong>ﬁeri</strong></span> <span class='ocrx_word' id='word_1_79' title='bbox 1029 1177 1088 1224; x_wconf 89' lang='lat' dir='ltr'><strong>ut</strong></span> <span class='ocrx_word' id='word_1_80' title='bbox 1110 1178 1220 1223; x_wconf 87' lang='lat' dir='ltr'><strong>tres</strong></span> <span class='ocrx_word' id='word_1_81' title='bbox 1247 1175 1636 1239; x_wconf 78' lang='lat' dir='ltr'><strong>peragerentur</strong></span> <span class='ocrx_word' id='word_1_82' title='bbox 1658 1167 1805 1221; x_wconf 63' lang='lat' dir='ltr'><strong>horas</strong></span> <span class='ocrx_word' id='word_1_83' title='bbox 1828 1175 2051 1221; x_wconf 89' lang='lat' dir='ltr'><strong>noctur-</strong></span> 
     </span>
    </p>
   </div>
   <div class='ocr_carea' id='block_1_13' title="bbox 488 1256 2055 1333">
    <p class='ocr_par' dir='ltr' id='par_1_13' title="bbox 488 1256 2055 1333">
     <span class='ocr_line' id='line_1_13' title="bbox 488 1256 2055 1333; baseline -0.004 -15"><span class='ocrx_word' id='word_1_84' title='bbox 488 1281 585 1328; x_wconf 59' lang='grc' dir='ltr'><strong>περ,</strong></span> <span class='ocrx_word' id='word_1_85' title='bbox 635 1273 689 1319; x_wconf 90' lang='lat' dir='ltr'><strong>et</strong></span> <span class='ocrx_word' id='word_1_86' title='bbox 718 1278 749 1316; x_wconf 92' lang='lat' dir='ltr'><strong>a</strong></span> <span class='ocrx_word' id='word_1_87' title='bbox 779 1260 1172 1333; x_wconf 63' lang='lat' dir='ltr'><strong>praeparatione</strong></span> <span class='ocrx_word' id='word_1_88' title='bbox 1218 1258 1485 1328; x_wconf 75' lang='lat' dir='ltr'><strong>passionis</strong></span> <span class='ocrx_word' id='word_1_89' title='bbox 1513 1256 1727 1312; x_wconf 87' lang='lat' dir='ltr'><strong>Domini</strong></span> <span class='ocrx_word' id='word_1_90' title='bbox 1775 1272 1946 1327; x_wconf 89' lang='lat' dir='ltr'><strong>usque</strong></span> <span class='ocrx_word' id='word_1_91' title='bbox 1988 1257 2055 1311; x_wconf 89' lang='lat' dir='ltr'><strong>ad</strong></span> 
     </span>
    </p>
   </div>
   <div class='ocr_carea' id='block_1_14' title="bbox 487 1346 2058 1410">
    <p class='ocr_par' dir='ltr' id='par_1_14' title="bbox 487 1346 2058 1410">
     <span class='ocr_line' id='line_1_14' title="bbox 487 1346 2058 1410; baseline -0.005 0"><span class='ocrx_word' id='word_1_92' title='bbox 487 1356 670 1410; x_wconf 87' lang='lat' dir='ltr'><strong>horam</strong></span> <span class='ocrx_word' id='word_1_93' title='bbox 696 1354 909 1408; x_wconf 89' lang='lat' dir='ltr'><strong>tertiam</strong></span> <span class='ocrx_word' id='word_1_94' title='bbox 934 1351 1057 1406; x_wconf 89' lang='lat' dir='ltr'><strong>diei.</strong></span> <span class='ocrx_word' id='word_1_95' title='bbox 1103 1348 1415 1404; x_wconf 89' lang='lat' dir='ltr'><strong>Secundum</strong></span> <span class='ocrx_word' id='word_1_96' title='bbox 1462 1346 1724 1402; x_wconf 82' lang='lat' dir='ltr'><strong>Joannem</strong></span> <span class='ocrx_word' id='word_1_97' title='bbox 1759 1363 1853 1403; x_wconf 83' lang='lat' dir='ltr'><strong>sex</strong></span> <span class='ocrx_word' id='word_1_98' title='bbox 1911 1349 2058 1402; x_wconf 70' lang='lat' dir='ltr'><strong>hora:</strong></span> 
     </span>
    </p>
   </div>
   <div class='ocr_carea' id='block_1_15' title="bbox 487 1439 2060 1507">
    <p class='ocr_par' dir='ltr' id='par_1_15' title="bbox 487 1439 2060 1507">
     <span class='ocr_line' id='line_1_15' title="bbox 487 1439 2060 1507; baseline -0.003 -10"><span class='ocrx_word' id='word_1_99' title='bbox 487 1445 785 1499; x_wconf 80' lang='lat' dir='ltr'><strong>rectissime</strong></span> <span class='ocrx_word' id='word_1_100' title='bbox 832 1442 1160 1505; x_wconf 87' lang='lat' dir='ltr'><strong>referuntur,</strong></span> <span class='ocrx_word' id='word_1_101' title='bbox 1212 1455 1319 1496; x_wconf 90' lang='lat' dir='ltr'><strong>non</strong></span> <span class='ocrx_word' id='word_1_102' title='bbox 1347 1440 1488 1494; x_wconf 92' lang='lat' dir='ltr'><strong>enim</strong></span> <span class='ocrx_word' id='word_1_103' title='bbox 1520 1439 1717 1494; x_wconf 80' lang='lat' dir='ltr'><strong>frustra</strong></span> <span class='ocrx_word' id='word_1_104' title='bbox 1746 1440 1955 1507; x_wconf 83' lang='lat' dir='ltr'><strong>adjecit,</strong></span> <span class='ocrx_word' id='word_1_105' title='bbox 1999 1449 2060 1494; x_wconf 94' lang='lat' dir='ltr'><strong>ut</strong></span> 
     </span>
    </p>
   </div>
   <div class='ocr_carea' id='block_1_16' title="bbox 487 1529 2059 1600">
    <p class='ocr_par' dir='ltr' id='par_1_16' title="bbox 487 1529 2059 1600">
     <span class='ocr_line' id='line_1_16' title="bbox 487 1529 2059 1600; baseline -0.003 -11"><span class='ocrx_word' id='word_1_106' title='bbox 487 1536 714 1589; x_wconf 86' lang='lat' dir='ltr'><strong>diceret:</strong></span> <span class='ocrx_word' id='word_1_107' title='bbox 755 1534 886 1588; x_wconf 85' lang='lat' dir='ltr'><strong>Erat</strong></span> <span class='ocrx_word' id='word_1_108' title='bbox 928 1533 1071 1587; x_wconf 90' lang='lat' dir='ltr'><strong>enim</strong></span> <span class='ocrx_word' id='word_1_109' title='bbox 1113 1531 1247 1585; x_wconf 78' lang='lat' dir='ltr'><strong>liora</strong></span> <span class='ocrx_word' id='word_1_110' title='bbox 1278 1544 1570 1600; x_wconf 86' lang='lat' dir='ltr'><strong>parasceve</strong></span> <span class='ocrx_word' id='word_1_111' title='bbox 1596 1529 1708 1584; x_wconf 90' lang='lat' dir='ltr'><strong>fere</strong></span> <span class='ocrx_word' id='word_1_112' title='bbox 1748 1537 1923 1594; x_wconf 86' lang='lat' dir='ltr'><strong>sexta,</strong></span> <span class='ocrx_word' id='word_1_113' title='bbox 1955 1531 2059 1585; x_wconf 90' lang='lat' dir='ltr'><strong>hoc</strong></span> 
     </span>
    </p>
   </div>
   <div class='ocr_carea' id='block_1_17' title="bbox 484 1618 2060 1693">
    <p class='ocr_par' dir='ltr' id='par_1_17' title="bbox 484 1618 2060 1693">
     <span class='ocr_line' id='line_1_17' title="bbox 484 1618 2060 1693; baseline -0.002 -16"><span class='ocrx_word' id='word_1_114' title='bbox 484 1632 591 1687; x_wconf 75' lang='lat' dir='ltr'><strong>est,</strong></span> <span class='ocrx_word' id='word_1_115' title='bbox 627 1620 1055 1693; x_wconf 68' lang='lat' dir='ltr'><strong>prmparationfs.</strong></span> <span class='ocrx_word' id='word_1_116' title='bbox 1091 1621 1167 1675; x_wconf 86' lang='lat' dir='ltr'><strong>Ex</strong></span> <span class='ocrx_word' id='word_1_117' title='bbox 1195 1634 1260 1675; x_wconf 90' lang='lat' dir='ltr'><strong>eo</strong></span> <span class='ocrx_word' id='word_1_118' title='bbox 1282 1621 1426 1673; x_wconf 89' lang='lat' dir='ltr'><strong>enim</strong></span> <span class='ocrx_word' id='word_1_119' title='bbox 1471 1619 1637 1689; x_wconf 78' lang='lat' dir='ltr'><strong>cmpit</strong></span> <span class='ocrx_word' id='word_1_120' title='bbox 1663 1620 1845 1689; x_wconf 82' lang='lat' dir='ltr'><strong>passio</strong></span> <span class='ocrx_word' id='word_1_121' title='bbox 1871 1618 2060 1674; x_wconf 88' lang='lat' dir='ltr'><strong>Salva-</strong></span> 
     </span>
    </p>
   </div>
   <div class='ocr_carea' id='block_1_18' title="bbox 491 1709 2060 1784">
    <p class='ocr_par' dir='ltr' id='par_1_18' title="bbox 491 1709 2060 1784">
     <span class='ocr_line' id='line_1_18' title="bbox 491 1709 2060 1784; baseline -0.004 -13"><span class='ocrx_word' id='word_1_122' title='bbox 491 1717 644 1781; x_wconf 85' lang='lat' dir='ltr'><strong>toris,</strong></span> <span class='ocrx_word' id='word_1_123' title='bbox 697 1731 763 1771; x_wconf 82' lang='lat' dir='ltr'><strong>ex</strong></span> <span class='ocrx_word' id='word_1_124' title='bbox 812 1730 919 1784; x_wconf 90' lang='lat' dir='ltr'><strong>quo</strong></span> <span class='ocrx_word' id='word_1_125' title='bbox 965 1728 1063 1783; x_wconf 89' lang='lat' dir='ltr'><strong>pro</strong></span> <span class='ocrx_word' id='word_1_126' title='bbox 1110 1712 1285 1768; x_wconf 88' lang='lat' dir='ltr'><strong>salute</strong></span> <span class='ocrx_word' id='word_1_127' title='bbox 1313 1711 1496 1766; x_wconf 89' lang='lat' dir='ltr'><strong>mundi</strong></span> <span class='ocrx_word' id='word_1_128' title='bbox 1546 1710 1743 1767; x_wconf 87' lang='lat' dir='ltr'><strong>ductus</strong></span> <span class='ocrx_word' id='word_1_129' title='bbox 1789 1719 1874 1766; x_wconf 91' lang='lat' dir='ltr'><strong>est</strong></span> <span class='ocrx_word' id='word_1_130' title='bbox 1914 1709 2060 1779; x_wconf 85' lang='lat' dir='ltr'><strong>judi-</strong></span> 
     </span>
    </p>
   </div>
   <div class='ocr_carea' id='block_1_19' title="bbox 485 1806 710 1860">
    <p class='ocr_par' dir='ltr' id='par_1_19' title="bbox 485 1806 710 1860">
     <span class='ocr_line' id='line_1_19' title="bbox 485 1806 710 1860; baseline -0.004 0"><span class='ocrx_word' id='word_1_131' title='bbox 485 1806 710 1860; x_wconf 89' lang='lat' dir='ltr'><strong>candus.</strong></span> 
     </span>
    </p>
   </div>
   <div class='ocr_carea' id='block_1_20' title="bbox 557 1914 2065 1986">
    <p class='ocr_par' dir='ltr' id='par_1_20' title="bbox 557 1914 2065 1986">
     <span class='ocr_line' id='line_1_20' title="bbox 557 1914 2065 1986; baseline -0.003 -14"><span class='ocrx_word' id='word_1_132' title='bbox 557 1917 803 1972; x_wconf 78' lang='lat' dir='ltr'><strong>Centurio</strong></span> <span class='ocrx_word' id='word_1_133' title='bbox 848 1925 1043 1980; x_wconf 87' lang='lat' dir='ltr'><strong>autem,</strong></span> <span class='ocrx_word' id='word_1_134' title='bbox 1080 1926 1127 1970; x_wconf 87' lang='lat' dir='ltr'><strong>et</strong></span> <span class='ocrx_word' id='word_1_135' title='bbox 1171 1915 1260 1986; x_wconf 87' lang='lat' dir='ltr'><strong>qui</strong></span> <span class='ocrx_word' id='word_1_136' title='bbox 1303 1932 1421 1969; x_wconf 90' lang='lat' dir='ltr'><strong>cum</strong></span> <span class='ocrx_word' id='word_1_137' title='bbox 1450 1932 1510 1970; x_wconf 92' lang='lat' dir='ltr'><strong>eo</strong></span> <span class='ocrx_word' id='word_1_138' title='bbox 1540 1923 1689 1970; x_wconf 90' lang='lat' dir='ltr'><strong>erant</strong></span> <span class='ocrx_word' id='word_1_139' title='bbox 1720 1914 2065 1969; x_wconf 78' lang='lat' dir='ltr'><strong>custodientes</strong></span> 
     </span>
    </p>
   </div>
   <div class='ocr_carea' id='block_1_21' title="bbox 392 2004 2065 2076">
    <p class='ocr_par' dir='ltr' id='par_1_21' title="bbox 392 2004 2065 2076">
     <span class='ocr_line' id='line_1_21' title="bbox 392 2004 2065 2076; baseline -0.003 -14"><span class='ocrx_word' id='word_1_140' title='bbox 392 2028 401 2036; x_wconf 71' lang='grc' dir='ltr'><strong>ο</strong></span> <span class='ocrx_word' id='word_1_141' title='bbox 485 2009 703 2073; x_wconf 70' lang='lat' dir='ltr'><strong>Iesum,</strong></span> <span class='ocrx_word' id='word_1_142' title='bbox 722 2009 831 2061; x_wconf 78' lang='lat' dir='ltr'><strong>nisa</strong></span> <span class='ocrx_word' id='word_1_143' title='bbox 860 2017 1013 2060; x_wconf 77' lang='lat' dir='ltr'><strong>terra:</strong></span> <span class='ocrx_word' id='word_1_144' title='bbox 1044 2016 1186 2060; x_wconf 90' lang='lat' dir='ltr'><strong>motu</strong></span> <span class='ocrx_word' id='word_1_145' title='bbox 1216 2015 1262 2059; x_wconf 92' lang='lat' dir='ltr'><strong>et</strong></span> <span class='ocrx_word' id='word_1_146' title='bbox 1292 2006 1373 2059; x_wconf 91' lang='lat' dir='ltr'><strong>his</strong></span> <span class='ocrx_word' id='word_1_147' title='bbox 1397 2022 1516 2076; x_wconf 72' lang='lat' dir='ltr'><strong>quae</strong></span> <span class='ocrx_word' id='word_1_148' title='bbox 1539 2004 1752 2074; x_wconf 82' lang='lat' dir='ltr'><strong>ﬁebant,</strong></span> <span class='ocrx_word' id='word_1_149' title='bbox 1780 2004 2065 2057; x_wconf 88' lang='lat' dir='ltr'><strong>timuerunt</strong></span> 
     </span>
    </p>
   </div>
   <div class='ocr_carea' id='block_1_22' title="bbox 486 2095 2065 2167">
    <p class='ocr_par' dir='ltr' id='par_1_22' title="bbox 486 2095 2065 2167">
     <span class='ocr_line' id='line_1_22' title="bbox 486 2095 2065 2167; baseline -0.003 -14"><span class='ocrx_word' id='word_1_150' title='bbox 486 2100 636 2154; x_wconf 82' lang='lat' dir='ltr'><strong>valde</strong></span> <span class='ocrx_word' id='word_1_151' title='bbox 658 2099 923 2151; x_wconf 81' lang='lat' dir='ltr'><strong>dicentes:</strong></span> <span class='ocrx_word' id='word_1_152' title='bbox 965 2096 1091 2150; x_wconf 83' lang='lat' dir='ltr'><strong>Vere</strong></span> <span class='ocrx_word' id='word_1_153' title='bbox 1117 2095 1211 2150; x_wconf 86' lang='lat' dir='ltr'><strong>Dei</strong></span> <span class='ocrx_word' id='word_1_154' title='bbox 1242 2095 1413 2150; x_wconf 85' lang='lat' dir='ltr'><strong>Filius</strong></span> <span class='ocrx_word' id='word_1_155' title='bbox 1440 2107 1549 2149; x_wconf 84' lang='lat' dir='ltr'><strong>erat</strong></span> <span class='ocrx_word' id='word_1_156' title='bbox 1575 2097 1691 2151; x_wconf 89' lang='lat' dir='ltr'><strong>iste.</strong></span> <span class='ocrx_word' id='word_1_157' title='bbox 1737 2095 1838 2167; x_wconf 83' lang='lat' dir='ltr'><strong>(Ex</strong></span> <span class='ocrx_word' id='word_1_158' title='bbox 1876 2095 2065 2163; x_wconf 88' lang='lat' dir='ltr'><strong>Beda.)</strong></span> 
     </span>
    </p>
   </div>
   <div class='ocr_carea' id='block_1_23' title="bbox 491 2187 2065 2258">
    <p class='ocr_par' dir='ltr' id='par_1_23' title="bbox 491 2187 2065 2258">
     <span class='ocr_line' id='line_1_23' title="bbox 491 2187 2065 2258; baseline -0.003 -14"><span class='ocrx_word' id='word_1_159' title='bbox 491 2189 605 2244; x_wconf 82' lang='lat' dir='ltr'><strong>Non</strong></span> <span class='ocrx_word' id='word_1_160' title='bbox 634 2189 780 2243; x_wconf 87' lang='lat' dir='ltr'><strong>solus</strong></span> <span class='ocrx_word' id='word_1_161' title='bbox 808 2187 1053 2241; x_wconf 73' lang='lat' dir='ltr'><strong>centurio</strong></span> <span class='ocrx_word' id='word_1_162' title='bbox 1079 2187 1399 2258; x_wconf 88' lang='lat' dir='ltr'><strong>gloriﬁcavit</strong></span> <span class='ocrx_word' id='word_1_163' title='bbox 1421 2187 1606 2249; x_wconf 86' lang='lat' dir='ltr'><strong>Deum,</strong></span> <span class='ocrx_word' id='word_1_164' title='bbox 1639 2187 1734 2242; x_wconf 89' lang='lat' dir='ltr'><strong>sed</strong></span> <span class='ocrx_word' id='word_1_165' title='bbox 1763 2195 1818 2242; x_wconf 89' lang='lat' dir='ltr'><strong>et</strong></span> <span class='ocrx_word' id='word_1_166' title='bbox 1845 2187 2065 2251; x_wconf 85' lang='lat' dir='ltr'><strong>milites,</strong></span> 
     </span>
    </p>
   </div>
   <div class='ocr_carea' id='block_1_24' title="bbox 491 2277 2066 2350">
    <p class='ocr_par' dir='ltr' id='par_1_24' title="bbox 491 2277 2066 2350">
     <span class='ocr_line' id='line_1_24' title="bbox 491 2277 2066 2350; baseline -0.001 -18"><span class='ocrx_word' id='word_1_167' title='bbox 491 2284 582 2350; x_wconf 87' lang='lat' dir='ltr'><strong>qui</strong></span> <span class='ocrx_word' id='word_1_168' title='bbox 631 2295 753 2335; x_wconf 91' lang='lat' dir='ltr'><strong>cum</strong></span> <span class='ocrx_word' id='word_1_169' title='bbox 794 2295 859 2334; x_wconf 91' lang='lat' dir='ltr'><strong>eo</strong></span> <span class='ocrx_word' id='word_1_170' title='bbox 884 2288 1039 2333; x_wconf 88' lang='lat' dir='ltr'><strong>erant</strong></span> <span class='ocrx_word' id='word_1_171' title='bbox 1087 2278 1454 2334; x_wconf 84' lang='lat' dir='ltr'><strong>custodientes</strong></span> <span class='ocrx_word' id='word_1_172' title='bbox 1496 2278 1702 2334; x_wconf 86' lang='lat' dir='ltr'><strong>Iesum.</strong></span> <span class='ocrx_word' id='word_1_173' title='bbox 1741 2277 1893 2333; x_wconf 88' lang='lat' dir='ltr'><strong>Sicut</strong></span> <span class='ocrx_word' id='word_1_174' title='bbox 1936 2277 2066 2332; x_wconf 81' lang='lat' dir='ltr'><strong>Mat-</strong></span> 
     </span>
    </p>
   </div>
   <div class='ocr_carea' id='block_1_25' title="bbox 494 2372 2062 2440">
    <p class='ocr_par' dir='ltr' id='par_1_25' title="bbox 494 2372 2062 2440">
     <span class='ocr_line' id='line_1_25' title="bbox 494 2372 2062 2440; baseline -0.001 -14"><span class='ocrx_word' id='word_1_175' title='bbox 494 2376 662 2428; x_wconf 69' lang='lat' dir='ltr'><strong>tbmns</strong></span> <span class='ocrx_word' id='word_1_176' title='bbox 706 2372 894 2427; x_wconf 87' lang='lat' dir='ltr'><strong>scribit</strong></span> <span class='ocrx_word' id='word_1_177' title='bbox 916 2372 1058 2432; x_wconf 81' lang='lat' dir='ltr'><strong>,viso</strong></span> <span class='ocrx_word' id='word_1_178' title='bbox 1112 2379 1269 2425; x_wconf 69' lang='lat' dir='ltr'><strong>terrae</strong></span> <span class='ocrx_word' id='word_1_179' title='bbox 1299 2381 1447 2425; x_wconf 91' lang='lat' dir='ltr'><strong>motu</strong></span> <span class='ocrx_word' id='word_1_180' title='bbox 1479 2379 1535 2426; x_wconf 91' lang='lat' dir='ltr'><strong>et</strong></span> <span class='ocrx_word' id='word_1_181' title='bbox 1579 2372 1665 2425; x_wconf 85' lang='lat' dir='ltr'><strong>his</strong></span> <span class='ocrx_word' id='word_1_182' title='bbox 1693 2387 1811 2440; x_wconf 76' lang='lat' dir='ltr'><strong>qua:</strong></span> <span class='ocrx_word' id='word_1_183' title='bbox 1842 2372 2062 2434; x_wconf 83' lang='lat' dir='ltr'><strong>ﬁebant,</strong></span> 
     </span>
    </p>
   </div>
   <div class='ocr_carea' id='block_1_26' title="bbox 493 2458 2064 2516">
    <p class='ocr_par' dir='ltr' id='par_1_26' title="bbox 493 2458 2064 2516">
     <span class='ocr_line' id='line_1_26' title="bbox 493 2458 2064 2516; baseline -0.003 0"><span class='ocrx_word' id='word_1_184' title='bbox 493 2464 788 2516; x_wconf 89' lang='lat' dir='ltr'><strong>timuerunt</strong></span> <span class='ocrx_word' id='word_1_185' title='bbox 814 2460 969 2515; x_wconf 80' lang='lat' dir='ltr'><strong>valde</strong></span> <span class='ocrx_word' id='word_1_186' title='bbox 1000 2459 1240 2514; x_wconf 89' lang='lat' dir='ltr'><strong>dicentes</strong></span> <span class='ocrx_word' id='word_1_187' title='bbox 1270 2477 1283 2513; x_wconf 87' lang='lat'><strong>:</strong></span> <span class='ocrx_word' id='word_1_188' title='bbox 1330 2458 1460 2513; x_wconf 83' lang='lat' dir='ltr'><strong>Vere</strong></span> <span class='ocrx_word' id='word_1_189' title='bbox 1486 2459 1585 2513; x_wconf 90' lang='lat' dir='ltr'><strong>Dei</strong></span> <span class='ocrx_word' id='word_1_190' title='bbox 1612 2458 1785 2513; x_wconf 88' lang='lat' dir='ltr'><strong>Filius</strong></span> <span class='ocrx_word' id='word_1_191' title='bbox 1814 2469 1924 2513; x_wconf 91' lang='lat' dir='ltr'><strong>erat</strong></span> <span class='ocrx_word' id='word_1_192' title='bbox 1948 2461 2064 2513; x_wconf 82' lang='lat' dir='ltr'><strong>iste.</strong></span> 
     </span>
    </p>
   </div>
   <div class='ocr_carea' id='block_1_27' title="bbox 494 2547 2069 2620">
    <p class='ocr_par' dir='ltr' id='par_1_27' title="bbox 494 2547 2069 2620">
     <span class='ocr_line' id='line_1_27' title="bbox 494 2547 2069 2620; baseline 0 -16"><span class='ocrx_word' id='word_1_193' title='bbox 494 2551 705 2618; x_wconf 84' lang='lat' dir='ltr'><strong>Quanta</strong></span> <span class='ocrx_word' id='word_1_194' title='bbox 740 2565 870 2620; x_wconf 86' lang='lat' dir='ltr'><strong>ergo</strong></span> <span class='ocrx_word' id='word_1_195' title='bbox 898 2550 1115 2604; x_wconf 63' lang='lat' dir='ltr'><strong>caecitas</strong></span> <span class='ocrx_word' id='word_1_196' title='bbox 1160 2547 1488 2614; x_wconf 67' lang='lat' dir='ltr'><strong>Iudarorum,</strong></span> <span class='ocrx_word' id='word_1_197' title='bbox 1518 2549 1609 2620; x_wconf 88' lang='lat' dir='ltr'><strong>qui</strong></span> <span class='ocrx_word' id='word_1_198' title='bbox 1657 2558 1735 2603; x_wconf 91' lang='lat' dir='ltr'><strong>tot</strong></span> <span class='ocrx_word' id='word_1_199' title='bbox 1766 2565 1863 2620; x_wconf 90' lang='lat' dir='ltr'><strong>per</strong></span> <span class='ocrx_word' id='word_1_200' title='bbox 1887 2550 2069 2605; x_wconf 87' lang='lat' dir='ltr'><strong>Domi—</strong></span> 
     </span>
    </p>
   </div>
   <div class='ocr_carea' id='block_1_28' title="bbox 495 2638 2069 2710">
    <p class='ocr_par' dir='ltr' id='par_1_28' title="bbox 495 2638 2069 2710">
     <span class='ocr_line' id='line_1_28' title="bbox 495 2638 2069 2710; baseline -0.001 -16"><span class='ocrx_word' id='word_1_201' title='bbox 495 2658 621 2695; x_wconf 88' lang='lat' dir='ltr'><strong>nmn</strong></span> <span class='ocrx_word' id='word_1_202' title='bbox 649 2640 940 2694; x_wconf 75' lang='lat' dir='ltr'><strong>virtutibus</strong></span> <span class='ocrx_word' id='word_1_203' title='bbox 968 2638 1144 2704; x_wconf 88' lang='lat' dir='ltr'><strong>faelis,</strong></span> <span class='ocrx_word' id='word_1_204' title='bbox 1169 2639 1333 2693; x_wconf 89' lang='lat' dir='ltr'><strong>tantis</strong></span> <span class='ocrx_word' id='word_1_205' title='bbox 1356 2640 1406 2692; x_wconf 92' lang='lat' dir='ltr'><strong>in</strong></span> <span class='ocrx_word' id='word_1_206' title='bbox 1440 2648 1614 2694; x_wconf 88' lang='lat' dir='ltr'><strong>morte</strong></span> <span class='ocrx_word' id='word_1_207' title='bbox 1640 2639 1782 2693; x_wconf 92' lang='lat' dir='ltr'><strong>illius</strong></span> <span class='ocrx_word' id='word_1_208' title='bbox 1807 2655 2069 2710; x_wconf 89' lang='lat' dir='ltr'><strong>apparen-</strong></span> 
     </span>
    </p>
   </div>
   <div class='ocr_carea' id='block_1_29' title="bbox 499 2729 2067 2802">
    <p class='ocr_par' dir='ltr' id='par_1_29' title="bbox 499 2729 2067 2802">
     <span class='ocr_line' id='line_1_29' title="bbox 499 2729 2067 2802; baseline -0.001 -16"><span class='ocrx_word' id='word_1_209' title='bbox 499 2732 643 2786; x_wconf 81' lang='lat' dir='ltr'><strong>tibus</strong></span> <span class='ocrx_word' id='word_1_210' title='bbox 694 2731 859 2802; x_wconf 79' lang='lat' dir='ltr'><strong>signis</strong></span> <span class='ocrx_word' id='word_1_211' title='bbox 904 2731 1127 2785; x_wconf 87' lang='lat' dir='ltr'><strong>credere</strong></span> <span class='ocrx_word' id='word_1_212' title='bbox 1178 2738 1522 2800; x_wconf 85' lang='lat' dir='ltr'><strong>respuerunt,</strong></span> <span class='ocrx_word' id='word_1_213' title='bbox 1558 2738 1613 2783; x_wconf 89' lang='lat' dir='ltr'><strong>et</strong></span> <span class='ocrx_word' id='word_1_214' title='bbox 1640 2729 2067 2785; x_wconf 88' lang='lat' dir='ltr'><strong>insensibiliores</strong></span> 
     </span>
    </p>
   </div>
   <div class='ocr_carea' id='block_1_30' title="bbox 495 2819 2070 2898">
    <p class='ocr_par' dir='ltr' id='par_1_30' title="bbox 495 2819 2070 2898">
     <span class='ocr_line' id='line_1_30' title="bbox 495 2819 2070 2898; baseline 0.001 -24"><span class='ocrx_word' id='word_1_215' title='bbox 495 2821 760 2892; x_wconf 79' lang='lat' dir='ltr'><strong>gentibus,</strong></span> <span class='ocrx_word' id='word_1_216' title='bbox 813 2822 980 2875; x_wconf 91' lang='lat' dir='ltr'><strong>Deum</strong></span> <span class='ocrx_word' id='word_1_217' title='bbox 1011 2819 1335 2898; x_wconf 85' lang='lat' dir='ltr'><strong>gloriﬁcare,</strong></span> <span class='ocrx_word' id='word_1_218' title='bbox 1386 2819 1471 2873; x_wconf 85' lang='lat' dir='ltr'><strong>vel</strong></span> <span class='ocrx_word' id='word_1_219' title='bbox 1499 2820 1691 2874; x_wconf 89' lang='lat' dir='ltr'><strong>timere</strong></span> <span class='ocrx_word' id='word_1_220' title='bbox 1728 2828 2070 2890; x_wconf 79' lang='lat' dir='ltr'><strong>contempse-</strong></span> 
     </span>
    </p>
   </div>
   <div class='ocr_carea' id='block_1_31' title="bbox 500 2899 2069 2981">
    <p class='ocr_par' dir='ltr' id='par_1_31' title="bbox 500 2899 2069 2981">
     <span class='ocr_line' id='line_1_31' title="bbox 500 2899 2069 2981; baseline 0.001 -17"><span class='ocrx_word' id='word_1_221' title='bbox 500 2899 829 2967; x_wconf 34' lang='lat' dir='ltr'><strong>runtIUnde</strong></span> <span class='ocrx_word' id='word_1_222' title='bbox 862 2912 1054 2966; x_wconf 84' lang='lat' dir='ltr'><strong>merito</strong></span> <span class='ocrx_word' id='word_1_223' title='bbox 1103 2927 1200 2981; x_wconf 88' lang='lat' dir='ltr'><strong>per</strong></span> <span class='ocrx_word' id='word_1_224' title='bbox 1235 2911 1608 2965; x_wconf 87' lang='lat' dir='ltr'><strong>centurionem</strong></span> <span class='ocrx_word' id='word_1_225' title='bbox 1643 2911 1774 2965; x_wconf 91' lang='lat' dir='ltr'><strong>ﬁdes</strong></span> <span class='ocrx_word' id='word_1_226' title='bbox 1811 2910 2069 2966; x_wconf 68' lang='lat' dir='ltr'><strong>Ecclesia:</strong></span> 
     </span>
    </p>
   </div>
   <div class='ocr_carea' id='block_1_32' title="bbox 495 3001 2133 3074">
    <p class='ocr_par' dir='ltr' id='par_1_32' title="bbox 495 3001 2133 3074">
     <span class='ocr_line' id='line_1_32' title="bbox 495 3001 2133 3074; baseline -0.003 -17"><span class='ocrx_word' id='word_1_227' title='bbox 495 3002 827 3074; x_wconf 79' lang='lat' dir='ltr'><strong>designatur,</strong></span> <span class='ocrx_word' id='word_1_228' title='bbox 881 3001 1165 3071; x_wconf 54' lang='lat' dir='ltr'><strong>qumvelo</strong></span> <span class='ocrx_word' id='word_1_229' title='bbox 1210 3001 1593 3072; x_wconf 85' lang='lat' dir='ltr'><strong>mysteriorum</strong></span> <span class='ocrx_word' id='word_1_230' title='bbox 1634 3002 1936 3057; x_wconf 67' lang='lat' dir='ltr'><strong>cmlestium</strong></span> <span class='ocrx_word' id='word_1_231' title='bbox 1971 3016 2071 3071; x_wconf 90' lang='lat' dir='ltr'><strong>per</strong></span> <span class='ocrx_word' id='word_1_232' title='bbox 2128 3046 2133 3051; x_wconf 71' lang='lat'><strong><em>,</em></strong></span> 
     </span>
    </p>
   </div>
   <div class='ocr_carea' id='block_1_33' title="bbox 492 3089 2066 3157">
    <p class='ocr_par' dir='ltr' id='par_1_33' title="bbox 492 3089 2066 3157">
     <span class='ocr_line' id='line_1_33' title="bbox 492 3089 2066 3157; baseline 0 -12"><span class='ocrx_word' id='word_1_233' title='bbox 492 3101 721 3149; x_wconf 86' lang='lat' dir='ltr'><strong>mortem</strong></span> <span class='ocrx_word' id='word_1_234' title='bbox 744 3092 957 3147; x_wconf 90' lang='lat' dir='ltr'><strong>Domini</strong></span> <span class='ocrx_word' id='word_1_235' title='bbox 977 3101 1240 3156; x_wconf 85' lang='lat' dir='ltr'><strong>reserato,</strong></span> <span class='ocrx_word' id='word_1_236' title='bbox 1264 3092 1521 3147; x_wconf 88' lang='lat' dir='ltr'><strong>continuo</strong></span> <span class='ocrx_word' id='word_1_237' title='bbox 1546 3092 1831 3148; x_wconf 91' lang='lat' dir='ltr'><strong>Dominum</strong></span> <span class='ocrx_word' id='word_1_238' title='bbox 1860 3089 2066 3157; x_wconf 87' lang='lat' dir='ltr'><strong>Iesum,</strong></span> 
     </span>
    </p>
   </div>
   <div class='ocr_carea' id='block_1_34' title="bbox 492 3181 2071 3260">
    <p class='ocr_par' dir='ltr' id='par_1_34' title="bbox 492 3181 2071 3260">
     <span class='ocr_line' id='line_1_34' title="bbox 492 3181 2071 3260; baseline -0.002 -21"><span class='ocrx_word' id='word_1_239' title='bbox 492 3193 548 3239; x_wconf 92' lang='lat' dir='ltr'><strong>ct</strong></span> <span class='ocrx_word' id='word_1_240' title='bbox 572 3199 697 3239; x_wconf 85' lang='lat' dir='ltr'><strong>vere</strong></span> <span class='ocrx_word' id='word_1_241' title='bbox 738 3181 943 3251; x_wconf 88' lang='lat' dir='ltr'><strong>justum</strong></span> <span class='ocrx_word' id='word_1_242' title='bbox 971 3181 1246 3236; x_wconf 80' lang='lat' dir='ltr'><strong>hominem</strong></span> <span class='ocrx_word' id='word_1_243' title='bbox 1276 3189 1329 3237; x_wconf 88' lang='lat' dir='ltr'><strong>et</strong></span> <span class='ocrx_word' id='word_1_244' title='bbox 1362 3197 1487 3237; x_wconf 86' lang='lat' dir='ltr'><strong>vere</strong></span> <span class='ocrx_word' id='word_1_245' title='bbox 1534 3182 1629 3237; x_wconf 92' lang='lat' dir='ltr'><strong>Dei</strong></span> <span class='ocrx_word' id='word_1_246' title='bbox 1659 3181 1878 3247; x_wconf 84' lang='lat' dir='ltr'><strong>Filium,</strong></span> <span class='ocrx_word' id='word_1_247' title='bbox 1908 3196 2071 3260; x_wconf 80' lang='lat' dir='ltr'><strong>syna-</strong></span> 
     </span>
    </p>
   </div>
   <div class='ocr_carea' id='block_1_35' title="bbox 493 3266 2073 3343">
    <p class='ocr_par' dir='ltr' id='par_1_35' title="bbox 493 3266 2073 3343">
     <span class='ocr_line' id='line_1_35' title="bbox 493 3266 2073 3343; baseline 0.001 -17"><span class='ocrx_word' id='word_1_248' title='bbox 493 3288 628 3343; x_wconf 79' lang='lat' dir='ltr'><strong>goga</strong></span> <span class='ocrx_word' id='word_1_249' title='bbox 655 3280 889 3337; x_wconf 82' lang='lat' dir='ltr'><strong>tacente,</strong></span> <span class='ocrx_word' id='word_1_250' title='bbox 913 3270 1216 3326; x_wconf 90' lang='lat' dir='ltr'><strong>conﬁrmat.</strong></span> <span class='ocrx_word' id='word_1_251' title='bbox 1250 3269 1385 3325; x_wconf 87' lang='lat' dir='ltr'><strong>Nam</strong></span> <span class='ocrx_word' id='word_1_252' title='bbox 1423 3280 1478 3327; x_wconf 92' lang='lat' dir='ltr'><strong>et</strong></span> <span class='ocrx_word' id='word_1_253' title='bbox 1503 3273 1616 3342; x_wconf 89' lang='lat' dir='ltr'><strong>ipsa</strong></span> <span class='ocrx_word' id='word_1_254' title='bbox 1643 3287 1853 3327; x_wconf 90' lang='lat' dir='ltr'><strong>summa</strong></span> <span class='ocrx_word' id='word_1_255' title='bbox 1896 3266 2073 3327; x_wconf 79' lang='lat' dir='ltr'><strong>cen&#39;te-</strong></span> 
     </span>
    </p>
   </div>
   <div class='ocr_carea' id='block_1_36' title="bbox 494 3361 2073 3437">
    <p class='ocr_par' dir='ltr' id='par_1_36' title="bbox 494 3361 2073 3437">
     <span class='ocr_line' id='line_1_36' title="bbox 494 3361 2073 3437; baseline 0.001 -19"><span class='ocrx_word' id='word_1_256' title='bbox 494 3364 668 3427; x_wconf 89' lang='lat' dir='ltr'><strong>naria,</strong></span> <span class='ocrx_word' id='word_1_257' title='bbox 699 3378 818 3432; x_wconf 70' lang='lat' dir='ltr'><strong>quae</strong></span> <span class='ocrx_word' id='word_1_258' title='bbox 842 3361 1041 3416; x_wconf 85' lang='lat' dir='ltr'><strong>inﬂexu</strong></span> <span class='ocrx_word' id='word_1_259' title='bbox 1078 3362 1391 3433; x_wconf 83' lang='lat' dir='ltr'><strong>digitorum,</strong></span> <span class='ocrx_word' id='word_1_260' title='bbox 1426 3363 1569 3437; x_wconf 84' lang='lat' dir='ltr'><strong>sicut</strong></span> <span class='ocrx_word' id='word_1_261' title='bbox 1597 3373 1651 3419; x_wconf 91' lang='lat' dir='ltr'><strong>et</strong></span> <span class='ocrx_word' id='word_1_262' title='bbox 1679 3379 1842 3434; x_wconf 90' lang='lat' dir='ltr'><strong>supra</strong></span> <span class='ocrx_word' id='word_1_263' title='bbox 1872 3379 2073 3419; x_wconf 90' lang='lat' dir='ltr'><strong>memo-</strong></span> 
     </span>
    </p>
   </div>
   <div class='ocr_carea' id='block_1_37' title="bbox 498 3455 2072 3520">
    <p class='ocr_par' dir='ltr' id='par_1_37' title="bbox 498 3455 2072 3520">
     <span class='ocr_line' id='line_1_37' title="bbox 498 3455 2072 3520; baseline 0.001 -11"><span class='ocrx_word' id='word_1_264' title='bbox 498 3465 672 3510; x_wconf 85' lang='lat' dir='ltr'><strong>ratum</strong></span> <span class='ocrx_word' id='word_1_265' title='bbox 704 3464 804 3519; x_wconf 88' lang='lat' dir='ltr'><strong>est,</strong></span> <span class='ocrx_word' id='word_1_266' title='bbox 835 3456 900 3510; x_wconf 92' lang='lat' dir='ltr'><strong>de</strong></span> <span class='ocrx_word' id='word_1_267' title='bbox 929 3456 1148 3510; x_wconf 88' lang='lat' dir='ltr'><strong>sinistra</strong></span> <span class='ocrx_word' id='word_1_268' title='bbox 1180 3457 1378 3510; x_wconf 90' lang='lat' dir='ltr'><strong>transit</strong></span> <span class='ocrx_word' id='word_1_269' title='bbox 1404 3457 1457 3510; x_wconf 90' lang='lat' dir='ltr'><strong>in</strong></span> <span class='ocrx_word' id='word_1_270' title='bbox 1486 3457 1790 3520; x_wconf 80' lang='lat' dir='ltr'><strong>dexteram,</strong></span> <span class='ocrx_word' id='word_1_271' title='bbox 1818 3455 2072 3510; x_wconf 67' lang='lat' dir='ltr'><strong>Ecclesia:</strong></span> 
     </span>
    </p>
   </div>
   <div class='ocr_carea' id='block_1_38' title="bbox 496 3545 2068 3620">
    <p class='ocr_par' dir='ltr' id='par_1_38' title="bbox 496 3545 2068 3620">
     <span class='ocr_line' id='line_1_38' title="bbox 496 3545 2068 3620; baseline 0.003 -21"><span class='ocrx_word' id='word_1_272' title='bbox 496 3546 852 3602; x_wconf 79' lang='lat' dir='ltr'><strong>sacramentis</strong></span> <span class='ocrx_word' id='word_1_273' title='bbox 876 3556 931 3601; x_wconf 92' lang='lat' dir='ltr'><strong>et</strong></span> <span class='ocrx_word' id='word_1_274' title='bbox 957 3545 1076 3601; x_wconf 90' lang='lat' dir='ltr'><strong>ﬁdei</strong></span> <span class='ocrx_word' id='word_1_275' title='bbox 1104 3547 1385 3616; x_wconf 89' lang='lat' dir='ltr'><strong>aptissime</strong></span> <span class='ocrx_word' id='word_1_276' title='bbox 1412 3549 1680 3620; x_wconf 83' lang='lat' dir='ltr'><strong>congruit,</strong></span> <span class='ocrx_word' id='word_1_277' title='bbox 1713 3550 1799 3605; x_wconf 93' lang='lat' dir='ltr'><strong>cui</strong></span> <span class='ocrx_word' id='word_1_278' title='bbox 1829 3564 1927 3619; x_wconf 89' lang='lat' dir='ltr'><strong>pro</strong></span> <span class='ocrx_word' id='word_1_279' title='bbox 1948 3548 2068 3618; x_wconf 82' lang='lat' dir='ltr'><strong>lege</strong></span> 
     </span>
    </p>
   </div>
   <div class='ocr_carea' id='block_1_39' title="bbox 450 3638 2075 3711">
    <p class='ocr_par' dir='ltr' id='par_1_39' title="bbox 450 3638 2075 3711">
     <span class='ocr_line' id='line_1_39' title="bbox 450 3638 2075 3711; baseline 0.001 -19"><span class='ocrx_word' id='word_1_280' title='bbox 450 3673 454 3676; x_wconf 77' lang='lat'><strong>~</strong></span> <span class='ocrx_word' id='word_1_281' title='bbox 497 3638 842 3709; x_wconf 76' lang='lat' dir='ltr'><strong>Evangelium</strong></span> <span class='ocrx_word' id='word_1_282' title='bbox 869 3639 1152 3703; x_wconf 89' lang='lat' dir='ltr'><strong>creditum,</strong></span> <span class='ocrx_word' id='word_1_283' title='bbox 1181 3653 1279 3709; x_wconf 89' lang='lat' dir='ltr'><strong>pro</strong></span> <span class='ocrx_word' id='word_1_284' title='bbox 1305 3647 1463 3695; x_wconf 71' lang='lat' dir='ltr'><strong>terrae</strong></span> <span class='ocrx_word' id='word_1_285' title='bbox 1489 3639 1695 3695; x_wconf 85' lang='lat' dir='ltr'><strong>divitiis</strong></span> <span class='ocrx_word' id='word_1_286' title='bbox 1744 3655 1969 3711; x_wconf 78' lang='lat' dir='ltr'><strong>regnum</strong></span> <span class='ocrx_word' id='word_1_287' title='bbox 1991 3646 2075 3694; x_wconf 86' lang='lat' dir='ltr'><strong>est</strong></span> 
     </span>
    </p>
   </div>
   <div class='ocr_carea' id='block_1_40' title="bbox 500 3728 1089 3798">
    <p class='ocr_par' dir='ltr' id='par_1_40' title="bbox 500 3728 1089 3798">
     <span class='ocr_line' id='line_1_40' title="bbox 500 3728 1089 3798; baseline 0 -17"><span class='ocrx_word' id='word_1_288' title='bbox 500 3728 720 3783; x_wconf 78' lang='lat' dir='ltr'><strong>caeleste</strong></span> <span class='ocrx_word' id='word_1_289' title='bbox 744 3728 1089 3798; x_wconf 91' lang='lat' dir='ltr'><strong>promissum.</strong></span> 
     </span>
    </p>
   </div>
   <div class='ocr_carea' id='block_1_41' title="bbox 572 3840 2077 3915">
    <p class='ocr_par' dir='ltr' id='par_1_41' title="bbox 572 3840 2077 3915">
     <span class='ocr_line' id='line_1_41' title="bbox 572 3840 2077 3915; baseline 0.004 -22"><span class='ocrx_word' id='word_1_290' title='bbox 572 3840 739 3894; x_wconf 81' lang='lat' dir='ltr'><strong>Erant</strong></span> <span class='ocrx_word' id='word_1_291' title='bbox 782 3851 956 3895; x_wconf 86' lang='lat' dir='ltr'><strong>autem</strong></span> <span class='ocrx_word' id='word_1_292' title='bbox 981 3842 1052 3895; x_wconf 88' lang='lat' dir='ltr'><strong>ibi</strong></span> <span class='ocrx_word' id='word_1_293' title='bbox 1085 3842 1330 3898; x_wconf 83' lang='lat' dir='ltr'><strong>mulieres</strong></span> <span class='ocrx_word' id='word_1_294' title='bbox 1354 3844 1536 3900; x_wconf 66' lang='lat' dir='ltr'><strong>multa!</strong></span> <span class='ocrx_word' id='word_1_295' title='bbox 1559 3843 1788 3915; x_wconf 86' lang='lat' dir='ltr'><strong>alonge,</strong></span> <span class='ocrx_word' id='word_1_296' title='bbox 1815 3855 1920 3899; x_wconf 91' lang='lat' dir='ltr'><strong>etc.</strong></span> <span class='ocrx_word' id='word_1_297' title='bbox 1962 3843 2077 3899; x_wconf 87' lang='lat' dir='ltr'><strong>Hoc</strong></span> 
     </span>
    </p>
   </div>
   <div class='ocr_carea' id='block_1_42' title="bbox 499 3932 2079 4004">
    <p class='ocr_par' dir='ltr' id='par_1_42' title="bbox 499 3932 2079 4004">
     <span class='ocr_line' id='line_1_42' title="bbox 499 3932 2079 4004; baseline 0.002 -18"><span class='ocrx_word' id='word_1_298' title='bbox 499 3940 583 3987; x_wconf 89' lang='lat' dir='ltr'><strong>cst</strong></span> <span class='ocrx_word' id='word_1_299' title='bbox 632 3932 774 4002; x_wconf 86' lang='lat' dir='ltr'><strong>quod</strong></span> <span class='ocrx_word' id='word_1_300' title='bbox 804 3933 917 4003; x_wconf 89' lang='lat' dir='ltr'><strong>ipse</strong></span> <span class='ocrx_word' id='word_1_301' title='bbox 945 3934 1202 3990; x_wconf 89' lang='lat' dir='ltr'><strong>Dominus</strong></span> <span class='ocrx_word' id='word_1_302' title='bbox 1228 3935 1280 3989; x_wconf 93' lang='lat' dir='ltr'><strong>in</strong></span> <span class='ocrx_word' id='word_1_303' title='bbox 1306 3935 1521 3990; x_wconf 91' lang='lat' dir='ltr'><strong>Psalmo</strong></span> <span class='ocrx_word' id='word_1_304' title='bbox 1543 3934 1791 4004; x_wconf 83' lang='lat' dir='ltr'><strong>explicita</strong></span> <span class='ocrx_word' id='word_1_305' title='bbox 1817 3950 1929 3988; x_wconf 68' lang='lat' dir='ltr'><strong>sua:</strong></span> <span class='ocrx_word' id='word_1_306' title='bbox 1954 3950 2079 4004; x_wconf 88' lang='lat' dir='ltr'><strong>pas-</strong></span> 
     </span>
    </p>
   </div>
   <div class='ocr_carea' id='block_1_43' title="bbox 498 4022 2078 4096">
    <p class='ocr_par' dir='ltr' id='par_1_43' title="bbox 498 4022 2078 4096">
     <span class='ocr_line' id='line_1_43' title="bbox 498 4022 2078 4096; baseline 0.002 -18"><span class='ocrx_word' id='word_1_307' title='bbox 498 4024 668 4078; x_wconf 89' lang='lat' dir='ltr'><strong>sionis</strong></span> <span class='ocrx_word' id='word_1_308' title='bbox 702 4025 841 4078; x_wconf 89' lang='lat' dir='ltr'><strong>serie</strong></span> <span class='ocrx_word' id='word_1_309' title='bbox 873 4022 1015 4079; x_wconf 70' lang='lat' dir='ltr'><strong>Patri</strong></span> <span class='ocrx_word' id='word_1_310' title='bbox 1066 4027 1336 4095; x_wconf 88' lang='lat' dir='ltr'><strong>queritur,</strong></span> <span class='ocrx_word' id='word_1_311' title='bbox 1367 4027 1553 4082; x_wconf 90' lang='lat' dir='ltr'><strong>dicens</strong></span> <span class='ocrx_word' id='word_1_312' title='bbox 1585 4044 1597 4077; x_wconf 92' lang='lat'><strong>:</strong></span> <span class='ocrx_word' id='word_1_313' title='bbox 1635 4024 1911 4096; x_wconf 86' lang='lat' dir='ltr'><strong>Elongasti</strong></span> <span class='ocrx_word' id='word_1_314' title='bbox 1942 4045 1973 4080; x_wconf 84' lang='grc' dir='ltr'><em>α</em></span> <span class='ocrx_word' id='word_1_315' title='bbox 1998 4044 2078 4082; x_wconf 89' lang='lat' dir='ltr'><strong>me</strong></span> 
     </span>
    </p>
   </div>
   <div class='ocr_carea' id='block_1_44' title="bbox 497 4115 2073 4190">
    <p class='ocr_par' dir='ltr' id='par_1_44' title="bbox 497 4115 2073 4190">
     <span class='ocr_line' id='line_1_44' title="bbox 497 4115 2073 4190; baseline 0.004 -23"><span class='ocrx_word' id='word_1_316' title='bbox 497 4115 742 4179; x_wconf 86' lang='lat' dir='ltr'><strong>amicum,</strong></span> <span class='ocrx_word' id='word_1_317' title='bbox 770 4124 818 4169; x_wconf 92' lang='lat' dir='ltr'><strong>et</strong></span> <span class='ocrx_word' id='word_1_318' title='bbox 838 4116 1133 4186; x_wconf 78' lang='lat' dir='ltr'><strong>proximum</strong></span> <span class='ocrx_word' id='word_1_319' title='bbox 1159 4126 1208 4171; x_wconf 85' lang='lat' dir='ltr'><strong>et</strong></span> <span class='ocrx_word' id='word_1_320' title='bbox 1239 4129 1386 4172; x_wconf 91' lang='lat' dir='ltr'><strong>notos</strong></span> <span class='ocrx_word' id='word_1_321' title='bbox 1414 4134 1555 4172; x_wconf 88' lang='lat' dir='ltr'><strong>meos</strong></span> <span class='ocrx_word' id='word_1_322' title='bbox 1588 4134 1621 4170; x_wconf 89' lang='lat' dir='ltr'><strong>a</strong></span> <span class='ocrx_word' id='word_1_323' title='bbox 1648 4118 1863 4172; x_wconf 88' lang='lat' dir='ltr'><strong>miseria</strong></span> <span class='ocrx_word' id='word_1_324' title='bbox 1897 4118 2073 4190; x_wconf 83' lang='lat' dir='ltr'><strong>(Psal.</strong></span> 
     </span>
    </p>
   </div>
   <div class='ocr_carea' id='block_1_45' title="bbox 502 4204 765 4277">
    <p class='ocr_par' dir='ltr' id='par_1_45' title="bbox 502 4204 765 4277">
     <span class='ocr_line' id='line_1_45' title="bbox 502 4204 765 4277; baseline -0.004 -18"><span class='ocrx_word' id='word_1_325' title='bbox 502 4204 765 4277; x_wconf 69' lang='lat' dir='ltr'><strong>cxxxvu).</strong></span> 
     </span>
    </p>
   </div>
   <div class='ocr_carea' id='block_1_46' title="bbox 569 4311 2074 4379">
    <p class='ocr_par' dir='ltr' id='par_1_46' title="bbox 569 4311 2074 4379">
     <span class='ocr_line' id='line_1_46' title="bbox 569 4311 2074 4379; baseline 0.009 -13"><span class='ocrx_word' id='word_1_326' title='bbox 569 4311 700 4378; x_wconf 67' lang='lat' dir='ltr'><strong>Quae</strong></span> <span class='ocrx_word' id='word_1_327' title='bbox 727 4323 919 4369; x_wconf 65' lang='lat' dir='ltr'><strong>secutis</strong></span> <span class='ocrx_word' id='word_1_328' title='bbox 960 4327 1108 4370; x_wconf 86' lang='lat' dir='ltr'><strong>erant</strong></span> <span class='ocrx_word' id='word_1_329' title='bbox 1138 4316 1321 4372; x_wconf 84' lang='lat' dir='ltr'><strong>Iesum</strong></span> <span class='ocrx_word' id='word_1_330' title='bbox 1349 4333 1382 4370; x_wconf 91' lang='lat' dir='ltr'><strong>a</strong></span> <span class='ocrx_word' id='word_1_331' title='bbox 1426 4314 1651 4373; x_wconf 72' lang='lat' dir='ltr'><strong>Galila&#39;a</strong></span> <span class='ocrx_word' id='word_1_332' title='bbox 1698 4321 2074 4379; x_wconf 77' lang='lat' dir='ltr'><strong>ministrantes.</strong></span> 
     </span>
    </p>
   </div>
   <div class='ocr_carea' id='block_1_47' title="bbox 499 4402 2077 4477">
    <p class='ocr_par' dir='ltr' id='par_1_47' title="bbox 499 4402 2077 4477">
     <span class='ocr_line' id='line_1_47' title="bbox 499 4402 2077 4477; baseline 0.01 -22"><span class='ocrx_word' id='word_1_333' title='bbox 499 4403 601 4474; x_wconf 83' lang='lat' dir='ltr'><strong>(Ex</strong></span> <span class='ocrx_word' id='word_1_334' title='bbox 633 4402 875 4477; x_wconf 83' lang='lat' dir='ltr'><strong>Hieron.)</strong></span> <span class='ocrx_word' id='word_1_335' title='bbox 908 4404 1325 4462; x_wconf 87' lang='lat' dir='ltr'><strong>Consuetudinis</strong></span> <span class='ocrx_word' id='word_1_336' title='bbox 1352 4406 1590 4464; x_wconf 77' lang='lat' dir='ltr'><strong>Iudaica:</strong></span> <span class='ocrx_word' id='word_1_337' title='bbox 1617 4408 1739 4475; x_wconf 90' lang='lat' dir='ltr'><strong>fuit,</strong></span> <span class='ocrx_word' id='word_1_338' title='bbox 1769 4426 1870 4467; x_wconf 89' lang='lat' dir='ltr'><strong>nec</strong></span> <span class='ocrx_word' id='word_1_339' title='bbox 1914 4416 2077 4470; x_wconf 85' lang='lat' dir='ltr'><strong>duce-</strong></span> 
     </span>
    </p>
   </div>
   <div class='ocr_carea' id='block_1_48' title="bbox 499 4484 2154 4568">
    <p class='ocr_par' dir='ltr' id='par_1_48' title="bbox 499 4484 2154 4568">
     <span class='ocr_line' id='line_1_48' title="bbox 499 4484 2154 4568; baseline 0.008 -20"><span class='ocrx_word' id='word_1_340' title='bbox 499 4494 661 4548; x_wconf 83' lang='lat' dir='ltr'><strong>batur</strong></span> <span class='ocrx_word' id='word_1_341' title='bbox 686 4494 740 4548; x_wconf 90' lang='lat' dir='ltr'><strong>in</strong></span> <span class='ocrx_word' id='word_1_342' title='bbox 773 4494 1001 4564; x_wconf 91' lang='lat' dir='ltr'><strong>culpam,</strong></span> <span class='ocrx_word' id='word_1_343' title='bbox 1044 4510 1194 4550; x_wconf 90' lang='lat' dir='ltr'><strong>more</strong></span> <span class='ocrx_word' id='word_1_344' title='bbox 1221 4496 1399 4565; x_wconf 82' lang='lat' dir='ltr'><strong>gentis</strong></span> <span class='ocrx_word' id='word_1_345' title='bbox 1427 4499 1669 4568; x_wconf 88' lang='lat' dir='ltr'><strong>antiquo,</strong></span> <span class='ocrx_word' id='word_1_346' title='bbox 1706 4510 1766 4556; x_wconf 90' lang='lat' dir='ltr'><strong>ut</strong></span> <span class='ocrx_word' id='word_1_347' title='bbox 1819 4505 2075 4561; x_wconf 86' lang='lat' dir='ltr'><strong>mulieres</strong></span> <span class='ocrx_word' id='word_1_348' title='bbox 2100 4484 2154 4543; x_wconf 77' lang='lat' dir='ltr'><strong>D</strong></span> 
     </span>
    </p>
   </div>
   <div class='ocr_carea' id='block_1_49' title="bbox 449 4582 2073 4664">
    <p class='ocr_par' dir='ltr' id='par_1_49' title="bbox 449 4582 2073 4664">
     <span class='ocr_line' id='line_1_49' title="bbox 449 4582 2073 4664; baseline 0.009 -28"><span class='ocrx_word' id='word_1_349' title='bbox 449 4590 454 4595; x_wconf 84' lang='grc'><em>’</em></span> <span class='ocrx_word' id='word_1_350' title='bbox 499 4582 566 4638; x_wconf 89' lang='lat' dir='ltr'><strong>de</strong></span> <span class='ocrx_word' id='word_1_351' title='bbox 600 4585 901 4638; x_wconf 88' lang='lat' dir='ltr'><strong>substantia</strong></span> <span class='ocrx_word' id='word_1_352' title='bbox 941 4601 1039 4640; x_wconf 89' lang='lat' dir='ltr'><strong>sua</strong></span> <span class='ocrx_word' id='word_1_353' title='bbox 1068 4586 1268 4640; x_wconf 87' lang='lat' dir='ltr'><strong>vietum</strong></span> <span class='ocrx_word' id='word_1_354' title='bbox 1298 4594 1462 4656; x_wconf 90' lang='lat' dir='ltr'><strong>atque</strong></span> <span class='ocrx_word' id='word_1_355' title='bbox 1490 4590 1744 4646; x_wconf 88' lang='lat' dir='ltr'><strong>vestitum</strong></span> <span class='ocrx_word' id='word_1_356' title='bbox 1774 4606 2073 4664; x_wconf 53' lang='lat' dir='ltr'><strong>praecepto-</strong></span> 
     </span>
    </p>
   </div>
   <div class='ocr_carea' id='block_1_50' title="bbox 500 4673 2074 4754">
    <p class='ocr_par' dir='ltr' id='par_1_50' title="bbox 500 4673 2074 4754">
     <span class='ocr_line' id='line_1_50' title="bbox 500 4673 2074 4754; baseline 0.01 -29"><span class='ocrx_word' id='word_1_357' title='bbox 500 4673 648 4727; x_wconf 89' lang='lat' dir='ltr'><strong>ribus</strong></span> <span class='ocrx_word' id='word_1_358' title='bbox 673 4674 1059 4729; x_wconf 89' lang='lat' dir='ltr'><strong>ministrarent.</strong></span> <span class='ocrx_word' id='word_1_359' title='bbox 1096 4675 1209 4729; x_wconf 82' lang='lat' dir='ltr'><strong>Hoc</strong></span> <span class='ocrx_word' id='word_1_360' title='bbox 1233 4677 1360 4745; x_wconf 86' lang='lat' dir='ltr'><strong>quia</strong></span> <span class='ocrx_word' id='word_1_361' title='bbox 1388 4680 1705 4735; x_wconf 89' lang='lat' dir='ltr'><strong>scandalum</strong></span> <span class='ocrx_word' id='word_1_362' title='bbox 1744 4682 1925 4738; x_wconf 85' lang='lat' dir='ltr'><strong>facere</strong></span> <span class='ocrx_word' id='word_1_363' title='bbox 1973 4700 2074 4754; x_wconf 82' lang='lat' dir='ltr'><strong>po-</strong></span> 
     </span>
    </p>
   </div>
   <div class='ocr_carea' id='block_1_51' title="bbox 501 4763 2072 4835">
    <p class='ocr_par' dir='ltr' id='par_1_51' title="bbox 501 4763 2072 4835">
     <span class='ocr_line' id='line_1_51' title="bbox 501 4763 2072 4835; baseline 0.01 -20"><span class='ocrx_word' id='word_1_364' title='bbox 501 4770 639 4816; x_wconf 90' lang='lat' dir='ltr'><strong>terat</strong></span> <span class='ocrx_word' id='word_1_365' title='bbox 684 4763 738 4816; x_wconf 92' lang='lat' dir='ltr'><strong>in</strong></span> <span class='ocrx_word' id='word_1_366' title='bbox 768 4764 1096 4828; x_wconf 90' lang='lat' dir='ltr'><strong>nationibus,</strong></span> <span class='ocrx_word' id='word_1_367' title='bbox 1146 4763 1344 4820; x_wconf 87' lang='lat' dir='ltr'><strong>Paulus</strong></span> <span class='ocrx_word' id='word_1_368' title='bbox 1370 4766 1631 4835; x_wconf 89' lang='lat' dir='ltr'><strong>abjecisse</strong></span> <span class='ocrx_word' id='word_1_369' title='bbox 1661 4786 1721 4825; x_wconf 89' lang='lat' dir='ltr'><strong>se</strong></span> <span class='ocrx_word' id='word_1_370' title='bbox 1765 4785 2072 4830; x_wconf 89' lang='lat' dir='ltr'><strong>memorat:</strong></span> 
     </span>
    </p>
   </div>
   <div class='ocr_carea' id='block_1_52' title="bbox 503 4851 2074 4927">
    <p class='ocr_par' dir='ltr' id='par_1_52' title="bbox 503 4851 2074 4927">
     <span class='ocr_line' id='line_1_52' title="bbox 503 4851 2074 4927; baseline 0.011 -22"><span class='ocrx_word' id='word_1_371' title='bbox 503 4851 755 4924; x_wconf 82' lang='lat' dir='ltr'><strong>Nunquid</strong></span> <span class='ocrx_word' id='word_1_372' title='bbox 784 4870 888 4908; x_wconf 87' lang='lat' dir='ltr'><strong>non</strong></span> <span class='ocrx_word' id='word_1_373' title='bbox 915 4854 1166 4908; x_wconf 83' lang='lat' dir='ltr'><strong>habemus</strong></span> <span class='ocrx_word' id='word_1_374' title='bbox 1194 4865 1523 4925; x_wconf 87' lang='lat' dir='ltr'><strong>potestatem,</strong></span> <span class='ocrx_word' id='word_1_375' title='bbox 1557 4877 1786 4927; x_wconf 83' lang='lat' dir='ltr'><strong>sorores,</strong></span> <span class='ocrx_word' id='word_1_376' title='bbox 1832 4866 2074 4922; x_wconf 84' lang='lat' dir='ltr'><strong>mulieres</strong></span> 
     </span>
    </p>
   </div>
   <div class='ocr_carea' id='block_1_53' title="bbox 500 4947 2071 5029">
    <p class='ocr_par' dir='ltr' id='par_1_53' title="bbox 500 4947 2071 5029">
     <span class='ocr_line' id='line_1_53' title="bbox 500 4947 2071 5029; baseline 0.011 -32"><span class='ocrx_word' id='word_1_377' title='bbox 500 4947 948 5010; x_wconf 85' lang='lat' dir='ltr'><strong>circumducendi,</strong></span> <span class='ocrx_word' id='word_1_378' title='bbox 973 4948 1108 5000; x_wconf 81' lang='lat' dir='ltr'><strong>sicut</strong></span> <span class='ocrx_word' id='word_1_379' title='bbox 1134 4955 1183 5000; x_wconf 82' lang='lat' dir='ltr'><strong>et</strong></span> <span class='ocrx_word' id='word_1_380' title='bbox 1201 4950 1375 5003; x_wconf 71' lang='lat' dir='ltr'><strong>cwteri</strong></span> <span class='ocrx_word' id='word_1_381' title='bbox 1396 4951 1617 5022; x_wconf 85' lang='lat' dir='ltr'><strong>apostoli</strong></span> <span class='ocrx_word' id='word_1_382' title='bbox 1637 4954 1837 5023; x_wconf 80' lang='lat' dir='ltr'><strong>faciunt</strong></span> <span class='ocrx_word' id='word_1_383' title='bbox 1862 4956 1881 5029; x_wconf 92' lang='lat'><strong>(</strong></span> <span class='ocrx_word' id='word_1_384' title='bbox 1893 4956 1923 5011; x_wconf 93' lang='lat' dir='ltr'><strong>I</strong></span> <span class='ocrx_word' id='word_1_385' title='bbox 1948 4957 2071 5014; x_wconf 84' lang='lat' dir='ltr'><strong>Cor.</strong></span> 
     </span>
    </p>
   </div>
   <div class='ocr_carea' id='block_1_54' title="bbox 503 5036 2072 5119">
    <p class='ocr_par' dir='ltr' id='par_1_54' title="bbox 503 5036 2072 5119">
     <span class='ocr_line' id='line_1_54' title="bbox 503 5036 2072 5119; baseline 0.011 -29"><span class='ocrx_word' id='word_1_386' title='bbox 503 5036 618 5107; x_wconf 79' lang='lat' dir='ltr'><strong>ix)?</strong></span> <span class='ocrx_word' id='word_1_387' title='bbox 647 5037 1026 5094; x_wconf 82' lang='lat' dir='ltr'><strong>Ministrabant</strong></span> <span class='ocrx_word' id='word_1_388' title='bbox 1045 5049 1223 5093; x_wconf 89' lang='lat' dir='ltr'><strong>autem</strong></span> <span class='ocrx_word' id='word_1_389' title='bbox 1257 5041 1485 5098; x_wconf 90' lang='lat' dir='ltr'><strong>Domino</strong></span> <span class='ocrx_word' id='word_1_390' title='bbox 1502 5045 1577 5099; x_wconf 83' lang='lat' dir='ltr'><strong>de</strong></span> <span class='ocrx_word' id='word_1_391' title='bbox 1601 5046 1900 5104; x_wconf 89' lang='lat' dir='ltr'><strong>substantia</strong></span> <span class='ocrx_word' id='word_1_392' title='bbox 1943 5068 2072 5119; x_wconf 88' lang='lat' dir='ltr'><strong>sua,</strong></span> 
     </span>
    </p>
   </div>
   <div class='ocr_carea' id='block_1_55' title="bbox 509 5131 2078 5204">
    <p class='ocr_par' dir='ltr' id='par_1_55' title="bbox 509 5131 2078 5204">
     <span class='ocr_line' id='line_1_55' title="bbox 509 5131 2078 5204; baseline 0.013 -25"><span class='ocrx_word' id='word_1_393' title='bbox 509 5134 569 5179; x_wconf 89' lang='lat' dir='ltr'><strong>ut</strong></span> <span class='ocrx_word' id='word_1_394' title='bbox 615 5135 884 5183; x_wconf 90' lang='lat' dir='ltr'><strong>meterent</strong></span> <span class='ocrx_word' id='word_1_395' title='bbox 940 5142 1128 5181; x_wconf 81' lang='lat' dir='ltr'><strong>eorum</strong></span> <span class='ocrx_word' id='word_1_396' title='bbox 1173 5131 1452 5198; x_wconf 88' lang='lat' dir='ltr'><strong>carnalia,</strong></span> <span class='ocrx_word' id='word_1_397' title='bbox 1503 5134 1657 5204; x_wconf 90' lang='lat' dir='ltr'><strong>cujus</strong></span> <span class='ocrx_word' id='word_1_398' title='bbox 1703 5138 1792 5193; x_wconf 90' lang='lat' dir='ltr'><strong>ille</strong></span> <span class='ocrx_word' id='word_1_399' title='bbox 1839 5147 2078 5200; x_wconf 88' lang='lat' dir='ltr'><strong>metebat</strong></span> 
     </span>
    </p>
   </div>
   <div class='ocr_carea' id='block_1_56' title="bbox 502 5218 2063 5293">
    <p class='ocr_par' dir='ltr' id='par_1_56' title="bbox 502 5218 2063 5293">
     <span class='ocr_line' id='line_1_56' title="bbox 502 5218 2063 5293; baseline 0.015 -23"><span class='ocrx_word' id='word_1_400' title='bbox 502 5218 829 5288; x_wconf 86' lang='lat' dir='ltr'><strong>spiritualia,</strong></span> <span class='ocrx_word' id='word_1_401' title='bbox 860 5234 966 5272; x_wconf 90' lang='lat' dir='ltr'><strong>non</strong></span> <span class='ocrx_word' id='word_1_402' title='bbox 999 5219 1141 5288; x_wconf 88' lang='lat' dir='ltr'><strong>quod</strong></span> <span class='ocrx_word' id='word_1_403' title='bbox 1172 5220 1436 5293; x_wconf 86' lang='lat' dir='ltr'><strong>indigeret</strong></span> <span class='ocrx_word' id='word_1_404' title='bbox 1461 5227 1598 5282; x_wconf 91' lang='lat' dir='ltr'><strong>cibis</strong></span> <span class='ocrx_word' id='word_1_405' title='bbox 1630 5230 1891 5290; x_wconf 91' lang='lat' dir='ltr'><strong>Dominus</strong></span> <span class='ocrx_word' id='word_1_406' title='bbox 1919 5252 2063 5293; x_wconf 87' lang='lat' dir='ltr'><strong>crea-</strong></span> 
     </span>
    </p>
   </div>
   <div class='ocr_carea' id='block_1_57' title="bbox 505 5309 2073 5396">
    <p class='ocr_par' dir='ltr' id='par_1_57' title="bbox 505 5309 2073 5396">
     <span class='ocr_line' id='line_1_57' title="bbox 505 5309 2073 5396; baseline 0.013 -32"><span class='ocrx_word' id='word_1_407' title='bbox 505 5320 770 5375; x_wconf 89' lang='lat' dir='ltr'><strong>turarum,</strong></span> <span class='ocrx_word' id='word_1_408' title='bbox 818 5309 913 5364; x_wconf 88' lang='lat' dir='ltr'><strong>sed</strong></span> <span class='ocrx_word' id='word_1_409' title='bbox 958 5318 1017 5363; x_wconf 81' lang='lat' dir='ltr'><strong>ut</strong></span> <span class='ocrx_word' id='word_1_410' title='bbox 1064 5320 1247 5381; x_wconf 85' lang='lat' dir='ltr'><strong>typum</strong></span> <span class='ocrx_word' id='word_1_411' title='bbox 1302 5320 1615 5380; x_wconf 71' lang='lat' dir='ltr'><strong>ostenderet</strong></span> <span class='ocrx_word' id='word_1_412' title='bbox 1655 5326 2073 5396; x_wconf 87' lang='lat' dir='ltr'><strong>magistrorum,</strong></span> 
     </span>
    </p>
   </div>
   <div class='ocr_carea' id='block_1_58' title="bbox 504 5401 2077 5480">
    <p class='ocr_par' dir='ltr' id='par_1_58' title="bbox 504 5401 2077 5480">
     <span class='ocr_line' id='line_1_58' title="bbox 504 5401 2077 5480; baseline 0.015 -25"><span class='ocrx_word' id='word_1_413' title='bbox 504 5402 647 5473; x_wconf 87' lang='lat' dir='ltr'><strong>quod</strong></span> <span class='ocrx_word' id='word_1_414' title='bbox 672 5401 816 5456; x_wconf 88' lang='lat' dir='ltr'><strong>victu</strong></span> <span class='ocrx_word' id='word_1_415' title='bbox 848 5410 1010 5470; x_wconf 87' lang='lat' dir='ltr'><strong>atque</strong></span> <span class='ocrx_word' id='word_1_416' title='bbox 1033 5404 1231 5458; x_wconf 88' lang='lat' dir='ltr'><strong>vestitu</strong></span> <span class='ocrx_word' id='word_1_417' title='bbox 1254 5407 1498 5480; x_wconf 89' lang='lat' dir='ltr'><strong>discipuli</strong></span> <span class='ocrx_word' id='word_1_418' title='bbox 1525 5414 1787 5471; x_wconf 89' lang='lat' dir='ltr'><strong>deberent</strong></span> <span class='ocrx_word' id='word_1_419' title='bbox 1802 5435 1924 5475; x_wconf 90' lang='lat' dir='ltr'><strong>esse</strong></span> <span class='ocrx_word' id='word_1_420' title='bbox 1944 5437 2077 5477; x_wconf 89' lang='lat' dir='ltr'><strong>eon-</strong></span> 
     </span>
    </p>
   </div>
   <div class='ocr_carea' id='block_1_59' title="bbox 508 5490 2076 5571">
    <p class='ocr_par' dir='ltr' id='par_1_59' title="bbox 508 5490 2076 5571">
     <span class='ocr_line' id='line_1_59' title="bbox 508 5490 2076 5571; baseline 0.015 -25"><span class='ocrx_word' id='word_1_421' title='bbox 508 5493 661 5547; x_wconf 89' lang='lat' dir='ltr'><strong>tenti.</strong></span> <span class='ocrx_word' id='word_1_422' title='bbox 701 5490 807 5546; x_wconf 90' lang='lat' dir='ltr'><strong>Sed</strong></span> <span class='ocrx_word' id='word_1_423' title='bbox 835 5494 1111 5550; x_wconf 80' lang='lat' dir='ltr'><strong>videamus</strong></span> <span class='ocrx_word' id='word_1_424' title='bbox 1140 5499 1326 5566; x_wconf 85' lang='lat' dir='ltr'><strong>quales</strong></span> <span class='ocrx_word' id='word_1_425' title='bbox 1354 5505 1580 5561; x_wconf 91' lang='lat' dir='ltr'><strong>comites</strong></span> <span class='ocrx_word' id='word_1_426' title='bbox 1607 5509 1873 5571; x_wconf 83' lang='lat' dir='ltr'><strong>habuerit,</strong></span> <span class='ocrx_word' id='word_1_427' title='bbox 1910 5513 2076 5569; x_wconf 80' lang='lat' dir='ltr'><strong>Maria</strong></span> 
     </span>
    </p>
   </div>
   <div class='ocr_carea' id='block_1_60' title="bbox 510 5586 2077 5670">
    <p class='ocr_par' dir='ltr' id='par_1_60' title="bbox 510 5586 2077 5670">
     <span class='ocr_line' id='line_1_60' title="bbox 510 5586 2077 5670; baseline 0.014 -31"><span class='ocrx_word' id='word_1_428' title='bbox 510 5586 839 5655; x_wconf 60' lang='lat' dir='ltr'><strong>liagdalcnc,</strong></span> <span class='ocrx_word' id='word_1_429' title='bbox 876 5604 908 5642; x_wconf 89' lang='lat' dir='ltr'><strong>a</strong></span> <span class='ocrx_word' id='word_1_430' title='bbox 935 5605 1038 5660; x_wconf 89' lang='lat' dir='ltr'><strong>qua</strong></span> <span class='ocrx_word' id='word_1_431' title='bbox 1068 5600 1271 5661; x_wconf 82' lang='lat' dir='ltr'><strong>septem</strong></span> <span class='ocrx_word' id='word_1_432' title='bbox 1296 5595 1557 5654; x_wconf 61' lang='lat' dir='ltr'><strong>(temonia</strong></span> <span class='ocrx_word' id='word_1_433' title='bbox 1583 5600 1835 5670; x_wconf 82' lang='lat' dir='ltr'><strong>ejeeerat,</strong></span> <span class='ocrx_word' id='word_1_434' title='bbox 1857 5604 2077 5662; x_wconf 79' lang='lat' dir='ltr'><strong>Mariam</strong></span> 
     </span>
    </p>
   </div>
   <div class='ocr_carea' id='block_1_61' title="bbox 506 5674 2077 5763">
    <p class='ocr_par' dir='ltr' id='par_1_61' title="bbox 506 5674 2077 5763">
     <span class='ocr_line' id='line_1_61' title="bbox 506 5674 2077 5763; baseline 0.015 -33"><span class='ocrx_word' id='word_1_435' title='bbox 506 5674 712 5742; x_wconf 77' lang='lat' dir='ltr'><strong>Jacobi,</strong></span> <span class='ocrx_word' id='word_1_436' title='bbox 758 5686 813 5733; x_wconf 88' lang='lat' dir='ltr'><strong>et</strong></span> <span class='ocrx_word' id='word_1_437' title='bbox 853 5677 1047 5751; x_wconf 82' lang='lat' dir='ltr'><strong>Ioseph</strong></span> <span class='ocrx_word' id='word_1_438' title='bbox 1091 5692 1339 5763; x_wconf 78' lang='lat' dir='ltr'><strong>matrem,</strong></span> <span class='ocrx_word' id='word_1_439' title='bbox 1393 5702 1742 5747; x_wconf 61' lang='lat' dir='ltr'><strong>materteram</strong></span> <span class='ocrx_word' id='word_1_440' title='bbox 1791 5713 1942 5751; x_wconf 75' lang='lat' dir='ltr'><strong>suam</strong></span> <span class='ocrx_word' id='word_1_441' title='bbox 1989 5716 2077 5752; x_wconf 90' lang='lat' dir='ltr'><strong>so-</strong></span> 
     </span>
    </p>
   </div>
   <div class='ocr_carea' id='block_1_62' title="bbox 2152 519 3743 590">
    <p class='ocr_par' dir='ltr' id='par_1_62' title="bbox 2152 519 3743 590">
     <span class='ocr_line' id='line_1_62' title="bbox 2152 519 3743 590; baseline 0 -14"><span class='ocrx_word' id='word_1_442' title='bbox 2152 522 2340 585; x_wconf 71' lang='lat' dir='ltr'><strong>bedzei,</strong></span> <span class='ocrx_word' id='word_1_443' title='bbox 2371 534 2490 590; x_wconf 72' lang='lat' dir='ltr'><strong>qua:</strong></span> <span class='ocrx_word' id='word_1_444' title='bbox 2518 519 2678 589; x_wconf 89' lang='lat' dir='ltr'><strong>paulo</strong></span> <span class='ocrx_word' id='word_1_445' title='bbox 2704 527 2831 572; x_wconf 90' lang='lat' dir='ltr'><strong>ante</strong></span> <span class='ocrx_word' id='word_1_446' title='bbox 2858 533 3082 590; x_wconf 83' lang='lat' dir='ltr'><strong>regnum</strong></span> <span class='ocrx_word' id='word_1_447' title='bbox 3112 519 3298 574; x_wconf 85' lang='lat' dir='ltr'><strong>liberis</strong></span> <span class='ocrx_word' id='word_1_448' title='bbox 3325 522 3652 590; x_wconf 86' lang='lat' dir='ltr'><strong>postularat,</strong></span> <span class='ocrx_word' id='word_1_449' title='bbox 3684 531 3743 576; x_wconf 89' lang='lat' dir='ltr'><strong>et</strong></span> 
     </span>
    </p>
   </div>
   <div class='ocr_carea' id='block_1_63' title="bbox 2150 608 3377 681">
    <p class='ocr_par' dir='ltr' id='par_1_63' title="bbox 2150 608 3377 681">
     <span class='ocr_line' id='line_1_63' title="bbox 2150 608 3377 681; baseline -0.002 -16"><span class='ocrx_word' id='word_1_450' title='bbox 2150 611 2286 665; x_wconf 88' lang='lat' dir='ltr'><strong>alias</strong></span> <span class='ocrx_word' id='word_1_451' title='bbox 2309 625 2445 681; x_wconf 90' lang='lat' dir='ltr'><strong>quas</strong></span> <span class='ocrx_word' id='word_1_452' title='bbox 2469 610 2533 663; x_wconf 80' lang='lat' dir='ltr'><strong>in</strong></span> <span class='ocrx_word' id='word_1_453' title='bbox 2549 608 2763 663; x_wconf 66' lang='lat' dir='ltr'><strong>caneris</strong></span> <span class='ocrx_word' id='word_1_454' title='bbox 2791 608 3097 678; x_wconf 87' lang='lat' dir='ltr'><strong>Evangeliis</strong></span> <span class='ocrx_word' id='word_1_455' title='bbox 3127 608 3377 678; x_wconf 82' lang='lat' dir='ltr'><strong>legimus.</strong></span> 
     </span>
    </p>
   </div>
   <div class='ocr_carea' id='block_1_64' title="bbox 2221 717 3742 790">
    <p class='ocr_par' dir='ltr' id='par_1_64' title="bbox 2221 717 3742 790">
     <span class='ocr_line' id='line_1_64' title="bbox 2221 717 3742 790; baseline 0.002 -17"><span class='ocrx_word' id='word_1_456' title='bbox 2221 719 2355 774; x_wconf 83' lang='lat' dir='ltr'><strong>Cum</strong></span> <span class='ocrx_word' id='word_1_457' title='bbox 2378 728 2551 772; x_wconf 87' lang='lat' dir='ltr'><strong>autem</strong></span> <span class='ocrx_word' id='word_1_458' title='bbox 2586 733 2701 771; x_wconf 84' lang='lat' dir='ltr'><strong>sero</strong></span> <span class='ocrx_word' id='word_1_459' title='bbox 2747 717 2945 786; x_wconf 75' lang='lat' dir='ltr'><strong>factum</strong></span> <span class='ocrx_word' id='word_1_460' title='bbox 2972 727 3126 782; x_wconf 85' lang='lat' dir='ltr'><strong>esset,</strong></span> <span class='ocrx_word' id='word_1_461' title='bbox 3171 719 3309 772; x_wconf 70' lang='lat' dir='ltr'><strong>venit</strong></span> <span class='ocrx_word' id='word_1_462' title='bbox 3332 719 3549 790; x_wconf 86' lang='lat' dir='ltr'><strong>quidam</strong></span> <span class='ocrx_word' id='word_1_463' title='bbox 3580 721 3742 775; x_wconf 85' lang='lat' dir='ltr'><strong>homo</strong></span> 
     </span>
    </p>
   </div>
   <div class='ocr_carea' id='block_1_65' title="bbox 2150 808 3736 879">
    <p class='ocr_par' dir='ltr' id='par_1_65' title="bbox 2150 808 3736 879">
     <span class='ocr_line' id='line_1_65' title="bbox 2150 808 3736 879; baseline 0.001 -15"><span class='ocrx_word' id='word_1_464' title='bbox 2150 810 2290 864; x_wconf 81' lang='lat' dir='ltr'><strong>dives</strong></span> <span class='ocrx_word' id='word_1_465' title='bbox 2317 809 2380 863; x_wconf 90' lang='lat' dir='ltr'><strong>ab</strong></span> <span class='ocrx_word' id='word_1_466' title='bbox 2412 808 2727 869; x_wconf 79' lang='lat' dir='ltr'><strong>Arimathia,</strong></span> <span class='ocrx_word' id='word_1_467' title='bbox 2762 809 2967 861; x_wconf 84' lang='lat' dir='ltr'><strong>nomine</strong></span> <span class='ocrx_word' id='word_1_468' title='bbox 2993 808 3209 877; x_wconf 77' lang='lat' dir='ltr'><strong>Ioseph,</strong></span> <span class='ocrx_word' id='word_1_469' title='bbox 3239 811 3331 879; x_wconf 67' lang='lat' dir='ltr'><strong>qui</strong></span> <span class='ocrx_word' id='word_1_470' title='bbox 3373 826 3405 863; x_wconf 89' lang='lat' dir='ltr'><strong>a</strong></span> <span class='ocrx_word' id='word_1_471' title='bbox 3454 810 3601 866; x_wconf 85' lang='lat' dir='ltr'><strong>Luca</strong></span> <span class='ocrx_word' id='word_1_472' title='bbox 3641 814 3736 867; x_wconf 85' lang='lat' dir='ltr'><strong>de—</strong></span> 
     </span>
    </p>
   </div>
   <div class='ocr_carea' id='block_1_66' title="bbox 2152 894 3738 965">
    <p class='ocr_par' dir='ltr' id='par_1_66' title="bbox 2152 894 3738 965">
     <span class='ocr_line' id='line_1_66' title="bbox 2152 894 3738 965; baseline 0.001 -11"><span class='ocrx_word' id='word_1_473' title='bbox 2152 899 2299 955; x_wconf 85' lang='lat' dir='ltr'><strong>curio</strong></span> <span class='ocrx_word' id='word_1_474' title='bbox 2326 905 2559 960; x_wconf 86' lang='lat' dir='ltr'><strong>vocatur,</strong></span> <span class='ocrx_word' id='word_1_475' title='bbox 2589 904 2693 950; x_wconf 90' lang='lat' dir='ltr'><strong>etc.</strong></span> <span class='ocrx_word' id='word_1_476' title='bbox 2725 894 2955 949; x_wconf 86' lang='lat' dir='ltr'><strong>Decurio</strong></span> <span class='ocrx_word' id='word_1_477' title='bbox 2987 903 3232 961; x_wconf 81' lang='lat' dir='ltr'><strong>vocatur,</strong></span> <span class='ocrx_word' id='word_1_478' title='bbox 3267 898 3410 965; x_wconf 81' lang='lat' dir='ltr'><strong>quod</strong></span> <span class='ocrx_word' id='word_1_479' title='bbox 3440 899 3515 954; x_wconf 92' lang='lat' dir='ltr'><strong>sit</strong></span> <span class='ocrx_word' id='word_1_480' title='bbox 3543 901 3612 956; x_wconf 90' lang='lat' dir='ltr'><strong>de</strong></span> <span class='ocrx_word' id='word_1_481' title='bbox 3643 916 3738 956; x_wconf 66' lang='lat' dir='ltr'><strong>on-</strong></span> 
     </span>
    </p>
   </div>
   <div class='ocr_carea' id='block_1_67' title="bbox 2153 982 3741 1058">
    <p class='ocr_par' dir='ltr' id='par_1_67' title="bbox 2153 982 3741 1058">
     <span class='ocr_line' id='line_1_67' title="bbox 2153 982 3741 1058; baseline 0.004 -20"><span class='ocrx_word' id='word_1_482' title='bbox 2153 985 2278 1039; x_wconf 89' lang='lat' dir='ltr'><strong>dine</strong></span> <span class='ocrx_word' id='word_1_483' title='bbox 2324 992 2381 1038; x_wconf 89' lang='lat' dir='ltr'><strong>et</strong></span> <span class='ocrx_word' id='word_1_484' title='bbox 2410 982 2586 1037; x_wconf 84' lang='lat' dir='ltr'><strong>ofﬁcio</strong></span> <span class='ocrx_word' id='word_1_485' title='bbox 2634 983 2818 1048; x_wconf 56' lang='lat' dir='ltr'><strong>curiar,</strong></span> <span class='ocrx_word' id='word_1_486' title='bbox 2855 989 2909 1036; x_wconf 90' lang='lat' dir='ltr'><strong>et</strong></span> <span class='ocrx_word' id='word_1_487' title='bbox 2940 983 3106 1037; x_wconf 68' lang='lat' dir='ltr'><strong>curia:</strong></span> <span class='ocrx_word' id='word_1_488' title='bbox 3150 984 3597 1052; x_wconf 86' lang='lat' dir='ltr'><strong>administrator,</strong></span> <span class='ocrx_word' id='word_1_489' title='bbox 3644 991 3741 1058; x_wconf 90' lang='lat' dir='ltr'><strong>qui</strong></span> 
     </span>
    </p>
   </div>
   <div class='ocr_carea' id='block_1_68' title="bbox 2152 1073 3746 1150">
    <p class='ocr_par' dir='ltr' id='par_1_68' title="bbox 2152 1073 3746 1150">
     <span class='ocr_line' id='line_1_68' title="bbox 2152 1073 3746 1150; baseline 0.004 -23"><span class='ocrx_word' id='word_1_490' title='bbox 2152 1074 2317 1127; x_wconf 88' lang='lat' dir='ltr'><strong>etiam</strong></span> <span class='ocrx_word' id='word_1_491' title='bbox 2346 1073 2567 1129; x_wconf 87' lang='lat' dir='ltr'><strong>curialis</strong></span> <span class='ocrx_word' id='word_1_492' title='bbox 2596 1089 2625 1126; x_wconf 90' lang='lat' dir='ltr'><strong>a</strong></span> <span class='ocrx_word' id='word_1_493' title='bbox 2658 1074 3001 1142; x_wconf 87' lang='lat' dir='ltr'><strong>procurando</strong></span> <span class='ocrx_word' id='word_1_494' title='bbox 3034 1088 3259 1127; x_wconf 90' lang='lat' dir='ltr'><strong>munera</strong></span> <span class='ocrx_word' id='word_1_495' title='bbox 3286 1074 3466 1130; x_wconf 89' lang='lat' dir='ltr'><strong>civilia</strong></span> <span class='ocrx_word' id='word_1_496' title='bbox 3493 1078 3634 1133; x_wconf 86' lang='lat' dir='ltr'><strong>solet</strong></span> <span class='ocrx_word' id='word_1_497' title='bbox 3654 1095 3746 1150; x_wconf 88' lang='lat' dir='ltr'><strong>ap-</strong></span> 
     </span>
    </p>
   </div>
   <div class='ocr_carea' id='block_1_69' title="bbox 2155 1160 3744 1237">
    <p class='ocr_par' dir='ltr' id='par_1_69' title="bbox 2155 1160 3744 1237">
     <span class='ocr_line' id='line_1_69' title="bbox 2155 1160 3744 1237; baseline 0.002 -22"><span class='ocrx_word' id='word_1_498' title='bbox 2155 1161 2361 1233; x_wconf 89' lang='lat' dir='ltr'><strong>pellari.</strong></span> <span class='ocrx_word' id='word_1_499' title='bbox 2390 1160 2474 1216; x_wconf 79' lang='lat' dir='ltr'><strong>Ab</strong></span> <span class='ocrx_word' id='word_1_500' title='bbox 2499 1161 2802 1215; x_wconf 77' lang='lat' dir='ltr'><strong>Arimathia</strong></span> <span class='ocrx_word' id='word_1_501' title='bbox 2838 1162 3059 1216; x_wconf 85' lang='lat' dir='ltr'><strong>civitate</strong></span> <span class='ocrx_word' id='word_1_502' title='bbox 3088 1160 3307 1228; x_wconf 68' lang='lat' dir='ltr'><strong>Iudaeae,</strong></span> <span class='ocrx_word' id='word_1_503' title='bbox 3334 1166 3426 1233; x_wconf 91' lang='lat' dir='ltr'><strong>qui</strong></span> <span class='ocrx_word' id='word_1_504' title='bbox 3450 1179 3744 1237; x_wconf 81' lang='lat' dir='ltr'><strong>exspecta-</strong></span> 
     </span>
    </p>
   </div>
   <div class='ocr_carea' id='block_1_70' title="bbox 2156 1252 3747 1324">
    <p class='ocr_par' dir='ltr' id='par_1_70' title="bbox 2156 1252 3747 1324">
     <span class='ocr_line' id='line_1_70' title="bbox 2156 1252 3747 1324; baseline 0.006 -18"><span class='ocrx_word' id='word_1_505' title='bbox 2156 1253 2249 1306; x_wconf 90' lang='lat' dir='ltr'><strong>bat</strong></span> <span class='ocrx_word' id='word_1_506' title='bbox 2276 1260 2332 1307; x_wconf 87' lang='lat' dir='ltr'><strong>et</strong></span> <span class='ocrx_word' id='word_1_507' title='bbox 2360 1252 2472 1321; x_wconf 88' lang='lat' dir='ltr'><strong>ipse</strong></span> <span class='ocrx_word' id='word_1_508' title='bbox 2502 1268 2725 1322; x_wconf 82' lang='lat' dir='ltr'><strong>regnum</strong></span> <span class='ocrx_word' id='word_1_509' title='bbox 2755 1252 2869 1306; x_wconf 88' lang='lat' dir='ltr'><strong>Dei.</strong></span> <span class='ocrx_word' id='word_1_510' title='bbox 2917 1252 3222 1307; x_wconf 82' lang='lat' dir='ltr'><strong>Arimathia</strong></span> <span class='ocrx_word' id='word_1_511' title='bbox 3268 1255 3384 1324; x_wconf 85' lang='lat' dir='ltr'><strong>ipsa</strong></span> <span class='ocrx_word' id='word_1_512' title='bbox 3429 1269 3512 1311; x_wconf 89' lang='lat' dir='ltr'><strong>est</strong></span> <span class='ocrx_word' id='word_1_513' title='bbox 3543 1259 3747 1315; x_wconf 82' lang='lat' dir='ltr'><strong>Rama-</strong></span> 
     </span>
    </p>
   </div>
   <div class='ocr_carea' id='block_1_71' title="bbox 2158 1340 3745 1416">
    <p class='ocr_par' dir='ltr' id='par_1_71' title="bbox 2158 1340 3745 1416">
     <span class='ocr_line' id='line_1_71' title="bbox 2158 1340 3745 1416; baseline 0.008 -23"><span class='ocrx_word' id='word_1_514' title='bbox 2158 1342 2271 1406; x_wconf 89' lang='lat' dir='ltr'><strong>tha,</strong></span> <span class='ocrx_word' id='word_1_515' title='bbox 2302 1341 2497 1395; x_wconf 85' lang='lat' dir='ltr'><strong>civitas</strong></span> <span class='ocrx_word' id='word_1_516' title='bbox 2527 1340 2775 1395; x_wconf 69' lang='lat' dir='ltr'><strong>llelcanze</strong></span> <span class='ocrx_word' id='word_1_517' title='bbox 2802 1350 2857 1396; x_wconf 91' lang='lat' dir='ltr'><strong>et</strong></span> <span class='ocrx_word' id='word_1_518' title='bbox 2890 1341 3163 1396; x_wconf 86' lang='lat' dir='ltr'><strong>Samuelis</strong></span> <span class='ocrx_word' id='word_1_519' title='bbox 3188 1343 3242 1396; x_wconf 91' lang='lat' dir='ltr'><strong>in</strong></span> <span class='ocrx_word' id='word_1_520' title='bbox 3268 1345 3488 1416; x_wconf 85' lang='lat' dir='ltr'><strong>regione</strong></span> <span class='ocrx_word' id='word_1_521' title='bbox 3532 1346 3745 1405; x_wconf 87' lang='lat' dir='ltr'><strong>Iamni-</strong></span> 
     </span>
    </p>
   </div>
   <div class='ocr_carea' id='block_1_72' title="bbox 2160 1428 2785 1500">
    <p class='ocr_par' dir='ltr' id='par_1_72' title="bbox 2160 1428 2785 1500">
     <span class='ocr_line' id='line_1_72' title="bbox 2160 1428 2785 1500; baseline 0 -16"><span class='ocrx_word' id='word_1_522' title='bbox 2160 1432 2263 1485; x_wconf 89' lang='lat' dir='ltr'><strong>tica</strong></span> <span class='ocrx_word' id='word_1_523' title='bbox 2287 1431 2441 1500; x_wconf 80' lang='lat' dir='ltr'><strong>juxta</strong></span> <span class='ocrx_word' id='word_1_524' title='bbox 2470 1428 2785 1499; x_wconf 85' lang='lat' dir='ltr'><strong>Diospolim.</strong></span> 
     </span>
    </p>
   </div>
   <div class='ocr_carea' id='block_1_73' title="bbox 2231 1541 3749 1619">
    <p class='ocr_par' dir='ltr' id='par_1_73' title="bbox 2231 1541 3749 1619">
     <span class='ocr_line' id='line_1_73' title="bbox 2231 1541 3749 1619; baseline 0.009 -24"><span class='ocrx_word' id='word_1_525' title='bbox 2231 1541 2332 1595; x_wconf 79' lang='lat' dir='ltr'><strong>llic</strong></span> <span class='ocrx_word' id='word_1_526' title='bbox 2369 1542 2582 1595; x_wconf 86' lang='lat' dir='ltr'><strong>accessit</strong></span> <span class='ocrx_word' id='word_1_527' title='bbox 2607 1542 2676 1595; x_wconf 87' lang='lat' dir='ltr'><strong>ad</strong></span> <span class='ocrx_word' id='word_1_528' title='bbox 2711 1541 2940 1596; x_wconf 84' lang='lat' dir='ltr'><strong>Pilatum</strong></span> <span class='ocrx_word' id='word_1_529' title='bbox 2966 1551 3013 1597; x_wconf 88' lang='lat' dir='ltr'><strong>et</strong></span> <span class='ocrx_word' id='word_1_530' title='bbox 3055 1546 3202 1614; x_wconf 79' lang='lat' dir='ltr'><strong>petiit</strong></span> <span class='ocrx_word' id='word_1_531' title='bbox 3231 1561 3419 1619; x_wconf 86' lang='lat' dir='ltr'><strong>corpus</strong></span> <span class='ocrx_word' id='word_1_532' title='bbox 3448 1550 3597 1606; x_wconf 90' lang='lat' dir='ltr'><strong>Iesu.</strong></span> <span class='ocrx_word' id='word_1_533' title='bbox 3639 1552 3749 1608; x_wconf 79' lang='lat' dir='ltr'><strong>Ma-</strong></span> 
     </span>
    </p>
   </div>
   <div class='ocr_carea' id='block_1_74' title="bbox 2159 1629 3748 1709">
    <p class='ocr_par' dir='ltr' id='par_1_74' title="bbox 2159 1629 3748 1709">
     <span class='ocr_line' id='line_1_74' title="bbox 2159 1629 3748 1709; baseline 0.01 -24"><span class='ocrx_word' id='word_1_534' title='bbox 2159 1647 2276 1702; x_wconf 74' lang='lat' dir='ltr'><strong>gna:</strong></span> <span class='ocrx_word' id='word_1_535' title='bbox 2301 1631 2516 1700; x_wconf 78' lang='lat' dir='ltr'><strong>quidem</strong></span> <span class='ocrx_word' id='word_1_536' title='bbox 2541 1629 2739 1702; x_wconf 80' lang='lat' dir='ltr'><strong>Ioseph</strong></span> <span class='ocrx_word' id='word_1_537' title='bbox 2770 1632 2881 1686; x_wconf 85' lang='lat' dir='ltr'><strong>iste</strong></span> <span class='ocrx_word' id='word_1_538' title='bbox 2919 1633 3201 1704; x_wconf 87' lang='lat' dir='ltr'><strong>dignitatis</strong></span> <span class='ocrx_word' id='word_1_539' title='bbox 3230 1638 3299 1691; x_wconf 91' lang='lat' dir='ltr'><strong>ad</strong></span> <span class='ocrx_word' id='word_1_540' title='bbox 3330 1640 3612 1709; x_wconf 57' lang='lat' dir='ltr'><strong>saeculum,</strong></span> <span class='ocrx_word' id='word_1_541' title='bbox 3652 1649 3748 1701; x_wconf 77' lang='lat' dir='ltr'><strong>sed</strong></span> 
     </span>
    </p>
   </div>
   <div class='ocr_carea' id='block_1_75' title="bbox 2165 1722 3750 1807">
    <p class='ocr_par' dir='ltr' id='par_1_75' title="bbox 2165 1722 3750 1807">
     <span class='ocr_line' id='line_1_75' title="bbox 2165 1722 3750 1807; baseline 0.011 -31"><span class='ocrx_word' id='word_1_542' title='bbox 2165 1723 2384 1792; x_wconf 88' lang='lat' dir='ltr'><strong>majoris</strong></span> <span class='ocrx_word' id='word_1_543' title='bbox 2412 1722 2550 1792; x_wconf 88' lang='lat' dir='ltr'><strong>apud</strong></span> <span class='ocrx_word' id='word_1_544' title='bbox 2582 1722 2750 1776; x_wconf 90' lang='lat' dir='ltr'><strong>Deum</strong></span> <span class='ocrx_word' id='word_1_545' title='bbox 2780 1724 2958 1778; x_wconf 90' lang='lat' dir='ltr'><strong>meriti</strong></span> <span class='ocrx_word' id='word_1_546' title='bbox 2982 1724 3147 1782; x_wconf 87' lang='lat' dir='ltr'><strong>fuisse</strong></span> <span class='ocrx_word' id='word_1_547' title='bbox 3174 1729 3448 1798; x_wconf 88' lang='lat' dir='ltr'><strong>laudatur,</strong></span> <span class='ocrx_word' id='word_1_548' title='bbox 3478 1745 3620 1791; x_wconf 90' lang='lat' dir='ltr'><strong>utet</strong></span> <span class='ocrx_word' id='word_1_549' title='bbox 3650 1753 3750 1807; x_wconf 92' lang='lat' dir='ltr'><strong>per</strong></span> 
     </span>
    </p>
   </div>
   <div class='ocr_carea' id='block_1_76' title="bbox 2162 1816 3752 1903">
    <p class='ocr_par' dir='ltr' id='par_1_76' title="bbox 2162 1816 3752 1903">
     <span class='ocr_line' id='line_1_76' title="bbox 2162 1816 3752 1903; baseline 0.008 -33"><span class='ocrx_word' id='word_1_550' title='bbox 2162 1816 2425 1886; x_wconf 91' lang='lat' dir='ltr'><strong>justitiam</strong></span> <span class='ocrx_word' id='word_1_551' title='bbox 2474 1817 2793 1871; x_wconf 87' lang='lat' dir='ltr'><strong>meritorum</strong></span> <span class='ocrx_word' id='word_1_552' title='bbox 2842 1819 3153 1889; x_wconf 88' lang='lat' dir='ltr'><strong>sepeliendo</strong></span> <span class='ocrx_word' id='word_1_553' title='bbox 3193 1839 3420 1903; x_wconf 75' lang='lat' dir='ltr'><strong>corpore</strong></span> <span class='ocrx_word' id='word_1_554' title='bbox 3473 1828 3752 1883; x_wconf 86' lang='lat' dir='ltr'><strong>dominico</strong></span> 
     </span>
    </p>
   </div>
   <div class='ocr_carea' id='block_1_77' title="bbox 2166 1906 3752 1983">
    <p class='ocr_par' dir='ltr' id='par_1_77' title="bbox 2166 1906 3752 1983">
     <span class='ocr_line' id='line_1_77' title="bbox 2166 1906 3752 1983; baseline 0.008 -22"><span class='ocrx_word' id='word_1_555' title='bbox 2166 1908 2359 1978; x_wconf 90' lang='lat' dir='ltr'><strong>dignus</strong></span> <span class='ocrx_word' id='word_1_556' title='bbox 2387 1906 2550 1970; x_wconf 91' lang='lat' dir='ltr'><strong>foret,</strong></span> <span class='ocrx_word' id='word_1_557' title='bbox 2580 1915 2636 1962; x_wconf 91' lang='lat' dir='ltr'><strong>et</strong></span> <span class='ocrx_word' id='word_1_558' title='bbox 2681 1922 2779 1977; x_wconf 90' lang='lat' dir='ltr'><strong>per</strong></span> <span class='ocrx_word' id='word_1_559' title='bbox 2805 1909 3142 1966; x_wconf 88' lang='lat' dir='ltr'><strong>nobilitatem</strong></span> <span class='ocrx_word' id='word_1_560' title='bbox 3169 1917 3425 1983; x_wconf 76' lang='lat' dir='ltr'><strong>potentia:</strong></span> <span class='ocrx_word' id='word_1_561' title='bbox 3472 1918 3752 1974; x_wconf 68' lang='lat' dir='ltr'><strong>surcularis</strong></span> 
     </span>
    </p>
   </div>
   <div class='ocr_carea' id='block_1_78' title="bbox 2166 1997 3752 2080">
    <p class='ocr_par' dir='ltr' id='par_1_78' title="bbox 2166 1997 3752 2080">
     <span class='ocr_line' id='line_1_78' title="bbox 2166 1997 3752 2080; baseline 0.008 -28"><span class='ocrx_word' id='word_1_562' title='bbox 2166 1997 2310 2052; x_wconf 90' lang='lat' dir='ltr'><strong>idem</strong></span> <span class='ocrx_word' id='word_1_563' title='bbox 2362 2013 2558 2067; x_wconf 89' lang='lat' dir='ltr'><strong>corpus</strong></span> <span class='ocrx_word' id='word_1_564' title='bbox 2613 1999 2859 2069; x_wconf 89' lang='lat' dir='ltr'><strong>accipere</strong></span> <span class='ocrx_word' id='word_1_565' title='bbox 2911 2011 3112 2071; x_wconf 89' lang='lat' dir='ltr'><strong>posset.</strong></span> <span class='ocrx_word' id='word_1_566' title='bbox 3164 2004 3282 2060; x_wconf 86' lang='lat' dir='ltr'><strong>Non</strong></span> <span class='ocrx_word' id='word_1_567' title='bbox 3328 2007 3472 2061; x_wconf 87' lang='lat' dir='ltr'><strong>enim</strong></span> <span class='ocrx_word' id='word_1_568' title='bbox 3522 2011 3752 2080; x_wconf 74' lang='lat' dir='ltr'><strong>quilibet</strong></span> 
     </span>
    </p>
   </div>
   <div class='ocr_carea' id='block_1_79' title="bbox 2167 2088 3753 2169">
    <p class='ocr_par' dir='ltr' id='par_1_79' title="bbox 2167 2088 3753 2169">
     <span class='ocr_line' id='line_1_79' title="bbox 2167 2088 3753 2169; baseline 0.008 -27"><span class='ocrx_word' id='word_1_569' title='bbox 2167 2088 2381 2158; x_wconf 88' lang='lat' dir='ltr'><strong>ignotus</strong></span> <span class='ocrx_word' id='word_1_570' title='bbox 2423 2088 2489 2141; x_wconf 90' lang='lat' dir='ltr'><strong>ad</strong></span> <span class='ocrx_word' id='word_1_571' title='bbox 2521 2089 2803 2157; x_wconf 76' lang='lat' dir='ltr'><strong>pnesidem</strong></span> <span class='ocrx_word' id='word_1_572' title='bbox 2855 2092 3116 2148; x_wconf 88' lang='lat' dir='ltr'><strong>accedere</strong></span> <span class='ocrx_word' id='word_1_573' title='bbox 3184 2104 3239 2148; x_wconf 89' lang='lat' dir='ltr'><strong>et</strong></span> <span class='ocrx_word' id='word_1_574' title='bbox 3277 2096 3519 2152; x_wconf 89' lang='lat' dir='ltr'><strong>cruciﬁxi</strong></span> <span class='ocrx_word' id='word_1_575' title='bbox 3551 2113 3753 2169; x_wconf 70' lang='lat' dir='ltr'><strong>coupus</strong></span> 
     </span>
    </p>
   </div>
   <div class='ocr_carea' id='block_1_80' title="bbox 2165 2179 2725 2249">
    <p class='ocr_par' dir='ltr' id='par_1_80' title="bbox 2165 2179 2725 2249">
     <span class='ocr_line' id='line_1_80' title="bbox 2165 2179 2725 2249; baseline 0.007 -19"><span class='ocrx_word' id='word_1_576' title='bbox 2165 2186 2380 2248; x_wconf 86' lang='lat' dir='ltr'><strong>poterat</strong></span> <span class='ocrx_word' id='word_1_577' title='bbox 2410 2179 2725 2249; x_wconf 86' lang='lat' dir='ltr'><strong>impetrare.</strong></span> 
     </span>
    </p>
   </div>
   <div class='ocr_carea' id='block_1_81' title="bbox 2236 2290 3753 2364">
    <p class='ocr_par' dir='ltr' id='par_1_81' title="bbox 2236 2290 3753 2364">
     <span class='ocr_line' id='line_1_81' title="bbox 2236 2290 3753 2364; baseline 0.007 -20"><span class='ocrx_word' id='word_1_578' title='bbox 2236 2290 2305 2344; x_wconf 87' lang='lat' dir='ltr'><strong>Et</strong></span> <span class='ocrx_word' id='word_1_579' title='bbox 2336 2300 2543 2361; x_wconf 87' lang='lat' dir='ltr'><strong>accepto</strong></span> <span class='ocrx_word' id='word_1_580' title='bbox 2567 2308 2782 2363; x_wconf 80' lang='lat' dir='ltr'><strong>corpore</strong></span> <span class='ocrx_word' id='word_1_581' title='bbox 2811 2291 3003 2364; x_wconf 84' lang='lat' dir='ltr'><strong>Ioseph</strong></span> <span class='ocrx_word' id='word_1_582' title='bbox 3032 2294 3244 2350; x_wconf 82' lang='lat' dir='ltr'><strong>involvit</strong></span> <span class='ocrx_word' id='word_1_583' title='bbox 3275 2297 3409 2352; x_wconf 88' lang='lat' dir='ltr'><strong>illud</strong></span> <span class='ocrx_word' id='word_1_584' title='bbox 3436 2300 3491 2353; x_wconf 88' lang='lat' dir='ltr'><strong>in</strong></span> <span class='ocrx_word' id='word_1_585' title='bbox 3530 2300 3753 2354; x_wconf 79' lang='lat' dir='ltr'><strong>sindone</strong></span> 
     </span>
    </p>
   </div>
   <div class='ocr_carea' id='block_1_82' title="bbox 2166 2383 3754 2456">
    <p class='ocr_par' dir='ltr' id='par_1_82' title="bbox 2166 2383 3754 2456">
     <span class='ocr_line' id='line_1_82' title="bbox 2166 2383 3754 2456; baseline 0.008 -21"><span class='ocrx_word' id='word_1_586' title='bbox 2166 2383 2383 2436; x_wconf 85' lang='lat' dir='ltr'><strong>munda.</strong></span> <span class='ocrx_word' id='word_1_587' title='bbox 2418 2383 2483 2436; x_wconf 83' lang='lat' dir='ltr'><strong>Et</strong></span> <span class='ocrx_word' id='word_1_588' title='bbox 2525 2398 2590 2437; x_wconf 86' lang='lat' dir='ltr'><strong>ex</strong></span> <span class='ocrx_word' id='word_1_589' title='bbox 2623 2383 2852 2453; x_wconf 89' lang='lat' dir='ltr'><strong>simplici</strong></span> <span class='ocrx_word' id='word_1_590' title='bbox 2901 2385 3175 2456; x_wconf 88' lang='lat' dir='ltr'><strong>sepultura</strong></span> <span class='ocrx_word' id='word_1_591' title='bbox 3224 2387 3463 2455; x_wconf 84' lang='lat' dir='ltr'><strong>Domini,</strong></span> <span class='ocrx_word' id='word_1_592' title='bbox 3520 2392 3754 2448; x_wconf 90' lang='lat' dir='ltr'><strong>ambitio</strong></span> 
     </span>
    </p>
   </div>
   <div class='ocr_carea' id='block_1_83' title="bbox 2166 2473 3753 2555">
    <p class='ocr_par' dir='ltr' id='par_1_83' title="bbox 2166 2473 3753 2555">
     <span class='ocr_line' id='line_1_83' title="bbox 2166 2473 3753 2555; baseline 0.008 -29"><span class='ocrx_word' id='word_1_593' title='bbox 2166 2473 2391 2528; x_wconf 86' lang='lat' dir='ltr'><strong>divitum</strong></span> <span class='ocrx_word' id='word_1_594' title='bbox 2438 2476 2847 2541; x_wconf 83' lang='lat' dir='ltr'><strong>condemnatur,</strong></span> <span class='ocrx_word' id='word_1_595' title='bbox 2893 2478 2985 2547; x_wconf 90' lang='lat' dir='ltr'><strong>qui</strong></span> <span class='ocrx_word' id='word_1_596' title='bbox 3036 2494 3102 2533; x_wconf 89' lang='lat' dir='ltr'><strong>ne</strong></span> <span class='ocrx_word' id='word_1_597' title='bbox 3151 2479 3206 2534; x_wconf 90' lang='lat' dir='ltr'><strong>in</strong></span> <span class='ocrx_word' id='word_1_598' title='bbox 3258 2482 3479 2538; x_wconf 90' lang='lat' dir='ltr'><strong>tumulis</strong></span> <span class='ocrx_word' id='word_1_599' title='bbox 3525 2485 3753 2555; x_wconf 87' lang='lat' dir='ltr'><strong>quidem</strong></span> 
     </span>
    </p>
   </div>
   <div class='ocr_carea' id='block_1_84' title="bbox 2165 2565 3758 2644">
    <p class='ocr_par' dir='ltr' id='par_1_84' title="bbox 2165 2565 3758 2644">
     <span class='ocr_line' id='line_1_84' title="bbox 2165 2565 3758 2644; baseline 0.008 -27"><span class='ocrx_word' id='word_1_600' title='bbox 2165 2571 2391 2634; x_wconf 86' lang='lat' dir='ltr'><strong>possunt</strong></span> <span class='ocrx_word' id='word_1_601' title='bbox 2419 2579 2605 2621; x_wconf 83' lang='lat' dir='ltr'><strong>carere</strong></span> <span class='ocrx_word' id='word_1_602' title='bbox 2644 2565 2865 2621; x_wconf 89' lang='lat' dir='ltr'><strong>divitiis.</strong></span> <span class='ocrx_word' id='word_1_603' title='bbox 2904 2566 3199 2625; x_wconf 88' lang='lat' dir='ltr'><strong>Possumus</strong></span> <span class='ocrx_word' id='word_1_604' title='bbox 3238 2579 3419 2626; x_wconf 89' lang='lat' dir='ltr'><strong>autem</strong></span> <span class='ocrx_word' id='word_1_605' title='bbox 3464 2574 3621 2644; x_wconf 86' lang='lat' dir='ltr'><strong>juxta</strong></span> <span class='ocrx_word' id='word_1_606' title='bbox 3668 2577 3758 2629; x_wconf 88' lang='lat' dir='ltr'><strong>in-</strong></span> 
     </span>
    </p>
   </div>
   <div class='ocr_carea' id='block_1_85' title="bbox 2167 2657 3753 2735">
    <p class='ocr_par' dir='ltr' id='par_1_85' title="bbox 2167 2657 3753 2735">
     <span class='ocr_line' id='line_1_85' title="bbox 2167 2657 3753 2735; baseline 0.006 -23"><span class='ocrx_word' id='word_1_607' title='bbox 2167 2657 2521 2729; x_wconf 85' lang='lat' dir='ltr'><strong>telligentiam</strong></span> <span class='ocrx_word' id='word_1_608' title='bbox 2552 2659 2874 2729; x_wconf 77' lang='lat' dir='ltr'><strong>spiritalem,</strong></span> <span class='ocrx_word' id='word_1_609' title='bbox 2923 2670 2978 2714; x_wconf 92' lang='lat' dir='ltr'><strong>et</strong></span> <span class='ocrx_word' id='word_1_610' title='bbox 3007 2660 3109 2714; x_wconf 86' lang='lat' dir='ltr'><strong>hoe</strong></span> <span class='ocrx_word' id='word_1_611' title='bbox 3134 2663 3357 2731; x_wconf 87' lang='lat' dir='ltr'><strong>sentire,</strong></span> <span class='ocrx_word' id='word_1_612' title='bbox 3387 2665 3529 2735; x_wconf 90' lang='lat' dir='ltr'><strong>quod</strong></span> <span class='ocrx_word' id='word_1_613' title='bbox 3576 2667 3667 2722; x_wconf 89' lang='lat' dir='ltr'><strong>ille</strong></span> <span class='ocrx_word' id='word_1_614' title='bbox 3696 2668 3753 2722; x_wconf 91' lang='lat' dir='ltr'><strong>in</strong></span> 
     </span>
    </p>
   </div>
   <div class='ocr_carea' id='block_1_86' title="bbox 2167 2750 3757 2825">
    <p class='ocr_par' dir='ltr' id='par_1_86' title="bbox 2167 2750 3757 2825">
     <span class='ocr_line' id='line_1_86' title="bbox 2167 2750 3757 2825; baseline 0.005 -20"><span class='ocrx_word' id='word_1_615' title='bbox 2167 2750 2394 2806; x_wconf 88' lang='lat' dir='ltr'><strong>sindone</strong></span> <span class='ocrx_word' id='word_1_616' title='bbox 2424 2750 2622 2805; x_wconf 90' lang='lat' dir='ltr'><strong>munda</strong></span> <span class='ocrx_word' id='word_1_617' title='bbox 2650 2750 2887 2805; x_wconf 87' lang='lat' dir='ltr'><strong>involvat</strong></span> <span class='ocrx_word' id='word_1_618' title='bbox 2916 2750 3100 2806; x_wconf 86' lang='lat' dir='ltr'><strong>Iesum</strong></span> <span class='ocrx_word' id='word_1_619' title='bbox 3130 2753 3221 2822; x_wconf 85' lang='lat' dir='ltr'><strong>qui</strong></span> <span class='ocrx_word' id='word_1_620' title='bbox 3249 2769 3389 2825; x_wconf 85' lang='lat' dir='ltr'><strong>pura</strong></span> <span class='ocrx_word' id='word_1_621' title='bbox 3421 2770 3548 2810; x_wconf 91' lang='lat' dir='ltr'><strong>eum</strong></span> <span class='ocrx_word' id='word_1_622' title='bbox 3570 2767 3757 2813; x_wconf 87' lang='lat' dir='ltr'><strong>mente</strong></span> 
     </span>
    </p>
   </div>
   <div class='ocr_carea' id='block_1_87' title="bbox 2167 2841 2490 2914">
    <p class='ocr_par' dir='ltr' id='par_1_87' title="bbox 2167 2841 2490 2914">
     <span class='ocr_line' id='line_1_87' title="bbox 2167 2841 2490 2914; baseline -0.003 -18"><span class='ocrx_word' id='word_1_623' title='bbox 2167 2841 2490 2914; x_wconf 87' lang='lat' dir='ltr'><strong>susceperit.</strong></span> 
     </span>
    </p>
   </div>
   <div class='ocr_carea' id='block_1_88' title="bbox 2236 2952 3756 3024">
    <p class='ocr_par' dir='ltr' id='par_1_88' title="bbox 2236 2952 3756 3024">
     <span class='ocr_line' id='line_1_88' title="bbox 2236 2952 3756 3024; baseline 0.005 -17"><span class='ocrx_word' id='word_1_624' title='bbox 2236 2952 2306 3008; x_wconf 71' lang='lat' dir='ltr'><strong>Et</strong></span> <span class='ocrx_word' id='word_1_625' title='bbox 2356 2955 2529 3024; x_wconf 81' lang='lat' dir='ltr'><strong>posuit</strong></span> <span class='ocrx_word' id='word_1_626' title='bbox 2560 2952 2695 3007; x_wconf 82' lang='lat' dir='ltr'><strong>illud</strong></span> <span class='ocrx_word' id='word_1_627' title='bbox 2739 2955 2795 3008; x_wconf 90' lang='lat' dir='ltr'><strong>in</strong></span> <span class='ocrx_word' id='word_1_628' title='bbox 2828 2964 3163 3009; x_wconf 84' lang='lat' dir='ltr'><strong>monumento</strong></span> <span class='ocrx_word' id='word_1_629' title='bbox 3192 2972 3289 3010; x_wconf 88' lang='lat' dir='ltr'><strong>suo</strong></span> <span class='ocrx_word' id='word_1_630' title='bbox 3336 2974 3489 3012; x_wconf 77' lang='lat' dir='ltr'><strong>noro.</strong></span> <span class='ocrx_word' id='word_1_631' title='bbox 3518 2957 3579 3013; x_wconf 89' lang='lat' dir='ltr'><strong>ln</strong></span> <span class='ocrx_word' id='word_1_632' title='bbox 3610 2975 3756 3016; x_wconf 87' lang='lat' dir='ltr'><strong>novo</strong></span> 
     </span>
    </p>
   </div>
   <div class='ocr_carea' id='block_1_89' title="bbox 2169 3044 3754 3116">
    <p class='ocr_par' dir='ltr' id='par_1_89' title="bbox 2169 3044 3754 3116">
     <span class='ocr_line' id='line_1_89' title="bbox 2169 3044 3754 3116; baseline 0.005 -18"><span class='ocrx_word' id='word_1_633' title='bbox 2169 3051 2349 3099; x_wconf 87' lang='lat' dir='ltr'><strong>autem</strong></span> <span class='ocrx_word' id='word_1_634' title='bbox 2375 3044 2596 3114; x_wconf 87' lang='lat' dir='ltr'><strong>ponitur</strong></span> <span class='ocrx_word' id='word_1_635' title='bbox 2630 3053 2996 3110; x_wconf 88' lang='lat' dir='ltr'><strong>monumento,</strong></span> <span class='ocrx_word' id='word_1_636' title='bbox 3031 3061 3099 3100; x_wconf 90' lang='lat' dir='ltr'><strong>ne</strong></span> <span class='ocrx_word' id='word_1_637' title='bbox 3141 3055 3264 3116; x_wconf 86' lang='lat' dir='ltr'><strong>post</strong></span> <span class='ocrx_word' id='word_1_638' title='bbox 3295 3051 3754 3105; x_wconf 86' lang='lat' dir='ltr'><strong>resurrectionem</strong></span> 
     </span>
    </p>
   </div>
   <div class='ocr_carea' id='block_1_90' title="bbox 2096 3133 3754 3210">
    <p class='ocr_par' dir='ltr' id='par_1_90' title="bbox 2096 3133 3754 3210">
     <span class='ocr_line' id='line_1_90' title="bbox 2096 3133 3754 3210; baseline 0.004 -22"><span class='ocrx_word' id='word_1_639' title='bbox 2096 3133 2142 3196; x_wconf 88' lang='lat' dir='ltr'><strong><em>C</em></strong></span> <span class='ocrx_word' id='word_1_640' title='bbox 2172 3149 2240 3189; x_wconf 82' lang='lat' dir='ltr'><strong>ex</strong></span> <span class='ocrx_word' id='word_1_641' title='bbox 2268 3133 2481 3188; x_wconf 65' lang='lat' dir='ltr'><strong>caeteris</strong></span> <span class='ocrx_word' id='word_1_642' title='bbox 2520 3134 2839 3202; x_wconf 87' lang='lat' dir='ltr'><strong>corporibus</strong></span> <span class='ocrx_word' id='word_1_643' title='bbox 2884 3135 3206 3200; x_wconf 77' lang='lat' dir='ltr'><strong>surrexisse,</strong></span> <span class='ocrx_word' id='word_1_644' title='bbox 3239 3134 3378 3190; x_wconf 89' lang='lat' dir='ltr'><strong>alius</strong></span> <span class='ocrx_word' id='word_1_645' title='bbox 3414 3136 3715 3210; x_wconf 87' lang='lat' dir='ltr'><strong>ﬁngeretur</strong></span> <span class='ocrx_word' id='word_1_646' title='bbox 3736 3180 3754 3204; x_wconf 96' lang='lat'><strong>,</strong></span> 
     </span>
    </p>
   </div>
   <div class='ocr_carea' id='block_1_91' title="bbox 2172 3222 3759 3296">
    <p class='ocr_par' dir='ltr' id='par_1_91' title="bbox 2172 3222 3759 3296">
     <span class='ocr_line' id='line_1_91' title="bbox 2172 3222 3759 3296; baseline 0.006 -19"><span class='ocrx_word' id='word_1_647' title='bbox 2172 3224 2318 3293; x_wconf 85' lang='lat' dir='ltr'><strong>quod</strong></span> <span class='ocrx_word' id='word_1_648' title='bbox 2369 3222 2506 3278; x_wconf 86' lang='lat' dir='ltr'><strong>bene</strong></span> <span class='ocrx_word' id='word_1_649' title='bbox 2555 3231 2963 3277; x_wconf 88' lang='lat' dir='ltr'><strong>monumentum</strong></span> <span class='ocrx_word' id='word_1_650' title='bbox 2994 3224 3061 3279; x_wconf 90' lang='lat' dir='ltr'><strong>de</strong></span> <span class='ocrx_word' id='word_1_651' title='bbox 3109 3234 3265 3296; x_wconf 87' lang='lat' dir='ltr'><strong>petra</strong></span> <span class='ocrx_word' id='word_1_652' title='bbox 3299 3228 3544 3285; x_wconf 88' lang='lat' dir='ltr'><strong>excisum</strong></span> <span class='ocrx_word' id='word_1_653' title='bbox 3586 3229 3759 3287; x_wconf 84' lang='lat' dir='ltr'><strong>fuisse</strong></span> 
     </span>
    </p>
   </div>
   <div class='ocr_carea' id='block_1_92' title="bbox 2173 3313 3758 3385">
    <p class='ocr_par' dir='ltr' id='par_1_92' title="bbox 2173 3313 3758 3385">
     <span class='ocr_line' id='line_1_92' title="bbox 2173 3313 3758 3385; baseline 0.007 -17"><span class='ocrx_word' id='word_1_654' title='bbox 2173 3322 2529 3381; x_wconf 83' lang='lat' dir='ltr'><strong>memora_tur,</strong></span> <span class='ocrx_word' id='word_1_655' title='bbox 2572 3313 2706 3367; x_wconf 17' lang='lat' dir='ltr'><strong>uersi</strong></span> <span class='ocrx_word' id='word_1_656' title='bbox 2730 3328 2798 3368; x_wconf 84' lang='lat' dir='ltr'><strong>ex</strong></span> <span class='ocrx_word' id='word_1_657' title='bbox 2828 3314 3011 3369; x_wconf 88' lang='lat' dir='ltr'><strong>multis</strong></span> <span class='ocrx_word' id='word_1_658' title='bbox 3037 3315 3303 3385; x_wconf 89' lang='lat' dir='ltr'><strong>lapidibus</strong></span> <span class='ocrx_word' id='word_1_659' title='bbox 3323 3320 3649 3377; x_wconf 82' lang='lat' dir='ltr'><strong>aediﬁcatum</strong></span> <span class='ocrx_word' id='word_1_660' title='bbox 3669 3338 3758 3379; x_wconf 82' lang='lat' dir='ltr'><strong>es—</strong></span> 
     </span>
    </p>
   </div>
   <div class='ocr_carea' id='block_1_93' title="bbox 2173 3399 3757 3467">
    <p class='ocr_par' dir='ltr' id='par_1_93' title="bbox 2173 3399 3757 3467">
     <span class='ocr_line' id='line_1_93' title="bbox 2173 3399 3757 3467; baseline 0.005 -9"><span class='ocrx_word' id='word_1_661' title='bbox 2173 3412 2276 3467; x_wconf 87' lang='lat' dir='ltr'><strong>set,</strong></span> <span class='ocrx_word' id='word_1_662' title='bbox 2305 3401 2547 3457; x_wconf 75' lang='lat' dir='ltr'><strong>suﬁ‘ossis</strong></span> <span class='ocrx_word' id='word_1_663' title='bbox 2569 3400 2759 3455; x_wconf 90' lang='lat' dir='ltr'><strong>tumuli</strong></span> <span class='ocrx_word' id='word_1_664' title='bbox 2784 3399 3148 3458; x_wconf 77' lang='lat' dir='ltr'><strong>fundamentis</strong></span> <span class='ocrx_word' id='word_1_665' title='bbox 3181 3405 3393 3460; x_wconf 86' lang='lat' dir='ltr'><strong>ablatus</strong></span> <span class='ocrx_word' id='word_1_666' title='bbox 3427 3406 3575 3463; x_wconf 87' lang='lat' dir='ltr'><strong>furto</strong></span> <span class='ocrx_word' id='word_1_667' title='bbox 3603 3411 3757 3467; x_wconf 86' lang='lat' dir='ltr'><strong>dice-</strong></span> 
     </span>
    </p>
   </div>
   <div class='ocr_carea' id='block_1_94' title="bbox 2175 3492 3758 3575">
    <p class='ocr_par' dir='ltr' id='par_1_94' title="bbox 2175 3492 3758 3575">
     <span class='ocr_line' id='line_1_94' title="bbox 2175 3492 3758 3575; baseline 0.005 -26"><span class='ocrx_word' id='word_1_668' title='bbox 2175 3503 2343 3549; x_wconf 90' lang='lat' dir='ltr'><strong>retur.</strong></span> <span class='ocrx_word' id='word_1_669' title='bbox 2367 3492 2539 3548; x_wconf 82' lang='lat' dir='ltr'><strong>Aliter</strong></span> <span class='ocrx_word' id='word_1_670' title='bbox 2551 3493 2699 3549; x_wconf 90' lang='lat' dir='ltr'><strong>solus</strong></span> <span class='ocrx_word' id='word_1_671' title='bbox 2716 3495 2974 3551; x_wconf 86' lang='lat' dir='ltr'><strong>Dominus</strong></span> <span class='ocrx_word' id='word_1_672' title='bbox 2987 3498 3194 3553; x_wconf 91' lang='lat' dir='ltr'><strong>tumulo</strong></span> <span class='ocrx_word' id='word_1_673' title='bbox 3219 3499 3534 3567; x_wconf 86' lang='lat' dir='ltr'><strong>includitur,</strong></span> <span class='ocrx_word' id='word_1_674' title='bbox 3559 3513 3619 3557; x_wconf 93' lang='lat' dir='ltr'><strong>ut</strong></span> <span class='ocrx_word' id='word_1_675' title='bbox 3633 3520 3758 3575; x_wconf 81' lang='lat' dir='ltr'><strong>spe-</strong></span> 
     </span>
    </p>
   </div>
   <div class='ocr_carea' id='block_1_95' title="bbox 2175 3582 3759 3657">
    <p class='ocr_par' dir='ltr' id='par_1_95' title="bbox 2175 3582 3759 3657">
     <span class='ocr_line' id='line_1_95' title="bbox 2175 3582 3759 3657; baseline 0.008 -19"><span class='ocrx_word' id='word_1_676' title='bbox 2175 3582 2328 3638; x_wconf 90' lang='lat' dir='ltr'><strong>cialis</strong></span> <span class='ocrx_word' id='word_1_677' title='bbox 2342 3582 2485 3637; x_wconf 89' lang='lat' dir='ltr'><strong>illius</strong></span> <span class='ocrx_word' id='word_1_678' title='bbox 2498 3584 2795 3652; x_wconf 88' lang='lat' dir='ltr'><strong>sepultura,</strong></span> <span class='ocrx_word' id='word_1_679' title='bbox 2814 3585 2869 3640; x_wconf 89' lang='lat' dir='ltr'><strong>id</strong></span> <span class='ocrx_word' id='word_1_680' title='bbox 2887 3596 2990 3652; x_wconf 83' lang='lat' dir='ltr'><strong>est,</strong></span> <span class='ocrx_word' id='word_1_681' title='bbox 3007 3596 3210 3643; x_wconf 67' lang='lat' dir='ltr'><strong>nostra:</strong></span> <span class='ocrx_word' id='word_1_682' title='bbox 3223 3590 3527 3657; x_wconf 88' lang='lat' dir='ltr'><strong>dissimilis,</strong></span> <span class='ocrx_word' id='word_1_683' title='bbox 3540 3594 3759 3650; x_wconf 83' lang='lat' dir='ltr'><strong>sicutct</strong></span> 
     </span>
    </p>
   </div>
   <div class='ocr_carea' id='block_1_96' title="bbox 2175 3674 3761 3745">
    <p class='ocr_par' dir='ltr' id='par_1_96' title="bbox 2175 3674 3761 3745">
     <span class='ocr_line' id='line_1_96' title="bbox 2175 3674 3761 3745; baseline 0.008 -17"><span class='ocrx_word' id='word_1_684' title='bbox 2175 3680 2370 3728; x_wconf 78' lang='lat' dir='ltr'><strong>ctetera</strong></span> <span class='ocrx_word' id='word_1_685' title='bbox 2399 3674 2821 3743; x_wconf 89' lang='lat' dir='ltr'><strong>dispensationis</strong></span> <span class='ocrx_word' id='word_1_686' title='bbox 2872 3676 2988 3745; x_wconf 88' lang='lat' dir='ltr'><strong>ejus</strong></span> <span class='ocrx_word' id='word_1_687' title='bbox 3027 3694 3226 3733; x_wconf 90' lang='lat' dir='ltr'><strong>arcana</strong></span> <span class='ocrx_word' id='word_1_688' title='bbox 3258 3696 3289 3735; x_wconf 84' lang='lat' dir='ltr'><strong>a</strong></span> <span class='ocrx_word' id='word_1_689' title='bbox 3318 3691 3518 3738; x_wconf 61' lang='lat' dir='ltr'><strong>nostra;</strong></span> <span class='ocrx_word' id='word_1_690' title='bbox 3546 3693 3761 3741; x_wconf 75' lang='lat' dir='ltr'><strong>natura:</strong></span> 
     </span>
    </p>
   </div>
   <div class='ocr_carea' id='block_1_97' title="bbox 2120 3763 3762 3840">
    <p class='ocr_par' dir='ltr' id='par_1_97' title="bbox 2120 3763 3762 3840">
     <span class='ocr_line' id='line_1_97' title="bbox 2120 3763 3762 3840; baseline 0.01 -24"><span class='ocrx_word' id='word_1_691' title='bbox 2120 3764 2125 3773; x_wconf 88' lang='lat'>‘</span> <span class='ocrx_word' id='word_1_692' title='bbox 2177 3763 2466 3836; x_wconf 80' lang='lat' dir='ltr'><strong>fragilitate</strong></span> <span class='ocrx_word' id='word_1_693' title='bbox 2494 3767 2891 3837; x_wconf 88' lang='lat' dir='ltr'><strong>discrepavere,</strong></span> <span class='ocrx_word' id='word_1_694' title='bbox 2937 3771 3190 3840; x_wconf 84' lang='lat' dir='ltr'><strong>specialis</strong></span> <span class='ocrx_word' id='word_1_695' title='bbox 3218 3781 3273 3827; x_wconf 87' lang='lat' dir='ltr'><strong>et</strong></span> <span class='ocrx_word' id='word_1_696' title='bbox 3303 3776 3635 3830; x_wconf 89' lang='lat' dir='ltr'><strong>resurrectio</strong></span> <span class='ocrx_word' id='word_1_697' title='bbox 3663 3776 3762 3831; x_wconf 86' lang='lat' dir='ltr'><strong>de-</strong></span> 
     </span>
    </p>
   </div>
   <div class='ocr_carea' id='block_1_98' title="bbox 2177 3857 3765 3932">
    <p class='ocr_par' dir='ltr' id='par_1_98' title="bbox 2177 3857 3765 3932">
     <span class='ocr_line' id='line_1_98' title="bbox 2177 3857 3765 3932; baseline 0.006 -21"><span class='ocrx_word' id='word_1_698' title='bbox 2177 3857 2440 3924; x_wconf 82' lang='lat' dir='ltr'><strong>signatur.</strong></span> <span class='ocrx_word' id='word_1_699' title='bbox 2489 3857 2623 3912; x_wconf 88' lang='lat' dir='ltr'><strong>Nam</strong></span> <span class='ocrx_word' id='word_1_700' title='bbox 2652 3867 2709 3914; x_wconf 92' lang='lat' dir='ltr'><strong>et</strong></span> <span class='ocrx_word' id='word_1_701' title='bbox 2736 3874 2896 3915; x_wconf 88' lang='lat' dir='ltr'><strong>verus</strong></span> <span class='ocrx_word' id='word_1_702' title='bbox 2922 3861 3086 3916; x_wconf 91' lang='lat' dir='ltr'><strong>homo</strong></span> <span class='ocrx_word' id='word_1_703' title='bbox 3120 3865 3388 3932; x_wconf 86' lang='lat' dir='ltr'><strong>apparuit,</strong></span> <span class='ocrx_word' id='word_1_704' title='bbox 3420 3865 3515 3920; x_wconf 88' lang='lat' dir='ltr'><strong>sed</strong></span> <span class='ocrx_word' id='word_1_705' title='bbox 3546 3880 3612 3920; x_wconf 80' lang='lat' dir='ltr'><strong>ex</strong></span> <span class='ocrx_word' id='word_1_706' title='bbox 3646 3867 3765 3921; x_wconf 86' lang='lat' dir='ltr'><strong>vir-</strong></span> 
     </span>
    </p>
   </div>
   <div class='ocr_carea' id='block_1_99' title="bbox 2178 3951 3767 4029">
    <p class='ocr_par' dir='ltr' id='par_1_99' title="bbox 2178 3951 3767 4029">
     <span class='ocr_line' id='line_1_99' title="bbox 2178 3951 3767 4029; baseline 0.007 -25"><span class='ocrx_word' id='word_1_707' title='bbox 2178 3951 2300 4021; x_wconf 84' lang='lat' dir='ltr'><strong>gine</strong></span> <span class='ocrx_word' id='word_1_708' title='bbox 2328 3960 2501 4008; x_wconf 90' lang='lat' dir='ltr'><strong>matre</strong></span> <span class='ocrx_word' id='word_1_709' title='bbox 2525 3963 2818 4022; x_wconf 91' lang='lat' dir='ltr'><strong>conceptus</strong></span> <span class='ocrx_word' id='word_1_710' title='bbox 2858 3962 2915 4008; x_wconf 93' lang='lat' dir='ltr'><strong>et</strong></span> <span class='ocrx_word' id='word_1_711' title='bbox 2936 3962 3112 4020; x_wconf 90' lang='lat' dir='ltr'><strong>natus,</strong></span> <span class='ocrx_word' id='word_1_712' title='bbox 3145 3966 3200 4010; x_wconf 87' lang='lat' dir='ltr'><strong>et</strong></span> <span class='ocrx_word' id='word_1_713' title='bbox 3230 3964 3468 4012; x_wconf 84' lang='lat' dir='ltr'><strong>tentatus</strong></span> <span class='ocrx_word' id='word_1_714' title='bbox 3498 3962 3585 4013; x_wconf 81' lang='lat' dir='ltr'><strong>est</strong></span> <span class='ocrx_word' id='word_1_715' title='bbox 3660 3974 3767 4029; x_wconf 87' lang='lat' dir='ltr'><strong>per</strong></span> 
     </span>
    </p>
   </div>
   <div class='ocr_carea' id='block_1_100' title="bbox 2178 4042 3765 4118">
    <p class='ocr_par' dir='ltr' id='par_1_100' title="bbox 2178 4042 3765 4118">
     <span class='ocr_line' id='line_1_100' title="bbox 2178 4042 3765 4118; baseline 0.008 -23"><span class='ocrx_word' id='word_1_716' title='bbox 2178 4042 2383 4106; x_wconf 84' lang='lat' dir='ltr'><strong>omnia,</strong></span> <span class='ocrx_word' id='word_1_717' title='bbox 2409 4042 2504 4098; x_wconf 87' lang='lat' dir='ltr'><strong>sed</strong></span> <span class='ocrx_word' id='word_1_718' title='bbox 2536 4050 2590 4094; x_wconf 83' lang='lat' dir='ltr'><strong>et</strong></span> <span class='ocrx_word' id='word_1_719' title='bbox 2613 4059 2712 4112; x_wconf 92' lang='lat' dir='ltr'><strong>pro</strong></span> <span class='ocrx_word' id='word_1_720' title='bbox 2758 4045 3109 4102; x_wconf 89' lang='lat' dir='ltr'><strong>similitudine</strong></span> <span class='ocrx_word' id='word_1_721' title='bbox 3156 4048 3360 4116; x_wconf 85' lang='lat' dir='ltr'><strong>absque</strong></span> <span class='ocrx_word' id='word_1_722' title='bbox 3402 4057 3663 4118; x_wconf 89' lang='lat' dir='ltr'><strong>peccato,</strong></span> <span class='ocrx_word' id='word_1_723' title='bbox 3703 4062 3765 4107; x_wconf 92' lang='lat' dir='ltr'><strong>et</strong></span> 
     </span>
    </p>
   </div>
   <div class='ocr_carea' id='block_1_101' title="bbox 2180 4134 3762 4208">
    <p class='ocr_par' dir='ltr' id='par_1_101' title="bbox 2180 4134 3762 4208">
     <span class='ocr_line' id='line_1_101' title="bbox 2180 4134 3762 4208; baseline 0.006 -21"><span class='ocrx_word' id='word_1_724' title='bbox 2180 4145 2424 4187; x_wconf 84' lang='lat' dir='ltr'><strong>mortuus</strong></span> <span class='ocrx_word' id='word_1_725' title='bbox 2469 4142 2571 4199; x_wconf 90' lang='lat' dir='ltr'><strong>est,</strong></span> <span class='ocrx_word' id='word_1_726' title='bbox 2620 4134 2713 4188; x_wconf 87' lang='lat' dir='ltr'><strong>sed</strong></span> <span class='ocrx_word' id='word_1_727' title='bbox 2740 4137 3008 4203; x_wconf 90' lang='lat' dir='ltr'><strong>quomodo</strong></span> <span class='ocrx_word' id='word_1_728' title='bbox 3038 4136 3153 4205; x_wconf 86' lang='lat' dir='ltr'><strong>ipse</strong></span> <span class='ocrx_word' id='word_1_729' title='bbox 3182 4137 3354 4191; x_wconf 89' lang='lat' dir='ltr'><strong>voluit</strong></span> <span class='ocrx_word' id='word_1_730' title='bbox 3384 4156 3397 4191; x_wconf 89' lang='lat'>:</span> <span class='ocrx_word' id='word_1_731' title='bbox 3429 4147 3485 4192; x_wconf 91' lang='lat' dir='ltr'><strong>et</strong></span> <span class='ocrx_word' id='word_1_732' title='bbox 3513 4139 3762 4208; x_wconf 85' lang='lat' dir='ltr'><strong>sepultus</strong></span> 
     </span>
    </p>
   </div>
   <div class='ocr_carea' id='block_1_102' title="bbox 2150 4224 3763 4298">
    <p class='ocr_par' dir='ltr' id='par_1_102' title="bbox 2150 4224 3763 4298">
     <span class='ocr_line' id='line_1_102' title="bbox 2150 4224 3763 4298; baseline 0.009 -25"><span class='ocrx_word' id='word_1_733' title='bbox 2150 4234 2301 4289; x_wconf 11' lang='lat' dir='ltr'><strong>test,</strong></span> <span class='ocrx_word' id='word_1_734' title='bbox 2347 4224 2440 4279; x_wconf 90' lang='lat' dir='ltr'><strong>sed</strong></span> <span class='ocrx_word' id='word_1_735' title='bbox 2486 4224 2745 4295; x_wconf 91' lang='lat' dir='ltr'><strong>quamdiu</strong></span> <span class='ocrx_word' id='word_1_736' title='bbox 2797 4226 2967 4281; x_wconf 90' lang='lat' dir='ltr'><strong>voluit</strong></span> <span class='ocrx_word' id='word_1_737' title='bbox 3006 4245 3019 4280; x_wconf 92' lang='lat'><strong>:</strong></span> <span class='ocrx_word' id='word_1_738' title='bbox 3065 4236 3121 4283; x_wconf 87' lang='lat' dir='ltr'><strong>et</strong></span> <span class='ocrx_word' id='word_1_739' title='bbox 3164 4230 3459 4286; x_wconf 90' lang='lat' dir='ltr'><strong>suscitatus</strong></span> <span class='ocrx_word' id='word_1_740' title='bbox 3504 4241 3610 4298; x_wconf 90' lang='lat' dir='ltr'><strong>est,</strong></span> <span class='ocrx_word' id='word_1_741' title='bbox 3664 4234 3763 4288; x_wconf 90' lang='lat' dir='ltr'><strong>sed</strong></span> 
     </span>
    </p>
   </div>
   <div class='ocr_carea' id='block_1_103' title="bbox 2179 4318 3763 4395">
    <p class='ocr_par' dir='ltr' id='par_1_103' title="bbox 2179 4318 3763 4395">
     <span class='ocr_line' id='line_1_103' title="bbox 2179 4318 3763 4395; baseline 0.004 -21"><span class='ocrx_word' id='word_1_742' title='bbox 2179 4321 2397 4389; x_wconf 88' lang='lat' dir='ltr'><strong>quando</strong></span> <span class='ocrx_word' id='word_1_743' title='bbox 2425 4319 2613 4374; x_wconf 89' lang='lat' dir='ltr'><strong>voluit.</strong></span> <span class='ocrx_word' id='word_1_744' title='bbox 2654 4318 2767 4375; x_wconf 83' lang='lat' dir='ltr'><strong>lloc</strong></span> <span class='ocrx_word' id='word_1_745' title='bbox 2794 4329 2877 4375; x_wconf 91' lang='lat' dir='ltr'><strong>est</strong></span> <span class='ocrx_word' id='word_1_746' title='bbox 2903 4336 3033 4392; x_wconf 91' lang='lat' dir='ltr'><strong>ergo</strong></span> <span class='ocrx_word' id='word_1_747' title='bbox 3061 4323 3206 4392; x_wconf 87' lang='lat' dir='ltr'><strong>quod</strong></span> <span class='ocrx_word' id='word_1_748' title='bbox 3234 4324 3309 4378; x_wconf 89' lang='lat' dir='ltr'><strong>ait</strong></span> <span class='ocrx_word' id='word_1_749' title='bbox 3340 4342 3353 4377; x_wconf 88' lang='lat'><strong>:</strong></span> <span class='ocrx_word' id='word_1_750' title='bbox 3394 4321 3763 4395; x_wconf 85' lang='lat' dir='ltr'><strong>Singulariter</strong></span> 
     </span>
    </p>
   </div>
   <div class='ocr_carea' id='block_1_104' title="bbox 2181 4409 3764 4485">
    <p class='ocr_par' dir='ltr' id='par_1_104' title="bbox 2181 4409 3764 4485">
     <span class='ocr_line' id='line_1_104' title="bbox 2181 4409 3764 4485; baseline 0.004 -21"><span class='ocrx_word' id='word_1_751' title='bbox 2181 4424 2300 4464; x_wconf 91' lang='lat' dir='ltr'><strong>sum</strong></span> <span class='ocrx_word' id='word_1_752' title='bbox 2331 4424 2431 4478; x_wconf 85' lang='lat' dir='ltr'><strong>ego</strong></span> <span class='ocrx_word' id='word_1_753' title='bbox 2475 4409 2645 4462; x_wconf 89' lang='lat' dir='ltr'><strong>donec</strong></span> <span class='ocrx_word' id='word_1_754' title='bbox 2687 4416 2961 4465; x_wconf 87' lang='lat' dir='ltr'><strong>transeam</strong></span> <span class='ocrx_word' id='word_1_755' title='bbox 3007 4409 3178 4483; x_wconf 88' lang='lat' dir='ltr'><strong>(Psal.</strong></span> <span class='ocrx_word' id='word_1_756' title='bbox 3227 4412 3349 4485; x_wconf 78' lang='lat' dir='ltr'><strong>cxi.)</strong></span> <span class='ocrx_word' id='word_1_757' title='bbox 3380 4432 3392 4467; x_wconf 94' lang='lat'>:</span> <span class='ocrx_word' id='word_1_758' title='bbox 3427 4422 3482 4468; x_wconf 89' lang='lat' dir='ltr'><strong>et</strong></span> <span class='ocrx_word' id='word_1_759' title='bbox 3525 4415 3656 4470; x_wconf 80' lang='lat' dir='ltr'><strong>alibi</strong></span> <span class='ocrx_word' id='word_1_760' title='bbox 3693 4417 3764 4471; x_wconf 84' lang='lat' dir='ltr'><strong>de</strong></span> 
     </span>
    </p>
   </div>
   <div class='ocr_carea' id='block_1_105' title="bbox 2180 4502 3761 4577">
    <p class='ocr_par' dir='ltr' id='par_1_105' title="bbox 2180 4502 3761 4577">
     <span class='ocr_line' id='line_1_105' title="bbox 2180 4502 3761 4577; baseline 0.003 -18"><span class='ocrx_word' id='word_1_761' title='bbox 2180 4502 2437 4575; x_wconf 84' lang='lat' dir='ltr'><strong>singulari</strong></span> <span class='ocrx_word' id='word_1_762' title='bbox 2461 4502 2776 4573; x_wconf 89' lang='lat' dir='ltr'><strong>sepultura:</strong></span> <span class='ocrx_word' id='word_1_763' title='bbox 2809 4503 2878 4557; x_wconf 86' lang='lat' dir='ltr'><strong>In</strong></span> <span class='ocrx_word' id='word_1_764' title='bbox 2904 4521 3031 4575; x_wconf 85' lang='lat' dir='ltr'><strong>pace</strong></span> <span class='ocrx_word' id='word_1_765' title='bbox 3071 4507 3127 4559; x_wconf 86' lang='lat' dir='ltr'><strong>in</strong></span> <span class='ocrx_word' id='word_1_766' title='bbox 3154 4506 3381 4577; x_wconf 86' lang='lat' dir='ltr'><strong>idipsum</strong></span> <span class='ocrx_word' id='word_1_767' title='bbox 3407 4506 3669 4563; x_wconf 80' lang='lat' dir='ltr'><strong>dormiam</strong></span> <span class='ocrx_word' id='word_1_768' title='bbox 3709 4519 3761 4563; x_wconf 91' lang='lat' dir='ltr'><strong>et</strong></span> 
     </span>
    </p>
   </div>
   <div class='ocr_carea' id='block_1_106' title="bbox 2179 4593 3764 4677">
    <p class='ocr_par' dir='ltr' id='par_1_106' title="bbox 2179 4593 3764 4677">
     <span class='ocr_line' id='line_1_106' title="bbox 2179 4593 3764 4677; baseline 0.004 -27"><span class='ocrx_word' id='word_1_769' title='bbox 2179 4597 2519 4667; x_wconf 86' lang='lat' dir='ltr'><strong>requiescam.</strong></span> <span class='ocrx_word' id='word_1_770' title='bbox 2554 4593 2819 4660; x_wconf 82' lang='lat' dir='ltr'><strong>Quoniam</strong></span> <span class='ocrx_word' id='word_1_771' title='bbox 2844 4607 2922 4660; x_wconf 85' lang='lat' dir='ltr'><strong>tu,</strong></span> <span class='ocrx_word' id='word_1_772' title='bbox 2948 4596 3192 4664; x_wconf 87' lang='lat' dir='ltr'><strong>Domine,</strong></span> <span class='ocrx_word' id='word_1_773' title='bbox 3229 4598 3572 4677; x_wconf 78' lang='lat' dir='ltr'><strong>singulariter</strong></span> <span class='ocrx_word' id='word_1_774' title='bbox 3595 4601 3650 4656; x_wconf 83' lang='lat' dir='ltr'><strong>in</strong></span> <span class='ocrx_word' id='word_1_775' title='bbox 3671 4619 3764 4672; x_wconf 85' lang='lat' dir='ltr'><strong>spe</strong></span> 
     </span>
    </p>
   </div>
   <div class='ocr_carea' id='block_1_107' title="bbox 2179 4684 3763 4749">
    <p class='ocr_par' dir='ltr' id='par_1_107' title="bbox 2179 4684 3763 4749">
     <span class='ocr_line' id='line_1_107' title="bbox 2179 4684 3763 4749; baseline 0.005 -10"><span class='ocrx_word' id='word_1_776' title='bbox 2179 4684 2495 4739; x_wconf 83' lang='lat' dir='ltr'><strong>constituisti</strong></span> <span class='ocrx_word' id='word_1_777' title='bbox 2520 4701 2620 4748; x_wconf 84' lang='lat' dir='ltr'><strong>me,</strong></span> <span class='ocrx_word' id='word_1_778' title='bbox 2656 4684 2708 4738; x_wconf 91' lang='lat' dir='ltr'><strong>id</strong></span> <span class='ocrx_word' id='word_1_779' title='bbox 2737 4694 2839 4749; x_wconf 89' lang='lat' dir='ltr'><strong>est,</strong></span> <span class='ocrx_word' id='word_1_780' title='bbox 2873 4694 3192 4743; x_wconf 66' lang='lat' dir='ltr'><strong>cacterorum</strong></span> <span class='ocrx_word' id='word_1_781' title='bbox 3224 4690 3538 4745; x_wconf 88' lang='lat' dir='ltr'><strong>mortalium</strong></span> <span class='ocrx_word' id='word_1_782' title='bbox 3564 4691 3617 4745; x_wconf 94' lang='lat' dir='ltr'><strong>in</strong></span> <span class='ocrx_word' id='word_1_783' title='bbox 3654 4693 3763 4747; x_wconf 85' lang='lat' dir='ltr'><strong>line</strong></span> 
     </span>
    </p>
   </div>
   <div class='ocr_carea' id='block_1_108' title="bbox 2179 4777 3765 4849">
    <p class='ocr_par' dir='ltr' id='par_1_108' title="bbox 2179 4777 3765 4849">
     <span class='ocr_line' id='line_1_108' title="bbox 2179 4777 3765 4849; baseline 0.006 -20"><span class='ocrx_word' id='word_1_784' title='bbox 2179 4777 2575 4841; x_wconf 84' lang='lat' dir='ltr'><strong>resurrectione</strong></span> <span class='ocrx_word' id='word_1_785' title='bbox 2605 4784 2843 4842; x_wconf 88' lang='lat' dir='ltr'><strong>servata,</strong></span> <span class='ocrx_word' id='word_1_786' title='bbox 2889 4793 2978 4832; x_wconf 86' lang='lat' dir='ltr'><strong>me</strong></span> <span class='ocrx_word' id='word_1_787' title='bbox 3000 4778 3256 4849; x_wconf 88' lang='lat' dir='ltr'><strong>singulari</strong></span> <span class='ocrx_word' id='word_1_788' title='bbox 3284 4780 3427 4835; x_wconf 91' lang='lat' dir='ltr'><strong>donu</strong></span> <span class='ocrx_word' id='word_1_789' title='bbox 3465 4797 3497 4835; x_wconf 90' lang='lat' dir='ltr'><strong>a</strong></span> <span class='ocrx_word' id='word_1_790' title='bbox 3529 4784 3765 4839; x_wconf 88' lang='lat' dir='ltr'><strong>mortuis</strong></span> 
     </span>
    </p>
   </div>
   <div class='ocr_carea' id='block_1_109' title="bbox 2179 4858 3120 4936">
    <p class='ocr_par' dir='ltr' id='par_1_109' title="bbox 2179 4858 3120 4936">
     <span class='ocr_line' id='line_1_109' title="bbox 2179 4858 3120 4936; baseline 0.003 -16"><span class='ocrx_word' id='word_1_791' title='bbox 2179 4858 2267 4920; x_wconf 91' lang='lat' dir='ltr'><strong>die</strong></span> <span class='ocrx_word' id='word_1_792' title='bbox 2296 4866 2456 4920; x_wconf 89' lang='lat' dir='ltr'><strong>tertia</strong></span> <span class='ocrx_word' id='word_1_793' title='bbox 2486 4881 2775 4936; x_wconf 82' lang='lat' dir='ltr'><strong>resurgere</strong></span> <span class='ocrx_word' id='word_1_794' title='bbox 2800 4868 3120 4936; x_wconf 90' lang='lat' dir='ltr'><strong>promisisti.</strong></span> 
     </span>
    </p>
   </div>
   <div class='ocr_carea' id='block_1_110' title="bbox 2251 4977 3761 5052">
    <p class='ocr_par' dir='ltr' id='par_1_110' title="bbox 2251 4977 3761 5052">
     <span class='ocr_line' id='line_1_110' title="bbox 2251 4977 3761 5052; baseline 0.007 -21"><span class='ocrx_word' id='word_1_795' title='bbox 2251 4977 2323 5032; x_wconf 89' lang='lat' dir='ltr'><strong>De</strong></span> <span class='ocrx_word' id='word_1_796' title='bbox 2352 4986 2702 5033; x_wconf 90' lang='lat' dir='ltr'><strong>monumento</strong></span> <span class='ocrx_word' id='word_1_797' title='bbox 2727 4980 2938 5034; x_wconf 91' lang='lat' dir='ltr'><strong>Domini</strong></span> <span class='ocrx_word' id='word_1_798' title='bbox 2971 4979 3150 5036; x_wconf 89' lang='lat' dir='ltr'><strong>ferunt</strong></span> <span class='ocrx_word' id='word_1_799' title='bbox 3182 4984 3272 5052; x_wconf 91' lang='lat' dir='ltr'><strong>qui</strong></span> <span class='ocrx_word' id='word_1_800' title='bbox 3303 4991 3489 5038; x_wconf 86' lang='lat' dir='ltr'><strong>nostra</strong></span> <span class='ocrx_word' id='word_1_801' title='bbox 3512 4992 3568 5039; x_wconf 90' lang='lat' dir='ltr'><strong>et</strong></span> <span class='ocrx_word' id='word_1_802' title='bbox 3599 4995 3761 5041; x_wconf 70' lang='lat' dir='ltr'><strong>aetate</strong></span> 
     </span>
    </p>
   </div>
   <div class='ocr_carea' id='block_1_111' title="bbox 2174 5066 3760 5144">
    <p class='ocr_par' dir='ltr' id='par_1_111' title="bbox 2174 5066 3760 5144">
     <span class='ocr_line' id='line_1_111' title="bbox 2174 5066 3760 5144; baseline 0.006 -23"><span class='ocrx_word' id='word_1_803' title='bbox 2174 5066 2242 5121; x_wconf 88' lang='lat' dir='ltr'><strong>de</strong></span> <span class='ocrx_word' id='word_1_804' title='bbox 2272 5067 2660 5138; x_wconf 84' lang='lat' dir='ltr'><strong>Hierosolymis</strong></span> <span class='ocrx_word' id='word_1_805' title='bbox 2706 5068 3042 5124; x_wconf 87' lang='lat' dir='ltr'><strong>Britanniam</strong></span> <span class='ocrx_word' id='word_1_806' title='bbox 3071 5072 3361 5138; x_wconf 82' lang='lat' dir='ltr'><strong>venerunt,</strong></span> <span class='ocrx_word' id='word_1_807' title='bbox 3392 5075 3537 5144; x_wconf 90' lang='lat' dir='ltr'><strong>quod</strong></span> <span class='ocrx_word' id='word_1_808' title='bbox 3564 5076 3760 5131; x_wconf 89' lang='lat' dir='ltr'><strong>domus</strong></span> 
     </span>
    </p>
   </div>
   <div class='ocr_carea' id='block_1_112' title="bbox 2179 5160 3765 5235">
    <p class='ocr_par' dir='ltr' id='par_1_112' title="bbox 2179 5160 3765 5235">
     <span class='ocr_line' id='line_1_112' title="bbox 2179 5160 3765 5235; baseline 0.008 -21"><span class='ocrx_word' id='word_1_809' title='bbox 2179 5160 2345 5216; x_wconf 91' lang='lat' dir='ltr'><strong>fuerit</strong></span> <span class='ocrx_word' id='word_1_810' title='bbox 2371 5162 2625 5227; x_wconf 90' lang='lat' dir='ltr'><strong>rotunda,</strong></span> <span class='ocrx_word' id='word_1_811' title='bbox 2651 5163 2719 5218; x_wconf 85' lang='lat' dir='ltr'><strong>de</strong></span> <span class='ocrx_word' id='word_1_812' title='bbox 2750 5163 3062 5233; x_wconf 85' lang='lat' dir='ltr'><strong>subjacente</strong></span> <span class='ocrx_word' id='word_1_813' title='bbox 3091 5181 3224 5235; x_wconf 90' lang='lat' dir='ltr'><strong>rupe</strong></span> <span class='ocrx_word' id='word_1_814' title='bbox 3249 5168 3453 5233; x_wconf 82' lang='lat' dir='ltr'><strong>excisa,</strong></span> <span class='ocrx_word' id='word_1_815' title='bbox 3488 5177 3655 5225; x_wconf 68' lang='lat' dir='ltr'><strong>tanta:</strong></span> <span class='ocrx_word' id='word_1_816' title='bbox 3684 5171 3765 5225; x_wconf 84' lang='lat' dir='ltr'><strong>al-</strong></span> 
     </span>
    </p>
   </div>
   <div class='ocr_carea' id='block_1_113' title="bbox 2182 5246 3766 5321">
    <p class='ocr_par' dir='ltr' id='par_1_113' title="bbox 2182 5246 3766 5321">
     <span class='ocr_line' id='line_1_113' title="bbox 2182 5246 3766 5321; baseline 0.007 -15"><span class='ocrx_word' id='word_1_817' title='bbox 2182 5253 2445 5311; x_wconf 89' lang='lat' dir='ltr'><strong>titudinis.</strong></span> <span class='ocrx_word' id='word_1_818' title='bbox 2490 5261 2553 5307; x_wconf 91' lang='lat' dir='ltr'><strong>ut</strong></span> <span class='ocrx_word' id='word_1_819' title='bbox 2594 5253 2742 5309; x_wconf 90' lang='lat' dir='ltr'><strong>intro</strong></span> <span class='ocrx_word' id='word_1_820' title='bbox 2773 5246 3097 5311; x_wconf 81' lang='lat' dir='ltr'><strong>consistens</strong></span> <span class='ocrx_word' id='word_1_821' title='bbox 3126 5257 3309 5321; x_wconf 88' lang='lat' dir='ltr'><strong>homo,</strong></span> <span class='ocrx_word' id='word_1_822' title='bbox 3340 5256 3441 5313; x_wconf 65' lang='lat' dir='ltr'><strong>vir.</strong></span> <span class='ocrx_word' id='word_1_823' title='bbox 3463 5275 3628 5314; x_wconf 90' lang='lat' dir='ltr'><strong>manu</strong></span> <span class='ocrx_word' id='word_1_824' title='bbox 3674 5277 3766 5317; x_wconf 77' lang='lat' dir='ltr'><strong>ex-</strong></span> 
     </span>
    </p>
   </div>
   <div class='ocr_carea' id='block_1_114' title="bbox 2182 5345 3761 5417">
    <p class='ocr_par' dir='ltr' id='par_1_114' title="bbox 2182 5345 3761 5417">
     <span class='ocr_line' id='line_1_114' title="bbox 2182 5345 3761 5417; baseline 0.006 -18"><span class='ocrx_word' id='word_1_825' title='bbox 2182 5352 2351 5408; x_wconf 90' lang='lat' dir='ltr'><strong>tenta,</strong></span> <span class='ocrx_word' id='word_1_826' title='bbox 2379 5345 2591 5399; x_wconf 91' lang='lat' dir='ltr'><strong>culmen</strong></span> <span class='ocrx_word' id='word_1_827' title='bbox 2616 5346 2787 5414; x_wconf 90' lang='lat' dir='ltr'><strong>possit</strong></span> <span class='ocrx_word' id='word_1_828' title='bbox 2809 5347 3095 5417; x_wconf 88' lang='lat' dir='ltr'><strong>attingere.</strong></span> <span class='ocrx_word' id='word_1_829' title='bbox 3132 5348 3262 5416; x_wconf 68' lang='lat' dir='ltr'><strong>Quae</strong></span> <span class='ocrx_word' id='word_1_830' title='bbox 3288 5352 3454 5408; x_wconf 85' lang='lat' dir='ltr'><strong>habet</strong></span> <span class='ocrx_word' id='word_1_831' title='bbox 3478 5352 3761 5409; x_wconf 88' lang='lat' dir='ltr'><strong>introitum</strong></span> 
     </span>
    </p>
   </div>
   <div class='ocr_carea' id='block_1_115' title="bbox 2181 5434 3764 5517">
    <p class='ocr_par' dir='ltr' id='par_1_115' title="bbox 2181 5434 3764 5517">
     <span class='ocr_line' id='line_1_115' title="bbox 2181 5434 3764 5517; baseline 0.007 -30"><span class='ocrx_word' id='word_1_832' title='bbox 2181 5435 2249 5489; x_wconf 91' lang='lat' dir='ltr'><strong>ab</strong></span> <span class='ocrx_word' id='word_1_833' title='bbox 2294 5434 2534 5499; x_wconf 82' lang='lat' dir='ltr'><strong>oriente,</strong></span> <span class='ocrx_word' id='word_1_834' title='bbox 2579 5435 2664 5489; x_wconf 92' lang='lat' dir='ltr'><strong>cui</strong></span> <span class='ocrx_word' id='word_1_835' title='bbox 2705 5434 2842 5505; x_wconf 86' lang='lat' dir='ltr'><strong>lapis</strong></span> <span class='ocrx_word' id='word_1_836' title='bbox 2871 5436 2960 5492; x_wconf 89' lang='lat' dir='ltr'><strong>ille</strong></span> <span class='ocrx_word' id='word_1_837' title='bbox 3000 5453 3228 5510; x_wconf 84' lang='lat' dir='ltr'><strong>magnus</strong></span> <span class='ocrx_word' id='word_1_838' title='bbox 3272 5441 3556 5498; x_wconf 87' lang='lat' dir='ltr'><strong>advolutus</strong></span> <span class='ocrx_word' id='word_1_839' title='bbox 3599 5454 3764 5517; x_wconf 87' lang='lat' dir='ltr'><strong>atque</strong></span> 
     </span>
    </p>
   </div>
   <div class='ocr_carea' id='block_1_116' title="bbox 2183 5526 3761 5607">
    <p class='ocr_par' dir='ltr' id='par_1_116' title="bbox 2183 5526 3761 5607">
     <span class='ocr_line' id='line_1_116' title="bbox 2183 5526 3761 5607; baseline 0.008 -27"><span class='ocrx_word' id='word_1_840' title='bbox 2183 5526 2467 5594; x_wconf 87' lang='lat' dir='ltr'><strong>impositus</strong></span> <span class='ocrx_word' id='word_1_841' title='bbox 2491 5536 2597 5592; x_wconf 87' lang='lat' dir='ltr'><strong>est,</strong></span> <span class='ocrx_word' id='word_1_842' title='bbox 2632 5527 2685 5581; x_wconf 92' lang='lat' dir='ltr'><strong>in</strong></span> <span class='ocrx_word' id='word_1_843' title='bbox 2716 5526 2869 5596; x_wconf 90' lang='lat' dir='ltr'><strong>cujus</strong></span> <span class='ocrx_word' id='word_1_844' title='bbox 2904 5535 3238 5588; x_wconf 78' lang='lat' dir='ltr'><strong>monumenti</strong></span> <span class='ocrx_word' id='word_1_845' title='bbox 3275 5543 3429 5604; x_wconf 85' lang='lat' dir='ltr'><strong>parte</strong></span> <span class='ocrx_word' id='word_1_846' title='bbox 3464 5537 3761 5607; x_wconf 90' lang='lat' dir='ltr'><strong>aquilonali</strong></span> 
     </span>
    </p>
   </div>
   <div class='ocr_carea' id='block_1_117' title="bbox 2184 5614 3761 5697">
    <p class='ocr_par' dir='ltr' id='par_1_117' title="bbox 2184 5614 3761 5697">
     <span class='ocr_line' id='line_1_117' title="bbox 2184 5614 3761 5697; baseline 0.01 -30"><span class='ocrx_word' id='word_1_847' title='bbox 2184 5614 2491 5681; x_wconf 60' lang='lat' dir='ltr'><strong>Sepulcrum</strong></span> <span class='ocrx_word' id='word_1_848' title='bbox 2523 5615 2719 5684; x_wconf 89' lang='lat' dir='ltr'><strong>ipsum,</strong></span> <span class='ocrx_word' id='word_1_849' title='bbox 2762 5618 2863 5673; x_wconf 91' lang='lat' dir='ltr'><strong>hoc</strong></span> <span class='ocrx_word' id='word_1_850' title='bbox 2893 5629 2998 5685; x_wconf 78' lang='lat' dir='ltr'><strong>est,</strong></span> <span class='ocrx_word' id='word_1_851' title='bbox 3029 5621 3181 5677; x_wconf 89' lang='lat' dir='ltr'><strong>locus</strong></span> <span class='ocrx_word' id='word_1_852' title='bbox 3208 5624 3472 5681; x_wconf 91' lang='lat' dir='ltr'><strong>Dominici</strong></span> <span class='ocrx_word' id='word_1_853' title='bbox 3510 5631 3761 5697; x_wconf 86' lang='lat' dir='ltr'><strong>corporis</strong></span> 
     </span>
    </p>
   </div>
   <div class='ocr_carea' id='block_1_118' title="bbox 2185 5703 3763 5787">
    <p class='ocr_par' dir='ltr' id='par_1_118' title="bbox 2185 5703 3763 5787">
     <span class='ocr_line' id='line_1_118' title="bbox 2185 5703 3763 5787; baseline 0.013 -35"><span class='ocrx_word' id='word_1_854' title='bbox 2185 5703 2251 5756; x_wconf 83' lang='lat' dir='ltr'><strong>de</strong></span> <span class='ocrx_word' id='word_1_855' title='bbox 2287 5703 2473 5757; x_wconf 62' lang='lat' dir='ltr'><strong>eadem</strong></span> <span class='ocrx_word' id='word_1_856' title='bbox 2524 5713 2670 5773; x_wconf 57' lang='lat' dir='ltr'><strong>petra</strong></span> <span class='ocrx_word' id='word_1_857' title='bbox 2723 5707 2892 5761; x_wconf 65' lang='lat' dir='ltr'><strong>factus</strong></span> <span class='ocrx_word' id='word_1_858' title='bbox 2940 5718 3040 5773; x_wconf 67' lang='lat' dir='ltr'><strong>cst,</strong></span> <span class='ocrx_word' id='word_1_859' title='bbox 3093 5720 3298 5781; x_wconf 74' lang='lat' dir='ltr'><strong>septem</strong></span> <span class='ocrx_word' id='word_1_860' title='bbox 3348 5714 3556 5769; x_wconf 70' lang='lat' dir='ltr'><strong>habens</strong></span> <span class='ocrx_word' id='word_1_861' title='bbox 3598 5720 3763 5787; x_wconf 58' lang='lat' dir='ltr'><strong>pedes</strong></span> 
     </span>
    </p>
   </div>
  </div>
