3978 6418
269 309 359 367 l9'

1084 321 1601 379 COLLECTIONES
1639 321 1705 379 IN
1749 324 2131 382 EPISTOLAS
2171 328 2258 381 ET
2298 329 2710 387 EV‘ANGELIA.

3433 345 3535 401 l98

263 427 639 498 longitudinis,
674 443 834 487 trium
864 450 989 489 vero
1016 436 1316 507 palmorum
1345 455 1615 505 mensura,
1653 450 1852 495 cetero
1880 444 1926 501 Λ
1954 440 2150 505 gaudio
2179 440 2372 496 futura:
2394 452 2476 497 est
2506 448 2917 503 resurrectionis
2944 452 3276 523 adaugealda.
3302 454 3361 509 In
3389 455 3538 512 Luca

260 520 578 607 pavimento
606 524 769 581 altius
796 527 1062 583 eminens.
1094 527 1218 596 Qui,
1251 530 1503 586 videlicet
1527 533 1695 597 locus',
1742 550 1849 588 non

261 609 513 682 desuper,
545 614 642 670 sed
670 631 702 669 a
740 615 912 672 latere
958 619 1260 676 meridiano
1286 636 1383 690 per
1424 630 1592 677 totum
1631 626 1849 693 patulus

261 710 369 769 est,
394 704 540 760 unde
569 721 768 777 corpus
812 706 1166 764 inferebatur.
1200 710 1363 766 Color
1388 722 1568 767 autem
1602 712 1846 781 ejusdem

262 797 600 852 monumenti
644 814 709 854 ac
736 798 899 854 loculi
927 801 1227 857 rubicundo
1256 811 1312 858 et
1350 803 1473 859 albo
1501 804 1701 860 dicitur
1725 822 1846 863 esse

260 885 575 954 permistus.
610 886 746 942 Nam
777 897 832 944 et
856 884 1164 961 sepulcrum
1208 891 1339 947 illud
1366 894 1733 951 venerabilem
1776 896 1845 952 li-

258 993 451 1050 gurem
477 980 733 1036 dominici
765 981 1002 1038 habebat
1032 983 1244 1050 altaris,
1274 984 1328 1039 in
1365 1002 1474 1055 quo
1504 987 1685 1043 carnis
1725 989 1844 1060 ejus

258 1083 326 1124 ac
364 1070 646 1143 sanguinis
668 1072 845 1129 solent
872 1074 1130 1145 mysteria
1170 1068 1463 1142 celebrari,
1488 1079 1632 1134 unde
1660 1081 1842 1151 regula

259 1162 643 1218 Ecclesiastica
686 1172 837 1220 tenet
882 1164 1071 1220 eadem
1101 1167 1378 1237 mysteria,
1410 1184 1519 1222 non
1544 1168 1598 1223 in
1642 1170 1837 1233 serico,

256 1270 367 1309 non
409 1254 462 1308 in
486 1270 668 1325 panno
699 1255 886 1321 tincto,
932 1256 1026 1313 sed
1072 1258 1246 1312 instar
1274 1258 1539 1326 sindonis,
1573 1277 1680 1331 quo
1717 1277 1839 1316 eum

255 1341 457 1415 Ioseph
487 1345 711 1401 involvit
734 1346 791 1401 in
818 1346 985 1403 linteo
1011 1363 1148 1418 puro
1178 1348 1377 1404 debere
1411 1352 1741 1406 consecrari.
1773 1352 1842 1408 Ut

257 1436 403 1491 sicut
426 1436 541 1505 ipse
566 1451 752 1491 veram
796 1446 1026 1493 terrena:
1056 1438 1409 1508 mortalisque
1451 1447 1660 1495 natura:
1705 1441 1836 1496 sub-

257 1525 517 1580 stantiam
548 1541 647 1597 pro
672 1527 830 1582 nobis
855 1528 1018 1582 morti
1045 1527 1261 1594 obtulit,
1291 1530 1365 1584 ita
1392 1537 1447 1585 et
1481 1546 1580 1586 nos
1607 1531 1659 1585 in
1689 1546 1836 1586 com-

258 1617 703 1672 inemorationezu
727 1618 967 1689 ejusdem
999 1618 1263 1674 tremendi
1304 1628 1359 1674 et
1386 1621 1711 1675 venerabilis
1750 1637 1835 1675 sa—

254 1706 542 1772 cramenti,
572 1722 767 1777 purum
814 1706 881 1762 de
930 1713 1087 1763 terra:
1118 1708 1362 1779 germine
1406 1709 1827 1781 candidumque,

1953 528 2218 599 legimus:
2253 530 2391 596 Quia
2427 534 2631 587 stabant
2675 553 2852 591 omnes
2898 541 3009 594 noti
3052 542 3167 611 ejus
3192 559 3227 596 a
3264 543 3435 616 longe,
3483 558 3536 602 et

1951 618 2193 673 mulieres
2220 636 2338 679 qua:
2364 632 2556 676 secuta:
2584 635 2734 678 erant
2769 642 2908 682 eum.
2934 618 3028 683 illis
3050 646 3181 702 ergo
3210 634 3355 689 notis
3375 634 3529 702 Jesu,

1947 715 2071 776 post
2105 708 2410 777 depositum
2459 712 2577 781 ejus
2605 728 2823 784 corpus,
2855 717 2922 772 ad
2969 733 3064 773 sua
3122 724 3492 781 remeantibus
3512 768 3531 792 ,

1947 796 2076 852 sola:
2124 798 2401 865 mulieres,
2431 817 2551 870 quae
2579 805 2785 859 arctius
2831 808 3104 873 amabant,
3149 810 3311 868 funus
3341 815 3531 871 subse-

1946 895 2108 954 cutae,
2154 892 2428 959 quomodo
2460 904 2754 962 poneretur
2800 896 3070 967 inspicere
3123 902 3420 969 curabant,
3463 914 3532 961 ut

1943 978 1994 1033 ei
2042 986 2283 1050 tempore
2328 997 2570 1053 congruo
2616 1000 2813 1041 munus
2838 998 3058 1057 possent
3100 990 3404 1049 devotionis
3444 996 3534 1051 of-

1943 1066 2107 1124 ferre.
2142 1072 2247 1126 Sed
2289 1081 2346 1127 et
2384 1071 2660 1129 hactenus
2688 1085 2887 1132 sauctxe
2916 1078 3175 1135 mulieres
3200 1082 3287 1137 die
3331 1100 3528 1154 paras-

1941 1175 2089 1229 ceve,
2116 1163 2168 1217 id
2194 1173 2279 1219 est
2330 1168 2905 1236 prmparationisjdem
2932 1169 3157 1237 faciunt,
3183 1189 3307 1228 cum
3332 1176 3528 1232 anima:

1942 1252 2193 1317 humiles,
2225 1262 2279 1309 et
2312 1270 2420 1324 quo
2454 1256 2677 1325 majoris
2706 1259 2809 1313 sibi
2836 1262 3067 1316 conscia:
3098 1262 3429 1333 fragilitatis,
3456 1284 3528 1324 eo

1940 1340 2132 1409 majori
2158 1342 2455 1400 Salvatoris
2477 1361 2663 1401 amore
2686 1346 2958 1404 ferventes
2979 1354 3267 1421 passionis,
3295 1355 3412 1424 ejus
3433 1374 3526 1413 ve-

1936 1429 2115 1499 stigiis
2143 1431 2196 1485 in
2247 1433 2351 1487 hoc
2381 1434 2598 1498 smeulo,
2628 1450 2736 1504 quo
2780 1439 2998 1507 requies
3020 1450 3124 1505 est,
3165 1447 3521 1514 praeparanda

1935 1517 2113 1574 futura
2164 1520 2452 1593 diligenter
2498 1525 2891 1594 obsequuntur.
2932 1528 3002 1583 Et
3040 1530 3086 1583 si
3130 1530 3270 1586 forte
3301 1533 3518 1589 valeant

1933 1608 2135 1664 imitari
2164 1612 2251 1681 pia
2280 1613 2616 1680 curiositate,
2652 1630 2760 1685 quo
2793 1618 2983 1673 ordine
3010 1620 3083 1674 sit
3106 1622 3297 1677 eadem
3326 1626 3509 1693 passio

1932 1700 2194 1772 completa
2233 1704 2591 1773 perpendunt.
2643 1704 2702 1759 in
2753 1705 3046 1778 Evangelia
3080 1711 3298 1779 quidem
3347 1712 3514 1769 Marci
3578 1706 3587 1722 ⁸

256 1806 310 1852 et
336 1776 686 1862 multimodis,
732 1797 886 1867 quasi
920 1776 1401 1853 mortificationum
1447 1814 1643 1870 genere
1669 1776 1834 1855 casti-
1859 1776 1908 1835 Β
1935 1790 2194 1859 scriptum
2229 1800 2316 1846 est
2341 1809 2356 1846 :

254 1899 438 1957 gntum
461 1888 619 1944 altari
641 1888 807 1944 linum
827 1890 1188 1959 imponamus.
1218 1880 1371 1957 Quod
1394 1902 1573 1949 autem
1599 1892 1703 1947 ait:
1728 1892 1837 1947 Ad-

256 1983 406 2037 mlvit
436 1999 625 2037 saxum
647 1998 892 2053 magnum
922 1982 992 2036 ad
1022 1984 1213 2037 ostium
1237 1983 1832 2044 monumenti,velamen

253 2072 545 2143 significat,
577 2073 719 2143 quod
763 2072 816 2127 in
844 2073 1075 2129 lectione
1110 2072 1322 2129 Veteris
1351 2072 1684 2129 'l‘estamenti
1717 2091 1832 2130 ma-

253 2175 363 2220 net.
392 2164 500 2219 Lex
520 2164 666 2219 enim
692 2164 745 2218 in
774 2164 950 2233 lapide
974 2164 1177 2235 scripta
1199 2173 1304 2228 est,
1328 2163 1485 2234 cujus
1510 2166 1690 2222 ablato
1716 2175 1832 2239 teg-

253 2253 417 2319 mine,
450 2262 661 2309 secreta
687 2263 1152 2309 sacramentorum
1176 2255 1508 2310 revelantur.

322 2344 455 2398 Erat
498 2353 671 2400 autem
698 2345 771 2400 ibi
802 2343 979 2400 Maria
1010 2342 1324 2417 Magdalene
1347 2355 1396 2401 et
1433 2346 1600 2402 altera
1648 2348 1828 2404 Maria

249 2435 484 2491 sedentes
508 2444 725 2515 contra.
761 2434 1078 2515 sepulcrum.
1125 2435 1351 2492 Caeteris
1397 2436 1828 2508 relinquentibus

253 2504 557 2595 Dominum,
606 2528 860 2583 mulieres
904 2529 957 2582 in
999 2526 1173 2583 oliicio
1217 2538 1592 2600 perseverant,
1635 2546 1825 2602 exspe.

247 2627 460 2675 etautes
502 2619 644 2690 quod
680 2618 1005 2689 promiserat
1044 2616 1222 2685 Jesus,
1252 2628 1307 2675 et
1352 2619 1471 2675 ideo
1509 2631 1827 2679 meruerunt

248 2711 437 2780 prima:
464 2711 646 2766 videre
669 2720 1059 2782 resurgentem.
1092 2711 1357 2779 Quoniam
1384 2713 1475 2783 qui
1506 2729 1823 2784 persevera-

250 2803 387 2856 verit
416 2818 583 2872 usque
608 2803 660 2856 in
686 2801 844 2856 linem
881 2802 970 2858 hic
997 2801 1178 2858 salvus
1211 2804 1334 2859 erit.

319 2891 498 2946 Altera
527 2901 703 2946 autem
748 2892 851 2958 die,
879 2909 994 2965 qua:
1020 2902 1094 2947 est
1116 2903 1230 2963 post
1258 2891 1605 2960 Parasceven,
1637 2904 1692 2951 et
1718 2896 1819 2951 rei.

245 2982 543 3037 Parasceve
574 2982 894 3053 prmparatio
923 2983 1334 3053 interpretatur,
1364 2999 1470 3052 quo
1492 2985 1709 3043 nomine
1729 2985 1822 3040 Ju-

245 3075 369 3142 daei,
395 3075 486 3146 qui
512 3075 652 3130 inter
682 3074 899 3129 Grmcos
920 3076 1400 3140 conversabantur,
1442 3085 1649 3131 sextam
1692 3077 1818 3131 sab-

244 3136 379 3230 bati,
408 3136 528 3236 qua:
557 3181 702 3219 nunc
730 3180 760 3218 a
796 3164 951 3219 nobis
980 3174 1137 3219 sexta
1171 3162 1304 3219 feria
1335 3136 1808 3236 vocatur,appclla-
1847 3136 1893 3198 C

245 3260 395 3311 baut.
425 3256 575 3324 Quod
600 3270 665 3311 eo
692 3255 940 3311 videlicet
967 3255 1074 3320 die,
1104 3272 1225 3326 qua:
1254 3255 1307 3310 in
1335 3253 1852 3316 sabbatol'urentne-

244 3348 481 3403 cessaria
527 3355 911 3421 praepararent,
947 3345 1099 3416 juxta
1131 3348 1272 3418 quod
1312 3349 1379 3403 de
1410 3364 1606 3402 manna
1649 3362 1822 3417 quon-

245 3442 368 3493 iliun
398 3447 514 3495 erat
558 3448 884 3509 praeceptum
915 3438 1113 3510 (Exod.
1160 3436 1301 3507 xvi);
1323 3435 1487 3492 Sexta
1514 3445 1695 3493 autem
1732 3438 1820 3494 die

238 3532 507 3604 colligetis
553 3531 793 3602 duplum,
829 3541 933 3586 etc.
962 3530 1063 3598 Qui
1112 3544 1241 3585 vero
1274 3529 1415 3585 inter
1442 3528 1714 3584 Romanos
1741 3530 1823 3585 vi-

244 3635 353 3676 tam
398 3621 600 3677 ducunt
652 3619 844 3687 Judazi,
893 3621 1145 3676 usitatius
1192 3635 1315 3674 eum
1371 3619 1563 3676 Latine
1607 3634 1819 3675 cumam

243 3729 430 3783 puram
475 3713 873 3786 cognominant.
907 3711 1044 3781 Quia
1073 3728 1201 3783 ergo
1230 3721 1385 3767 sexta
1411 3711 1499 3766 die
1526 3711 1691 3767 homo
1733 3712 1819 3767 fa-

239 3826 255 3855 ι
278 3817 382 3869 tus,
412 3817 467 3859 et
496 3812 605 3859 tota
635 3804 820 3860 mundi
861 3812 1111 3859 creatura
1141 3802 1400 3873 perfecta,
1444 3802 1674 3872 septima
1717 3815 1817 3855 au-

243 3909 349 3953 tem
384 3898 631 3955 conditor
662 3899 731 3953 ab
774 3913 938 3969 opere
964 3913 1062 3953 suo
1089 3896 1373 3968 requievit.
1416 3895 1571 3952 Unde
1598 3905 1652 3951 et
1679 3897 1820 3952 hanc

240 3989 548 4057 sabbatum,
594 3989 646 4045 id
687 3998 792 4055 est,
841 3989 1084 4060 requiem
1122 3989 1306 4043 vocari
1337 3987 1613 4059 praecepit.
1650 3985 1819 4041 Recte

241 4080 499 4135 Dominus
522 4079 711 4135 eadem
741 4079 827 4136 die
860 4087 1013 4135 sexta
1039 4077 1354 4143 crucifixus,
1385 4078 1638 4135 humana:
1664 4090 1818 4151 repaf

241 4170 469 4226 rationis
518 4169 760 4240 implevit
800 4183 1057 4224 arcanum
1084 4209 1099 4233 ,
1152 4167 1294 4222 unde
1343 4182 1465 4221 cum
1494 4165 1817 4238 ’accepisset

238 4278 452 4322 acetum
481 4265 637 4333 dixit,
668 4275 1099 4321 consummatum
1143 4271 1248 4329 est,
1281 4262 1335 4317 id
1364 4270 1473 4328 est,
1509 4261 1646 4316 sexti
1671 4261 1813 4327 diei,

236 4358 380 4427 quod
407 4372 506 4429 pro
531 4357 718 4413 mundi
751 4356 1045 4412 refectione
1074 4356 1332 4427 suscepit,
1371 4362 1542 4431 totum
1573 4361 1655 4409 est
1679 4369 1816 4424 opus

2006 1879 2075 1933 Et
2103 1890 2409 1936 revertentes
2432 1893 2750 1952 paraverunt
2773 1896 3016 1941 aromata
3058 1899 3105 1942 et
3146 1900 3434 1961 unguenta,
3465 1902 3517 1946 et

1931 1971 2148 2025 sabbato
2170 1972 2380 2043 quidem
2408 1966 2665 2028 siluerunt
2694 1978 2982 2031 secundum
3012 1980 3340 2034 mandatum.
3362 1981 3516 2035 Man-

1930 2061 2114 2116 datum
2146 2071 2347 2117 eratut
2370 2064 2581 2119 sabbati
2612 2065 2884 2122 silentium
2910 2083 2939 2122 a
2988 2084 3211 2140 vespera
3234 2087 3407 2142 usque
3445 2074 3517 2128 ad

1929 2166 2212 2222 vesperam
2232 2163 2562 2222 servaretur,
2587 2165 2643 2212 et
2669 2156 2792 2213 ideo
2818 2158 3086 2230 religiosa:
3122 2161 3405 2229 mulieres,
3424 2178 3514 2218 se-

1929 2244 2080 2314 pulto
2104 2245 2352 2313 Domino,
2390 2249 2648 2318 quamdiu
2694 2249 2893 2305 licebat
2920 2254 3156 2321 operari,
3186 2254 3238 2308 id
3273 2263 3378 2321 est,
3419 2271 3514 2311 us—

1929 2348 2034 2401 que
2059 2334 2127 2388 ad
2151 2335 2281 2391 solis
2300 2351 2552 2391 occasum
2574 2338 2627 2392 in
2648 2341 2940 2411 unguentis
2960 2345 3333 2413 prmparandis
3354 2356 3516 2402 erant

1927 2437 2221 2497 occupatae,
2244 2431 2389 2500 quod
2410 2447 2517 2486 non
2534 2433 2708 2487 solum
2730 2434 2787 2488 in
2813 2436 2901 2490 die
2921 2452 3220 2507 parasceve
3260 2450 3514 2511 egerant,

1922 2534 2114 2575 verum
2138 2529 2412 2579 transacto
2436 2525 2686 2592 sabbato,
2709 2526 2764 2581 id
2785 2538 2890 2593 est,
2918 2529 3032 2584 sole
3054 2532 3362 2598 occidente,
3382 2548 3511 2589 mox

1926 2620 1987 2665 ut
2009 2613 2267 2682 operandi
2297 2613 2510 2670 licentia
2537 2618 2836 2685 remeabat,
2865 2630 3115 2675 emerunt
3145 2632 3413 2688 aromata,
3451 2631 3512 2678 ut

1925 2722 2085 2762 mane
2125 2709 2400 2765 venientes
2424 2721 2685 2782 ungerent
2714 2726 2912 2783 corpus
2936 2714 3076 2785 ejus.
3122 2714 3262 2769 sicut
3299 2713 3514 2771 M'arcus

1924 2800 2253 2871 evangelista
2297 2811 2549 2857 testatur.
2601 2803 2786 2875 Neque
2813 2807 2958 2861 enim
3001 2821 3229 2877 vespere
3268 2807 3511 2874 sabbati,

1923 2902 2331 2963 pneoccupante
2375 2894 2489 2964 jam
2539 2896 2717 2952 noctis
2763 2899 3027 2962 articulo,
3088 2909 3502 2954 monumentum

1924 2982 2075 3037 adire
2109 2984 2417 3037 valuerunt.
2450 2983 2695 3055 lnspecta
2722 2996 2902 3041 autem
2942 2988 3155 3042 Domini
3202 2987 3510 3059 sepultura,
3600 3037 3607 3043 .

1925 3082 2260 3129 revertentes
2286 3083 2484 3144 parant
2509 3085 2751 3130 aromata
2778 3086 2833 3132 et
2868 3089 3165 3149 unguenta,
3201 3081 3295 3149 qui
3333 3080 3509 3145 lecta,

1925 3163 2125 3227 audita,
2171 3167 2453 3219 recordata
2483 3165 2737 3236 passione
2782 3166 3084 3230 dominica,
3132 3183 3259 3222 mox
3303 3170 3372 3224 ad
3409 3185 3511 3241 pa-

1924 3255 2114 3308 tranda
2142 3268 2200 3308 se
2226 3268 2390 3325 opera
2419 3256 2702 3321 virtutum,
2746 3257 2943 3325 quibus
2981 3257 3230 3313 Christus
3266 3259 3509 3315 delecte-

1923 3351 2013 3396 tur
2044 3382 2059 3408 ,
2085 3352 2428 3397 convertunt.
2462 3344 2529 3398 lit
2558 3345 2782 3399 sabbato
2805 3346 3021 3414 quidem
3051 3347 3256 3415 paratis
3291 3363 3510 3403 aroma-

1922 3434 2070 3490 tibus
2094 3435 2276 3500 silent,
2310 3445 2552 3491 ventura:
2579 3447 2700 3506 post
2728 3439 3011 3493 sabbatum
3041 3454 3164 3493 cum
3192 3440 3511 3496 muneribus

1921 3528 1989 3582 ad
2019 3528 2328 3593 Dominum,
2368 3545 2492 3583 cum
2527 3529 2678 3584 finita
2705 3522 2990 3599 prmscutis
3032 3532 3153 3584 vita:
3186 3547 3506 3601 parasceve,

1890 3672 1893 3677 ,
1919 3618 2078 3672 beata
2110 3618 2165 3672 in
2199 3620 2385 3689 requie
2413 3621 2715 3689 gaudentes
2742 3628 3081 3690 exspectant,
3111 3624 3327 3690 quando
3368 3632 3504 3677 tem-

1919 3722 2052 3777 pore
2077 3710 2497 3765 resurrectionis
2525 3721 2849 3782 apparente,
2878 3714 3249 3768 redolentibus
3285 3712 3505 3767 Christo

1920 3800 2279 3870 spiritualium
2309 3802 2582 3856 actionum
2631 3804 2789 3872 quasi
2825 3805 3161 3859 aromatibus
3189 3811 3501 3859 occurrant.

1921 3891 2145 3946 Mariam
2169 3892 2478 3964 Magdalcue
2500 3893 2723 3948 Mariam
2743 3894 2988 3966 plerique
3019 3906 3214 3966 putant
3236 3898 3508 3967 interpre-

1918 3986 2041 4039 tari.
2060 3985 2370 4039 ll-luminant
2384 4002 2469 4041 me
2490 3987 2581 4041 isti
2596 3987 2680 4041 vel
2699 3988 3075 4043 illuminatrix.
3095 3990 3373 4059 Magdalus
3390 3997 3509 4045 tur-

1919 4077 1996 4130 ris
2011 4076 2420 4145 interpretatur.
2442 4077 2726 4148 Signiﬁcat
2744 4079 2860 4135 haec
2874 4079 3039 4134 Maria
3052 4092 3298 4135 sanctam
3312 4082 3503 4137 Eccle-

1917 4174 2052 4228 siam
2066 4189 2131 4228 ex
2151 4174 2401 4246 gentibus
2414 4182 2817 4245 congregatam.
2835 4172 3020 4227 Altera
3038 4173 3201 4226 Maria
3230 4174 3505 4243 signiﬁcat

1914 4262 2245 4332 primitivum
2260 4262 2558 4317 Ecclesium
2589 4277 2654 4315 ex
2686 4261 2882 4345 populo
2905 4260 3215 4315 Judteorum
3245 4261 3495 4317 electam.

1986 4350 2351 4406 Convenerunt
2378 4353 2641 4423 principes
2676 4351 3007 4405 sacerdotum
3038 4361 3086 4405 et
3124 4349 3385 4406 Phariswi
3428 4354 3502 4407 ad

237 4447 555 4518 perfectum.
586 4446 823 4506 Sabbato
859 4458 1040 4503 autem
1086 4447 1141 4502 in
1177 4446 1427 4516 sepulcro
1465 4445 1814 4516 requiescens
1839 4489 1892 4548 Β
1922 4441 2176 4509 Pilatum,
2219 4444 2490 4499 dicentes:
2538 4442 2781 4508 Domine,
2829 4442 3087 4496 recordati
3118 4459 3320 4508 sumus,
3372 4446 3502 4515 quia

237 4539 673 4604 resurrectionis,
712 4554 833 4610 qua:
861 4546 1055 4594 octava
1092 4538 1181 4594 die
1208 4545 1436 4593 ventura
1463 4544 1567 4601 est,
1613 4551 1810 4607 exspe-

232 4632 424 4685 ctabat
465 4639 744 4696 eventum,
776 4629 865 4685 ubi
897 4628 1056 4685 simul
1088 4638 1288 4683 nostra:
1326 4626 1629 4683 devotionis
1667 4642 1810 4697 prae-

236 4721 381 4778 lucet
407 4721 739 4792 exemplum,
778 4735 915 4791 quos
945 4720 999 4775 in
1043 4721 1145 4776 hac
1186 4719 1404 4790 quidem
1441 4727 1595 4774 sexta
1624 4719 1815 4775 mundi

232 4800 394 4869 :ctate
417 4828 517 4883 pro
540 4812 767 4869 Domino
792 4813 905 4884 pati
933 4820 990 4868 et
1029 4812 1176 4868 velut
1203 4810 1402 4866 mundo
1433 4810 1676 4883 cruciﬁgi
1717 4826 1812 4867 ne-

232 4918 388 4959 cesse
414 4912 519 4960 est.
559 4904 617 4958 ln
647 4904 877 4975 septima
902 4918 1033 4958 vero
1071 4911 1248 4965 aetate,
1280 4902 1382 4958 hoc
1408 4909 1512 4968 est,
1542 4916 1664 4956 cum
1716 4900 1811 4956 leti

232 4996 356 5066 quis
384 4996 624 5052 debitum
647 4995 828 5062 solvit,
852 5010 1081 5066 corpora
1096 4996 1315 5066 quidem
1347 4995 1399 5049 in
1418 4993 1660 5060 tumulis,
1687 4993 1808 5048 ani-

232 5102 351 5144 mas
384 5095 568 5143 autem
592 5096 807 5143 secreta
832 5088 885 5142 in
908 5102 1044 5157 pace
1073 5103 1196 5144 cum
1220 5086 1452 5143 Domino
1474 5102 1715 5143 manere.
1742 5086 1814 5142 Et

230 5188 354 5249 post
399 5178 543 5235 bona
588 5186 801 5249 oportet
845 5193 1010 5250 opera
1058 5179 1362 5249 quiescere,
1412 5179 1587 5235 donec
1617 5188 1815 5236 octava

232 5268 449 5324 tandem
480 5268 731 5324 veniente
758 5277 940 5337 aetate,
964 5269 1130 5325 etiam
1156 5284 1384 5340 corpora
1410 5270 1527 5339 ipsa
1565 5285 1813 5326 resurre-

230 5362 409 5415 ctione
432 5359 753 5432 glorificata,
781 5376 906 5418 cum
936 5362 1223 5418 animabus
1260 5361 1422 5416 simul
1451 5363 1814 5435 incorruptio-

232 5466 357 5506 nem
379 5458 599 5507 mterna:
623 5452 954 5508 hzereditatis
982 5451 1271 5523 accipiant.
1299 5450 1455 5509 Unde
1477 5452 1703 5523 pulchre
1727 5468 1815 5509 se-

229 5542 397 5610 ptima
424 5542 542 5598 dies
566 5543 623 5597 in
644 5540 843 5599 Genesi
869 5557 1151 5613 vesperam
1177 5542 1433 5599 habuisse
1456 5558 1562 5597 non
1591 5542 1810 5613 legitur,

230 5631 357 5700 quia
410 5632 626 5702 requies
676 5632 1004 5697 animarum,
1052 5647 1171 5702 quae
1202 5631 1256 5687 in
1298 5632 1392 5688 illo
1436 5633 1634 5690 szeculo
1666 5650 1812 5689 nunc

227 5732 333 5782 est.
384 5738 488 5777 non
548 5723 656 5778 ullo
699 5725 1065 5779 consumenda
1123 5739 1374 5790 mcerorc,
1420 5725 1515 5781 sed
1578 5724 1808 5787 pleninri

1914 4535 2160 4590 seductor
2178 4533 2268 4589 ille
2293 4534 2428 4589 dixit
2458 4534 2632 4588 adhuc
2666 4535 2864 4599 vivens,
2893 4543 3010 4605 post
3037 4542 3141 4587 tres
3186 4534 3298 4588 dies
3324 4550 3503 4588 resur-

1913 4642 2057 4698 gam,
2087 4626 2208 4694 iube
2253 4643 2375 4698 ergo
2404 4626 2660 4680 custodiri
2685 4625 3003 4695 sepulcrum,
3036 4633 3144 4680 etc.
3182 4623 3298 4678 Non
3337 4625 3499 4680 sum.»

1911 4732 2066 4779 cerat
2086 4723 2423 4795 principibus
2443 4722 2787 4778 sacerdotum
2817 4729 2872 4777 et
2900 4720 3096 4776 scribis
3120 4735 3183 4775 ac
3208 4719 3506 4776 Pharisazis

1912 4814 2252 4871 crucifixisse
2280 4815 2566 4869 Dominum
2618 4812 2982 4878 Salvatorem,
3030 4814 3135 4869 nisi
3187 4813 3505 4884 sepulcrum

1912 4908 2271 4973 custodirent,
2288 4907 2571 4962 cohortem
2592 4906 2923 4976 acciperent,
2947 4908 3227 4977 signarent
3242 4906 3503 4977 lapidem,

1911 5005 2238 5069 etquantum
2261 4997 2316 5053 in
2331 4997 2443 5053 illis
2458 5006 2799 5063 est,manum
2816 5007 3154 5069 opponerent
3170 5012 3288 5053 iesu
3297 5003 3499 5069 rgenti,

1911 5097 1972 5143 ut
1999 5089 2276 5161 diligentia
2305 5104 2497 5144 eorum
2525 5097 2725 5144 nostrze
2754 5088 2877 5145 fidei
2925 5088 3230 5159 proficeret.
3273 5089 3497 5156 Quanto

1910 5179 2055 5235 enim
2084 5179 2315 5250 amplius
2355 5188 2627 5244 servatur,
2654 5187 2803 5234 tanto
2850 5179 3023 5249 magis
3067 5180 3493 5234 resurrectionis

1912 5270 2087 5324 virtus
2125 5268 2448 5323 ostenditur.
2502 5267 2655 5324 Unde
2677 5276 2733 5323 et
2774 5277 3127 5324 monumento
3153 5283 3315 5334 novo,
3348 5268 3494 5338 quod

1918 5359 2160 5415 excisum
2192 5356 2370 5415 fuerat
2390 5358 2445 5415 in
2472 5366 2658 5430 petra,
2673 5359 2924 5415 conditus
2952 5368 3058 5425 est,
3090 5374 3157 5415 ne
3186 5360 3230 5414 si
3259 5373 3328 5414 ex
3360 5358 3495 5412 mul-

1918 5451 1988 5507 tis
2011 5450 2304 5522 lapidibus,
2325 5451 2650 5508 mdiﬂcatum
2677 5462 2842 5517 esset,
2873 5452 3119 5509 suffossis
3145 5450 3336 5506 tumuli
3371 5448 3503 5505 fun—

1916 5542 2187 5598 damentis
2218 5543 2429 5600 ablatus
2455 5541 2599 5598 furto
2623 5543 2915 5599 diceretur.
2946 5541 3101 5612 Quod
3127 5549 3307 5595 autem
3330 5539 3383 5593 in
3411 5553 3500 5595 se-

1914 5633 2103 5704 pulcro
2124 5634 2429 5704 ’ponendus
2483 5643 2651 5701 esset,
2682 5633 2966 5705 Propheta:
3007 5629 3374 5686 testimonium
3413 5632 3504 5683 est

1916 5725 2149 5780 dicentis
2193 5744 2205 5778 :
2257 5723 2358 5779 llic
2387 5725 2642 5780 habitabit
2693 5727 2747 5778 in
2788 5724 2990 5779 excelsa
3037 5722 3284 5791 spelunca
3338 5729 3506 5787 petra?
