3978 6414
508 301 640 355 193‘

1775 288 2126 354 suatueot
2163 297 2454 352 ABBATIS

3662 309 3774 365 200

505 410 806 478 fortissime
833 409 985 480 (hui.
1022 411 1237 476 χχχιιι).
1263 411 1552 478 statimque
1595 422 1717 478 post
1741 409 1877 464 duos
1906 413 2054 465 versi

2184 424 2202 456 ι
2250 407 2550 460 humiliavit
2579 409 2948 476 semetipsum,
2983 410 3156 465 factus
3185 414 3446 469 obediens
3493 432 3671 486 usque
3699 421 3774 476 ad

505 501 656 554 culos
685 500 928 567 sequitur
967 517 980 550 :
1012 497 1200 566 Regem
1227 515 1345 552 cum
1373 499 1542 568 gloria
1571 500 1828 554 videbitis.
1864 502 2070 554 Paulis-

503 605 602 658 per
643 589 708 643 de
746 582 1204 643 ministratoribus
1244 591 1637 658 persecutionis
1673 591 1895 670 Christi,
1945 593 2074 660 quid

503 686 682 749 actum
713 679 806 741 sit,
826 678 1124 732 videamus.
1156 677 1366 734 Primus
1393 680 1650 744 Herodes,
1680 681 1782 736 sub
1800 697 1906 750 quo
1928 682 2072 748 passi

502 774 628 818 sunt
653 742 914 830 infantes,
963 767 1106 820 hunc
1153 765 1314 822 linem
1359 769 1566 822 habuit.
1626 742 1796 823 Lento
1817 742 1947 839 igni
1975 785 2072 823 ex—

503 854 766 912 trinsecus
814 855 1097 920 urebatur,
1129 857 1454 913 intrinsecus
1483 868 1662 914 autem
1708 870 1861 915 vasto
1891 861 2073 916 incen-

503 945 594 998 dio
620 947 981 1011 cremabatur,
1013 962 1172 1002 omne
1194 964 1390 1017 corpus
1418 951 1695 1019 putridum
1719 952 1966 1022 gestabat
1991 960 2074 1007 at-

501 1051 608 1104 que
633 1045 968 1108 corruptum,
1000 1039 1174 1093 inerat
1199 1039 1366 1095 febris
1399 1041 1655 1106 maxima,
1684 1043 1908 1113 prurigo
1936 1045 2068 1098 into-

503 1126 758 1192 lerabilis,
800 1129 924 1183 colli
970 1129 1124 1184 dolor
1169 1131 1485 1196 immensus,
1532 1134 1728 1202 pedum
1771 1143 1950 1188 tumor
1978 1146 2075 1191 ex-

504 1229 709 1283 tensus,
750 1221 980 1274 verenda
1029 1223 1277 1289 putrida,
1325 1223 1501 1278 inerat
1529 1224 1606 1280 illi
1643 1233 1702 1279 et
1726 1225 1932 1282 inﬂatio
1973 1242 2074 1296 pu-

503 1311 661 1374 trida,
694 1319 974 1380 postquam
999 1310 1118 1366 oleo
1139 1321 1224 1366 est
1255 1312 1402 1376 litus,
1426 1315 1588 1368 soluti
1617 1317 1897 1372 suntoeuli
1933 1318 2070 1388 ejus,

499 1405 556 1451 et
579 1397 893 1467 desperatus
921 1409 1110 1454 omnes
1139 1401 1432 1469 primarios
1468 1410 1525 1458 et
1565 1405 1776 1460 nobiles
1803 1406 1978 1475 plebis
2006 1409 2073 1462 ad

499 1503 557 1541 se
582 1487 736 1554 jubet
763 1488 964 1558 colligi,
995 1497 1050 1542 et
1076 1489 1127 1542 in
1156 1489 1274 1544 loco
1299 1506 1406 1546 uno
1439 1493 1665 1558 recludi,
1693 1503 1748 1550 et
1775 1496 1852 1548 ait
1896 1498 2071 1552 sorori

498 1558 650 1631 sure:
683 1577 812 1631 Novi
841 1576 1055 1632 Judaaos
1085 1579 1150 1632 de
1189 1595 1306 1634 mea
1342 1591 1516 1636 morte
1545 1583 1848 1650 gavisurus,
1881 1586 1974 1640 sed
2015 1595 2073 1640 ut

497 1667 724 1722 habeam
771 1669 1014 1739 lugentes
1040 1685 1164 1724 cum
1195 1672 1444 1741 spiritum
1492 1675 1838 1740 exhalavero,
1883 1669 2076 1733 omnes

2183 513 2201 545 ι
2249 505 2501 559 mortem,
2553 506 2778 550 mortem
2818 508 2998 553 autem
3029 504 3226 568 crucis.
3277 501 3504 574 Propter
3533 509 3682 580 quod
3716 521 3772 565 et

2181 603 2199 635 ι
2248 585 2388 638 Deus
2414 587 2671 642 exultavit
2698 587 2864 652 illum,
2893 598 2947 642 et
2971 590 3117 644 dedit
3150 593 3223 646 illi
3265 610 3462 651 nomen
3492 601 3643 672 quod
3685 614 3772 657 cst

2182 691 2198 722 ι
2247 691 2411 743 super
2437 690 2598 729 omne
2614 692 2834 742 nomen,
2866 688 2924 732 ut
2948 680 3000 736 in
3037 683 3252 738 nomine
3273 679 3400 740 Jesu
3429 703 3593 745 omne
3624 709 3768 764 genu

2181 779 2199 810 ι
2243 759 2508 828 ﬂectatur,
2533 765 2857 832 CtBlCSlllllll,
2887 773 3223 826 terrestrium
3248 783 3300 828 et
3323 759 3682 834 infernorum.
3703 783 3775 838 Et

2181 871 2198 902 ι
2245 853 2422 909 adluis
2475 855 2653 927 lingua
2705 859 3028 915 conﬁteatur
3102 865 3228 933 quia
3286 867 3547 926 Dominus
3601 871 3769 931 Jesus

2185 959 2202 991 ι
2247 939 2498 996 Christus
2531 944 2584 998 in
2616 945 2784 1016 gloria
2813 958 2897 1002 est
2929 947 3021 1006 Dei
3055 948 3256 1010 Patris.
3295 977 3314 1008 ι

2245 1029 2362 1085 Hoc
2397 1034 2531 1087 enim
2561 1027 2743 1090 sentin?
2772 1038 2826 1093 in
2851 1039 3006 1104 vobis,
3041 1044 3180 1114 quod
3207 1055 3255 1100 et
3294 1047 3347 1101 in
3377 1045 3584 1104 Christo
3610 1051 3763 1108 Iesu.

2175 1121 2286 1178 Hoc
2309 1122 2426 1180 lo‘eo
2453 1125 2742 1198 Apostolus
2769 1131 3126 1192 humilitatem
3161 1147 3344 1196 tenere
3373 1160 3471 1199 nos
3499 1146 3682 1214 docet,
3705 1160 3765 1206 et

2173 1213 2478 1286 exemplum
2502 1217 2712 1272 Domini
2730 1222 2896 1276 nostri
2911 1217 3037 1280 Iesu
3056 1225 3498 1300 Christiponens,
3521 1239 3612 1306 qui
3635 1257 3762 1295 eum

2174 1300 2245 1354 sit
2280 1302 2330 1355 in
2358 1318 2464 1357 una
2495 1306 2793 1380 eademque
2825 1313 3129 1372 substantia
3177 1317 3420 1391 deitatis,
3449 1300 3590 1382 unus
3633 1348 3761 1386 cum

2174 1393 2357 1460 Patre,
2381 1399 2640 1465 potentia:
2655 1415 2766 1455 sum
2786 1402 3120 1472 fortitudine,
3142 1419 3201 1464 et
3226 1414 3510 1486 majestate
3531 1421 3762 1476 abscom

2175 1483 2308 1549 dita,
2347 1485 2570 1540 formam
2604 1491 2768 1557 servi,
2815 1491 2867 1548 id
2894 1505 2994 1560 est,
3025 1503 3287 1572 assunmti
3315 1483 3563 1564 hominis
3593 1527 3758 1568 accc-

2169 1578 2270 1646 pit.
2313 1577 2369 1634 Si
2399 1583 2663 1654 enimille
2693 1587 2954 1644 Dominus
2981 1600 3036 1646 et
3064 1592 3335 1665 Magister,
3363 1603 3537 1658 servis
3564 1614 3621 1660 et
3648 1608 3760 1662 dis-

2172 1669 2368 1738 cipulis
2418 1673 2767 1742 ministravit,
2797 1689 2999 1749 quanto
3043 1684 3213 1755 magis
3246 1699 3345 1744 nos
3372 1693 3672 1762 aequalibus
3704 1707 3759 1754 ct

497 1758 760 1814 interﬁce.
786 1762 951 1830 Igitur
979 1777 1072 1816 sex
1109 1761 1233 1817 [iliis
1263 1765 1375 1818 suis
1401 1780 1430 1818 a
1459 1782 1517 1820 se
1545 1769 1770 1832 necatis,
1795 1770 2070 1826 cultellum
2103 1776 2146 1834 Β
2175 1761 2470 1829 “mittimus
2499 1767 2702 1824 δθΐνῖνθ
2729 1768 3003 1826 debemus-

495 1849 670 1916 petiit,
701 1859 760 1904 ut
785 1867 1023 1920 pomum,
1053 1864 1205 1906 more
1227 1855 1404 1917 solito,
1433 1866 1713 1925 purgaret,
1754 1868 1808 1912 et
1835 1860 2068 1915 elevavit

493 1938 546 1990 in
581 1939 760 2008 seipse
780 1941 1024 1996 dextram
1061 1957 1234 2005 suam,
1265 1953 1320 1998 et
1347 1945 1420 1998 ita
1451 1946 1602 2000 obiit.
1636 1946 1764 2002 Post
1802 1949 1947 2004 [tunc
1997 1950 2062 2004 ﬁ-

492 2026 595 2081 lius
629 2027 745 2096 ejus
776 2029 1036 2095 llerodes,
1065 2033 1164 2086 sub
1189 2049 1296 2101 quo
1317 2049 1510 2103 passus
1537 2045 1622 2090 est
1661 2039 1920 2093 Dominus
1940 2079 1955 2104 ,
1999 2057 2064 2096 eo

495 2121 640 2188 quod
679 2136 782 2175 non
813 2123 1053 2178 dedisset
1093 2125 1317 2196 gloriam
1363 2129 1492 2192 Deo,
1533 2131 1714 2186 su'ito
1758 2131 1828 2186 ab
1873 2135 2065 2203 angelo

493 2206 704 2264 Domini
749 2223 1040 2280 percussus
1082 2225 1187 2280 est,
1219 2227 1273 2270 et
1305 2219 1612 2275 incredibili
1659 2225 1864 2278 ventris
1910 2224 2063 2279 iulia-

492 2300 940 2367 tionedistentns,
971 2307 1244 2362 continuis
1272 2310 1510 2379 quinque
1537 2313 1748 2378 diebus,
1795 2315 2062 2385 quinqua—

490 2390 697 2458 gesimo
725 2402 918 2461 quarto
951 2398 1129 2451 aetatis
1157 2413 1267 2452 sum
1289 2416 1456 2466 anno,
1491 2405 1639 2474 regni
1670 2421 1798 2460 vero
1833 2409 2062 2476 septimo

487 2483 643 2536 obiit.
682 2483 885 2539 Pilatus
934 2503 1062 2542 vero
1107 2491 1181 2543 ita
1215 2491 1476 2547 malorum
1519 2496 1761 2550 cladibus
1788 2500 2061 2554 cruciatus

482 2583 586 2636 est,
639 2584 698 2628 ut
733 2578 948 2646 propria
985 2593 1045 2633 se
1095 2597 1256 2637 nutum
1307 2589 1790 2642 transverberaret.
1846 2589 2055 2656 Quanta

484 2677 612 2716 vero
633 2667 961 2724 accesserint
983 2667 1182 2725 Juzlteis
1199 2687 1299 2742 per
1315 2675 1671 2746 quadraginta
1693 2667 1866 2734 annos
1889 2696 2056 2750 usque

481 2753 550 2808 ad
574 2755 862 2810 vindictam
887 2760 1066 2814 erucis
1083 2777 1403 2818 enumerare
1427 2767 1739 2837 pcrlOngnm
1767 2776 1874 2825 est.
1902 2771 2054 2838 Quod

481 2861 511 2898 a
547 2845 718 2900 Pilato
745 2847 976 2904 Cuzsaris
1020 2850 1198 2922 imago
1224 2862 1382 2910 nocte
1409 2855 1462 2908 in
1513 2859 1711 2928 templo
1742 2861 1916 2928 posita
1946 2872 2052 2927 est,

481 2935 620 3002 (μωιι
647 2935 870 2992 Pascha:
916 2939 1258 2998 solemnitate
1303 2948 1707 3014 perturba'ione
1757 2950 1920 3016 facta,
1961 2955 2055 3008 tri-

477 3027 622 3096 ginta
661 3029 825 3083 millia
855 3045 919 3085 ex
961 3033 1040 3087 eis
1061 3049 1201 3089 caesa
1233 3048 1396 3092 sunt:
1431 3041 1573 3107 quo]
1603 3041 1844 3098 irruente
1882 3044 2042 3111 fame,

2239 1851 2342 1917 Qui
2359 1870 2474 1908 cum
2492 1855 2729 1924 informa
2745 1858 2840 1914 Dei
2856 1851 3109 1932 esset.(Ex
3129 1863 3280 1920 Joan.
3301 1867 3517 1944 Chrys.)
3532 1873 3754 1933 Perhoc

2166 1943 2309 1997 enim
2346 1945 2484 2014 quod
2516 1947 2688 2000 dixit:
2723 1949 2826 2016 Qui
2853 1944 3055 2008 cnnt'iu
3085 1953 3256 2023 [arma
3287 1959 3383 2014 Dei
3407 1943 3557 2030 esset,
3588 1968 3741 2023 verbi

2165 2033 2523 2089 substantiam
2572 2037 2624 2090 in
2673 2047 2869 2094 natura
2906 2039 3000 2096 Dei
3037 2058 3157 2100 esse
3207 2051 3464 2116 ostendit,
3505 2065 3606 2124 per
3645 2057 3752 2113 hoc

2165 2130 2369 2188 autem,
2412 2125 2555 2194 quod
2605 2126 2776 2182 dixit:
2813 2127 3066 2186 Formam
3109 2137 3241 2189 servi
3285 2142 3500 2210 occepit,
3550 2154 3747 2200 natura

2163 2213 2394 2268 hominis
2423 2223 2477 2270 et
2507 2232 2612 2270 non
2640 2219 2954 2275 substantize
2975 2239 3110 2300 sum,
3155 2225 3266 2280 sive
3300 2245 3744 2298 person:r.unum

2159 2317 2284 2356 esse
2313 2306 2533 2362 verbum
2565 2307 2908 2377 signiﬁcavit.
2940 2312 3048 2368 Nec
3077 2317 3220 2387 enim
3255 2319 3409 2385 dixit,
3435 2325 3577 2394 quod
3613 2341 3741 2380 emn

2159 2391 2252 2461 qui
2303 2394 2355 2448 in
2393 2395 2562 2450 forma
2594 2400 2735 2454 servi
2783 2409 2921 2464 erat,
2959 2405 3186 2475 accepit,
3237 2423 3303 2462 ne
3343 2391 3746 2489 anteplasmato

2160 2479 2362 2536 homini
2396 2484 2600 2543 unitum
2643 2502 2762 2542 esse
2798 2489 2966 2544 Deum
3001 2492 3232 2548 Verbum
3267 2483 3638 2556 ostettderct.‘

2235 2570 2352 2625 Non
2397 2577 2633 2644 νειρὶηίηη
2672 2578 2955 2634 arbitratus
2995 2591 3070 2635 est
3097 2600 3208 2639 esse
3230 2603 3284 2640 se
3320 2589 3574 2658 tequidem
3601 2591 3738 2648 Deo.

2156 2659 2259 2729 (Ex
2289 2653 2540 2733 August.)
2572 2663 2685 2720 Non
2716 2668 2900 2738 rapina
2929 2675 3204 2744 usurpavit
3231 2653 3388 2746 quoi
3419 2683 3746 2738 naturaliter

2153 2751 2486 2820 possidebat.

2222 2839 2358 2895 Cum
2384 2842 2544 2913 igitur
2565 2845 2852 2916 Apostolus
2881 2851 2946 2906 de
2977 2853 3252 2927 unigenito
3273 2855 3366 2914 Dei
3395 2860 3534 2917 Filio
3560 2863 3742 2936 loque-

2155 2939 2328 2997 retur,
2359 2943 2618 3002 qnantum
2642 2939 2877 3004 pcrzinet
2906 2941 2972 2996 ad
2996 2943 3328 3001 divinitatem
3372 2949 3506 3018 ejus,
3541 2968 3740 3010 secun-

2153 3021 2281 3076 dum
2314 3022 2366 3079 id
2397 3027 2540 3094 quod
2565 3030 2847 3085 verissime
2876 3032 3014 3088 Deus
3035 3045 3134 3100 est,
3160 3040 3423 3107 aequalem-
3458 3061 3581 3099 eum
3609 3055 3733 3103 esse

478 3117 672 3172 mulier
695 3121 914 3175 unicum
943 3121 1109 3178 lilium
1137 3141 1292 3182 suum
1321 3131 1636 3186 comederit.
1679 3133 1841 3192 Multa
1865 3145 1920 3192 et
1939 3110 2044 3192 alia
2074 3110 2118 3172 Ο
2149 3111 2476 3204 dixiipalri’
2503 3115 2646 3186 quoa
2677 3134 2783 3184 non
2811 3119 2862 3172 ei
2892 3119 2993 3174 fu"
3019 3129 3275 3194 tanquam
3301 3130 3512 3198 rapina’
3545 3135 3595 3198 id
3623 3147 3726 3204 es“

475 3207 626 3278 signa
673 3210 1185 3269 demonstrabantur
1235 3233 1398 3287 super
1447 3235 1559 3274 eos.
1616 3221 1751 3276 Nam
1805 3223 2044 3296 fulgebat

473 3298 626 3352 stella
651 3299 831 3370 gladio
861 3302 1054 3358 similis
1078 3321 1178 3373 per
1197 3315 1364 3360 totum
1395 3322 1594 3364 annum
1611 3328 1772 3382 super
1793 3313 2047 3374 Hierusa-

473 3387 600 3442 lem.
634 3390 878 3456 Quadam
903 3393 992 3446 die
1017 3395 1184 3457 vitula
1211 3397 1498 3454 sacriﬁciis
1526 3403 1738 3460 admota
1765 3407 1925 3464 enixa
1960 3419 2046 3467 est

471 3490 687 3549 agnam.
720 3482 961 3550 Quadam
992 3499 1148 3541 nocte
1167 3487 1335 3556 jaoua
1363 3495 1656 3550 sanctuarii
1685 3497 1821 3554 seris
1851 3500 2046 3558 ferreis

397 3585 412 3596 ’
473 3571 696 3634 ιηιιιδὶιιιδ
745 3575 865 3641 Qum
910 3574 997 3628 vix
1046 3577 1234 3647 viginti
1279 3581 1412 3636 viris
1434 3582 1806 3655 claudebatur,
1851 3601 2044 3661 sponte

452 3667 658 3725 aperta
693 3669 797 3714 est.
829 3661 1068 3729 Quadam
1104 3669 1190 3722 die
1221 3671 1319 3724 visi
1371 3683 1492 3728 sunt
1523 3693 1718 3734 currus
1745 3690 1800 3734 et
1827 3682 2041 3755 equites

469 3763 566 3816 per
605 3765 786 3806 aerem
832 3753 981 3810 ferri.
1016 3757 1256 3824 Quadam
1291 3763 1379 3818 die
1406 3764 1761 3826 Pentecostes
1786 3753 2040 3827 sacerdo-

468 3849 549 3895 tes
576 3843 865 3900 audiebant
885 3857 1062 3902 motus
1087 3850 1138 3904 in
1163 3854 1382 3924 templo,
1411 3866 1467 3912 et
1507 3875 1670 3916 voces
1699 3862 1993 3917 dicentium
2020 3881 2033 3916 :

467 3929 932 4006 Transmigrcmus
957 3955 1022 3994 ex
1059 3942 1144 3998 bis
1171 3945 1409 4002 sedibus.
1448 3949 1690 4024 Quadam
1722 3951 2036 4010 festivitatis

463 4022 568 4086 die,
601 4025 819 4092 quidam
863 4029 1084 4086 Ananiae
1116 4032 1256 4089 illius
1282 4047 1462 4092 mente
1489 4022 1791 4096 commotus
1832 4041 2035 4098 clama-

462 4109 554 4164 bat
584 4129 597 4165 :
639 4113 752 4168 Vox
787 4117 855 4171 ab
891 4120 1118 4184 oriente,
1150 4133 1256 4179 vox
1283 4125 1352 4180 ab
1385 4127 1688 4193 occidente,
1717 4145 1816 4184 vox
1843 4147 1873 4186 a
1898 4149 2031 4202 qua-

460 4208 580 4254 tuor
603 4205 796 4260 ventis.
829 4206 928 4273 Qui
975 4213 1290 4270 verberatus
1325 4215 1497 4286 magis
1536 4232 1601 4272 ac
1631 4221 1805 4290 magis
1827 4221 2030 4288 clama-

459 4288 566 4343 bat.
595 4292 652 4346 In
679 4295 957 4352 obsidione
981 4311 1160 4356 autem
1187 4305 1555 4360 Romanorum
1577 4311 1743 4365 occisi
1771 4314 2026 4370 undecies

452 4391 682 4440 centena
727 4386 892 4441 millia
936 4389 1265 4448 referuntur.
1311 4394 1396 4450 Ad
1445 4397 1853 4456 distrahendum
1894 4420 2026 4459 vero

2147 3202 2302 3271 quasi
2343 3201 2576 3258 alienum
2631 3215 2906 3285 appetere,
2939 3210 3035 3264 sed
3075 3215 3228 3284 quasi
3273 3223 3554 3292 proprium
3596 3201 3729 3297 pos;

2145 3292 2346 3348 sidere.

2217 3381 2324 3440 Sed
2350 3388 2678 3457 semetipsum
2703 3391 3006 3448 erittanioil.
3035 3396 3142 3470 (Ex
3174 3399 3386 3477 Chrys.)
3414 3405 3728 3467 Eximnitio

2144 3486 2322 3531 autem
2347 3489 2448 3544 est,
2483 3481 2594 3536 Deo
2616 3485 2781 3539 verbo
2815 3501 3000 3544 eorum
3047 3505 3165 3561 quae
3193 3494 3427 3554 humana
3454 3514 3600 3569 sunt,
3631 3517 3729 3562 aut

2139 3575 2363 3634 propter
2383 3569 2642 3624 unitatem
2673 3573 2739 3627 ad
2764 3589 3002 3644 carnem,
3035 3595 3153 3649 qum
3187 3584 3552 3655 dispensative
3576 3593 3725 3650 facta

2140 3668 2242 3708 est.
2270 3654 2378 3725 (Ea:
2413 3657 2582 3728 Aug.)
2611 3660 2934 3730 Exinanivit,
2997 3684 3101 3723 non
3138 3654 3367 3729 Parmam
3417 3693 3571 3732 suam
3603 3697 3728 3738 tnu-

2142 3755 2278 3813 tans,
2309 3749 2401 3803 sed
2451 3749 2677 3812 formam
2711 3758 2853 3811 servi
2879 3761 3170 3830 accipiens,
3214 3783 3281 3822 ne
3303 3785 3390 3837 gue
3418 3787 3722 3832 conversus

2137 3845 2230 3889 aut
2265 3846 2650 3898 transmutatus
2700 3845 2754 3899 in
2791 3847 3084 3915 hominem,
3132 3858 3328 3912 amissa
3363 3859 3722 3921 incantatam-

2136 3925 2230 3978 bili
2260 3927 2569 3998 stabilitate,
2595 3934 2686 3987 sed
2715 3943 2968 4006 tanquam
3005 3955 3190 3998 verum
3239 3947 3510 4004 hominem
3543 3958 3722 4010 susci—

2133 4017 2352 4088 piendo,
2397 4023 2510 4092 ipse
2551 4037 2850 4096 susceptor.
2919 4027 3374 4093 lxi—similitudine
3429 4042 3716 4102 hominum

2132 4109 2324 4171 factus,
2355 4128 2457 4166 non
2487 4113 2608 4178 sibi,
2643 4118 2738 4172 sed
2770 4119 2869 4182 eis,
2897 4120 3091 4190 quTbus
3120 4127 3171 4180 in
3199 4127 3416 4184 homine
3437 4139 3710 4202 apparuit.

2133 4196 2226 4251 Dei
2255 4198 2421 4254 Filius
2454 4201 2562 4256 Deo
2611 4203 2756 4260 Patri
2785 4217 2976 4264 natura
3007 4214 3247 4283 :equalis,
3283 4196 3484 4273 habittr
3505 4196 3710 4292 minor,

2130 4288 2184 4341 in
2216 4288 2385 4344 forma
2416 4293 2558 4347 enim
2591 4296 2730 4349 servi
2755 4312 2914 4366 quam
2945 4304 3173 4372 accepit,
3205 4307 3381 4362 minor
3421 4318 3502 4364 est
3525 4309 3706 4376 Patre,

2131 4378 2377 4434 informa
2414 4391 2592 4436 autem
2637 4385 2754 4452 Dei,
2792 4389 2844 4442 in
2881 4406 2986 4458 qua
3037 4402 3157 4448 erat
3187 4397 3370 4463 etiam,
3409 4410 3706 4474 antequam

451 4471 636 4526 traditi
666 4485 878 4532 centum
913 4480 1080 4535 millia
1110 4483 1364 4538 dicuntur
1391 4504 1404 4540 :
1444 4499 1650 4542 rectum
1683 4490 1849 4561 igitur
1880 4493 1980 4549 fuit
2005 4536 2020 4558 ,
2049 4467 2101 4510 υ
2125 4467 2863 4580 ξῗῗθῃῗῗῗῗξξδδξῐξῖᾳυηηδ
2897 4489 2979 4580 Ῡδί
3005 4481 3172 4538 Patri’
3206 4487 3346 4580 Erg?
3371 4493 3496 4560 quia
3530 4493 3706 4552 forma

451 4568 510 4613 ω
529 4563 619 4630 qui
646 4572 851 4632 mtrem
881 4577 937 4621 et
963 4567 1129 4624 ﬁlium
1153 4571 1526 4641 despexeram,
1555 4592 1586 4630 a
1619 4553 1730 4632 Em;
1751 4589 1806 4634 et
1843 4553 2020 4648 pauc;
2125 4553 2218 4608 Dei
2260 4558 2471 4648 accepit
2517 4559 2744 4618 formam
2777 4569 2936 4634 servi,
2982 4580 3273 4642 utrumque
3301 4578 3463 4646 Deus,
3493 4591 3706 4640 utrum-

445 4652 504 4705 Η
531 4661 633 4717 est,
662 4653 782 4709 Tito
809 4666 864 4712 et
897 4657 1227 4728 Vespasiano
1251 4662 1600 4720 delerentur:
1631 4676 1685 4720 et
1714 4670 1807 4738 qui
1841 4645 1893 4724 in
1939 4645 2025 4726 sm

2165 4659 2226 4698 ne
2266 4645 2451 4726 homo.
2505 4648 2612 4706 Sed
2659 4662 2946 4726 utrumque
2985 4661 3144 4726 Deus,
3181 4676 3403 4736 propter
3431 4674 3705 4743 accipien—

443 4739 725 4802 lemnitate
753 4749 971 4803 Pasclne
996 4750 1280 4806 Dominum
1311 4733 1798 4822 cruciﬁxeruntiin
1830 4763 2020 4817 eadem
2123 4741 2228 4832 fer"
2254 4733 2446 4832 9‘3"”,
2473 4750 2760 4813 ""1"an
2777 4758 2954 4802 autem
2977 4751 3156 4818 homo!
3183 4766 3699 4832 ΡτοΡῑθτπίτῬῐυπη

442 4833 784 4892 solemnitate
808 4840 876 4893 ab
907 4840 1152 4896 [lumbus
1179 4842 1418 4897 conclusi
1443 4845 1703 4914 perirem.
2122 4825 2412 4882 hominem.
2473 4832 2656 4903 Neque
2719 4839 2861 4893 enim
2921 4842 3007 4895 illa
3069 4847 3410 4917 susceptione
3460 4855 3696 4914 alterum

1840 4935 1848 4940 ·
2117 4929 2303 4970 eorum
2355 4919 2408 4972 in
2455 4921 2684 4977 alterum
2729 4937 3044 4986 conversum
3093 4943 3257 5004 atque
3285 4945 3549 4996 mutatum
3589 4958 3696 5012 est,

854 4972 1174 5030 DOMIVICA
1213 4975 1282 5030 1N
1315 4976 1589 5034 PALMIS.
2119 5022 2217 5034 ..Μ
2273 5010 2524 5034 .1:..:..:.--
2817 5021 2829 5032 .
3055 5033 3061 5034 ,

2118 5022 2218 5061 nec
2269 5010 2524 5067 divinitas
2567 5017 2765 5086 quippe
2815 5021 2867 5073 in
2919 5033 3224 5082 creaturam
3263 5038 3466 5086 motata
3503 5046 3604 5100 est,
3635 5010 3697 5094 ut

509 5095 764 5138 EPISTOLA
800 5098 958 5136 BEATI
998 5101 1150 5138 rsum
1193 5101 1444 5142 srosrou
1483 5107 1550 5144 AD
1589 5108 1974 5163 rrurarrsssss,
2113 5097 2399 5155 desisteret
2443 5119 2565 5160 esse
2616 5108 2886 5176 divinitas,
2937 5130 3038 5170 nee
3064 5128 3313 5174 creatura
3334 5123 3392 5177 in
3437 5124 3693 5182 divinitas

1121 5171 1237 5208 CAP.
1279 5173 1338 5210 ll.

2113 5197 2242 5252 tem,
2267 5199 2326 5242 nt
2353 5192 2640 5250 desisteret
2657 5214 2780 5254 esse
2809 5213 3076 5259 creatura.

2184 5286 2251 5340 Et
2293 5289 2474 5345 habitu
2519 5294 2754 5352 inventus
2782 5311 2836 5354 ut
2877 5303 3050 5360 homo.
3079 5306 3282 5364 Nomen
3313 5311 3530 5370 habitus
3553 5314 3690 5373 dici-

2111 5385 2220 5442 tur,
2252 5379 2319 5433 ab
2349 5379 2436 5436 illo
2479 5385 2644 5448 verbo
2697 5391 2838 5459 quod
2879 5405 2966 5448 est
2989 5396 3208 5454 habere.
3258 5401 3400 5474 Ergo
3425 5392 3600 5462 inilla
3625 5421 3686 5464 re

2205 5440 2214 5442 _
2622 5440 2634 5448 τ
2705 5440 2838 5459 τη-
2886 5440 2966 5448 ---
2992 5440 3208 5454 ......ν.υ.
3258 5440 3319 5456 υ.
3367 5440 3400 5458 υ
3511 5440 3600 5462 ιιι..
3628 5440 3685 5464 ις

441 5458 464 5492 ι
508 5440 1028 5552 arbitratusestesse
1052 5461 1109 5500 se
1131 5449 1388 5518 aequalem
1407 5451 1538 5518 Deo,
1556 5456 1648 5510 sed
1662 5461 2006 5528 semetipsum
2107 5467 2306 5524 dicitur
2331 5471 2566 5542 habitus,
2592 5489 2711 5546 qua:
2740 5479 2894 5538 nobis
2920 5495 2977 5540 ut
3001 5485 3267 5545 habeatur
3293 5440 3510 5548 agciilit.
3547 5495 3685 5552 Mul-

1854 5527 1865 5528 ί
2525 5527 2566 5542 ’I
2598 5527 2710 5546 1-⁷-
2741 5527 2894 5538 "Vr-HV
2921 5527 2977 5540 υ*
3002 5527 3254 5545 Manu-lout
3293 5527 3510 5548 αιιιιιιιιι.
3547 5527 3685 5552 Μαι-

439 5544 464 5581 ι
503 5527 817 5596 exinanivit,
842 5527 1070 5587 formam
1097 5538 1238 5592 servi
1284 5541 1577 5610 accipiens,
1613 5545 1665 5598 in
1695 5548 2003 5606 similitndi-
2107 5559 2175 5612 tis
2204 5560 2348 5612 enim
2384 5563 2558 5619 modis
2587 5565 2826 5625 habitum
2876 5573 3124 5641 dicimus,
3167 5581 3248 5635 vel
3295 5584 3476 5648 animi,
3520 5587 3686 5644 sicuti

440 5636 459 5648 ι
502 5634 622 5648 ..Δη-
645 5620 920 5648 ιιΑ-ιῖηι-...ι
947 5623 1114 5648 f,-..-___
1181 5641 1218 5648 κ.
1253 5632 1268 5648 ι
1325 5633 1338 5648 1
1365 5633 1398 5648 ι-
1470 5635 1480 5645 ο
1637 5645 1646 5648 -
1819 5643 1831 5648 -

2661 5620 2826 5625 --ηηη
2878 5620 3124 5641 ,μνη-...ιη
3177 5620 3247 5635 ιω
3295 5620 3476 5648 unum,
3520 5620 3674 5642 UIDUI‘I

440 5636 460 5671 ι
501 5634 624 5675 nem
645 5620 920 5677 hominum
947 5623 1139 5694 factus,
1169 5641 1223 5684 et
1253 5632 1437 5688 habitu
1468 5635 1716 5692 inventus
1740 5649 1795 5693 ut
1819 5643 2000 5712 homo,
2104 5658 2206 5712 cst,
2239 5649 2534 5720 disciplinac
2576 5663 2849 5730 perceptio
2873 5679 2968 5719 usu
2999 5665 3271 5737 roborata,
3305 5675 3388 5727 vel
3423 5677 3674 5750 corporis

511 5279 532 5314 ι
575 5261 692 5317 Hoc
733 5263 876 5316 enim
915 5265 1112 5319 sentite
1157 5267 1210 5320 in
1239 5270 1410 5338 vobis,
1452 5274 1595 5346 quod
1631 5277 1764 5332 etin
1793 5277 2010 5337 Christo

441 5369 462 5404 ι
505 5350 654 5408 Jesu.
685 5351 937 5420 Quicum
979 5354 1035 5410 in
1064 5355 1233 5412 forma
1281 5359 1377 5415 Dei
1425 5374 1587 5430 esset,
1628 5383 1734 5421 non
1764 5371 2007 5440 rapinam
