3978 6414
269 271 370 326 901

1075 268 1589 326 COLLECTIONES
1626 269 1691 324 l‘N
1733 267 2108 326 EPISTOLAS
2149 267 2234 323 ET
2275 264 2686 324 EVANGEUA.

3431 268 3540 324 202

269 386 414 442 sicut
443 392 531 440 est
555 383 695 438 alius
735 381 842 437 alio
889 381 1253 438 succulentior
1281 401 1294 436 :
1324 383 1410 438 vel
1451 383 1712 439 membris
1765 400 1855 439 ac-
1883 389 1934 448 Α
1961 394 2016 442 ιιι
2039 385 2092 438 in
2121 383 2307 453 ipsius,
2339 399 2373 438 o
2401 384 2580 447 homo,
2611 382 2955 452 susceptione
2989 378 3170 436 carnis
3194 381 3544 450 promeruisti

268 475 668 540 commodatur,
690 473 1011 538 utdicimus,
1036 474 1310 539 vestitum,
1337 473 1645 539 calciatum,
1669 489 1854 528 arma-

271 581 405 636 tum,
447 577 503 624 et
530 568 577 624 si
630 568 760 636 quid
798 564 960 633 hujus
995 565 1140 620 modi
1183 575 1289 620 est.
1328 565 1714 621 Verumtamen
1752 565 1856 620 hoc

271 665 517 727 interest,
555 661 700 732 quod
741 659 986 729 quaedam
1017 673 1208 713 eorum
1247 673 1366 727 quae
1397 658 1650 713 accidunt
1676 657 1852 722 nobis,

271 764 330 808 ut
367 751 614 808 habitum
653 749 874 812 faciant,
907 763 1014 802 non
1046 755 1327 802 mutantur
1353 763 1384 801 a
1408 747 1593 816 nobis,
1613 747 1708 802 sed
1737 747 1854 816 ipsa

273 859 370 900 nos
398 839 687 898 mutantin
717 839 1022 909 semetipsa,
1065 838 1224 894 sicuti
1264 837 1533 908 sapientia
1549 852 1671 895 cum
1713 838 1857 894 acci-

272 937 348 991 dit
373 933 603 995 homini.
637 949 745 988 non
774 933 888 1003 ipsa
915 939 1178 995 mutatur,
1225 931 1321 986 sed
1357 930 1631 986 hominem
1658 939 1852 998 mutat,

271 1013 433 1096 quem
461 1025 528 1080 de
557 1023 722 1080 stulto
766 1023 1066 1093 sapientem
1097 1021 1247 1078 facit.
1302 1021 1560 1090 Quzedam
1592 1037 1724 1078 vero
1775 1023 1856 1078 sic

271 1118 543 1182 accidunt,
576 1125 636 1170 ut
667 1124 722 1170 et
760 1123 969 1170 mutent
1010 1125 1068 1170 et
1108 1125 1406 1184 mutentur,
1435 1115 1595 1172 sicuti
1625 1116 1780 1173 cibus
1801 1125 1856 1172 et

271 1210 384 1278 ipse
411 1208 668 1262 amittens
692 1207 927 1277 speciem
957 1221 1132 1271 suam,
1162 1206 1214 1260 in
1242 1221 1442 1276 corpus
1466 1214 1712 1260 nostrum
1735 1221 1857 1260 ver-

273 1298 421 1361 titur,
447 1305 503 1352 et
531 1311 631 1350 nos
661 1295 848 1350 refecti
878 1296 933 1350 in
957 1295 1122 1350 robur
1150 1304 1443 1350 mutamur.
1495 1295 1740 1351 Tertium
1765 1309 1856 1367 ge-

270 1405 372 1443 nus
399 1395 502 1451 εει,
539 1402 663 1441 cum
686 1386 802 1457 ipsa
839 1401 960 1455 qua:
988 1385 1254 1441 accedunt
1286 1393 1588 1452 mutantur,
1619 1393 1680 1439 ut
1703 1386 1857 1441 habi-

272 1487 386 1532 tum
444 1476 684 1541 faciant,
727 1477 788 1530 ἐι
833 1477 1230 1545 quodammodo
1283 1475 1591 1530 formantur
1642 1477 1711 1531 ab
1751 1477 1853 1542 eis,

269 1569 465 1637 quibus
495 1567 734 1622 habitum
773 1565 998 1630 faciunt,
1047 1565 1207 1620 sicuti
1233 1573 1319 1620 est
1358 1565 1545 1631 vestis,
1576 1581 1701 1620 nam
1733 1581 1858 1636 pro-

263 1656 430 1725 jecta,
464 1671 571 1710 non
592 1657 758 1710 habet
790 1671 912 1710 eam
942 1653 1196 1719 formam,
1237 1669 1400 1724 quam
1427 1670 1552 1709 cum
1587 1655 1852 1720 induitur,

1957 475 2193 530 nominis
2248 474 2587 545 dignitatem.
2647 473 2773 528 limo
2822 473 2967 528 enim
3036 472 3103 528 de
3142 487 3210 528 eo
3267 470 3542 538 dicuntur,

1956 583 2023 620 ex
2053 581 2160 636 quo
2176 565 2406 626 Verbum
2429 581 2558 621 caro
2583 565 2785 620 factum
2809 575 2914 630 εει,
2931 565 3269 622 ethabitavit
3291 566 3345 620 in
3367 566 3542 620 nobis.

1959 659 2066 729 (Ea:
2086 658 2332 730 August.)
2366 659 2572 714 Praeter
2599 661 2702 714 hoc
2718 661 2860 729 quod
2900 669 3156 729 tanquam
3183 661 3237 714 in
3268 660 3466 731 templo
3491 661 3545 714 in

1957 747 2050 803 illo
2081 763 2310 818 corpore
2355 749 2562 804 habitat
2587 750 2764 804 omnis
2806 749 3082 819 plenitudo
3110 751 3430 815 divinitatis,
3461 759 3548 806 est

1956 837 2102 894 aliud
2143 839 2287 907 quod
2332 838 2549 894 intersit
2601 840 2746 894 inter
2793 839 2924 895 illud
2959 849 3122 911 caput
3155 850 3210 897 et
3257 841 3546 912 cujuslibet

1955 931 2182 985 membri
2209 931 2608 987 excellentiam.
2642 931 2739 986 Est
2773 931 2932 1002 plane
2953 933 3096 1002 quod
3129 933 3386 1005 singulari
3413 950 3547 1005 qua-

1956 1019 2080 1074 dam
2126 1034 2470 1090 susceptione
2499 1021 2735 1077 hominis
2787 1021 2956 1087 illius,
2984 1038 3089 1076 una
3133 1021 3277 1078 facta
3303 1031 3392 1077 est
3422 1039 3546 1093 per-

1955 1126 2088 1167 sona
2114 1126 2237 1166 cum
2272 1112 2468 1171 Verbo.
2501 1111 2578 1166 De
2625 1111 2773 1166 nullo
2795 1113 2940 1166 enim
2971 1123 3289 1168 sanctorum
3319 1111 3424 1168 dici
3449 1129 3546 1182 po-

1956 1203 2062 1258 tuit
2086 1211 2180 1258 aut
2207 1211 2406 1274 potest,
2432 1212 2526 1258 aut
2545 1203 2764 1272 poterit,
2791 1203 3033 1260 Verbum
3061 1218 3191 1258 caro
3209 1202 3409 1259 factum
3435 1212 3540 1258 est.

1955 1298 2144 1354 Nullus
2189 1305 2500 1354 sanctorum
2548 1295 2788 1367 qualibet
2824 1295 3136 1366 praestantia
3184 1295 3375 1366 gratite
3415 1296 3546 1355 Uni-

1955 1389 2121 1460 geniti
2154 1389 2246 1444 Dei
2296 1403 2491 1444 nomen
2531 1387 2762 1458 accepit,
2804 1394 2864 1441 ut
2893 1387 3038 1457 quod
3088 1393 3174 1441 est
3221 1386 3394 1456 ipsum
3447 1387 3545 1444 Dei

1946 1481 2179 1541 Verbum
2232 1487 2360 1534 ante
2389 1478 2615 1544 saecula,
2648 1479 2753 1533 hoc
2781 1478 2942 1534 simul
2979 1492 3104 1532 cum
3143 1484 3424 1548 assumpto
3446 1477 3546 1533 ho—

1956 1570 2102 1625 mine
2145 1570 2435 1624 diceretur.
2487 1567 2792 1639 Singularis
2843 1577 2930 1624 est
2982 1568 3073 1624 illa
3103 1568 3395 1638 susceptio,
3443 1581 3546 1624 nec

1957 1675 2079 1714 cum
2125 1659 2436 1714 hominibus
2480 1658 2754 1728 aliquibus
2811 1659 3035 1726 sanctis,
3075 1659 3412 1729 quantalibet
3457 1673 3547 1714 sa-

270 1748 456 1802 induta
493 1763 623 1817 ergo
651 1747 848 1816 accipit
873 1746 1103 1801 formam
1137 1761 1300 1816 quam
1329 1761 1439 1801 non
1465 1747 1701 1802 habebat
1722 1763 1855 1803 exu—
1883 1750 1929 1808 B
1957 1747 2172 1819 pientis:
2218 1749 2506 1804 sanctitate
2551 1749 2952 1818 pmstantibus,
3007 1749 3116 1805 ullo
3161 1749 3324 1804 modo
3365 1756 3547 1819 potest

271 1847 343 1892 ta.
366 1838 519 1904 Quod
544 1847 631 1893 est
651 1852 801 1908 ergo,
832 1837 1034 1892 Habitu
1074 1839 1314 1892 inuentus
1336 1848 1391 1892 ut
1416 1839 1589 1904 homo,
1622 1839 1726 1896 nisi
1754 1841 1854 1896 ha-

271 1928 446 1984 bendo
487 1929 784 1994 hominem,
831 1928 1082 1983 inventus
1109 1935 1166 1982 ut
1193 1929 1355 1984 homo
1401 1929 1520 1984 est?
1550 1945 1660 1985 non
1708 1931 1854 1986 enim

271 2029 482 2092 poterat
517 2020 748 2076 inveniri
775 2027 834 2074 ut
856 2020 1038 2084 homo,
1068 2020 1137 2074 ab
1162 2020 1250 2076 his
1279 2021 1372 2090 qui
1392 2035 1488 2075 cor
1515 2021 1855 2076 immundum

271 2115 562 2181 habebant,
600 2122 656 2169 et
680 2115 908 2168 verbum
940 2114 1082 2184 apud
1103 2122 1318 2184 patrem
1355 2113 1540 2168 videre
1565 2127 1675 2167 non
1698 2120 1854 2182 pote-

273 2215 414 2272 rant,
455 2207 560 2262 nisi
608 2205 953 2275 suscipiendo
990 2206 1094 2259 hoc
1123 2203 1268 2274 quod
1314 2211 1538 2273 possent
1566 2203 1772 2266 videre,
1803 2211 1859 2256 et

269 2313 366 2368 per
397 2298 540 2368 quod
582 2299 650 2353 ad
689 2298 820 2353 illud
854 2297 1034 2352 lumen
1088 2297 1319 2352 interius
1372 2297 1724 2350 ducerentur.
1750 2294 1857 2351 lste

270 2396 452 2442 autem
495 2387 712 2442 habitus
760 2401 866 2441 non
901 2395 1003 2450 est,
1042 2400 1110 2440 ex
1156 2385 1333 2456 primo
1388 2384 1483 2440 illo
1537 2399 1756 2456 genere,
1789 2384 1858 2439 de

271 2492 378 2547 quo
397 2477 645 2547 superius
668 2477 922 2542 diximus,
944 2491 1050 2532 non
1075 2477 1222 2532 enim
1250 2491 1476 2532 manens
1506 2477 1560 2531 in
1581 2492 1641 2533 se
1661 2485 1855 2531 natura

271 2569 524 2632 hominis,
557 2578 801 2625 naturam
832 2570 928 2626 Dei
953 2571 1330 2624 commutavit.
1359 2568 1542 2640 Neque
1563 2585 1628 2625 ex
1664 2585 1857 2625 secun-

272 2664 362 2727 do,
391 2676 497 2717 non
517 2662 662 2716 enim
693 2660 999 2716 immutabit
1024 2661 1188 2717 homo
1213 2661 1404 2726 Deum,
1436 2669 1492 2716 et
1518 2668 1760 2716 mutatus
1789 2661 1856 2715 ab

272 2753 363 2808 illo
383 2762 486 2819 est,
513 2751 607 2808 sed
646 2755 825 2824 potius
850 2768 914 2807 ex
947 2754 1110 2808 tertio
1134 2763 1220 2809 est
1251 2753 1458 2819 habitu,
1493 2755 1574 2810 sic
1607 2755 1752 2809 enim
1777 2769 1857 2809 as-

273 2855 520 2917 sumptus
555 2858 660 2912 est,
705 2855 765 2901 ut
791 2854 1222 2903 commutaretur
1244 2845 1588 2902 ineﬂ‘abiliter
1609 2856 1665 2902 et
1683 2845 1856 2902 excel-

272 2937 473 2993 lentius
507 2945 670 3008 atque
716 2937 1060 3008 conjunctius
1098 2953 1259 3007 quam
1287 2936 1456 2991 vestis
1493 2937 1563 2991 ab
1612 2936 1853 3001 homine,

272 3045 395 3085 cum
433 3029 689 3084 induitur.
717 3028 830 3085 Hoc
861 3045 990 3101 ergo
1015 3031 1235 3085 nomine
1261 3029 1503 3095 habitus,
1535 3029 1670 3085 satis
1689 3029 1856 3100 signi-

271 3120 454 3176 ficavit
479 3119 784 3191 Apostolus,
807 3122 1260 3191 quemadmodum
1300 3122 1499 3177 dixerit
1521 3121 1574 3176 in
1598 3120 1854 3176 similitu-
1879 3110 1928 3174 C

270 3211 450 3266 dinem
479 3212 756 3267 hominum
794 3211 987 3277 factus,
1031 3211 1123 3281 qui
1157 3228 1262 3267 non
1319 3213 1852 3285 transfigurationem

273 3303 327 3357 in
359 3303 648 3368 hominem,
678 3303 773 3358 sed
800 3305 985 3359 habitu
1015 3303 1190 3360 factus
1219 3317 1320 3370 est,
1353 3321 1476 3360 cum
1513 3306 1734 3362 indutus
1772 3315 1856 3362 est

272 3393 511 3458 homine,
547 3407 706 3463 quem
733 3393 836 3447 sibi
857 3393 1051 3448 unicus
1093 3394 1493 3464 quodammodo
1529 3404 1693 3465 atque
1731 3411 1856 3451 con—

271 3483 496 3537 firmans
517 3482 911 3537 immortalitati
942 3485 1342 3552 aeternitatique
1367 3485 1602 3539 sociare.

344 3571 655 3627 Humiliavit
704 3574 1056 3645 semetipsum,
1099 3575 1272 3643 factus
1315 3575 1559 3630 obediens
1595 3594 1759 3648 usque
1784 3578 1854 3630 ad

271 3672 507 3730 mortem,
531 3673 637 3718 etc.
666 3662 764 3718 Hic
784 3664 939 3720 nobis
957 3664 1214 3735 perfectae
1235 3657 1560 3722 obedientize
1581 3676 1853 3722 monstrat

273 3753 600 3823 exemplum,
653 3754 798 3808 nulla
835 3754 980 3810 enim
1030 3763 1209 3824 potest
1253 3771 1402 3810 mors
1445 3756 1686 3811 deterior
1733 3773 1857 3812 esse

273 3856 450 3902 morte
472 3847 672 3903 crucis.

346 3935 568 4008 Propter
611 3937 749 4010 quod
797 3945 844 3992 et
870 3940 1013 3992 Deus
1041 3937 1291 3992 exultavit
1317 3938 1488 3992 illum.
1527 3939 1702 3994 Locus
1728 3943 1852 4004 iste,

273 4033 568 4087 secundum
617 4033 904 4086 humanam
953 4039 1206 4086 naturam
1248 4032 1429 4102 potius
1474 4032 1856 4102 intelligendus

273 4132 377 4186 est,
405 4138 568 4192 quam
595 4123 852 4177 divinam.
901 4121 1105 4177 Natura
1141 4123 1287 4178 enim
1314 4123 1552 4177 humana
1580 4123 1854 4178 humiliari

1955 1851 2076 1891 esse
2107 1837 2429 1892 communis.

2028 1926 2094 1982 Ut
2119 1929 2174 1982 in
2205 1929 2411 1984 nomine
2436 1927 2566 1984 Jesu
2593 1947 2745 1985 omne
2781 1947 2916 2002 genu
2951 1933 3196 2002 ﬂectatur
3234 1931 3542 1996 caleatium,

1955 2018 2305 2084 terrestrium,
2327 2028 2434 2074 etc.
2461 2018 2586 2075 Ideo
2611 2036 2710 2090 pro
2732 2021 2984 2076 omnibus
3001 2036 3193 2090 passus
3215 2030 3271 2076 et
3297 2029 3545 2076 mortuus

1955 2117 2062 2174 est,
2127 2117 2189 2164 ut
2245 2111 2424 2167 omnis
2481 2121 2730 2167 creatura
2789 2113 2842 2168 in
2892 2113 3111 2168 nomine
3158 2111 3276 2182 ejus
3326 2128 3543 2182 precem

1955 2197 2168 2266 fundat,
2217 2200 2518 2256 ccelestinm
2561 2205 3012 2258 commorantium
3057 2204 3109 2258 in
3154 2203 3316 2268 caalo,
3344 2212 3549 2260 terres-

1956 2291 2120 2345 trium
2147 2291 2446 2346 viventium
2491 2293 2546 2348 in
2572 2302 2739 2360 terra,
2767 2303 2822 2347 et
2846 2294 3204 2360 infernorum,
3232 2294 3346 2350 sive
3373 2295 3549 2350 homi-

1956 2396 2086 2434 num
2127 2391 2488 2447 mortuorum,
2517 2385 2653 2449 sive,
2690 2393 2749 2438 ut
2776 2385 2942 2454 aliqui
2977 2385 3185 2450 volunt,
3213 2385 3281 2438 de
3304 2385 3544 2441 custodi-

1954 2469 2058 2524 bus
2081 2470 2216 2526 dicit
2249 2470 2607 2528 infernorum.

2031 2560 2097 2614 Et
2124 2561 2490 2632 omnislingua
2513 2563 2844 2632 conﬁteatur,
2879 2571 2986 2620 etc.
3039 2564 3098 2619 Id
3151 2570 3254 2631 est,
3299 2565 3546 2622 omnium

1955 2659 2014 2705 ct
2031 2651 2366 2707 diversarum
2390 2655 2631 2725 gentium
2677 2655 2881 2726 lingua,
2915 2657 3018 2710 hoc
3051 2664 3157 2722 est,
3188 2657 3243 2711 in
3269 2666 3466 2713 natura
3491 2667 3549 2714 et

1956 2742 2126 2811 gloria
2170 2743 2410 2808 deitatis,
2457 2745 2585 2798 dum
2628 2743 2870 2814 ejusdem
2901 2755 2985 2802 est
3029 2747 3224 2817 gloria,
3268 2749 3424 2819 cujus
3465 2758 3549 2803 est

1955 2842 2128 2905 pater.

2271 2988 2614 3030 EVANGELIUII
2649 2987 2887 3038 JOANNIS,
2929 2989 3048 3028 CAP.
3094 2989 3211 3029 XIII.

2035 3123 2054 3154 ‹
2092 3103 2232 3160 Ante
2259 3103 2403 3160 diem
2429 3104 2626 3161 festum
2655 3105 2881 3164 Pascha:
2901 3105 3082 3162 sciens
3099 3105 3280 3172 Jesus,
3304 3109 3430 3177 quia
3456 3125 3548 3164 ve-

1961 3209 1982 3244 t
2018 3193 2101 3248 nit
2143 3195 2276 3250 hora
2319 3194 2456 3265 ejus,
2485 3204 2552 3250 ut'
2595 3203 2839 3252 transeat
2858 3211 2926 3252 ex
2962 3197 3065 3252 hoc
3109 3199 3313 3256 mundo
3341 3201 3409 3256 ad
3437 3199 3545 3256 Pa-

1961 3302 1996 3335 ι’
2019 3293 2179 3340 trem.
2209 3285 2345 3343 Cum
2390 3287 2674 3343 dilexisset
2723 3302 2872 3354 suos,
2903 3289 2996 3359 qui
3034 3297 3194 3344 erant
3238 3289 3293 3344 in
3323 3292 3545 3357 mundo,

1962 3397 1979 3429 ‹
2021 3380 2076 3434 in
2107 3378 2268 3435 tinem
2299 3380 2486 3436 dilexit
2513 3394 2628 3435 eos.
2657 3378 2726 3434 Et
2766 3393 2921 3434 coma
2965 3380 3107 3435 facta
3153 3396 3276 3436 cum
3306 3381 3550 3439 diabolus

1961 3489 1981 3520 ‹
2012 3469 2126 3538 jam
2157 3471 2398 3527 misisset
2420 3471 2475 3526 in
2503 3487 2618 3536 cor,
2653 3480 2715 3525 ut
2754 3471 2994 3526 traderet
3022 3486 3145 3527 eum
3176 3471 3343 3528 Judas
3373 3473 3551 3529 Simo-

1963 3580 1980 3612 ι
2019 3563 2103 3618 nis
2130 3563 2462 3630 lschariotis,
2503 3565 2683 3619 sciens
2711 3563 2837 3634 quia
2868 3563 3053 3618 omnia
3105 3564 3254 3619 dedit
3307 3564 3357 3620 ei
3387 3565 3550 3620 Pater

1962 3674 1979 3705 ι
2017 3656 2069 3709 in
2100 3670 2314 3721 manus,
2346 3662 2403 3708 et
2439 3655 2565 3724 quia
2591 3669 2621 3708 a
2653 3655 2764 3709 Deo
2805 3655 2997 3720 exivit,
3025 3662 3081 3708 et
3119 3653 3186 3708 ad
3211 3670 3336 3710 eum
3378 3657 3546 3722 vadit,

1963 3765 1981 3796 ι
2021 3747 2195 3816 surgit
2237 3761 2268 3799 a
2309 3761 2464 3804 ccena
2488 3757 2544 3802 et
2580 3747 2734 3818 ponit
2780 3746 3103 3803 vestimenta
3153 3762 3270 3814 sua,
3323 3756 3382 3802 et
3425 3763 3548 3804 cum

1962 3855 1980 3889 ι
2019 3837 2319 3908 accepisset
2371 3837 2597 3892 linteum
2648 3837 2937 3907 praecinxit
2996 3852 3073 3891 se.
3134 3837 3341 3893 Deinde
3401 3837 3552 3894 misit

1962 3947 1978 3978 ι
2023 3943 2216 3998 aquam
2249 3927 2302 3981 in
2324 3926 2545 3998 pelvim,
2578 3935 2634 3981 et
2653 3927 3018 3998 cmpitlavare
3052 3927 3220 3995 pedes
3254 3927 3546 3995 discipulo—

1962 4037 1979 4068 ‹
2020 4035 2170 4085 rum,
2217 4027 2273 4072 et
2316 4028 2599 4089 extergere
2651 4017 2818 4074 linteo
2872 4031 2980 4086 quo
3029 4025 3150 4071 erat
3201 4018 3544 4086 praecinctus.

1962 4131 1980 4162 ι
2023 4112 2180 4166 Venit
2227 4126 2356 4181 ergo
2386 4110 2455 4165 ad
2502 4109 2780 4164 Simonem
2820 4108 3062 4172 Petrum,
3101 4115 3155 4162 et
3187 4108 3320 4162 dicit
3369 4109 3418 4163 ei
3447 4108 3544 4163 Pc-

271 4222 326 4266 et
365 4213 586 4267 exaltari
631 4215 824 4284 potuit,
855 4229 960 4269 non
1004 4214 1204 4269 divina.
1237 4213 1295 4268 Si
1344 4229 1476 4284 ergo
1501 4222 1558 4269 et
1591 4229 1690 4269 nos
1715 4213 1867 4268 exal-
1962 4223 1980 4254 σ
2022 4215 2179 4258 ltus:
2216 4203 2461 4268 Domine,
2510 4209 2568 4255 ῑιι
2616 4201 2750 4255 mihi
2787 4201 2937 4254 lavas
2989 4199 3188 4268 Pede“
3244 4199 3548 4270 Βθευοηάίι

273 4305 376 4358 tari
403 4306 669 4374 cupimus,
708 4305 820 4361 Deo
845 4321 909 4361 ac
944 4307 1148 4361 sanctis
1191 4305 1308 4374 ejus
1335 4321 1505 4376 usque
1526 4306 1595 4362 ad
1623 4317 1854 4362 mortem

274 4395 493 4449 obedire
543 4395 709 4451 etiam
758 4395 1036 4451 debemus.
1098 4395 1412 4467 Magistrum
1458 4395 1717 4450 humilem
1765 4411 1856 4451 su-

1962 4317 1978 4347 ι
2017 4297 2194 4361 Jesus,
2221 4304 2279 4349 et
2305 4295 2443 4350 dixit
2477 4294 2526 4350 ei
2557 4313 2568 4346 :
2599 4292 2752 4359 Quod
2779 4307 2879 4363 ego
2905 4291 3045 4346 facio
3069 4300 3125 4345 tu
3154 4291 3332 4347 nescis
3361 4293 3543 4359 modo,

1963 4408 1981 4440 ι
2021 4389 2161 4445 scies
2204 4396 2384 4443 autem
2409 4395 2618 4457 postea.
2650 4384 2793 4440 Dicit
2821 4385 2871 4439 ei
2911 4383 3104 4438 Petrus
3134 4401 3146 4438 :
3178 4382 3294 4438 Non
3336 4383 3546 4439 lavabis

273 4486 424 4555 perbi
460 4486 706 4556 discipuli
745 4501 850 4541 non
879 4501 1187 4556 sequamur,
1221 4501 1322 4541 nec
1344 4485 1630 4540 Dominum
1668 4486 1852 4540 mitem
1879 4473 1931 4531 1)
1963 4501 1980 4532 ι
2020 4481 2152 4536 mihi
2200 4480 2366 4552 pedes
2415 4480 2468 4534 in
2505 4488 2787 4534 :ctcrnum.
2829 4476 3128 4547 Respondit
3163 4476 3210 4531 ei
3238 4489 3398 4532 Jesus
3431 4495 3443 4530 :
3484 4473 3546 4532 Si

272 4575 414 4631 servi
443 4585 852 4633 contemnamus
897 4577 1114 4648 ingrati,
1139 4591 1239 4631 nec
1264 4577 1543 4647 indignum
1583 4577 1653 4631 sit
1699 4578 1858 4632 nobis

271 4666 565 4736 mqualibus
614 4669 856 4738 praebere
898 4667 1283 4733 ministerium,
1313 4683 1436 4723 cum
1465 4669 1554 4722 ille
1596 4669 1854 4726 Dominus

273 4756 561 4812 obsecutus
584 4759 656 4813 sit
681 4759 875 4814 servis.

344 4845 414 4899 Et
457 4847 667 4902 donavit
719 4847 797 4900 illi
847 4864 1055 4916 nomen,
1084 4857 1190 4904 etc.
1225 4847 1506 4916 Quomodo
1550 4852 1764 4920 accepit
1793 4861 1853 4906 ut

274 4937 490 4995 adorari
510 4941 772 5008 potuisset
802 4941 1026 5011 largitor
1048 4943 1291 4998 omnium
1323 4944 1625 4999 cmlestium
1664 4961 1852 5001 mune-

275 5046 414 5097 rum,
436 5044 597 5102 quem
625 5047 732 5086 non
765 5031 935 5086 solum
966 5032 1307 5102 patriarchas
1337 5041 1392 5088 et
1419 5035 1732 5105 prephetas,
1765 5049 1856 5090 ve-

275 5121 562 5176 rumetiam
605 5121 826 5192 angelos
864 5131 920 5176 et
957 5131 1272 5192 potestates,
1311 5125 1573 5180 cherubin
1607 5134 1664 5182 et
1708 5143 1856 5183 sera-

273 5216 427 5285 phin,
460 5215 657 5270 divinis
683 5216 1005 5271 testimoniis
1032 5216 1290 5272 adorasse
1319 5219 1716 5285 cognoscimus.
1745 5219 1856 5274 Aut

274 5307 543 5377 quomodo
566 5307 763 5362 dicitur
782 5308 1068 5372 exaltatus,
1084 5308 1176 5378 qui
1194 5309 1365 5379 magis
1393 5325 1490 5378 per
1517 5323 1852 5381 assumptam

275 5398 589 5454 humiliatus
651 5399 849 5453 dicitur
903 5401 1164 5454 carnem?
1213 5401 1413 5456 Verum
1472 5402 1518 5456 si
1581 5405 1848 5470 attendas,

275 5495 416 5564 quod
450 5493 686 5550 Verbum
723 5509 851 5550 caro
877 5492 1078 5550 factum
1103 5503 1206 5562 est,
1241 5511 1348 5551 non
1390 5512 1513 5552 eum
1566 5498 1852 5554 miraberis

259 5586 571 5642 exaltatum
593 5584 808 5650 referri,
829 5593 921 5640 aut
941 5600 1136 5641 nomen
1159 5588 1502 5656 praedicabile
1524 5591 1846 5660 suscepisse.

275 5679 332 5736 in
384 5680 499 5754 ipso
535 5678 678 5735 enim
707 5679 942 5734 humana
972 5681 1313 5748 cognoscitur
1338 5681 1570 5737 exaltata
1616 5689 1845 5747 natura;

675 5775 946 5838 Pyrno!“
1005 5772 1134 5834 Cll.

1965 4591 1984 4624 ι
2026 4589 2131 4628 non
2173 4570 2356 4627 lavero
2384 4581 2457 4636 ιε,
2486 4586 2592 4625 non
2639 4569 2864 4624 habebis
2893 4576 3102 4638 partem
3132 4583 3367 4623 mecum.
3402 4569 3546 4626 Dicit

1963 4684 1984 4718 ι
2023 4666 2071 4720 ei
2128 4665 2315 4720 Simon
2355 4663 2599 4719 Petrus:
2649 4662 2892 4725 Domine,
2951 4675 3058 4715 non
3117 4668 3324 4716 tantum
3375 4661 3545 4732 pedes

1966 4775 1984 4807 ι
2023 4772 2192 4822 meos,
2220 4755 2316 4811 sed
2341 4763 2396 4811 et
2435 4769 2626 4809 manus
2651 4761 2706 4808 et
2731 4762 2914 4823 caput.
2962 4750 3103 4808 Dicit
3140 4753 3190 4807 ei
3213 4751 3408 4808 Jesus:
3439 4753 3542 4822 Qui
3615 4747 3626 4758 ί

1964 4865 1982 4897 ι
2020 4848 2162 4903 lotus
2187 4856 2294 4912 est,
2338 4862 2445 4902 non
2486 4846 2693 4916 indiget
2721 4845 2825 4900 nisi
2864 4853 2923 4899 ut
2953 4844 3118 4915 pedes
3141 4843 3302 4910 lavet,
3335 4845 3430 4900 sed
3457 4855 3544 4900 est

1963 4957 1981 4990 ι
2021 4939 2254 4995 mundus
2283 4947 2448 5006 totus,
2476 4947 2532 4995 et
2553 4953 2649 4994 vos
2675 4937 2858 4993 mundi
2885 4938 3037 5000 estis,
3069 4937 3164 4992 sed
3194 4953 3301 4992 non
3327 4953 3538 4994 omnes.

1961 5049 1979 5081 ι
2019 5030 2238 5086 Sciebat
2283 5032 2428 5088 enim
2471 5031 2720 5101 quisnam
2766 5037 2912 5084 esset
2963 5029 3056 5099 qui
3108 5029 3349 5084 traderet
3391 5045 3537 5084 eum.

1960 5146 1980 5178 ι
2017 5127 2310 5197 Propterea
2335 5129 2492 5193 dixit,
2523 5143 2628 5182 non
2655 5126 2788 5182 estis
2803 5125 2988 5180 mundi
3012 5140 3221 5181 omnes.
3247 5126 3538 5194 Postquam

1963 5241 1982 5275 ‹
2019 5238 2150 5293 ergo
2195 5222 2324 5278 lavit
2350 5223 2516 5292 pedes
2555 5237 2764 5286 eorum,
2800 5220 3014 5291 accepit
3060 5221 3384 5276 vestimenta
3415 5237 3536 5283 sua.

1961 5334 1980 5365 ι
2017 5323 2222 5370 etcum
2271 5313 2608 5366 recubuisset
2649 5313 2865 5377 iterum,
2893 5311 3030 5366 dixit
3075 5311 3176 5366 eis.
3215 5310 3378 5366 Scitis
3405 5311 3537 5380 quid

1965 5427 1982 5459 ι
2020 5406 2238 5463 fecerim
2267 5405 2454 5461 vobis?
2496 5406 2604 5461 Vos
2636 5406 2842 5461 vocatis
2886 5421 2974 5462 me
3024 5406 3283 5477 magister
3327 5413 3384 5459 et
3426 5403 3543 5460 Do-

1963 5517 1983 5551 ι
2021 5499 2183 5563 ηιίηε,
2233 5503 2288 5552 ει
2318 5498 2456 5554 bene
2483 5495 2683 5552 dicitis.
2732 5494 2864 5550 Sum
2897 5496 3144 5551 etenim:
3176 5493 3234 5549 Si
3258 5508 3389 5566 ergo
3435 5508 3537 5566 ego

1963 5612 1982 5645 ι
2019 5593 2125 5648 lavi
2169 5591 2334 5662 pedes
2375 5597 2603 5656 vestros,
2637 5589 2887 5648 dominus
2923 5598 2980 5644 et
3024 5588 3305 5660 magister,
3354 5595 3412 5644 et
3436 5603 3536 5644 vos

1964 5702 1982 5736 ι
2023 5681 2230 5740 debetis
2247 5680 2382 5736 alter
2403 5681 2627 5736 alterius
2647 5681 2828 5737 lavare
2854 5680 3036 5750 pedes.
3067 5678 3387 5748 Exemplum
3409 5678 3533 5735 dedi
