  <div class='ocr_page' id='page_1' title='image "/cluster/home/n/w/nwhite01/storage/ocr_20150623/102/umn.31951002477395f/109.png"; bbox 0 0 3978 6414; ppageno 0'>
   <div class='ocr_carea' id='block_1_1' title="bbox 464 270 569 324">
    <p class='ocr_par' dir='ltr' id='par_1_1' title="bbox 464 270 569 324">
     <span class='ocr_line' id='line_1_1' title="bbox 464 270 569 324; baseline 0.076 -10"><span class='ocrx_word' id='word_1_1' title='bbox 464 270 569 324; x_wconf 61' lang='lat'><strong>2(13</strong></span> 
     </span>
    </p>
   </div>
   <div class='ocr_carea' id='block_1_2' title="bbox 1742 259 2432 318">
    <p class='ocr_par' dir='ltr' id='par_1_2' title="bbox 1742 259 2432 318">
     <span class='ocr_line' id='line_1_2' title="bbox 1742 259 2432 318; baseline 0 0"><span class='ocrx_word' id='word_1_2' title='bbox 1742 263 2023 318; x_wconf 71' lang='lat' dir='ltr'><strong>SMARAG</strong></span> <span class='ocrx_word' id='word_1_3' title='bbox 2037 262 2096 316; x_wconf 90' lang='lat' dir='ltr'><strong>Dl</strong></span> <span class='ocrx_word' id='word_1_4' title='bbox 2140 259 2432 318; x_wconf 75' lang='lat' dir='ltr'><strong>ABBATIS</strong></span> 
     </span>
    </p>
   </div>
   <div class='ocr_carea' id='block_1_3' title="bbox 3637 259 3748 316">
    <p class='ocr_par' dir='ltr' id='par_1_3' title="bbox 3637 259 3748 316">
     <span class='ocr_line' id='line_1_3' title="bbox 3637 259 3748 316; baseline 0 0"><span class='ocrx_word' id='word_1_5' title='bbox 3637 259 3748 316; x_wconf 65' lang='lat'><strong>205</strong></span> 
     </span>
    </p>
   </div>
   <div class='ocr_carea' id='block_1_4' title="bbox 471 368 3744 453">
    <p class='ocr_par' dir='ltr' id='par_1_4' title="bbox 471 368 3744 453">
     <span class='ocr_line' id='line_1_4' title="bbox 471 368 3744 453; baseline -0.002 -19"><span class='ocrx_word' id='word_1_6' title='bbox 471 405 488 434; x_wconf 78' lang='grc' dir='ltr'><strong>ι</strong></span> <span class='ocrx_word' id='word_1_7' title='bbox 530 385 702 447; x_wconf 79' lang='lat' dir='ltr'><strong>vobis,</strong></span> <span class='ocrx_word' id='word_1_8' title='bbox 732 391 789 438; x_wconf 87' lang='lat' dir='ltr'><strong>ut</strong></span> <span class='ocrx_word' id='word_1_9' title='bbox 827 378 1277 453; x_wconf 83' lang='lat' dir='ltr'><strong>quemadmodum</strong></span> <span class='ocrx_word' id='word_1_10' title='bbox 1303 391 1402 452; x_wconf 84' lang='lat' dir='ltr'><strong>ego</strong></span> <span class='ocrx_word' id='word_1_11' title='bbox 1440 377 1540 434; x_wconf 80' lang='lat' dir='ltr'><strong>ieci</strong></span> <span class='ocrx_word' id='word_1_12' title='bbox 1567 378 1745 442; x_wconf 83' lang='lat' dir='ltr'><strong>vobis,</strong></span> <span class='ocrx_word' id='word_1_13' title='bbox 1777 379 1850 431; x_wconf 89' lang='lat' dir='ltr'><strong>ita</strong></span> <span class='ocrx_word' id='word_1_14' title='bbox 1878 384 1933 432; x_wconf 87' lang='lat' dir='ltr'><strong>ct</strong></span> <span class='ocrx_word' id='word_1_15' title='bbox 1957 392 2052 430; x_wconf 90' lang='lat' dir='ltr'><strong>vos</strong></span> <span class='ocrx_word' id='word_1_16' title='bbox 2081 380 2127 438; x_wconf 76' lang='grc' dir='ltr'><strong>Α</strong></span> <span class='ocrx_word' id='word_1_17' title='bbox 2156 388 2276 427; x_wconf 83' lang='lat' dir='ltr'><strong>cum</strong></span> <span class='ocrx_word' id='word_1_18' title='bbox 2306 373 2361 426; x_wconf 88' lang='lat' dir='ltr'><strong>in</strong></span> <span class='ocrx_word' id='word_1_19' title='bbox 2403 371 2564 426; x_wconf 82' lang='lat' dir='ltr'><strong>rebus</strong></span> <span class='ocrx_word' id='word_1_20' title='bbox 2604 368 2857 426; x_wconf 88' lang='lat' dir='ltr'><strong>humanis</strong></span> <span class='ocrx_word' id='word_1_21' title='bbox 2879 378 3066 440; x_wconf 82' lang='lat' dir='ltr'><strong>postea</strong></span> <span class='ocrx_word' id='word_1_22' title='bbox 3112 369 3336 436; x_wconf 75' lang='lat' dir='ltr'><strong>vivitur,</strong></span> <span class='ocrx_word' id='word_1_23' title='bbox 3367 371 3557 442; x_wconf 86' lang='lat' dir='ltr'><strong>utique</strong></span> <span class='ocrx_word' id='word_1_24' title='bbox 3597 380 3744 429; x_wconf 85' lang='lat' dir='ltr'><strong>terra</strong></span> 
     </span>
    </p>
   </div>
   <div class='ocr_carea' id='block_1_5' title="bbox 471 476 827 532">
    <p class='ocr_par' dir='ltr' id='par_1_5' title="bbox 471 476 827 532">
     <span class='ocr_line' id='line_1_5' title="bbox 471 476 827 532; baseline 0.003 -6"><span class='ocrx_word' id='word_1_25' title='bbox 471 495 490 526; x_wconf 73' lang='grc' dir='ltr'><strong>ι</strong></span> <span class='ocrx_word' id='word_1_26' title='bbox 529 476 758 532; x_wconf 76' lang='lat' dir='ltr'><strong>faciatis.</strong></span> <span class='ocrx_word' id='word_1_27' title='bbox 809 494 827 527; x_wconf 70' lang='grc' dir='ltr'><strong>ι</strong></span> 
     </span>
    </p>
   </div>
   <div class='ocr_carea' id='block_1_6' title="bbox 663 579 1845 621">
    <p class='ocr_par' dir='ltr' id='par_1_6' title="bbox 663 579 1845 621">
     <span class='ocr_line' id='line_1_6' title="bbox 663 579 1845 621; baseline -0.003 -1"><span class='ocrx_word' id='word_1_28' title='bbox 663 581 770 620; x_wconf 67' lang='lat' dir='ltr'><strong>DIVI</strong></span> <span class='ocrx_word' id='word_1_29' title='bbox 809 579 1092 621; x_wconf 66' lang='grc' dir='ltr'><strong>Λυςυδτικι</strong></span> <span class='ocrx_word' id='word_1_30' title='bbox 1134 580 1297 620; x_wconf 71' lang='grc' dir='ltr'><strong>ΒΙΕΤΑ</strong></span> <span class='ocrx_word' id='word_1_31' title='bbox 1335 581 1400 620; x_wconf 72' lang='grc' dir='ltr'><strong>ΒΕ</strong></span> <span class='ocrx_word' id='word_1_32' title='bbox 1439 579 1597 621; x_wconf 66' lang='grc' dir='ltr'><strong>(ΚΕΝᾹ</strong></span> <span class='ocrx_word' id='word_1_33' title='bbox 1639 579 1845 618; x_wconf 71' lang='lat' dir='ltr'><strong>DOIINI.</strong></span> 
     </span>
    </p>
   </div>
   <div class='ocr_carea' id='block_1_7' title="bbox 534 651 2049 720">
    <p class='ocr_par' dir='ltr' id='par_1_7' title="bbox 534 651 2049 720">
     <span class='ocr_line' id='line_1_7' title="bbox 534 651 2049 720; baseline -0.004 -9"><span class='ocrx_word' id='word_1_34' title='bbox 534 656 740 713; x_wconf 62' lang='lat' dir='ltr'><strong>Paetina</strong></span> <span class='ocrx_word' id='word_1_35' title='bbox 782 664 902 716; x_wconf 68' lang='lat' dir='ltr'><strong>nos</strong></span> <span class='ocrx_word' id='word_1_36' title='bbox 938 655 1223 712; x_wconf 58' lang='lat' dir='ltr'><strong>Hebreum</strong></span> <span class='ocrx_word' id='word_1_37' title='bbox 1268 671 1464 712; x_wconf 80' lang='lat' dir='ltr'><strong>nomen</strong></span> <span class='ocrx_word' id='word_1_38' title='bbox 1509 664 1612 720; x_wconf 82' lang='lat' dir='ltr'><strong>est,</strong></span> <span class='ocrx_word' id='word_1_39' title='bbox 1640 668 1747 708; x_wconf 90' lang='lat' dir='ltr'><strong>non</strong></span> <span class='ocrx_word' id='word_1_40' title='bbox 1779 651 2049 708; x_wconf 59' lang='lat' dir='ltr'><strong>Graecum.</strong></span> 
     </span>
    </p>
   </div>
   <div class='ocr_carea' id='block_1_8' title="bbox 463 743 2056 817">
    <p class='ocr_par' dir='ltr' id='par_1_8' title="bbox 463 743 2056 817">
     <span class='ocr_line' id='line_1_8' title="bbox 463 743 2056 817; baseline -0.004 -16"><span class='ocrx_word' id='word_1_41' title='bbox 463 745 930 817; x_wconf 83' lang='lat' dir='ltr'><strong>Opportunissime</strong></span> <span class='ocrx_word' id='word_1_42' title='bbox 955 754 1136 800; x_wconf 89' lang='lat' dir='ltr'><strong>tamen</strong></span> <span class='ocrx_word' id='word_1_43' title='bbox 1163 746 1406 800; x_wconf 90' lang='lat' dir='ltr'><strong>occurrit</strong></span> <span class='ocrx_word' id='word_1_44' title='bbox 1436 745 1487 798; x_wconf 92' lang='lat' dir='ltr'><strong>in</strong></span> <span class='ocrx_word' id='word_1_45' title='bbox 1523 745 1626 798; x_wconf 85' lang='lat' dir='ltr'><strong>hoc</strong></span> <span class='ocrx_word' id='word_1_46' title='bbox 1670 743 1888 798; x_wconf 85' lang='lat' dir='ltr'><strong>nomine</strong></span> <span class='ocrx_word' id='word_1_47' title='bbox 1911 756 2056 810; x_wconf 64' lang='lat' dir='ltr'><strong>quae-</strong></span> 
     </span>
    </p>
   </div>
   <div class='ocr_carea' id='block_1_9' title="bbox 465 832 2053 910">
    <p class='ocr_par' dir='ltr' id='par_1_9' title="bbox 465 832 2053 910">
     <span class='ocr_line' id='line_1_9' title="bbox 465 832 2053 910; baseline -0.004 -19"><span class='ocrx_word' id='word_1_48' title='bbox 465 841 586 892; x_wconf 86' lang='lat' dir='ltr'><strong>dam</strong></span> <span class='ocrx_word' id='word_1_49' title='bbox 625 837 974 910; x_wconf 71' lang='lat' dir='ltr'><strong>congruentia</strong></span> <span class='ocrx_word' id='word_1_50' title='bbox 1003 845 1358 907; x_wconf 88' lang='lat' dir='ltr'><strong>utrarumque</strong></span> <span class='ocrx_word' id='word_1_51' title='bbox 1404 834 1730 905; x_wconf 76' lang='lat' dir='ltr'><strong>linguarum.</strong></span> <span class='ocrx_word' id='word_1_52' title='bbox 1783 833 1884 900; x_wconf 90' lang='lat' dir='ltr'><strong>Qui</strong></span> <span class='ocrx_word' id='word_1_53' title='bbox 1908 832 2053 886; x_wconf 84' lang='lat' dir='ltr'><strong>enim</strong></span> 
     </span>
    </p>
   </div>
   <div class='ocr_carea' id='block_1_10' title="bbox 463 925 2054 1003">
    <p class='ocr_par' dir='ltr' id='par_1_10' title="bbox 463 925 2054 1003">
     <span class='ocr_line' id='line_1_10' title="bbox 463 925 2054 1003; baseline -0.004 -17"><span class='ocrx_word' id='word_1_54' title='bbox 463 937 665 1003; x_wconf 72' lang='grc' dir='ltr'><strong>πάσχω</strong></span> <span class='ocrx_word' id='word_1_55' title='bbox 691 927 912 993; x_wconf 60' lang='lat' dir='ltr'><strong>Graec,</strong></span> <span class='ocrx_word' id='word_1_56' title='bbox 958 928 1149 982; x_wconf 88' lang='lat' dir='ltr'><strong>Latine</strong></span> <span class='ocrx_word' id='word_1_57' title='bbox 1200 929 1377 998; x_wconf 87' lang='lat' dir='ltr'><strong>patior</strong></span> <span class='ocrx_word' id='word_1_58' title='bbox 1417 927 1636 982; x_wconf 89' lang='lat' dir='ltr'><strong>dicitur.</strong></span> <span class='ocrx_word' id='word_1_59' title='bbox 1689 925 1813 980; x_wconf 82' lang='lat' dir='ltr'><strong>Ideo</strong></span> <span class='ocrx_word' id='word_1_60' title='bbox 1852 926 2054 996; x_wconf 83' lang='lat' dir='ltr'><strong>pascha</strong></span> 
     </span>
    </p>
   </div>
   <div class='ocr_carea' id='block_1_11' title="bbox 463 1017 2054 1092">
    <p class='ocr_par' dir='ltr' id='par_1_11' title="bbox 463 1017 2054 1092">
     <span class='ocr_line' id='line_1_11' title="bbox 463 1017 2054 1092; baseline -0.004 -15"><span class='ocrx_word' id='word_1_61' title='bbox 463 1023 649 1091; x_wconf 80' lang='lat' dir='ltr'><strong>passio</strong></span> <span class='ocrx_word' id='word_1_62' title='bbox 694 1029 882 1092; x_wconf 87' lang='lat' dir='ltr'><strong>putata</strong></span> <span class='ocrx_word' id='word_1_63' title='bbox 935 1029 1037 1083; x_wconf 87' lang='lat' dir='ltr'><strong>est,</strong></span> <span class='ocrx_word' id='word_1_64' title='bbox 1073 1019 1220 1074; x_wconf 84' lang='lat' dir='ltr'><strong>velut</strong></span> <span class='ocrx_word' id='word_1_65' title='bbox 1262 1019 1366 1074; x_wconf 89' lang='lat' dir='ltr'><strong>hoc</strong></span> <span class='ocrx_word' id='word_1_66' title='bbox 1396 1033 1591 1074; x_wconf 84' lang='lat' dir='ltr'><strong>nomen</strong></span> <span class='ocrx_word' id='word_1_67' title='bbox 1631 1033 1663 1072; x_wconf 86' lang='lat' dir='ltr'><strong>a</strong></span> <span class='ocrx_word' id='word_1_68' title='bbox 1701 1018 1953 1088; x_wconf 77' lang='lat' dir='ltr'><strong>passione</strong></span> <span class='ocrx_word' id='word_1_69' title='bbox 1981 1017 2054 1070; x_wconf 89' lang='lat' dir='ltr'><strong>ita</strong></span> 
     </span>
    </p>
   </div>
   <div class='ocr_carea' id='block_1_12' title="bbox 465 1107 2055 1180">
    <p class='ocr_par' dir='ltr' id='par_1_12' title="bbox 465 1107 2055 1180">
     <span class='ocr_line' id='line_1_12' title="bbox 465 1107 2055 1180; baseline -0.002 -16"><span class='ocrx_word' id='word_1_70' title='bbox 465 1109 793 1180; x_wconf 83' lang='lat' dir='ltr'><strong>appellatum</strong></span> <span class='ocrx_word' id='word_1_71' title='bbox 836 1118 938 1165; x_wconf 86' lang='lat' dir='ltr'><strong>est.</strong></span> <span class='ocrx_word' id='word_1_72' title='bbox 989 1109 1047 1163; x_wconf 91' lang='lat' dir='ltr'><strong>ln</strong></span> <span class='ocrx_word' id='word_1_73' title='bbox 1097 1123 1194 1164; x_wconf 81' lang='lat' dir='ltr'><strong>sua</strong></span> <span class='ocrx_word' id='word_1_74' title='bbox 1216 1124 1348 1164; x_wconf 85' lang='lat' dir='ltr'><strong>vero</strong></span> <span class='ocrx_word' id='word_1_75' title='bbox 1378 1109 1581 1180; x_wconf 79' lang='lat' dir='ltr'><strong>lingua,</strong></span> <span class='ocrx_word' id='word_1_76' title='bbox 1613 1110 1718 1163; x_wconf 92' lang='lat' dir='ltr'><strong>hoc</strong></span> <span class='ocrx_word' id='word_1_77' title='bbox 1745 1116 1846 1173; x_wconf 86' lang='lat' dir='ltr'><strong>est,</strong></span> <span class='ocrx_word' id='word_1_78' title='bbox 1874 1109 1928 1162; x_wconf 92' lang='lat' dir='ltr'><strong>in</strong></span> <span class='ocrx_word' id='word_1_79' title='bbox 1951 1107 2055 1162; x_wconf 85' lang='lat' dir='ltr'><strong>He-</strong></span> 
     </span>
    </p>
   </div>
   <div class='ocr_carea' id='block_1_13' title="bbox 465 1200 2054 1272">
    <p class='ocr_par' dir='ltr' id='par_1_13' title="bbox 465 1200 2054 1272">
     <span class='ocr_line' id='line_1_13' title="bbox 465 1200 2054 1272; baseline -0.001 -16"><span class='ocrx_word' id='word_1_80' title='bbox 465 1202 634 1266; x_wconf 62' lang='lat' dir='ltr'><strong>braea,</strong></span> <span class='ocrx_word' id='word_1_81' title='bbox 661 1200 861 1272; x_wconf 81' lang='lat' dir='ltr'><strong>pascha</strong></span> <span class='ocrx_word' id='word_1_82' title='bbox 903 1201 1176 1255; x_wconf 88' lang='lat' dir='ltr'><strong>transiens</strong></span> <span class='ocrx_word' id='word_1_83' title='bbox 1221 1200 1435 1255; x_wconf 90' lang='lat' dir='ltr'><strong>dicitur.</strong></span> <span class='ocrx_word' id='word_1_84' title='bbox 1482 1200 1595 1256; x_wconf 79' lang='lat' dir='ltr'><strong>Hoc</strong></span> <span class='ocrx_word' id='word_1_85' title='bbox 1639 1202 1821 1270; x_wconf 84' lang='lat' dir='ltr'><strong>itaque</strong></span> <span class='ocrx_word' id='word_1_86' title='bbox 1858 1215 2054 1255; x_wconf 88' lang='lat' dir='ltr'><strong>nomen</strong></span> 
     </span>
    </p>
   </div>
   <div class='ocr_carea' id='block_1_14' title="bbox 467 1287 2054 1364">
    <p class='ocr_par' dir='ltr' id='par_1_14' title="bbox 467 1287 2054 1364">
     <span class='ocr_line' id='line_1_14' title="bbox 467 1287 2054 1364; baseline -0.003 -15"><span class='ocrx_word' id='word_1_87' title='bbox 467 1295 838 1364; x_wconf 81' lang='lat' dir='ltr'><strong>interpretans</strong></span> <span class='ocrx_word' id='word_1_88' title='bbox 888 1293 1045 1348; x_wconf 90' lang='lat' dir='ltr'><strong>nobis</strong></span> <span class='ocrx_word' id='word_1_89' title='bbox 1094 1294 1283 1348; x_wconf 87' lang='lat' dir='ltr'><strong>beatus</strong></span> <span class='ocrx_word' id='word_1_90' title='bbox 1320 1287 1690 1364; x_wconf 85' lang='lat' dir='ltr'><strong>Evangelista,</strong></span> <span class='ocrx_word' id='word_1_91' title='bbox 1744 1303 1866 1346; x_wconf 89' lang='lat' dir='ltr'><strong>ante</strong></span> <span class='ocrx_word' id='word_1_92' title='bbox 1915 1293 2054 1346; x_wconf 84' lang='lat' dir='ltr'><strong>diem</strong></span> 
     </span>
    </p>
   </div>
   <div class='ocr_carea' id='block_1_15' title="bbox 467 1383 2054 1456">
    <p class='ocr_par' dir='ltr' id='par_1_15' title="bbox 467 1383 2054 1456">
     <span class='ocr_line' id='line_1_15' title="bbox 467 1383 2054 1456; baseline -0.002 -18"><span class='ocrx_word' id='word_1_93' title='bbox 467 1383 676 1456; x_wconf 81' lang='lat' dir='ltr'><strong>festum,</strong></span> <span class='ocrx_word' id='word_1_94' title='bbox 700 1385 897 1454; x_wconf 79' lang='lat' dir='ltr'><strong>inquit,</strong></span> <span class='ocrx_word' id='word_1_95' title='bbox 920 1385 1152 1456; x_wconf 78' lang='lat' dir='ltr'><strong>pasclttr,</strong></span> <span class='ocrx_word' id='word_1_96' title='bbox 1181 1385 1348 1438; x_wconf 87' lang='lat' dir='ltr'><strong>sciens</strong></span> <span class='ocrx_word' id='word_1_97' title='bbox 1373 1383 1554 1450; x_wconf 72' lang='lat' dir='ltr'><strong>Iesus,</strong></span> <span class='ocrx_word' id='word_1_98' title='bbox 1589 1385 1713 1456; x_wconf 79' lang='lat' dir='ltr'><strong>quia</strong></span> <span class='ocrx_word' id='word_1_99' title='bbox 1740 1384 1873 1437; x_wconf 73' lang='lat' dir='ltr'><strong>venit</strong></span> <span class='ocrx_word' id='word_1_100' title='bbox 1903 1385 2054 1448; x_wconf 85' lang='lat' dir='ltr'><strong>hora,</strong></span> 
     </span>
    </p>
   </div>
   <div class='ocr_carea' id='block_1_16' title="bbox 465 1473 2052 1545">
    <p class='ocr_par' dir='ltr' id='par_1_16' title="bbox 465 1473 2052 1545">
     <span class='ocr_line' id='line_1_16' title="bbox 465 1473 2052 1545; baseline -0.001 -16"><span class='ocrx_word' id='word_1_101' title='bbox 465 1485 525 1529; x_wconf 83' lang='lat' dir='ltr'><strong>ut</strong></span> <span class='ocrx_word' id='word_1_102' title='bbox 546 1475 792 1530; x_wconf 72' lang='lat' dir='ltr'><strong>transiret</strong></span> <span class='ocrx_word' id='word_1_103' title='bbox 819 1489 883 1530; x_wconf 67' lang='lat' dir='ltr'><strong>ex</strong></span> <span class='ocrx_word' id='word_1_104' title='bbox 906 1475 1003 1529; x_wconf 75' lang='lat' dir='ltr'><strong>hoc</strong></span> <span class='ocrx_word' id='word_1_105' title='bbox 1047 1475 1240 1529; x_wconf 87' lang='lat' dir='ltr'><strong>mundo</strong></span> <span class='ocrx_word' id='word_1_106' title='bbox 1265 1475 1334 1528; x_wconf 90' lang='lat' dir='ltr'><strong>ad</strong></span> <span class='ocrx_word' id='word_1_107' title='bbox 1363 1473 1599 1529; x_wconf 82' lang='lat' dir='ltr'><strong>Patrem.</strong></span> <span class='ocrx_word' id='word_1_108' title='bbox 1650 1476 1789 1529; x_wconf 82' lang='lat' dir='ltr'><strong>Ecce</strong></span> <span class='ocrx_word' id='word_1_109' title='bbox 1834 1476 2052 1545; x_wconf 83' lang='lat' dir='ltr'><strong>pascha,</strong></span> 
     </span>
    </p>
   </div>
   <div class='ocr_carea' id='block_1_17' title="bbox 465 1563 2059 1635">
    <p class='ocr_par' dir='ltr' id='par_1_17' title="bbox 465 1563 2059 1635">
     <span class='ocr_line' id='line_1_17' title="bbox 465 1563 2059 1635; baseline -0.001 -15"><span class='ocrx_word' id='word_1_110' title='bbox 465 1579 594 1620; x_wconf 84' lang='lat' dir='ltr'><strong>ecce</strong></span> <span class='ocrx_word' id='word_1_111' title='bbox 611 1566 891 1622; x_wconf 81' lang='lat' dir='ltr'><strong>transitus.</strong></span> <span class='ocrx_word' id='word_1_112' title='bbox 915 1565 1065 1623; x_wconf 88' lang='lat' dir='ltr'><strong>Unde</strong></span> <span class='ocrx_word' id='word_1_113' title='bbox 1086 1574 1141 1622; x_wconf 91' lang='lat' dir='ltr'><strong>et</strong></span> <span class='ocrx_word' id='word_1_114' title='bbox 1157 1563 1424 1635; x_wconf 72' lang='lat' dir='ltr'><strong>quodibe</strong></span> <span class='ocrx_word' id='word_1_115' title='bbox 1437 1567 1541 1621; x_wconf 89' lang='lat' dir='ltr'><strong>hoc</strong></span> <span class='ocrx_word' id='word_1_116' title='bbox 1554 1567 1764 1621; x_wconf 84' lang='lat' dir='ltr'><strong>scilicet</strong></span> <span class='ocrx_word' id='word_1_117' title='bbox 1778 1567 1978 1621; x_wconf 89' lang='lat' dir='ltr'><strong>mundo</strong></span> <span class='ocrx_word' id='word_1_118' title='bbox 1989 1566 2059 1620; x_wconf 88' lang='lat' dir='ltr'><strong>ad</strong></span> 
     </span>
    </p>
   </div>
   <div class='ocr_carea' id='block_1_18' title="bbox 465 1657 2062 1730">
    <p class='ocr_par' dir='ltr' id='par_1_18' title="bbox 465 1657 2062 1730">
     <span class='ocr_line' id='line_1_18' title="bbox 465 1657 2062 1730; baseline -0.001 -16"><span class='ocrx_word' id='word_1_119' title='bbox 465 1667 699 1730; x_wconf 88' lang='lat' dir='ltr'><strong>patrem,</strong></span> <span class='ocrx_word' id='word_1_120' title='bbox 749 1671 874 1730; x_wconf 85' lang='lat' dir='ltr'><strong>spes</strong></span> <span class='ocrx_word' id='word_1_121' title='bbox 917 1658 1178 1714; x_wconf 83' lang='lat' dir='ltr'><strong>membris</strong></span> <span class='ocrx_word' id='word_1_122' title='bbox 1203 1658 1258 1712; x_wconf 92' lang='lat' dir='ltr'><strong>in</strong></span> <span class='ocrx_word' id='word_1_123' title='bbox 1285 1659 1464 1728; x_wconf 80' lang='lat' dir='ltr'><strong>capite</strong></span> <span class='ocrx_word' id='word_1_124' title='bbox 1510 1667 1595 1712; x_wconf 89' lang='lat' dir='ltr'><strong>est</strong></span> <span class='ocrx_word' id='word_1_125' title='bbox 1623 1658 1769 1724; x_wconf 90' lang='lat' dir='ltr'><strong>data,</strong></span> <span class='ocrx_word' id='word_1_126' title='bbox 1800 1657 1944 1728; x_wconf 91' lang='lat' dir='ltr'><strong>quod</strong></span> <span class='ocrx_word' id='word_1_127' title='bbox 1973 1672 2062 1712; x_wconf 76' lang='lat' dir='ltr'><strong>es-</strong></span> 
     </span>
    </p>
   </div>
   <div class='ocr_carea' id='block_1_19' title="bbox 466 1749 1680 1806">
    <p class='ocr_par' dir='ltr' id='par_1_19' title="bbox 466 1749 1680 1806">
     <span class='ocr_line' id='line_1_19' title="bbox 466 1749 1680 1806; baseline -0.003 0"><span class='ocrx_word' id='word_1_128' title='bbox 466 1761 590 1806; x_wconf 89' lang='lat' dir='ltr'><strong>sent</strong></span> <span class='ocrx_word' id='word_1_129' title='bbox 618 1751 712 1806; x_wconf 89' lang='lat' dir='ltr'><strong>illo</strong></span> <span class='ocrx_word' id='word_1_130' title='bbox 736 1757 1053 1806; x_wconf 84' lang='lat' dir='ltr'><strong>transeunte</strong></span> <span class='ocrx_word' id='word_1_131' title='bbox 1077 1750 1196 1805; x_wconf 82' lang='lat' dir='ltr'><strong>sine</strong></span> <span class='ocrx_word' id='word_1_132' title='bbox 1219 1749 1386 1804; x_wconf 88' lang='lat' dir='ltr'><strong>dubio</strong></span> <span class='ocrx_word' id='word_1_133' title='bbox 1407 1757 1680 1804; x_wconf 87' lang='lat' dir='ltr'><strong>secutura.</strong></span> 
     </span>
    </p>
   </div>
   <div class='ocr_carea' id='block_1_20' title="bbox 537 1837 2059 1912">
    <p class='ocr_par' dir='ltr' id='par_1_20' title="bbox 537 1837 2059 1912">
     <span class='ocr_line' id='line_1_20' title="bbox 537 1837 2059 1912; baseline -0.002 -17"><span class='ocrx_word' id='word_1_134' title='bbox 537 1839 670 1895; x_wconf 85' lang='lat' dir='ltr'><strong>Cum</strong></span> <span class='ocrx_word' id='word_1_135' title='bbox 692 1840 963 1895; x_wconf 73' lang='lat' dir='ltr'><strong>dilexisset</strong></span> <span class='ocrx_word' id='word_1_136' title='bbox 991 1856 1115 1894; x_wconf 85' lang='lat' dir='ltr'><strong>suos</strong></span> <span class='ocrx_word' id='word_1_137' title='bbox 1140 1840 1229 1912; x_wconf 88' lang='lat' dir='ltr'><strong>qui</strong></span> <span class='ocrx_word' id='word_1_138' title='bbox 1268 1848 1416 1893; x_wconf 89' lang='lat' dir='ltr'><strong>erant</strong></span> <span class='ocrx_word' id='word_1_139' title='bbox 1443 1839 1497 1892; x_wconf 90' lang='lat' dir='ltr'><strong>in</strong></span> <span class='ocrx_word' id='word_1_140' title='bbox 1520 1839 1716 1894; x_wconf 84' lang='lat' dir='ltr'><strong>mundo</strong></span> <span class='ocrx_word' id='word_1_141' title='bbox 1734 1879 1749 1904; x_wconf 97' lang='lat'><strong>,</strong></span> <span class='ocrx_word' id='word_1_142' title='bbox 1782 1845 1888 1894; x_wconf 76' lang='lat' dir='ltr'><strong>etc.</strong></span> <span class='ocrx_word' id='word_1_143' title='bbox 1919 1837 2059 1905; x_wconf 83' lang='lat' dir='ltr'><strong>Quid</strong></span> 
     </span>
    </p>
   </div>
   <div class='ocr_carea' id='block_1_21' title="bbox 465 1928 2059 2000">
    <p class='ocr_par' dir='ltr' id='par_1_21' title="bbox 465 1928 2059 2000">
     <span class='ocr_line' id='line_1_21' title="bbox 465 1928 2059 2000; baseline -0.001 -15"><span class='ocrx_word' id='word_1_144' title='bbox 465 1938 552 1986; x_wconf 90' lang='lat' dir='ltr'><strong>est</strong></span> <span class='ocrx_word' id='word_1_145' title='bbox 579 1930 724 1985; x_wconf 91' lang='lat' dir='ltr'><strong>enim</strong></span> <span class='ocrx_word' id='word_1_146' title='bbox 745 1930 800 1984; x_wconf 87' lang='lat' dir='ltr'><strong>in</strong></span> <span class='ocrx_word' id='word_1_147' title='bbox 839 1930 997 2000; x_wconf 71' lang='lat' dir='ltr'><strong>ﬁnem</strong></span> <span class='ocrx_word' id='word_1_148' title='bbox 1019 1929 1205 1985; x_wconf 68' lang='lat' dir='ltr'><strong>dilexit</strong></span> <span class='ocrx_word' id='word_1_149' title='bbox 1239 1945 1350 1995; x_wconf 88' lang='lat' dir='ltr'><strong>eos,</strong></span> <span class='ocrx_word' id='word_1_150' title='bbox 1381 1929 1485 1983; x_wconf 89' lang='lat' dir='ltr'><strong>nisi</strong></span> <span class='ocrx_word' id='word_1_151' title='bbox 1515 1929 1570 1982; x_wconf 89' lang='lat' dir='ltr'><strong>in</strong></span> <span class='ocrx_word' id='word_1_152' title='bbox 1589 1928 1902 1984; x_wconf 78' lang='lat' dir='ltr'><strong>Christum?</strong></span> <span class='ocrx_word' id='word_1_153' title='bbox 1937 1928 2059 1983; x_wconf 86' lang='lat' dir='ltr'><strong>ﬁnis</strong></span> 
     </span>
    </p>
   </div>
   <div class='ocr_carea' id='block_1_22' title="bbox 467 2018 2055 2093">
    <p class='ocr_par' dir='ltr' id='par_1_22' title="bbox 467 2018 2055 2093">
     <span class='ocr_line' id='line_1_22' title="bbox 467 2018 2055 2093; baseline -0.003 -17"><span class='ocrx_word' id='word_1_154' title='bbox 467 2022 612 2076; x_wconf 87' lang='lat' dir='ltr'><strong>enim</strong></span> <span class='ocrx_word' id='word_1_155' title='bbox 665 2020 803 2093; x_wconf 87' lang='lat' dir='ltr'><strong>legis</strong></span> <span class='ocrx_word' id='word_1_156' title='bbox 845 2018 1098 2076; x_wconf 84' lang='lat' dir='ltr'><strong>Christus</strong></span> <span class='ocrx_word' id='word_1_157' title='bbox 1157 2021 1226 2075; x_wconf 86' lang='lat' dir='ltr'><strong>ad</strong></span> <span class='ocrx_word' id='word_1_158' title='bbox 1261 2019 1533 2089; x_wconf 84' lang='lat' dir='ltr'><strong>justitiam</strong></span> <span class='ocrx_word' id='word_1_159' title='bbox 1599 2021 1747 2075; x_wconf 90' lang='lat' dir='ltr'><strong>omni</strong></span> <span class='ocrx_word' id='word_1_160' title='bbox 1792 2019 2055 2074; x_wconf 88' lang='lat' dir='ltr'><strong>credenti.</strong></span> 
     </span>
    </p>
   </div>
   <div class='ocr_carea' id='block_1_23' title="bbox 464 2109 2059 2182">
    <p class='ocr_par' dir='ltr' id='par_1_23' title="bbox 464 2109 2059 2182">
     <span class='ocr_line' id='line_1_23' title="bbox 464 2109 2059 2182; baseline -0.001 -15"><span class='ocrx_word' id='word_1_161' title='bbox 464 2111 664 2176; x_wconf 72' lang='lat' dir='ltr'><strong>Aliter,</strong></span> <span class='ocrx_word' id='word_1_162' title='bbox 682 2112 738 2167; x_wconf 86' lang='lat' dir='ltr'><strong>in</strong></span> <span class='ocrx_word' id='word_1_163' title='bbox 765 2111 923 2181; x_wconf 71' lang='lat' dir='ltr'><strong>linem</strong></span> <span class='ocrx_word' id='word_1_164' title='bbox 957 2109 1167 2176; x_wconf 78' lang='lat' dir='ltr'><strong>dilexit,</strong></span> <span class='ocrx_word' id='word_1_165' title='bbox 1196 2125 1370 2182; x_wconf 88' lang='lat' dir='ltr'><strong>usque</strong></span> <span class='ocrx_word' id='word_1_166' title='bbox 1395 2111 1463 2166; x_wconf 86' lang='lat' dir='ltr'><strong>ad</strong></span> <span class='ocrx_word' id='word_1_167' title='bbox 1486 2120 1718 2167; x_wconf 88' lang='lat' dir='ltr'><strong>mortem</strong></span> <span class='ocrx_word' id='word_1_168' title='bbox 1745 2111 1959 2176; x_wconf 80' lang='lat' dir='ltr'><strong>dilexit,</strong></span> <span class='ocrx_word' id='word_1_169' title='bbox 2005 2111 2059 2165; x_wconf 90' lang='lat' dir='ltr'><strong>id</strong></span> 
     </span>
    </p>
   </div>
   <div class='ocr_carea' id='block_1_24' title="bbox 467 2199 2055 2271">
    <p class='ocr_par' dir='ltr' id='par_1_24' title="bbox 467 2199 2055 2271">
     <span class='ocr_line' id='line_1_24' title="bbox 467 2199 2055 2271; baseline -0.002 -15"><span class='ocrx_word' id='word_1_170' title='bbox 467 2210 574 2267; x_wconf 88' lang='lat' dir='ltr'><strong>est,</strong></span> <span class='ocrx_word' id='word_1_171' title='bbox 604 2214 776 2271; x_wconf 84' lang='lat' dir='ltr'><strong>usque</strong></span> <span class='ocrx_word' id='word_1_172' title='bbox 817 2201 884 2255; x_wconf 86' lang='lat' dir='ltr'><strong>ad</strong></span> <span class='ocrx_word' id='word_1_173' title='bbox 933 2209 1167 2256; x_wconf 90' lang='lat' dir='ltr'><strong>mortem</strong></span> <span class='ocrx_word' id='word_1_174' title='bbox 1208 2200 1357 2255; x_wconf 90' lang='lat' dir='ltr'><strong>illum</strong></span> <span class='ocrx_word' id='word_1_175' title='bbox 1383 2200 1608 2256; x_wconf 86' lang='lat' dir='ltr'><strong>dilectio</strong></span> <span class='ocrx_word' id='word_1_176' title='bbox 1657 2199 1746 2255; x_wconf 86' lang='lat' dir='ltr'><strong>illa</strong></span> <span class='ocrx_word' id='word_1_177' title='bbox 1781 2199 2055 2270; x_wconf 76' lang='lat' dir='ltr'><strong>perduxit,</strong></span> 
     </span>
    </p>
   </div>
   <div class='ocr_carea' id='block_1_25' title="bbox 468 2291 2055 2364">
    <p class='ocr_par' dir='ltr' id='par_1_25' title="bbox 468 2291 2055 2364">
     <span class='ocr_line' id='line_1_25' title="bbox 468 2291 2055 2364; baseline -0.003 -17"><span class='ocrx_word' id='word_1_178' title='bbox 468 2293 596 2364; x_wconf 85' lang='lat' dir='ltr'><strong>quia</strong></span> <span class='ocrx_word' id='word_1_179' title='bbox 634 2301 844 2348; x_wconf 74' lang='lat' dir='ltr'><strong>tantum</strong></span> <span class='ocrx_word' id='word_1_180' title='bbox 863 2291 1055 2347; x_wconf 76' lang='lat' dir='ltr'><strong>dilexit</strong></span> <span class='ocrx_word' id='word_1_181' title='bbox 1074 2307 1222 2358; x_wconf 86' lang='lat' dir='ltr'><strong>suos,</strong></span> <span class='ocrx_word' id='word_1_182' title='bbox 1254 2301 1316 2346; x_wconf 89' lang='lat' dir='ltr'><strong>ut</strong></span> <span class='ocrx_word' id='word_1_183' title='bbox 1342 2303 1646 2346; x_wconf 85' lang='lat' dir='ltr'><strong>moreretur</strong></span> <span class='ocrx_word' id='word_1_184' title='bbox 1673 2298 1897 2360; x_wconf 89' lang='lat' dir='ltr'><strong>propter</strong></span> <span class='ocrx_word' id='word_1_185' title='bbox 1939 2304 2055 2344; x_wconf 90' lang='lat' dir='ltr'><strong>eos.</strong></span> 
     </span>
    </p>
   </div>
   <div class='ocr_carea' id='block_1_26' title="bbox 540 2379 2060 2453">
    <p class='ocr_par' dir='ltr' id='par_1_26' title="bbox 540 2379 2060 2453">
     <span class='ocr_line' id='line_1_26' title="bbox 540 2379 2060 2453; baseline -0.002 -17"><span class='ocrx_word' id='word_1_186' title='bbox 540 2382 612 2437; x_wconf 84' lang='lat' dir='ltr'><strong>Et</strong></span> <span class='ocrx_word' id='word_1_187' title='bbox 641 2397 788 2438; x_wconf 73' lang='lat' dir='ltr'><strong>caua</strong></span> <span class='ocrx_word' id='word_1_188' title='bbox 816 2382 982 2453; x_wconf 80' lang='lat' dir='ltr'><strong>facta,</strong></span> <span class='ocrx_word' id='word_1_189' title='bbox 1032 2399 1152 2437; x_wconf 86' lang='lat' dir='ltr'><strong>cum</strong></span> <span class='ocrx_word' id='word_1_190' title='bbox 1180 2380 1429 2437; x_wconf 75' lang='lat' dir='ltr'><strong>diabolus</strong></span> <span class='ocrx_word' id='word_1_191' title='bbox 1456 2382 1703 2435; x_wconf 66' lang='lat' dir='ltr'><strong>misisset.</strong></span> <span class='ocrx_word' id='word_1_192' title='bbox 1735 2379 1903 2436; x_wconf 71' lang='lat' dir='ltr'><strong>Catus</strong></span> <span class='ocrx_word' id='word_1_193' title='bbox 1931 2393 2060 2450; x_wconf 85' lang='lat' dir='ltr'><strong>ergo</strong></span> 
     </span>
    </p>
   </div>
   <div class='ocr_carea' id='block_1_27' title="bbox 470 2471 2060 2545">
    <p class='ocr_par' dir='ltr' id='par_1_27' title="bbox 470 2471 2060 2545">
     <span class='ocr_line' id='line_1_27' title="bbox 470 2471 2060 2545; baseline -0.004 -15"><span class='ocrx_word' id='word_1_194' title='bbox 470 2476 635 2541; x_wconf 83' lang='lat' dir='ltr'><strong>facta,</strong></span> <span class='ocrx_word' id='word_1_195' title='bbox 681 2474 886 2531; x_wconf 91' lang='lat' dir='ltr'><strong>dictum</strong></span> <span class='ocrx_word' id='word_1_196' title='bbox 930 2483 1034 2539; x_wconf 89' lang='lat' dir='ltr'><strong>est,</strong></span> <span class='ocrx_word' id='word_1_197' title='bbox 1057 2473 1172 2544; x_wconf 83' lang='lat' dir='ltr'><strong>jam</strong></span> <span class='ocrx_word' id='word_1_198' title='bbox 1222 2482 1435 2545; x_wconf 87' lang='lat' dir='ltr'><strong>parata,</strong></span> <span class='ocrx_word' id='word_1_199' title='bbox 1479 2480 1534 2528; x_wconf 92' lang='lat' dir='ltr'><strong>et</strong></span> <span class='ocrx_word' id='word_1_200' title='bbox 1559 2473 1627 2526; x_wconf 87' lang='lat' dir='ltr'><strong>ad</strong></span> <span class='ocrx_word' id='word_1_201' title='bbox 1657 2471 2060 2527; x_wconf 87' lang='lat' dir='ltr'><strong>convivantium</strong></span> 
     </span>
    </p>
   </div>
   <div class='ocr_carea' id='block_1_28' title="bbox 470 2564 2061 2636">
    <p class='ocr_par' dir='ltr' id='par_1_28' title="bbox 470 2564 2061 2636">
     <span class='ocr_line' id='line_1_28' title="bbox 470 2564 2061 2636; baseline -0.004 -16"><span class='ocrx_word' id='word_1_202' title='bbox 470 2579 714 2622; x_wconf 80' lang='lat' dir='ltr'><strong>mensam</strong></span> <span class='ocrx_word' id='word_1_203' title='bbox 760 2579 1028 2635; x_wconf 80' lang='lat' dir='ltr'><strong>usumque</strong></span> <span class='ocrx_word' id='word_1_204' title='bbox 1075 2564 1362 2636; x_wconf 88' lang='lat' dir='ltr'><strong>perducta,</strong></span> <span class='ocrx_word' id='word_1_205' title='bbox 1417 2578 1524 2618; x_wconf 92' lang='lat' dir='ltr'><strong>non</strong></span> <span class='ocrx_word' id='word_1_206' title='bbox 1569 2568 1844 2617; x_wconf 87' lang='lat' dir='ltr'><strong>transacta</strong></span> <span class='ocrx_word' id='word_1_207' title='bbox 1886 2575 2061 2630; x_wconf 85' lang='lat' dir='ltr'><strong>neque</strong></span> 
     </span>
    </p>
   </div>
   <div class='ocr_carea' id='block_1_29' title="bbox 469 2651 2059 2726">
    <p class='ocr_par' dir='ltr' id='par_1_29' title="bbox 469 2651 2059 2726">
     <span class='ocr_line' id='line_1_29' title="bbox 469 2651 2059 2726; baseline -0.001 -17"><span class='ocrx_word' id='word_1_208' title='bbox 469 2655 646 2709; x_wconf 83' lang='lat' dir='ltr'><strong>ﬁnita.</strong></span> <span class='ocrx_word' id='word_1_209' title='bbox 704 2653 764 2710; x_wconf 97' lang='lat' dir='ltr'><strong>Si</strong></span> <span class='ocrx_word' id='word_1_210' title='bbox 804 2655 1026 2726; x_wconf 70' lang='lat' dir='ltr'><strong>quaeris,</strong></span> <span class='ocrx_word' id='word_1_211' title='bbox 1056 2655 1188 2726; x_wconf 88' lang='lat' dir='ltr'><strong>quid</strong></span> <span class='ocrx_word' id='word_1_212' title='bbox 1227 2655 1437 2709; x_wconf 81' lang='lat' dir='ltr'><strong>miserit</strong></span> <span class='ocrx_word' id='word_1_213' title='bbox 1475 2654 1719 2710; x_wconf 83' lang='lat' dir='ltr'><strong>diabolus</strong></span> <span class='ocrx_word' id='word_1_214' title='bbox 1745 2654 1941 2722; x_wconf 39' lang='lat' dir='ltr'><strong>in,cor</strong></span> <span class='ocrx_word' id='word_1_215' title='bbox 1963 2651 2059 2708; x_wconf 80' lang='lat' dir='ltr'><strong>Ju-</strong></span> 
     </span>
    </p>
   </div>
   <div class='ocr_carea' id='block_1_30' title="bbox 469 2744 2064 2816">
    <p class='ocr_par' dir='ltr' id='par_1_30' title="bbox 469 2744 2064 2816">
     <span class='ocr_line' id='line_1_30' title="bbox 469 2744 2064 2816; baseline -0.001 -16"><span class='ocrx_word' id='word_1_216' title='bbox 469 2747 571 2810; x_wconf 66' lang='grc' dir='ltr'>(ιω,</span> <span class='ocrx_word' id='word_1_217' title='bbox 600 2747 704 2800; x_wconf 91' lang='lat' dir='ltr'><strong>hoc</strong></span> <span class='ocrx_word' id='word_1_218' title='bbox 728 2747 937 2816; x_wconf 88' lang='lat' dir='ltr'><strong>utique,</strong></span> <span class='ocrx_word' id='word_1_219' title='bbox 969 2755 1031 2801; x_wconf 91' lang='lat' dir='ltr'><strong>ut</strong></span> <span class='ocrx_word' id='word_1_220' title='bbox 1061 2747 1304 2802; x_wconf 88' lang='lat' dir='ltr'><strong>traderet</strong></span> <span class='ocrx_word' id='word_1_221' title='bbox 1337 2759 1482 2800; x_wconf 89' lang='lat' dir='ltr'><strong>eum.</strong></span> <span class='ocrx_word' id='word_1_222' title='bbox 1511 2745 1694 2800; x_wconf 86' lang='lat' dir='ltr'><strong>Missio</strong></span> <span class='ocrx_word' id='word_1_223' title='bbox 1717 2745 1819 2800; x_wconf 82' lang='lat' dir='ltr'><strong>ista</strong></span> <span class='ocrx_word' id='word_1_224' title='bbox 1860 2760 1968 2799; x_wconf 91' lang='lat' dir='ltr'><strong>non</strong></span> <span class='ocrx_word' id='word_1_225' title='bbox 2000 2744 2064 2798; x_wconf 78' lang='lat' dir='ltr'><strong>ﬁt</strong></span> 
     </span>
    </p>
   </div>
   <div class='ocr_carea' id='block_1_31' title="bbox 468 2833 2063 2908">
    <p class='ocr_par' dir='ltr' id='par_1_31' title="bbox 468 2833 2063 2908">
     <span class='ocr_line' id='line_1_31' title="bbox 468 2833 2063 2908; baseline -0.001 -18"><span class='ocrx_word' id='word_1_226' title='bbox 468 2851 569 2908; x_wconf 89' lang='lat' dir='ltr'><strong>per</strong></span> <span class='ocrx_word' id='word_1_227' title='bbox 593 2851 804 2903; x_wconf 90' lang='lat' dir='ltr'><strong>aurem,</strong></span> <span class='ocrx_word' id='word_1_228' title='bbox 840 2837 936 2892; x_wconf 88' lang='lat' dir='ltr'><strong>sed</strong></span> <span class='ocrx_word' id='word_1_229' title='bbox 979 2851 1078 2907; x_wconf 88' lang='lat' dir='ltr'><strong>per</strong></span> <span class='ocrx_word' id='word_1_230' title='bbox 1105 2837 1510 2908; x_wconf 89' lang='lat' dir='ltr'><strong>cogitationem.</strong></span> <span class='ocrx_word' id='word_1_231' title='bbox 1542 2833 1663 2890; x_wconf 72' lang='lat' dir='ltr'><strong>iam</strong></span> <span class='ocrx_word' id='word_1_232' title='bbox 1693 2835 1816 2890; x_wconf 90' lang='lat' dir='ltr'><strong>talis</strong></span> <span class='ocrx_word' id='word_1_233' title='bbox 1841 2843 2063 2889; x_wconf 84' lang='lat' dir='ltr'><strong>venerat</strong></span> 
     </span>
    </p>
   </div>
   <div class='ocr_carea' id='block_1_32' title="bbox 470 2927 2062 2999">
    <p class='ocr_par' dir='ltr' id='par_1_32' title="bbox 470 2927 2062 2999">
     <span class='ocr_line' id='line_1_32' title="bbox 470 2927 2062 2999; baseline 0 -17"><span class='ocrx_word' id='word_1_234' title='bbox 470 2929 539 2982; x_wconf 90' lang='lat' dir='ltr'><strong>ad</strong></span> <span class='ocrx_word' id='word_1_235' title='bbox 561 2927 867 2983; x_wconf 81' lang='lat' dir='ltr'><strong>convivium</strong></span> <span class='ocrx_word' id='word_1_236' title='bbox 891 2928 1202 2999; x_wconf 78' lang='lat' dir='ltr'><strong>explorator</strong></span> <span class='ocrx_word' id='word_1_237' title='bbox 1223 2928 1482 2998; x_wconf 84' lang='lat' dir='ltr'><strong>pastoris,</strong></span> <span class='ocrx_word' id='word_1_238' title='bbox 1505 2928 1791 2983; x_wconf 86' lang='lat' dir='ltr'><strong>insidiator</strong></span> <span class='ocrx_word' id='word_1_239' title='bbox 1818 2927 2062 2982; x_wconf 88' lang='lat' dir='ltr'><strong>Salvato-</strong></span> 
     </span>
    </p>
   </div>
   <div class='ocr_carea' id='block_1_33' title="bbox 471 3018 1260 3090">
    <p class='ocr_par' dir='ltr' id='par_1_33' title="bbox 471 3018 1260 3090">
     <span class='ocr_line' id='line_1_33' title="bbox 471 3018 1260 3090; baseline -0.001 -15"><span class='ocrx_word' id='word_1_240' title='bbox 471 3021 572 3086; x_wconf 87' lang='lat' dir='ltr'><strong>ris,</strong></span> <span class='ocrx_word' id='word_1_241' title='bbox 593 3019 842 3075; x_wconf 89' lang='lat' dir='ltr'><strong>venditor</strong></span> <span class='ocrx_word' id='word_1_242' title='bbox 862 3018 1260 3090; x_wconf 86' lang='lat' dir='ltr'><strong>Redemptoris.</strong></span> 
     </span>
    </p>
   </div>
   <div class='ocr_carea' id='block_1_34' title="bbox 539 3107 2060 3183">
    <p class='ocr_par' dir='ltr' id='par_1_34' title="bbox 539 3107 2060 3183">
     <span class='ocr_line' id='line_1_34' title="bbox 539 3107 2060 3183; baseline -0.001 -18"><span class='ocrx_word' id='word_1_243' title='bbox 539 3107 741 3174; x_wconf 81' lang='lat' dir='ltr'><strong>Sciens,</strong></span> <span class='ocrx_word' id='word_1_244' title='bbox 761 3111 886 3182; x_wconf 81' lang='lat' dir='ltr'><strong>quia</strong></span> <span class='ocrx_word' id='word_1_245' title='bbox 908 3111 1084 3165; x_wconf 82' lang='lat' dir='ltr'><strong>omnia</strong></span> <span class='ocrx_word' id='word_1_246' title='bbox 1106 3111 1248 3166; x_wconf 80' lang='lat' dir='ltr'><strong>dedit</strong></span> <span class='ocrx_word' id='word_1_247' title='bbox 1275 3113 1322 3166; x_wconf 89' lang='lat' dir='ltr'><strong>ei</strong></span> <span class='ocrx_word' id='word_1_248' title='bbox 1350 3108 1516 3166; x_wconf 90' lang='lat' dir='ltr'><strong>Pater</strong></span> <span class='ocrx_word' id='word_1_249' title='bbox 1540 3111 1596 3165; x_wconf 89' lang='lat' dir='ltr'><strong>in</strong></span> <span class='ocrx_word' id='word_1_250' title='bbox 1621 3127 1833 3176; x_wconf 86' lang='lat' dir='ltr'><strong>manus,</strong></span> <span class='ocrx_word' id='word_1_251' title='bbox 1858 3119 1908 3164; x_wconf 88' lang='lat' dir='ltr'><strong>et</strong></span> <span class='ocrx_word' id='word_1_252' title='bbox 1933 3111 2060 3183; x_wconf 82' lang='lat' dir='ltr'><strong>quia</strong></span> 
     </span>
    </p>
   </div>
   <div class='ocr_carea' id='block_1_35' title="bbox 472 3198 2060 3267">
    <p class='ocr_par' dir='ltr' id='par_1_35' title="bbox 472 3198 2060 3267">
     <span class='ocr_line' id='line_1_35' title="bbox 472 3198 2060 3267; baseline 0.001 -14"><span class='ocrx_word' id='word_1_253' title='bbox 472 3215 505 3252; x_wconf 89' lang='lat' dir='ltr'><strong>a</strong></span> <span class='ocrx_word' id='word_1_254' title='bbox 530 3198 636 3254; x_wconf 85' lang='lat' dir='ltr'><strong>Deo</strong></span> <span class='ocrx_word' id='word_1_255' title='bbox 655 3199 832 3266; x_wconf 70' lang='lat' dir='ltr'><strong>exivit,</strong></span> <span class='ocrx_word' id='word_1_256' title='bbox 869 3209 919 3254; x_wconf 84' lang='lat' dir='ltr'><strong>et</strong></span> <span class='ocrx_word' id='word_1_257' title='bbox 948 3199 1017 3254; x_wconf 87' lang='lat' dir='ltr'><strong>ad</strong></span> <span class='ocrx_word' id='word_1_258' title='bbox 1050 3199 1220 3254; x_wconf 81' lang='lat' dir='ltr'><strong>Deum</strong></span> <span class='ocrx_word' id='word_1_259' title='bbox 1249 3200 1412 3267; x_wconf 81' lang='lat' dir='ltr'><strong>vadit,</strong></span> <span class='ocrx_word' id='word_1_260' title='bbox 1443 3208 1551 3258; x_wconf 79' lang='lat' dir='ltr'><strong>etc.</strong></span> <span class='ocrx_word' id='word_1_261' title='bbox 1583 3199 1641 3258; x_wconf 87' lang='lat' dir='ltr'><strong>Si</strong></span> <span class='ocrx_word' id='word_1_262' title='bbox 1679 3202 1861 3257; x_wconf 86' lang='lat' dir='ltr'><strong>omnia</strong></span> <span class='ocrx_word' id='word_1_263' title='bbox 1912 3200 2060 3256; x_wconf 86' lang='lat' dir='ltr'><strong>dedit</strong></span> 
     </span>
    </p>
   </div>
   <div class='ocr_carea' id='block_1_36' title="bbox 467 3289 2062 3363">
    <p class='ocr_par' dir='ltr' id='par_1_36' title="bbox 467 3289 2062 3363">
     <span class='ocr_line' id='line_1_36' title="bbox 467 3289 2062 3363; baseline 0.001 -18"><span class='ocrx_word' id='word_1_264' title='bbox 467 3290 519 3346; x_wconf 87' lang='lat' dir='ltr'><strong>ei</strong></span> <span class='ocrx_word' id='word_1_265' title='bbox 559 3289 718 3344; x_wconf 78' lang='lat' dir='ltr'><strong>Pater</strong></span> <span class='ocrx_word' id='word_1_266' title='bbox 751 3290 807 3344; x_wconf 89' lang='lat' dir='ltr'><strong>in</strong></span> <span class='ocrx_word' id='word_1_267' title='bbox 832 3303 1048 3355; x_wconf 86' lang='lat' dir='ltr'><strong>manus,</strong></span> <span class='ocrx_word' id='word_1_268' title='bbox 1083 3307 1215 3362; x_wconf 87' lang='lat' dir='ltr'><strong>ergo</strong></span> <span class='ocrx_word' id='word_1_269' title='bbox 1239 3299 1296 3346; x_wconf 89' lang='lat' dir='ltr'><strong>et</strong></span> <span class='ocrx_word' id='word_1_270' title='bbox 1335 3293 1512 3363; x_wconf 87' lang='lat' dir='ltr'><strong>ipsum</strong></span> <span class='ocrx_word' id='word_1_271' title='bbox 1550 3292 1892 3347; x_wconf 89' lang='lat' dir='ltr'><strong>traditorem.</strong></span> <span class='ocrx_word' id='word_1_272' title='bbox 1922 3289 2062 3346; x_wconf 83' lang='lat' dir='ltr'><strong>Nam</strong></span> 
     </span>
    </p>
   </div>
   <div class='ocr_carea' id='block_1_37' title="bbox 471 3382 2058 3454">
    <p class='ocr_par' dir='ltr' id='par_1_37' title="bbox 471 3382 2058 3454">
     <span class='ocr_line' id='line_1_37' title="bbox 471 3382 2058 3454; baseline 0 -16"><span class='ocrx_word' id='word_1_273' title='bbox 471 3385 518 3439; x_wconf 87' lang='lat' dir='ltr'><strong>si</strong></span> <span class='ocrx_word' id='word_1_274' title='bbox 541 3384 716 3454; x_wconf 88' lang='lat' dir='ltr'><strong>ipsum</strong></span> <span class='ocrx_word' id='word_1_275' title='bbox 763 3385 818 3438; x_wconf 89' lang='lat' dir='ltr'><strong>in</strong></span> <span class='ocrx_word' id='word_1_276' title='bbox 853 3383 1103 3440; x_wconf 88' lang='lat' dir='ltr'><strong>manibus</strong></span> <span class='ocrx_word' id='word_1_277' title='bbox 1131 3400 1237 3438; x_wconf 92' lang='lat' dir='ltr'><strong>non</strong></span> <span class='ocrx_word' id='word_1_278' title='bbox 1275 3385 1535 3450; x_wconf 84' lang='lat' dir='ltr'><strong>haberet,</strong></span> <span class='ocrx_word' id='word_1_279' title='bbox 1584 3400 1691 3439; x_wconf 90' lang='lat' dir='ltr'><strong>non</strong></span> <span class='ocrx_word' id='word_1_280' title='bbox 1742 3385 1932 3454; x_wconf 87' lang='lat' dir='ltr'><strong>utique</strong></span> <span class='ocrx_word' id='word_1_281' title='bbox 1963 3382 2058 3438; x_wconf 90' lang='lat' dir='ltr'><strong>illo</strong></span> 
     </span>
    </p>
   </div>
   <div class='ocr_carea' id='block_1_38' title="bbox 470 3474 2063 3531">
    <p class='ocr_par' dir='ltr' id='par_1_38' title="bbox 470 3474 2063 3531">
     <span class='ocr_line' id='line_1_38' title="bbox 470 3474 2063 3531; baseline 0 -1"><span class='ocrx_word' id='word_1_282' title='bbox 470 3483 719 3530; x_wconf 82' lang='lat' dir='ltr'><strong>uteretur</strong></span> <span class='ocrx_word' id='word_1_283' title='bbox 763 3483 822 3529; x_wconf 88' lang='lat' dir='ltr'><strong>ut</strong></span> <span class='ocrx_word' id='word_1_284' title='bbox 846 3475 1027 3531; x_wconf 90' lang='lat' dir='ltr'><strong>vellet.</strong></span> <span class='ocrx_word' id='word_1_285' title='bbox 1071 3474 1307 3530; x_wconf 87' lang='lat' dir='ltr'><strong>Proinde</strong></span> <span class='ocrx_word' id='word_1_286' title='bbox 1336 3476 1566 3530; x_wconf 91' lang='lat' dir='ltr'><strong>traditor</strong></span> <span class='ocrx_word' id='word_1_287' title='bbox 1591 3476 1824 3531; x_wconf 82' lang='lat' dir='ltr'><strong>traditus</strong></span> <span class='ocrx_word' id='word_1_288' title='bbox 1864 3483 1984 3530; x_wconf 86' lang='lat' dir='ltr'><strong>erat</strong></span> <span class='ocrx_word' id='word_1_289' title='bbox 2013 3475 2063 3530; x_wconf 86' lang='lat' dir='ltr'><strong>ei</strong></span> 
     </span>
    </p>
   </div>
   <div class='ocr_carea' id='block_1_39' title="bbox 473 3565 2064 3638">
    <p class='ocr_par' dir='ltr' id='par_1_39' title="bbox 473 3565 2064 3638">
     <span class='ocr_line' id='line_1_39' title="bbox 473 3565 2064 3638; baseline 0.001 -18"><span class='ocrx_word' id='word_1_290' title='bbox 473 3580 636 3635; x_wconf 85' lang='lat' dir='ltr'><strong>quem</strong></span> <span class='ocrx_word' id='word_1_291' title='bbox 674 3565 891 3622; x_wconf 84' lang='lat' dir='ltr'><strong>tradere</strong></span> <span class='ocrx_word' id='word_1_292' title='bbox 919 3566 1194 3638; x_wconf 85' lang='lat' dir='ltr'><strong>cupiebat.</strong></span> <span class='ocrx_word' id='word_1_293' title='bbox 1227 3566 1404 3638; x_wconf 84' lang='lat' dir='ltr'><strong>Atque</strong></span> <span class='ocrx_word' id='word_1_294' title='bbox 1435 3569 1509 3622; x_wconf 89' lang='lat' dir='ltr'><strong>ita</strong></span> <span class='ocrx_word' id='word_1_295' title='bbox 1553 3569 1755 3623; x_wconf 89' lang='lat' dir='ltr'><strong>malum</strong></span> <span class='ocrx_word' id='word_1_296' title='bbox 1801 3569 2064 3624; x_wconf 88' lang='lat' dir='ltr'><strong>tradendo</strong></span> 
     </span>
    </p>
   </div>
   <div class='ocr_carea' id='block_1_40' title="bbox 471 3658 2058 3730">
    <p class='ocr_par' dir='ltr' id='par_1_40' title="bbox 471 3658 2058 3730">
     <span class='ocr_line' id='line_1_40' title="bbox 471 3658 2058 3730; baseline 0 -18"><span class='ocrx_word' id='word_1_297' title='bbox 471 3658 732 3722; x_wconf 80' lang='lat' dir='ltr'><strong>faciebat,</strong></span> <span class='ocrx_word' id='word_1_298' title='bbox 755 3665 814 3712; x_wconf 88' lang='lat' dir='ltr'><strong>ut</strong></span> <span class='ocrx_word' id='word_1_299' title='bbox 837 3658 903 3712; x_wconf 89' lang='lat' dir='ltr'><strong>de</strong></span> <span class='ocrx_word' id='word_1_300' title='bbox 931 3659 1128 3713; x_wconf 89' lang='lat' dir='ltr'><strong>tradito</strong></span> <span class='ocrx_word' id='word_1_301' title='bbox 1158 3660 1358 3714; x_wconf 90' lang='lat' dir='ltr'><strong>bonum</strong></span> <span class='ocrx_word' id='word_1_302' title='bbox 1389 3658 1726 3730; x_wconf 82' lang='lat' dir='ltr'><strong>ﬂeret,quod</strong></span> <span class='ocrx_word' id='word_1_303' title='bbox 1756 3659 2058 3714; x_wconf 87' lang='lat' dir='ltr'><strong>nesciebat.</strong></span> 
     </span>
    </p>
   </div>
   <div class='ocr_carea' id='block_1_41' title="bbox 474 3750 2065 3822">
    <p class='ocr_par' dir='ltr' id='par_1_41' title="bbox 474 3750 2065 3822">
     <span class='ocr_line' id='line_1_41' title="bbox 474 3750 2065 3822; baseline 0.002 -19"><span class='ocrx_word' id='word_1_304' title='bbox 474 3750 696 3805; x_wconf 81' lang='lat' dir='ltr'><strong>Sciebat</strong></span> <span class='ocrx_word' id='word_1_305' title='bbox 722 3750 867 3805; x_wconf 87' lang='lat' dir='ltr'><strong>enim</strong></span> <span class='ocrx_word' id='word_1_306' title='bbox 909 3750 1170 3806; x_wconf 84' lang='lat' dir='ltr'><strong>Dominus</strong></span> <span class='ocrx_word' id='word_1_307' title='bbox 1221 3752 1352 3821; x_wconf 90' lang='lat' dir='ltr'><strong>quid</strong></span> <span class='ocrx_word' id='word_1_308' title='bbox 1398 3751 1604 3806; x_wconf 82' lang='lat' dir='ltr'><strong>faceret</strong></span> <span class='ocrx_word' id='word_1_309' title='bbox 1629 3767 1730 3822; x_wconf 85' lang='lat' dir='ltr'><strong>pro</strong></span> <span class='ocrx_word' id='word_1_310' title='bbox 1759 3751 1969 3815; x_wconf 89' lang='lat' dir='ltr'><strong>amicis,</strong></span> <span class='ocrx_word' id='word_1_311' title='bbox 2001 3766 2065 3806; x_wconf 92' lang='lat' dir='ltr'><strong>ac</strong></span> 
     </span>
    </p>
   </div>
   <div class='ocr_carea' id='block_1_42' title="bbox 474 3843 2064 3915">
    <p class='ocr_par' dir='ltr' id='par_1_42' title="bbox 474 3843 2064 3915">
     <span class='ocr_line' id='line_1_42' title="bbox 474 3843 2064 3915; baseline 0 -19"><span class='ocrx_word' id='word_1_312' title='bbox 474 3845 555 3897; x_wconf 88' lang='lat' dir='ltr'><strong>sic</strong></span> <span class='ocrx_word' id='word_1_313' title='bbox 576 3844 757 3897; x_wconf 85' lang='lat' dir='ltr'><strong>omnia</strong></span> <span class='ocrx_word' id='word_1_314' title='bbox 787 3843 1010 3898; x_wconf 88' lang='lat' dir='ltr'><strong>dederat</strong></span> <span class='ocrx_word' id='word_1_315' title='bbox 1054 3843 1215 3899; x_wconf 89' lang='lat' dir='ltr'><strong>Pater</strong></span> <span class='ocrx_word' id='word_1_316' title='bbox 1253 3846 1308 3900; x_wconf 94' lang='lat' dir='ltr'><strong>in</strong></span> <span class='ocrx_word' id='word_1_317' title='bbox 1359 3859 1555 3899; x_wconf 89' lang='lat' dir='ltr'><strong>manus</strong></span> <span class='ocrx_word' id='word_1_318' title='bbox 1583 3844 1721 3915; x_wconf 83' lang='lat' dir='ltr'><strong>ejus,</strong></span> <span class='ocrx_word' id='word_1_319' title='bbox 1773 3852 1830 3896; x_wconf 94' lang='lat' dir='ltr'><strong>et</strong></span> <span class='ocrx_word' id='word_1_320' title='bbox 1863 3843 1919 3896; x_wconf 90' lang='lat' dir='ltr'><strong>in</strong></span> <span class='ocrx_word' id='word_1_321' title='bbox 1962 3857 2064 3897; x_wconf 89' lang='lat' dir='ltr'><strong>usu</strong></span> 
     </span>
    </p>
   </div>
   <div class='ocr_carea' id='block_1_43' title="bbox 474 3934 1229 4000">
    <p class='ocr_par' dir='ltr' id='par_1_43' title="bbox 474 3934 1229 4000">
     <span class='ocr_line' id='line_1_43' title="bbox 474 3934 1229 4000; baseline 0.004 -13"><span class='ocrx_word' id='word_1_322' title='bbox 474 3934 636 4000; x_wconf 86' lang='lat' dir='ltr'><strong>mala,</strong></span> <span class='ocrx_word' id='word_1_323' title='bbox 661 3942 714 3988; x_wconf 91' lang='lat' dir='ltr'><strong>et</strong></span> <span class='ocrx_word' id='word_1_324' title='bbox 749 3936 802 3989; x_wconf 92' lang='lat' dir='ltr'><strong>in</strong></span> <span class='ocrx_word' id='word_1_325' title='bbox 833 3934 1026 3991; x_wconf 85' lang='lat' dir='ltr'><strong>eil&#39;ectu</strong></span> <span class='ocrx_word' id='word_1_326' title='bbox 1065 3935 1229 3992; x_wconf 88' lang='lat' dir='ltr'><strong>bona.</strong></span> 
     </span>
    </p>
   </div>
   <div class='ocr_carea' id='block_1_44' title="bbox 547 4025 2065 4100">
    <p class='ocr_par' dir='ltr' id='par_1_44' title="bbox 547 4025 2065 4100">
     <span class='ocr_line' id='line_1_44' title="bbox 547 4025 2065 4100; baseline 0.001 -19"><span class='ocrx_word' id='word_1_327' title='bbox 547 4025 727 4097; x_wconf 83' lang='lat' dir='ltr'><strong>Surgit</strong></span> <span class='ocrx_word' id='word_1_328' title='bbox 750 4044 781 4080; x_wconf 90' lang='lat' dir='ltr'><strong>a</strong></span> <span class='ocrx_word' id='word_1_329' title='bbox 804 4044 947 4081; x_wconf 75' lang='lat' dir='ltr'><strong>emno</strong></span> <span class='ocrx_word' id='word_1_330' title='bbox 973 4039 1019 4082; x_wconf 86' lang='lat' dir='ltr'><strong>et</strong></span> <span class='ocrx_word' id='word_1_331' title='bbox 1040 4030 1184 4100; x_wconf 82' lang='lat' dir='ltr'><strong>ponit</strong></span> <span class='ocrx_word' id='word_1_332' title='bbox 1201 4030 1501 4084; x_wconf 84' lang='lat' dir='ltr'><strong>vestimenta</strong></span> <span class='ocrx_word' id='word_1_333' title='bbox 1525 4045 1645 4094; x_wconf 89' lang='lat' dir='ltr'><strong>sua,</strong></span> <span class='ocrx_word' id='word_1_334' title='bbox 1663 4037 1770 4083; x_wconf 90' lang='lat' dir='ltr'><strong>etc.</strong></span> <span class='ocrx_word' id='word_1_335' title='bbox 1786 4027 1918 4084; x_wconf 89' lang='lat' dir='ltr'><strong>Cum</strong></span> <span class='ocrx_word' id='word_1_336' title='bbox 1936 4041 2065 4096; x_wconf 87' lang='lat' dir='ltr'><strong>ergo</strong></span> 
     </span>
    </p>
   </div>
   <div class='ocr_carea' id='block_1_45' title="bbox 471 4118 2062 4186">
    <p class='ocr_par' dir='ltr' id='par_1_45' title="bbox 471 4118 2062 4186">
     <span class='ocr_line' id='line_1_45' title="bbox 471 4118 2062 4186; baseline -0.001 -12"><span class='ocrx_word' id='word_1_337' title='bbox 471 4118 550 4174; x_wconf 82' lang='lat' dir='ltr'><strong>illi</strong></span> <span class='ocrx_word' id='word_1_338' title='bbox 580 4120 718 4174; x_wconf 85' lang='lat' dir='ltr'><strong>Deus</strong></span> <span class='ocrx_word' id='word_1_339' title='bbox 743 4118 906 4175; x_wconf 78' lang='lat' dir='ltr'><strong>Pater</strong></span> <span class='ocrx_word' id='word_1_340' title='bbox 934 4123 1118 4176; x_wconf 89' lang='lat' dir='ltr'><strong>omnia</strong></span> <span class='ocrx_word' id='word_1_341' title='bbox 1165 4121 1406 4177; x_wconf 87' lang='lat' dir='ltr'><strong>dedisset</strong></span> <span class='ocrx_word' id='word_1_342' title='bbox 1439 4122 1491 4175; x_wconf 92' lang='lat' dir='ltr'><strong>in</strong></span> <span class='ocrx_word' id='word_1_343' title='bbox 1526 4136 1741 4186; x_wconf 88' lang='lat' dir='ltr'><strong>manus,</strong></span> <span class='ocrx_word' id='word_1_344' title='bbox 1773 4120 1864 4174; x_wconf 91' lang='lat' dir='ltr'><strong>ille</strong></span> <span class='ocrx_word' id='word_1_345' title='bbox 1897 4120 2062 4174; x_wconf 92' lang='lat' dir='ltr'><strong>disci—</strong></span> 
     </span>
    </p>
   </div>
   <div class='ocr_carea' id='block_1_46' title="bbox 467 4211 2067 4284">
    <p class='ocr_par' dir='ltr' id='par_1_46' title="bbox 467 4211 2067 4284">
     <span class='ocr_line' id='line_1_46' title="bbox 467 4211 2067 4284; baseline 0 -19"><span class='ocrx_word' id='word_1_346' title='bbox 467 4211 723 4281; x_wconf 87' lang='lat' dir='ltr'><strong>pulorum</strong></span> <span class='ocrx_word' id='word_1_347' title='bbox 756 4227 862 4266; x_wconf 90' lang='lat' dir='ltr'><strong>non</strong></span> <span class='ocrx_word' id='word_1_348' title='bbox 889 4229 1104 4280; x_wconf 85' lang='lat' dir='ltr'><strong>manus,</strong></span> <span class='ocrx_word' id='word_1_349' title='bbox 1133 4215 1227 4269; x_wconf 90' lang='lat' dir='ltr'><strong>sed</strong></span> <span class='ocrx_word' id='word_1_350' title='bbox 1253 4215 1418 4284; x_wconf 87' lang='lat' dir='ltr'><strong>pedes</strong></span> <span class='ocrx_word' id='word_1_351' title='bbox 1450 4213 1600 4268; x_wconf 84' lang='lat' dir='ltr'><strong>lavit.</strong></span> <span class='ocrx_word' id='word_1_352' title='bbox 1629 4213 1695 4267; x_wconf 86' lang='lat' dir='ltr'><strong>Et</strong></span> <span class='ocrx_word' id='word_1_353' title='bbox 1724 4228 1846 4267; x_wconf 91' lang='lat' dir='ltr'><strong>cum</strong></span> <span class='ocrx_word' id='word_1_354' title='bbox 1877 4225 1934 4266; x_wconf 88' lang='lat' dir='ltr'><strong>se</strong></span> <span class='ocrx_word' id='word_1_355' title='bbox 1962 4212 2067 4266; x_wconf 88' lang='lat' dir='ltr'><strong>sci-</strong></span> 
     </span>
    </p>
   </div>
   <div class='ocr_carea' id='block_1_47' title="bbox 474 4302 2065 4375">
    <p class='ocr_par' dir='ltr' id='par_1_47' title="bbox 474 4302 2065 4375">
     <span class='ocr_line' id='line_1_47' title="bbox 474 4302 2065 4375; baseline -0.001 -18"><span class='ocrx_word' id='word_1_356' title='bbox 474 4311 604 4358; x_wconf 88' lang='lat' dir='ltr'><strong>reta</strong></span> <span class='ocrx_word' id='word_1_357' title='bbox 621 4302 730 4358; x_wconf 91' lang='lat' dir='ltr'><strong>Deo</strong></span> <span class='ocrx_word' id='word_1_358' title='bbox 742 4305 922 4359; x_wconf 74' lang='lat' dir='ltr'><strong>exisse</strong></span> <span class='ocrx_word' id='word_1_359' title='bbox 946 4313 1001 4358; x_wconf 86' lang='lat' dir='ltr'><strong>et</strong></span> <span class='ocrx_word' id='word_1_360' title='bbox 1025 4319 1252 4375; x_wconf 85' lang='lat' dir='ltr'><strong>pergere</strong></span> <span class='ocrx_word' id='word_1_361' title='bbox 1269 4304 1335 4359; x_wconf 86' lang='lat' dir='ltr'><strong>ad</strong></span> <span class='ocrx_word' id='word_1_362' title='bbox 1355 4305 1543 4370; x_wconf 88' lang='lat' dir='ltr'><strong>Deum,</strong></span> <span class='ocrx_word' id='word_1_363' title='bbox 1567 4321 1673 4359; x_wconf 95' lang='lat' dir='ltr'><strong>non</strong></span> <span class='ocrx_word' id='word_1_364' title='bbox 1701 4303 1796 4357; x_wconf 86' lang='lat' dir='ltr'><strong>Dei</strong></span> <span class='ocrx_word' id='word_1_365' title='bbox 1828 4303 2065 4367; x_wconf 86' lang='lat' dir='ltr'><strong>Domini,</strong></span> 
     </span>
    </p>
   </div>
   <div class='ocr_carea' id='block_1_48' title="bbox 475 4392 2066 4462">
    <p class='ocr_par' dir='ltr' id='par_1_48' title="bbox 475 4392 2066 4462">
     <span class='ocr_line' id='line_1_48' title="bbox 475 4392 2066 4462; baseline 0 -16"><span class='ocrx_word' id='word_1_366' title='bbox 475 4394 570 4447; x_wconf 86' lang='lat' dir='ltr'><strong>sed</strong></span> <span class='ocrx_word' id='word_1_367' title='bbox 599 4393 836 4448; x_wconf 87' lang='lat' dir='ltr'><strong>hominis</strong></span> <span class='ocrx_word' id='word_1_368' title='bbox 866 4395 1007 4448; x_wconf 79' lang='lat' dir='ltr'><strong>servi</strong></span> <span class='ocrx_word' id='word_1_369' title='bbox 1041 4393 1280 4462; x_wconf 86' lang='lat' dir='ltr'><strong>implevit</strong></span> <span class='ocrx_word' id='word_1_370' title='bbox 1316 4392 1574 4458; x_wconf 83' lang='lat' dir='ltr'><strong>cilicium,</strong></span> <span class='ocrx_word' id='word_1_371' title='bbox 1613 4409 1712 4447; x_wconf 88' lang='lat' dir='ltr'><strong>nec</strong></span> <span class='ocrx_word' id='word_1_372' title='bbox 1735 4392 1882 4447; x_wconf 85' lang='lat' dir='ltr'><strong>illius</strong></span> <span class='ocrx_word' id='word_1_373' title='bbox 1917 4392 2066 4446; x_wconf 87' lang='lat' dir='ltr'><strong>dedi-</strong></span> 
     </span>
    </p>
   </div>
   <div class='ocr_carea' id='block_1_49' title="bbox 474 4482 2067 4558">
    <p class='ocr_par' dir='ltr' id='par_1_49' title="bbox 474 4482 2067 4558">
     <span class='ocr_line' id='line_1_49' title="bbox 474 4482 2067 4558; baseline -0.001 -19"><span class='ocrx_word' id='word_1_374' title='bbox 474 4494 671 4558; x_wconf 85' lang='lat' dir='ltr'><strong>gnatus</strong></span> <span class='ocrx_word' id='word_1_375' title='bbox 700 4495 785 4542; x_wconf 86' lang='lat' dir='ltr'><strong>est</strong></span> <span class='ocrx_word' id='word_1_376' title='bbox 808 4486 973 4556; x_wconf 87' lang='lat' dir='ltr'><strong>pedes</strong></span> <span class='ocrx_word' id='word_1_377' title='bbox 1010 4485 1214 4549; x_wconf 84' lang='lat' dir='ltr'><strong>lavare,</strong></span> <span class='ocrx_word' id='word_1_378' title='bbox 1245 4482 1401 4550; x_wconf 82' lang='lat' dir='ltr'><strong>cujus</strong></span> <span class='ocrx_word' id='word_1_379' title='bbox 1427 4500 1619 4538; x_wconf 90' lang='lat' dir='ltr'><strong>manus</strong></span> <span class='ocrx_word' id='word_1_380' title='bbox 1643 4483 1756 4552; x_wconf 85' lang='lat' dir='ltr'><strong>jam</strong></span> <span class='ocrx_word' id='word_1_381' title='bbox 1805 4483 2067 4554; x_wconf 61' lang='lat' dir='ltr'><strong>praevide-</strong></span> 
     </span>
    </p>
   </div>
   <div class='ocr_carea' id='block_1_50' title="bbox 472 4571 2068 4648">
    <p class='ocr_par' dir='ltr' id='par_1_50' title="bbox 472 4571 2068 4648">
     <span class='ocr_line' id='line_1_50' title="bbox 472 4571 2068 4648; baseline -0.001 -19"><span class='ocrx_word' id='word_1_382' title='bbox 472 4576 570 4630; x_wconf 87' lang='lat' dir='ltr'><strong>bat</strong></span> <span class='ocrx_word' id='word_1_383' title='bbox 609 4576 664 4630; x_wconf 90' lang='lat' dir='ltr'><strong>in</strong></span> <span class='ocrx_word' id='word_1_384' title='bbox 721 4575 928 4630; x_wconf 87' lang='lat' dir='ltr'><strong>scelere</strong></span> <span class='ocrx_word' id='word_1_385' title='bbox 978 4574 1126 4628; x_wconf 88' lang='lat' dir='ltr'><strong>cruci</strong></span> <span class='ocrx_word' id='word_1_386' title='bbox 1154 4573 1398 4644; x_wconf 87' lang='lat' dir='ltr'><strong>&#39;gendus.</strong></span> <span class='ocrx_word' id='word_1_387' title='bbox 1429 4571 1554 4626; x_wconf 86' lang='lat' dir='ltr'><strong>Suis</strong></span> <span class='ocrx_word' id='word_1_388' title='bbox 1600 4572 1932 4648; x_wconf 82' lang='lat' dir='ltr'><strong>exspoliatus</strong></span> <span class='ocrx_word' id='word_1_389' title='bbox 1981 4582 2068 4628; x_wconf 82' lang='lat' dir='ltr'><strong>est</strong></span> 
     </span>
    </p>
   </div>
   <div class='ocr_carea' id='block_1_51' title="bbox 468 4665 2068 4734">
    <p class='ocr_par' dir='ltr' id='par_1_51' title="bbox 468 4665 2068 4734">
     <span class='ocr_line' id='line_1_51' title="bbox 468 4665 2068 4734; baseline 0 -12"><span class='ocrx_word' id='word_1_390' title='bbox 468 4669 831 4730; x_wconf 62' lang='lat' dir='ltr'><strong>vestimentis,</strong></span> <span class='ocrx_word' id='word_1_391' title='bbox 876 4676 930 4720; x_wconf 86' lang='lat' dir='ltr'><strong>et</strong></span> <span class='ocrx_word' id='word_1_392' title='bbox 979 4676 1246 4730; x_wconf 85' lang='lat' dir='ltr'><strong>mortuus,</strong></span> <span class='ocrx_word' id='word_1_393' title='bbox 1277 4665 1548 4721; x_wconf 89' lang='lat' dir='ltr'><strong>involutus</strong></span> <span class='ocrx_word' id='word_1_394' title='bbox 1591 4675 1676 4721; x_wconf 87' lang='lat' dir='ltr'><strong>est</strong></span> <span class='ocrx_word' id='word_1_395' title='bbox 1725 4667 1930 4734; x_wconf 85' lang='lat' dir='ltr'><strong>linteis,</strong></span> <span class='ocrx_word' id='word_1_396' title='bbox 1973 4683 2068 4722; x_wconf 84' lang='lat' dir='ltr'><strong>ex—</strong></span> 
     </span>
    </p>
   </div>
   <div class='ocr_carea' id='block_1_52' title="bbox 474 4749 2066 4826">
    <p class='ocr_par' dir='ltr' id='par_1_52' title="bbox 474 4749 2066 4826">
     <span class='ocr_line' id='line_1_52' title="bbox 474 4749 2066 4826; baseline -0.002 -13"><span class='ocrx_word' id='word_1_397' title='bbox 474 4756 740 4826; x_wconf 83' lang='lat' dir='ltr'><strong>spoliatus</strong></span> <span class='ocrx_word' id='word_1_398' title='bbox 765 4762 870 4820; x_wconf 88' lang='lat' dir='ltr'><strong>est,</strong></span> <span class='ocrx_word' id='word_1_399' title='bbox 902 4763 956 4808; x_wconf 87' lang='lat' dir='ltr'><strong>et</strong></span> <span class='ocrx_word' id='word_1_400' title='bbox 981 4762 1092 4808; x_wconf 90' lang='lat' dir='ltr'><strong>tota</strong></span> <span class='ocrx_word' id='word_1_401' title='bbox 1123 4753 1210 4806; x_wconf 87' lang='lat' dir='ltr'><strong>illa</strong></span> <span class='ocrx_word' id='word_1_402' title='bbox 1236 4752 1354 4821; x_wconf 76' lang='lat' dir='ltr'><strong>ejus</strong></span> <span class='ocrx_word' id='word_1_403' title='bbox 1394 4755 1576 4823; x_wconf 83' lang='lat' dir='ltr'><strong>passio</strong></span> <span class='ocrx_word' id='word_1_404' title='bbox 1605 4763 1787 4809; x_wconf 88' lang='lat' dir='ltr'><strong>nostra</strong></span> <span class='ocrx_word' id='word_1_405' title='bbox 1811 4749 2066 4826; x_wconf 74' lang='lat' dir='ltr'><strong>purgatio</strong></span> 
     </span>
    </p>
   </div>
   <div class='ocr_carea' id='block_1_53' title="bbox 460 4845 2067 4914">
    <p class='ocr_par' dir='ltr' id='par_1_53' title="bbox 460 4845 2067 4914">
     <span class='ocr_line' id='line_1_53' title="bbox 460 4845 2067 4914; baseline 0 -13"><span class='ocrx_word' id='word_1_406' title='bbox 460 4855 579 4901; x_wconf 79' lang='lat' dir='ltr'><strong>est.</strong></span> <span class='ocrx_word' id='word_1_407' title='bbox 605 4847 778 4900; x_wconf 86' lang='lat' dir='ltr'><strong>Tanta</strong></span> <span class='ocrx_word' id='word_1_408' title='bbox 808 4853 890 4900; x_wconf 85' lang='lat' dir='ltr'><strong>est</strong></span> <span class='ocrx_word' id='word_1_409' title='bbox 915 4845 1116 4914; x_wconf 86' lang='lat' dir='ltr'><strong>quippe</strong></span> <span class='ocrx_word' id='word_1_410' title='bbox 1155 4845 1404 4898; x_wconf 72' lang='lat' dir='ltr'><strong>humana:</strong></span> <span class='ocrx_word' id='word_1_411' title='bbox 1433 4845 1650 4900; x_wconf 86' lang='lat' dir='ltr'><strong>utilitati</strong></span> <span class='ocrx_word' id='word_1_412' title='bbox 1685 4845 1978 4910; x_wconf 88' lang='lat' dir='ltr'><strong>humilitas,</strong></span> <span class='ocrx_word' id='word_1_413' title='bbox 2007 4859 2067 4901; x_wconf 84' lang='lat' dir='ltr'><strong>ut</strong></span> 
     </span>
    </p>
   </div>
   <div class='ocr_carea' id='block_1_54' title="bbox 477 4936 2070 5007">
    <p class='ocr_par' dir='ltr' id='par_1_54' title="bbox 477 4936 2070 5007">
     <span class='ocr_line' id='line_1_54' title="bbox 477 4936 2070 5007; baseline 0.002 -16"><span class='ocrx_word' id='word_1_414' title='bbox 477 4952 599 4991; x_wconf 86' lang='lat' dir='ltr'><strong>eam</strong></span> <span class='ocrx_word' id='word_1_415' title='bbox 629 4936 1034 4991; x_wconf 86' lang='lat' dir='ltr'><strong>commendaret</strong></span> <span class='ocrx_word' id='word_1_416' title='bbox 1055 4949 1152 4990; x_wconf 89' lang='lat' dir='ltr'><strong>suo</strong></span> <span class='ocrx_word' id='word_1_417' title='bbox 1174 4936 1440 5007; x_wconf 80' lang='lat' dir='ltr'><strong>exemplo,</strong></span> <span class='ocrx_word' id='word_1_418' title='bbox 1465 4937 1628 4992; x_wconf 87' lang='lat' dir='ltr'><strong>etiam</strong></span> <span class='ocrx_word' id='word_1_419' title='bbox 1654 4937 1952 4994; x_wconf 82' lang='lat' dir='ltr'><strong>divinitatis</strong></span> <span class='ocrx_word' id='word_1_420' title='bbox 1980 4955 2070 4994; x_wconf 83' lang='lat' dir='ltr'><strong>su-</strong></span> 
     </span>
    </p>
   </div>
   <div class='ocr_carea' id='block_1_55' title="bbox 478 5023 2070 5097">
    <p class='ocr_par' dir='ltr' id='par_1_55' title="bbox 478 5023 2070 5097">
     <span class='ocr_line' id='line_1_55' title="bbox 478 5023 2070 5097; baseline 0.003 -18"><span class='ocrx_word' id='word_1_421' title='bbox 478 5025 739 5079; x_wconf 82' lang='lat' dir='ltr'><strong>hlimitas.</strong></span> <span class='ocrx_word' id='word_1_422' title='bbox 766 5023 907 5090; x_wconf 82' lang='lat' dir='ltr'><strong>Quid</strong></span> <span class='ocrx_word' id='word_1_423' title='bbox 935 5033 1018 5078; x_wconf 82' lang='lat' dir='ltr'><strong>est</strong></span> <span class='ocrx_word' id='word_1_424' title='bbox 1047 5043 1059 5078; x_wconf 92' lang='lat'>:</span> <span class='ocrx_word' id='word_1_425' title='bbox 1092 5026 1240 5080; x_wconf 86' lang='lat' dir='ltr'><strong>venit</strong></span> <span class='ocrx_word' id='word_1_426' title='bbox 1261 5039 1393 5097; x_wconf 89' lang='lat' dir='ltr'><strong>ergo</strong></span> <span class='ocrx_word' id='word_1_427' title='bbox 1421 5027 1490 5082; x_wconf 90' lang='lat' dir='ltr'><strong>ad</strong></span> <span class='ocrx_word' id='word_1_428' title='bbox 1513 5025 1789 5083; x_wconf 88' lang='lat' dir='ltr'><strong>Simonem</strong></span> <span class='ocrx_word' id='word_1_429' title='bbox 1814 5027 2070 5085; x_wconf 82' lang='lat' dir='ltr'><strong>Petrum?</strong></span> 
     </span>
    </p>
   </div>
   <div class='ocr_carea' id='block_1_56' title="bbox 480 5114 2070 5193">
    <p class='ocr_par' dir='ltr' id='par_1_56' title="bbox 480 5114 2070 5193">
     <span class='ocr_line' id='line_1_56' title="bbox 480 5114 2070 5193; baseline 0.006 -25"><span class='ocrx_word' id='word_1_430' title='bbox 480 5114 636 5184; x_wconf 79' lang='lat' dir='ltr'><strong>quasi</strong></span> <span class='ocrx_word' id='word_1_431' title='bbox 667 5115 937 5185; x_wconf 87' lang='lat' dir='ltr'><strong>aliquibus</strong></span> <span class='ocrx_word' id='word_1_432' title='bbox 966 5115 1078 5184; x_wconf 78' lang='lat' dir='ltr'><strong>jam</strong></span> <span class='ocrx_word' id='word_1_433' title='bbox 1105 5115 1364 5183; x_wconf 88' lang='lat' dir='ltr'><strong>lavasset,</strong></span> <span class='ocrx_word' id='word_1_434' title='bbox 1395 5133 1500 5173; x_wconf 92' lang='lat' dir='ltr'><strong>non</strong></span> <span class='ocrx_word' id='word_1_435' title='bbox 1553 5119 1629 5173; x_wconf 87' lang='lat' dir='ltr'><strong>ita</strong></span> <span class='ocrx_word' id='word_1_436' title='bbox 1661 5120 2070 5193; x_wconf 88' lang='lat' dir='ltr'><strong>intelligendum</strong></span> 
     </span>
    </p>
   </div>
   <div class='ocr_carea' id='block_1_57' title="bbox 475 5205 2070 5283">
    <p class='ocr_par' dir='ltr' id='par_1_57' title="bbox 475 5205 2070 5283">
     <span class='ocr_line' id='line_1_57' title="bbox 475 5205 2070 5283; baseline 0.005 -23"><span class='ocrx_word' id='word_1_437' title='bbox 475 5213 587 5271; x_wconf 86' lang='lat' dir='ltr'><strong>est,</strong></span> <span class='ocrx_word' id='word_1_438' title='bbox 612 5205 755 5276; x_wconf 90' lang='lat' dir='ltr'><strong>quod</strong></span> <span class='ocrx_word' id='word_1_439' title='bbox 782 5213 905 5275; x_wconf 88' lang='lat' dir='ltr'><strong>post</strong></span> <span class='ocrx_word' id='word_1_440' title='bbox 925 5206 1136 5276; x_wconf 83' lang='lat' dir='ltr'><strong>aliquos</strong></span> <span class='ocrx_word' id='word_1_441' title='bbox 1154 5207 1223 5262; x_wconf 88' lang='lat' dir='ltr'><strong>ad</strong></span> <span class='ocrx_word' id='word_1_442' title='bbox 1251 5206 1403 5261; x_wconf 83' lang='lat' dir='ltr'><strong>illum</strong></span> <span class='ocrx_word' id='word_1_443' title='bbox 1432 5210 1675 5276; x_wconf 89' lang='lat' dir='ltr'><strong>venerit,</strong></span> <span class='ocrx_word' id='word_1_444' title='bbox 1711 5212 1804 5267; x_wconf 90' lang='lat' dir='ltr'><strong>sed</strong></span> <span class='ocrx_word' id='word_1_445' title='bbox 1837 5214 1982 5283; x_wconf 90' lang='lat' dir='ltr'><strong>quod</strong></span> <span class='ocrx_word' id='word_1_446' title='bbox 2001 5215 2070 5269; x_wconf 90' lang='lat' dir='ltr'><strong>ab</strong></span> 
     </span>
    </p>
   </div>
   <div class='ocr_carea' id='block_1_58' title="bbox 473 5295 854 5367">
    <p class='ocr_par' dir='ltr' id='par_1_58' title="bbox 473 5295 854 5367">
     <span class='ocr_line' id='line_1_58' title="bbox 473 5295 854 5367; baseline 0.003 -17"><span class='ocrx_word' id='word_1_447' title='bbox 473 5295 578 5350; x_wconf 72' lang='lat' dir='ltr'><strong>illo</strong></span> <span class='ocrx_word' id='word_1_448' title='bbox 605 5296 854 5367; x_wconf 66' lang='lat' dir='ltr'><strong>coeperit.</strong></span> 
     </span>
    </p>
   </div>
   <div class='ocr_carea' id='block_1_59' title="bbox 557 5386 2067 5468">
    <p class='ocr_par' dir='ltr' id='par_1_59' title="bbox 557 5386 2067 5468">
     <span class='ocr_line' id='line_1_59' title="bbox 557 5386 2067 5468; baseline 0.007 -28"><span class='ocrx_word' id='word_1_449' title='bbox 557 5386 662 5454; x_wconf 85' lang='lat' dir='ltr'><strong>Qui</strong></span> <span class='ocrx_word' id='word_1_450' title='bbox 692 5388 832 5442; x_wconf 85' lang='lat' dir='ltr'><strong>lotus</strong></span> <span class='ocrx_word' id='word_1_451' title='bbox 857 5398 963 5456; x_wconf 85' lang='lat' dir='ltr'><strong>est,</strong></span> <span class='ocrx_word' id='word_1_452' title='bbox 993 5405 1096 5446; x_wconf 87' lang='lat' dir='ltr'><strong>non</strong></span> <span class='ocrx_word' id='word_1_453' title='bbox 1137 5392 1291 5447; x_wconf 74' lang='lat' dir='ltr'><strong>habet</strong></span> <span class='ocrx_word' id='word_1_454' title='bbox 1341 5411 1492 5466; x_wconf 86' lang='lat' dir='ltr'><strong>opus,</strong></span> <span class='ocrx_word' id='word_1_455' title='bbox 1539 5396 1642 5450; x_wconf 86' lang='lat' dir='ltr'><strong>nisi</strong></span> <span class='ocrx_word' id='word_1_456' title='bbox 1687 5396 1842 5468; x_wconf 80' lang='lat' dir='ltr'><strong>pedes</strong></span> <span class='ocrx_word' id='word_1_457' title='bbox 1871 5396 2067 5463; x_wconf 74' lang='lat' dir='ltr'><strong>lavare,</strong></span> 
     </span>
    </p>
   </div>
   <div class='ocr_carea' id='block_1_60' title="bbox 477 5481 2074 5558">
    <p class='ocr_par' dir='ltr' id='par_1_60' title="bbox 477 5481 2074 5558">
     <span class='ocr_line' id='line_1_60' title="bbox 477 5481 2074 5558; baseline 0.005 -22"><span class='ocrx_word' id='word_1_458' title='bbox 477 5482 574 5536; x_wconf 75' lang='lat' dir='ltr'><strong>sed</strong></span> <span class='ocrx_word' id='word_1_459' title='bbox 600 5490 674 5535; x_wconf 89' lang='lat' dir='ltr'><strong>est</strong></span> <span class='ocrx_word' id='word_1_460' title='bbox 698 5481 923 5536; x_wconf 85' lang='lat' dir='ltr'><strong>mundus</strong></span> <span class='ocrx_word' id='word_1_461' title='bbox 948 5491 1225 5548; x_wconf 83' lang='lat' dir='ltr'><strong>totus,etc.</strong></span> <span class='ocrx_word' id='word_1_462' title='bbox 1241 5483 1442 5556; x_wconf 81' lang='lat' dir='ltr'><strong>Utique</strong></span> <span class='ocrx_word' id='word_1_463' title='bbox 1459 5488 1856 5543; x_wconf 84' lang='lat' dir='ltr'><strong>mundus-totus</strong></span> <span class='ocrx_word' id='word_1_464' title='bbox 1874 5496 2074 5558; x_wconf 69' lang='lat' dir='ltr'><strong>praeter</strong></span> 
     </span>
    </p>
   </div>
   <div class='ocr_carea' id='block_1_61' title="bbox 480 5569 2077 5653">
    <p class='ocr_par' dir='ltr' id='par_1_61' title="bbox 480 5569 2077 5653">
     <span class='ocr_line' id='line_1_61' title="bbox 480 5569 2077 5653; baseline 0.003 -20"><span class='ocrx_word' id='word_1_465' title='bbox 480 5577 668 5647; x_wconf 80' lang='lat' dir='ltr'><strong>pedes.</strong></span> <span class='ocrx_word' id='word_1_466' title='bbox 698 5574 870 5634; x_wconf 76' lang='lat' dir='ltr'><strong>Homo</strong></span> <span class='ocrx_word' id='word_1_467' title='bbox 890 5578 1112 5648; x_wconf 78' lang='lat' dir='ltr'><strong>quidem</strong></span> <span class='ocrx_word' id='word_1_468' title='bbox 1134 5579 1189 5634; x_wconf 88' lang='lat' dir='ltr'><strong>in</strong></span> <span class='ocrx_word' id='word_1_469' title='bbox 1221 5569 1410 5636; x_wconf 81' lang='lat' dir='ltr'><strong>sancto</strong></span> <span class='ocrx_word' id='word_1_470' title='bbox 1426 5581 1697 5653; x_wconf 84' lang='lat' dir='ltr'><strong>baptismo</strong></span> <span class='ocrx_word' id='word_1_471' title='bbox 1727 5589 1874 5638; x_wconf 76' lang='lat' dir='ltr'><strong>totus</strong></span> <span class='ocrx_word' id='word_1_472' title='bbox 1901 5582 2077 5637; x_wconf 78' lang='lat' dir='ltr'><strong>ablui-</strong></span> 
     </span>
    </p>
   </div>
   <div class='ocr_carea' id='block_1_62' title="bbox 483 5671 2074 5738">
    <p class='ocr_par' dir='ltr' id='par_1_62' title="bbox 483 5671 2074 5738">
     <span class='ocr_line' id='line_1_62' title="bbox 483 5671 2074 5738; baseline 0.004 -16"><span class='ocrx_word' id='word_1_473' title='bbox 483 5673 598 5736; x_wconf 80' lang='lat' dir='ltr'><strong>tur,</strong></span> <span class='ocrx_word' id='word_1_474' title='bbox 610 5681 720 5724; x_wconf 80' lang='lat' dir='ltr'><strong>non</strong></span> <span class='ocrx_word' id='word_1_475' title='bbox 739 5679 938 5727; x_wconf 63' lang='lat' dir='ltr'><strong>crater</strong></span> <span class='ocrx_word' id='word_1_476' title='bbox 956 5671 1142 5738; x_wconf 82' lang='lat' dir='ltr'><strong>pedes,</strong></span> <span class='ocrx_word' id='word_1_477' title='bbox 1155 5673 1255 5730; x_wconf 66' lang='lat' dir='ltr'><strong>Sed</strong></span> <span class='ocrx_word' id='word_1_478' title='bbox 1270 5682 1416 5735; x_wconf 80' lang='lat' dir='ltr'><strong>totus</strong></span> <span class='ocrx_word' id='word_1_479' title='bbox 1430 5675 1673 5730; x_wconf 83' lang='lat' dir='ltr'><strong>omnino.</strong></span> <span class='ocrx_word' id='word_1_480' title='bbox 1688 5671 2074 5730; x_wconf 77' lang='lat' dir='ltr'><strong>Verumtamen</strong></span> 
     </span>
    </p>
   </div>
   <div class='ocr_carea' id='block_1_63' title="bbox 2155 462 3746 534">
    <p class='ocr_par' dir='ltr' id='par_1_63' title="bbox 2155 462 3746 534">
     <span class='ocr_line' id='line_1_63' title="bbox 2155 462 3746 534; baseline 0.002 -16"><span class='ocrx_word' id='word_1_481' title='bbox 2155 465 2416 519; x_wconf 87' lang='lat' dir='ltr'><strong>calcatur.</strong></span> <span class='ocrx_word' id='word_1_482' title='bbox 2441 463 2546 534; x_wconf 84' lang='lat' dir='ltr'><strong>ipsi</strong></span> <span class='ocrx_word' id='word_1_483' title='bbox 2589 463 2754 534; x_wconf 83' lang='lat' dir='ltr'><strong>igitur</strong></span> <span class='ocrx_word' id='word_1_484' title='bbox 2780 462 2998 517; x_wconf 85' lang='lat' dir='ltr'><strong>humani</strong></span> <span class='ocrx_word' id='word_1_485' title='bbox 3025 462 3276 530; x_wconf 74' lang='lat' dir='ltr'><strong>aﬁ‘ectus,</strong></span> <span class='ocrx_word' id='word_1_486' title='bbox 3305 463 3424 519; x_wconf 82' lang='lat' dir='ltr'><strong>sine</strong></span> <span class='ocrx_word' id='word_1_487' title='bbox 3462 465 3664 534; x_wconf 79' lang='lat' dir='ltr'><strong>quibus</strong></span> <span class='ocrx_word' id='word_1_488' title='bbox 3688 466 3746 521; x_wconf 89' lang='lat' dir='ltr'><strong>in</strong></span> 
     </span>
    </p>
   </div>
   <div class='ocr_carea' id='block_1_64' title="bbox 2154 553 3746 624">
    <p class='ocr_par' dir='ltr' id='par_1_64' title="bbox 2154 553 3746 624">
     <span class='ocr_line' id='line_1_64' title="bbox 2154 553 3746 624; baseline 0.004 -15"><span class='ocrx_word' id='word_1_489' title='bbox 2154 556 2258 610; x_wconf 90' lang='lat' dir='ltr'><strong>hac</strong></span> <span class='ocrx_word' id='word_1_490' title='bbox 2283 554 2611 610; x_wconf 85' lang='lat' dir='ltr'><strong>mortalitate</strong></span> <span class='ocrx_word' id='word_1_491' title='bbox 2645 569 2753 609; x_wconf 87' lang='lat' dir='ltr'><strong>non</strong></span> <span class='ocrx_word' id='word_1_492' title='bbox 2776 553 2998 619; x_wconf 87' lang='lat' dir='ltr'><strong>vivitur,</strong></span> <span class='ocrx_word' id='word_1_493' title='bbox 3013 555 3168 624; x_wconf 89' lang='lat' dir='ltr'><strong>quasi</strong></span> <span class='ocrx_word' id='word_1_494' title='bbox 3198 555 3363 624; x_wconf 85' lang='lat' dir='ltr'><strong>pedes</strong></span> <span class='ocrx_word' id='word_1_495' title='bbox 3388 564 3529 618; x_wconf 84' lang='lat' dir='ltr'><strong>sunt,</strong></span> <span class='ocrx_word' id='word_1_496' title='bbox 3563 557 3656 614; x_wconf 87' lang='lat' dir='ltr'><strong>ubi</strong></span> <span class='ocrx_word' id='word_1_497' title='bbox 3677 574 3746 614; x_wconf 79' lang='lat' dir='ltr'><strong>ex</strong></span> 
     </span>
    </p>
   </div>
   <div class='ocr_carea' id='block_1_65' title="bbox 2155 643 3752 718">
    <p class='ocr_par' dir='ltr' id='par_1_65' title="bbox 2155 643 3752 718">
     <span class='ocr_line' id='line_1_65' title="bbox 2155 643 3752 718; baseline 0.003 -18"><span class='ocrx_word' id='word_1_498' title='bbox 2155 646 2410 701; x_wconf 85' lang='lat' dir='ltr'><strong>humanis</strong></span> <span class='ocrx_word' id='word_1_499' title='bbox 2443 646 2606 700; x_wconf 88' lang='lat' dir='ltr'><strong>rebus</strong></span> <span class='ocrx_word' id='word_1_500' title='bbox 2632 643 2920 710; x_wconf 81' lang='lat' dir='ltr'><strong>allicimur,</strong></span> <span class='ocrx_word' id='word_1_501' title='bbox 2955 647 3057 700; x_wconf 91' lang='lat' dir='ltr'><strong>hoc</strong></span> <span class='ocrx_word' id='word_1_502' title='bbox 3086 647 3201 716; x_wconf 84' lang='lat' dir='ltr'><strong>ipse</strong></span> <span class='ocrx_word' id='word_1_503' title='bbox 3238 647 3568 718; x_wconf 83' lang='lat' dir='ltr'><strong>evangelista</strong></span> <span class='ocrx_word' id='word_1_504' title='bbox 3596 659 3752 718; x_wconf 84' lang='lat' dir='ltr'><strong>pate-</strong></span> 
     </span>
    </p>
   </div>
   <div class='ocr_carea' id='block_1_66' title="bbox 2156 735 3748 810">
    <p class='ocr_par' dir='ltr' id='par_1_66' title="bbox 2156 735 3748 810">
     <span class='ocr_line' id='line_1_66' title="bbox 2156 735 3748 810; baseline 0.004 -22"><span class='ocrx_word' id='word_1_505' title='bbox 2156 735 2540 792; x_wconf 78' lang='lat' dir='ltr'><strong>fecit:Sciebat</strong></span> <span class='ocrx_word' id='word_1_506' title='bbox 2567 737 2736 801; x_wconf 86' lang='lat' dir='ltr'><strong>enim‘,</strong></span> <span class='ocrx_word' id='word_1_507' title='bbox 2765 737 2962 806; x_wconf 86' lang='lat' dir='ltr'><strong>inquit,</strong></span> <span class='ocrx_word' id='word_1_508' title='bbox 2989 738 3231 806; x_wconf 74' lang='lat' dir='ltr'><strong>quisnam</strong></span> <span class='ocrx_word' id='word_1_509' title='bbox 3253 749 3383 792; x_wconf 86' lang='lat' dir='ltr'><strong>esset</strong></span> <span class='ocrx_word' id='word_1_510' title='bbox 3404 741 3494 810; x_wconf 88' lang='lat' dir='ltr'><strong>qui</strong></span> <span class='ocrx_word' id='word_1_511' title='bbox 3518 741 3748 796; x_wconf 74' lang='lat' dir='ltr'><strong>traderet</strong></span> 
     </span>
    </p>
   </div>
   <div class='ocr_carea' id='block_1_67' title="bbox 2153 825 3749 898">
    <p class='ocr_par' dir='ltr' id='par_1_67' title="bbox 2153 825 3749 898">
     <span class='ocr_line' id='line_1_67' title="bbox 2153 825 3749 898; baseline 0.003 -17"><span class='ocrx_word' id='word_1_512' title='bbox 2153 843 2272 881; x_wconf 87' lang='lat' dir='ltr'><strong>eum</strong></span> <span class='ocrx_word' id='word_1_513' title='bbox 2313 842 2332 879; x_wconf 90' lang='lat'><em>:</em></span> <span class='ocrx_word' id='word_1_514' title='bbox 2385 825 2516 892; x_wconf 79' lang='lat' dir='ltr'><strong>Vos,</strong></span> <span class='ocrx_word' id='word_1_515' title='bbox 2569 827 2776 896; x_wconf 87' lang='lat' dir='ltr'><strong>inquit,</strong></span> <span class='ocrx_word' id='word_1_516' title='bbox 2830 828 3022 881; x_wconf 73' lang='lat' dir='ltr'><strong>vocatis</strong></span> <span class='ocrx_word' id='word_1_517' title='bbox 3057 843 3140 882; x_wconf 81' lang='lat' dir='ltr'><strong>me</strong></span> <span class='ocrx_word' id='word_1_518' title='bbox 3181 829 3432 898; x_wconf 79' lang='lat' dir='ltr'><strong>magister</strong></span> <span class='ocrx_word' id='word_1_519' title='bbox 3465 837 3516 883; x_wconf 90' lang='lat' dir='ltr'><strong>et</strong></span> <span class='ocrx_word' id='word_1_520' title='bbox 3566 830 3749 885; x_wconf 81' lang='lat' dir='ltr'><strong>Domi-</strong></span> 
     </span>
    </p>
   </div>
   <div class='ocr_carea' id='block_1_68' title="bbox 2157 915 3749 991">
    <p class='ocr_par' dir='ltr' id='par_1_68' title="bbox 2157 915 3749 991">
     <span class='ocr_line' id='line_1_68' title="bbox 2157 915 3749 991; baseline 0.001 -19"><span class='ocrx_word' id='word_1_521' title='bbox 2157 934 2220 972; x_wconf 84' lang='lat' dir='ltr'><strong>ne</strong></span> <span class='ocrx_word' id='word_1_522' title='bbox 2241 957 2258 982; x_wconf 96' lang='lat'><strong>,</strong></span> <span class='ocrx_word' id='word_1_523' title='bbox 2299 918 2425 971; x_wconf 88' lang='lat' dir='ltr'><strong>bene</strong></span> <span class='ocrx_word' id='word_1_524' title='bbox 2453 916 2650 981; x_wconf 86' lang='lat' dir='ltr'><strong>dicitis,</strong></span> <span class='ocrx_word' id='word_1_525' title='bbox 2677 932 2792 969; x_wconf 82' lang='lat' dir='ltr'><strong>sum</strong></span> <span class='ocrx_word' id='word_1_526' title='bbox 2817 916 3006 970; x_wconf 82' lang='lat' dir='ltr'><strong>etenim</strong></span> <span class='ocrx_word' id='word_1_527' title='bbox 3024 956 3040 982; x_wconf 93' lang='lat'><strong>,</strong></span> <span class='ocrx_word' id='word_1_528' title='bbox 3075 915 3198 970; x_wconf 84' lang='lat' dir='ltr'><strong>ideo</strong></span> <span class='ocrx_word' id='word_1_529' title='bbox 3224 917 3363 972; x_wconf 75' lang='lat' dir='ltr'><strong>bene</strong></span> <span class='ocrx_word' id='word_1_530' title='bbox 3391 917 3578 974; x_wconf 82' lang='lat' dir='ltr'><strong>dicitis</strong></span> <span class='ocrx_word' id='word_1_531' title='bbox 3620 920 3749 991; x_wconf 85' lang='lat' dir='ltr'><strong>quia</strong></span> 
     </span>
    </p>
   </div>
   <div class='ocr_carea' id='block_1_69' title="bbox 2157 1026 2302 1064">
    <p class='ocr_par' dir='ltr' id='par_1_69' title="bbox 2157 1026 2302 1064">
     <span class='ocr_line' id='line_1_69' title="bbox 2157 1026 2302 1064; baseline 0 0"><span class='ocrx_word' id='word_1_532' title='bbox 2157 1026 2302 1064; x_wconf 87' lang='lat' dir='ltr'><strong>sum.</strong></span> 
     </span>
    </p>
   </div>
   <div class='ocr_carea' id='block_1_70' title="bbox 2229 1099 3752 1174">
    <p class='ocr_par' dir='ltr' id='par_1_70' title="bbox 2229 1099 3752 1174">
     <span class='ocr_line' id='line_1_70' title="bbox 2229 1099 3752 1174; baseline 0.003 -19"><span class='ocrx_word' id='word_1_533' title='bbox 2229 1099 2287 1156; x_wconf 86' lang='lat' dir='ltr'><strong>Si</strong></span> <span class='ocrx_word' id='word_1_534' title='bbox 2308 1118 2400 1172; x_wconf 86' lang='lat' dir='ltr'><strong>ego</strong></span> <span class='ocrx_word' id='word_1_535' title='bbox 2427 1101 2531 1155; x_wconf 78' lang='lat' dir='ltr'><strong>lavi</strong></span> <span class='ocrx_word' id='word_1_536' title='bbox 2559 1101 2715 1172; x_wconf 83' lang='lat' dir='ltr'><strong>pedes</strong></span> <span class='ocrx_word' id='word_1_537' title='bbox 2749 1111 2964 1166; x_wconf 68' lang='lat' dir='ltr'><strong>vestros,</strong></span> <span class='ocrx_word' id='word_1_538' title='bbox 2991 1099 3249 1156; x_wconf 77' lang='lat' dir='ltr'><strong>Dominus</strong></span> <span class='ocrx_word' id='word_1_539' title='bbox 3291 1111 3338 1156; x_wconf 89' lang='lat' dir='ltr'><strong>et</strong></span> <span class='ocrx_word' id='word_1_540' title='bbox 3369 1105 3648 1174; x_wconf 75' lang='lat' dir='ltr'><strong>magister,</strong></span> <span class='ocrx_word' id='word_1_541' title='bbox 3695 1114 3752 1159; x_wconf 89' lang='lat' dir='ltr'><strong>et</strong></span> 
     </span>
    </p>
   </div>
   <div class='ocr_carea' id='block_1_71' title="bbox 2157 1191 3751 1261">
    <p class='ocr_par' dir='ltr' id='par_1_71' title="bbox 2157 1191 3751 1261">
     <span class='ocr_line' id='line_1_71' title="bbox 2157 1191 3751 1261; baseline 0.004 -15"><span class='ocrx_word' id='word_1_542' title='bbox 2157 1191 2383 1261; x_wconf 86' lang='lat' dir='ltr'><strong>reliqua.</strong></span> <span class='ocrx_word' id='word_1_543' title='bbox 2427 1191 2698 1248; x_wconf 87' lang='lat' dir='ltr'><strong>Discimus</strong></span> <span class='ocrx_word' id='word_1_544' title='bbox 2749 1193 2895 1246; x_wconf 86' lang='lat' dir='ltr'><strong>enim</strong></span> <span class='ocrx_word' id='word_1_545' title='bbox 2923 1232 2938 1258; x_wconf 93' lang='lat'><strong>,</strong></span> <span class='ocrx_word' id='word_1_546' title='bbox 2980 1192 3216 1259; x_wconf 80' lang='lat' dir='ltr'><strong>fratres,</strong></span> <span class='ocrx_word' id='word_1_547' title='bbox 3263 1195 3626 1252; x_wconf 84' lang='lat' dir='ltr'><strong>humilitatem</strong></span> <span class='ocrx_word' id='word_1_548' title='bbox 3681 1199 3751 1253; x_wconf 85' lang='lat' dir='ltr'><strong>ab</strong></span> 
     </span>
    </p>
   </div>
   <div class='ocr_carea' id='block_1_72' title="bbox 2158 1282 3754 1353">
    <p class='ocr_par' dir='ltr' id='par_1_72' title="bbox 2158 1282 3754 1353">
     <span class='ocr_line' id='line_1_72' title="bbox 2158 1282 3754 1353; baseline 0.004 -17"><span class='ocrx_word' id='word_1_549' title='bbox 2158 1282 2393 1346; x_wconf 78' lang='lat' dir='ltr'><strong>excelso,</strong></span> <span class='ocrx_word' id='word_1_550' title='bbox 2422 1282 2686 1337; x_wconf 79' lang='lat' dir='ltr'><strong>faciamus</strong></span> <span class='ocrx_word' id='word_1_551' title='bbox 2717 1283 2949 1337; x_wconf 82' lang='lat' dir='ltr'><strong>invicem</strong></span> <span class='ocrx_word' id='word_1_552' title='bbox 2987 1283 3251 1348; x_wconf 85' lang='lat' dir='ltr'><strong>humiles,</strong></span> <span class='ocrx_word' id='word_1_553' title='bbox 3281 1286 3426 1353; x_wconf 84' lang='lat' dir='ltr'><strong>quod</strong></span> <span class='ocrx_word' id='word_1_554' title='bbox 3471 1287 3754 1342; x_wconf 81' lang='lat' dir='ltr'><strong>humiliter</strong></span> 
     </span>
    </p>
   </div>
   <div class='ocr_carea' id='block_1_73' title="bbox 2158 1373 3749 1444">
    <p class='ocr_par' dir='ltr' id='par_1_73' title="bbox 2158 1373 3749 1444">
     <span class='ocr_line' id='line_1_73' title="bbox 2158 1373 3749 1444; baseline 0.004 -18"><span class='ocrx_word' id='word_1_555' title='bbox 2158 1373 2286 1428; x_wconf 79' lang='lat' dir='ltr'><strong>fecit</strong></span> <span class='ocrx_word' id='word_1_556' title='bbox 2333 1373 2604 1429; x_wconf 82' lang='lat' dir='ltr'><strong>excelsus.</strong></span> <span class='ocrx_word' id='word_1_557' title='bbox 2651 1373 2762 1429; x_wconf 83' lang='lat' dir='ltr'><strong>Nec</strong></span> <span class='ocrx_word' id='word_1_558' title='bbox 2787 1374 3101 1443; x_wconf 88' lang='lat' dir='ltr'><strong>dedignctur</strong></span> <span class='ocrx_word' id='word_1_559' title='bbox 3129 1375 3274 1444; x_wconf 84' lang='lat' dir='ltr'><strong>quod</strong></span> <span class='ocrx_word' id='word_1_560' title='bbox 3299 1374 3432 1430; x_wconf 78' lang='lat' dir='ltr'><strong>fecit</strong></span> <span class='ocrx_word' id='word_1_561' title='bbox 3473 1377 3749 1443; x_wconf 80' lang='lat' dir='ltr'><strong>Christus,</strong></span> 
     </span>
    </p>
   </div>
   <div class='ocr_carea' id='block_1_74' title="bbox 2157 1461 3750 1537">
    <p class='ocr_par' dir='ltr' id='par_1_74' title="bbox 2157 1461 3750 1537">
     <span class='ocr_line' id='line_1_74' title="bbox 2157 1461 3750 1537; baseline 0.003 -20"><span class='ocrx_word' id='word_1_562' title='bbox 2157 1463 2337 1518; x_wconf 80' lang='lat' dir='ltr'><strong>facere</strong></span> <span class='ocrx_word' id='word_1_563' title='bbox 2391 1461 2754 1517; x_wconf 83' lang='lat' dir='ltr'><strong>Christianus.</strong></span> <span class='ocrx_word' id='word_1_564' title='bbox 2806 1461 2943 1516; x_wconf 87' lang='lat' dir='ltr'><strong>Nam</strong></span> <span class='ocrx_word' id='word_1_565' title='bbox 2991 1463 3136 1532; x_wconf 82' lang='lat' dir='ltr'><strong>quod</strong></span> <span class='ocrx_word' id='word_1_566' title='bbox 3194 1464 3326 1518; x_wconf 87' lang='lat' dir='ltr'><strong>dicit</strong></span> <span class='ocrx_word' id='word_1_567' title='bbox 3370 1482 3384 1518; x_wconf 91' lang='lat'><strong>:</strong></span> <span class='ocrx_word' id='word_1_568' title='bbox 3436 1465 3750 1537; x_wconf 71' lang='lat' dir='ltr'><strong>Exemplum</strong></span> 
     </span>
    </p>
   </div>
   <div class='ocr_carea' id='block_1_75' title="bbox 2159 1553 3750 1624">
    <p class='ocr_par' dir='ltr' id='par_1_75' title="bbox 2159 1553 3750 1624">
     <span class='ocr_line' id='line_1_75' title="bbox 2159 1553 3750 1624; baseline 0.004 -17"><span class='ocrx_word' id='word_1_569' title='bbox 2159 1555 2279 1608; x_wconf 88' lang='lat' dir='ltr'><strong>dedi</strong></span> <span class='ocrx_word' id='word_1_570' title='bbox 2309 1553 2472 1619; x_wconf 78' lang='lat' dir='ltr'><strong>vobis,</strong></span> <span class='ocrx_word' id='word_1_571' title='bbox 2499 1563 2556 1606; x_wconf 86' lang='lat' dir='ltr'><strong>ut</strong></span> <span class='ocrx_word' id='word_1_572' title='bbox 2587 1553 3027 1624; x_wconf 76' lang='lat' dir='ltr'><strong>quemadmodum</strong></span> <span class='ocrx_word' id='word_1_573' title='bbox 3079 1570 3172 1624; x_wconf 85' lang='lat' dir='ltr'><strong>ego</strong></span> <span class='ocrx_word' id='word_1_574' title='bbox 3225 1555 3328 1624; x_wconf 76' lang='lat' dir='ltr'><strong>feci</strong></span> <span class='ocrx_word' id='word_1_575' title='bbox 3372 1557 3540 1623; x_wconf 81' lang='lat' dir='ltr'><strong>vobis,</strong></span> <span class='ocrx_word' id='word_1_576' title='bbox 3579 1560 3655 1612; x_wconf 81' lang='lat' dir='ltr'><strong>ita</strong></span> <span class='ocrx_word' id='word_1_577' title='bbox 3701 1569 3750 1613; x_wconf 82' lang='lat' dir='ltr'><strong>et</strong></span> 
     </span>
    </p>
   </div>
   <div class='ocr_carea' id='block_1_76' title="bbox 2161 1644 3755 1715">
    <p class='ocr_par' dir='ltr' id='par_1_76' title="bbox 2161 1644 3755 1715">
     <span class='ocr_line' id='line_1_76' title="bbox 2161 1644 3755 1715; baseline 0 -14"><span class='ocrx_word' id='word_1_578' title='bbox 2161 1662 2249 1702; x_wconf 79' lang='lat' dir='ltr'><strong>vos</strong></span> <span class='ocrx_word' id='word_1_579' title='bbox 2279 1645 2512 1715; x_wconf 80' lang='lat' dir='ltr'><strong>faciatis,</strong></span> <span class='ocrx_word' id='word_1_580' title='bbox 2548 1644 2787 1698; x_wconf 88' lang='lat' dir='ltr'><strong>ostendit</strong></span> <span class='ocrx_word' id='word_1_581' title='bbox 2825 1644 3006 1709; x_wconf 86' lang='lat' dir='ltr'><strong>nobis,</strong></span> <span class='ocrx_word' id='word_1_582' title='bbox 3033 1650 3093 1697; x_wconf 91' lang='lat' dir='ltr'><strong>ut</strong></span> <span class='ocrx_word' id='word_1_583' title='bbox 3121 1645 3166 1699; x_wconf 87' lang='lat' dir='ltr'><strong>si</strong></span> <span class='ocrx_word' id='word_1_584' title='bbox 3211 1646 3334 1714; x_wconf 82' lang='lat' dir='ltr'><strong>quis</strong></span> <span class='ocrx_word' id='word_1_585' title='bbox 3361 1647 3626 1703; x_wconf 86' lang='lat' dir='ltr'><strong>adversus</strong></span> <span class='ocrx_word' id='word_1_586' title='bbox 3655 1649 3755 1702; x_wconf 86' lang='lat' dir='ltr'><strong>ali-</strong></span> 
     </span>
    </p>
   </div>
   <div class='ocr_carea' id='block_1_77' title="bbox 2084 1735 3755 1808">
    <p class='ocr_par' dir='ltr' id='par_1_77' title="bbox 2084 1735 3755 1808">
     <span class='ocr_line' id='line_1_77' title="bbox 2084 1735 3755 1808; baseline 0 -14"><span class='ocrx_word' id='word_1_587' title='bbox 2084 1735 2133 1795; x_wconf 90' lang='lat' dir='ltr'><strong>B</strong></span> <span class='ocrx_word' id='word_1_588' title='bbox 2161 1753 2322 1808; x_wconf 84' lang='lat' dir='ltr'><strong>quem</strong></span> <span class='ocrx_word' id='word_1_589' title='bbox 2351 1737 2518 1792; x_wconf 87' lang='lat' dir='ltr'><strong>habet</strong></span> <span class='ocrx_word' id='word_1_590' title='bbox 2568 1736 2876 1806; x_wconf 76' lang='lat' dir='ltr'><strong>querelam,</strong></span> <span class='ocrx_word' id='word_1_591' title='bbox 2925 1737 3070 1791; x_wconf 86' lang='lat' dir='ltr'><strong>sicut</strong></span> <span class='ocrx_word' id='word_1_592' title='bbox 3102 1735 3362 1792; x_wconf 88' lang='lat' dir='ltr'><strong>Dominus</strong></span> <span class='ocrx_word' id='word_1_593' title='bbox 3387 1737 3609 1793; x_wconf 82' lang='lat' dir='ltr'><strong>donavit</strong></span> <span class='ocrx_word' id='word_1_594' title='bbox 3658 1756 3755 1794; x_wconf 88' lang='lat' dir='ltr'><strong>no-</strong></span> 
     </span>
    </p>
   </div>
   <div class='ocr_carea' id='block_1_78' title="bbox 2161 1827 3753 1898">
    <p class='ocr_par' dir='ltr' id='par_1_78' title="bbox 2161 1827 3753 1898">
     <span class='ocr_line' id='line_1_78' title="bbox 2161 1827 3753 1898; baseline 0.002 -14"><span class='ocrx_word' id='word_1_595' title='bbox 2161 1831 2265 1895; x_wconf 87' lang='lat' dir='ltr'><strong>bis,</strong></span> <span class='ocrx_word' id='word_1_596' title='bbox 2294 1830 2372 1883; x_wconf 87' lang='lat' dir='ltr'><strong>ita</strong></span> <span class='ocrx_word' id='word_1_597' title='bbox 2413 1836 2469 1883; x_wconf 86' lang='lat' dir='ltr'><strong>et</strong></span> <span class='ocrx_word' id='word_1_598' title='bbox 2498 1843 2599 1883; x_wconf 89' lang='lat' dir='ltr'><strong>nos</strong></span> <span class='ocrx_word' id='word_1_599' title='bbox 2631 1829 2884 1882; x_wconf 80' lang='lat' dir='ltr'><strong>invicem.</strong></span> <span class='ocrx_word' id='word_1_600' title='bbox 2914 1827 3099 1898; x_wconf 81' lang='lat' dir='ltr'><strong>Itaque</strong></span> <span class='ocrx_word' id='word_1_601' title='bbox 3131 1830 3290 1885; x_wconf 83' lang='lat' dir='ltr'><strong>nobis</strong></span> <span class='ocrx_word' id='word_1_602' title='bbox 3335 1831 3531 1886; x_wconf 84' lang='lat' dir='ltr'><strong>delicta</strong></span> <span class='ocrx_word' id='word_1_603' title='bbox 3579 1833 3753 1888; x_wconf 88' lang='lat' dir='ltr'><strong>done-</strong></span> 
     </span>
    </p>
   </div>
   <div class='ocr_carea' id='block_1_79' title="bbox 2161 1917 3753 1993">
    <p class='ocr_par' dir='ltr' id='par_1_79' title="bbox 2161 1917 3753 1993">
     <span class='ocr_line' id='line_1_79' title="bbox 2161 1917 3753 1993; baseline 0.003 -19"><span class='ocrx_word' id='word_1_604' title='bbox 2161 1935 2304 1986; x_wconf 90' lang='lat' dir='ltr'><strong>mus,</strong></span> <span class='ocrx_word' id='word_1_605' title='bbox 2331 1927 2506 1989; x_wconf 88' lang='lat' dir='ltr'><strong>etpro</strong></span> <span class='ocrx_word' id='word_1_606' title='bbox 2536 1919 2740 1974; x_wconf 84' lang='lat' dir='ltr'><strong>nostris</strong></span> <span class='ocrx_word' id='word_1_607' title='bbox 2775 1917 2990 1973; x_wconf 82' lang='lat' dir='ltr'><strong>delictis</strong></span> <span class='ocrx_word' id='word_1_608' title='bbox 3019 1919 3252 1974; x_wconf 83' lang='lat' dir='ltr'><strong>invicem</strong></span> <span class='ocrx_word' id='word_1_609' title='bbox 3278 1935 3520 1977; x_wconf 85' lang='lat' dir='ltr'><strong>oremus.</strong></span> <span class='ocrx_word' id='word_1_610' title='bbox 3572 1922 3753 1993; x_wconf 78' lang='lat' dir='ltr'><strong>Atque</strong></span> 
     </span>
    </p>
   </div>
   <div class='ocr_carea' id='block_1_80' title="bbox 2162 2009 3752 2080">
    <p class='ocr_par' dir='ltr' id='par_1_80' title="bbox 2162 2009 3752 2080">
     <span class='ocr_line' id='line_1_80' title="bbox 2162 2009 3752 2080; baseline 0.004 -16"><span class='ocrx_word' id='word_1_611' title='bbox 2162 2009 2236 2064; x_wconf 86' lang='lat' dir='ltr'><strong>ita</strong></span> <span class='ocrx_word' id='word_1_612' title='bbox 2283 2009 2683 2078; x_wconf 86' lang='lat' dir='ltr'><strong>quodammodo</strong></span> <span class='ocrx_word' id='word_1_613' title='bbox 2734 2009 2965 2064; x_wconf 80' lang='lat' dir='ltr'><strong>invicem</strong></span> <span class='ocrx_word' id='word_1_614' title='bbox 3013 2011 3178 2080; x_wconf 86' lang='lat' dir='ltr'><strong>pedes</strong></span> <span class='ocrx_word' id='word_1_615' title='bbox 3226 2020 3444 2068; x_wconf 81' lang='lat' dir='ltr'><strong>nostros</strong></span> <span class='ocrx_word' id='word_1_616' title='bbox 3485 2013 3752 2070; x_wconf 80' lang='lat' dir='ltr'><strong>lavemus.</strong></span> 
     </span>
    </p>
   </div>
   <div class='ocr_carea' id='block_1_81' title="bbox 2161 2099 3758 2170">
    <p class='ocr_par' dir='ltr' id='par_1_81' title="bbox 2161 2099 3758 2170">
     <span class='ocr_line' id='line_1_81' title="bbox 2161 2099 3758 2170; baseline 0.003 -16"><span class='ocrx_word' id='word_1_617' title='bbox 2161 2099 2419 2155; x_wconf 76' lang='lat' dir='ltr'><strong>Nostrum</strong></span> <span class='ocrx_word' id='word_1_618' title='bbox 2467 2109 2570 2165; x_wconf 88' lang='lat' dir='ltr'><strong>est,</strong></span> <span class='ocrx_word' id='word_1_619' title='bbox 2601 2100 2838 2155; x_wconf 73' lang='lat' dir='ltr'><strong>domate</strong></span> <span class='ocrx_word' id='word_1_620' title='bbox 2884 2099 3032 2170; x_wconf 80' lang='lat' dir='ltr'><strong>ipso,</strong></span> <span class='ocrx_word' id='word_1_621' title='bbox 3075 2101 3440 2156; x_wconf 78' lang='lat' dir='ltr'><strong>ministerium</strong></span> <span class='ocrx_word' id='word_1_622' title='bbox 3467 2105 3758 2160; x_wconf 87' lang='lat' dir='ltr'><strong>eharitatis</strong></span> 
     </span>
    </p>
   </div>
   <div class='ocr_carea' id='block_1_82' title="bbox 2159 2192 3759 2263">
    <p class='ocr_par' dir='ltr' id='par_1_82' title="bbox 2159 2192 3759 2263">
     <span class='ocr_line' id='line_1_82' title="bbox 2159 2192 3759 2263; baseline 0.003 -15"><span class='ocrx_word' id='word_1_623' title='bbox 2159 2203 2217 2248; x_wconf 91' lang='lat' dir='ltr'><strong>et</strong></span> <span class='ocrx_word' id='word_1_624' title='bbox 2262 2192 2584 2248; x_wconf 86' lang='lat' dir='ltr'><strong>humilitatis</strong></span> <span class='ocrx_word' id='word_1_625' title='bbox 2637 2193 2930 2258; x_wconf 86' lang='lat' dir='ltr'><strong>adhibere,</strong></span> <span class='ocrx_word' id='word_1_626' title='bbox 2979 2192 3124 2248; x_wconf 87' lang='lat' dir='ltr'><strong>illius</strong></span> <span class='ocrx_word' id='word_1_627' title='bbox 3162 2203 3281 2259; x_wconf 88' lang='lat' dir='ltr'><strong>est,</strong></span> <span class='ocrx_word' id='word_1_628' title='bbox 3339 2197 3636 2263; x_wconf 78' lang='lat' dir='ltr'><strong>exaudire,</strong></span> <span class='ocrx_word' id='word_1_629' title='bbox 3692 2213 3759 2252; x_wconf 85' lang='lat' dir='ltr'><strong>ac</strong></span> 
     </span>
    </p>
   </div>
   <div class='ocr_carea' id='block_1_83' title="bbox 2161 2286 3754 2354">
    <p class='ocr_par' dir='ltr' id='par_1_83' title="bbox 2161 2286 3754 2354">
     <span class='ocr_line' id='line_1_83' title="bbox 2161 2286 3754 2354; baseline 0.002 -13"><span class='ocrx_word' id='word_1_630' title='bbox 2161 2302 2263 2341; x_wconf 86' lang='lat' dir='ltr'><strong>nos</strong></span> <span class='ocrx_word' id='word_1_631' title='bbox 2311 2287 2381 2341; x_wconf 91' lang='lat' dir='ltr'><strong>ab</strong></span> <span class='ocrx_word' id='word_1_632' title='bbox 2429 2286 2575 2340; x_wconf 89' lang='lat' dir='ltr'><strong>omni</strong></span> <span class='ocrx_word' id='word_1_633' title='bbox 2607 2294 2956 2354; x_wconf 78' lang='lat' dir='ltr'><strong>peccatorum</strong></span> <span class='ocrx_word' id='word_1_634' title='bbox 2984 2287 3450 2342; x_wconf 89' lang='lat' dir='ltr'><strong>contaminatione</strong></span> <span class='ocrx_word' id='word_1_635' title='bbox 3479 2290 3754 2345; x_wconf 81' lang='lat' dir='ltr'><strong>mundare</strong></span> 
     </span>
    </p>
   </div>
   <div class='ocr_carea' id='block_1_84' title="bbox 2161 2375 3754 2448">
    <p class='ocr_par' dir='ltr' id='par_1_84' title="bbox 2161 2375 3754 2448">
     <span class='ocr_line' id='line_1_84' title="bbox 2161 2375 3754 2448; baseline 0.004 -18"><span class='ocrx_word' id='word_1_636' title='bbox 2161 2391 2259 2446; x_wconf 89' lang='lat' dir='ltr'><strong>per</strong></span> <span class='ocrx_word' id='word_1_637' title='bbox 2300 2375 2579 2431; x_wconf 85' lang='lat' dir='ltr'><strong>Christum</strong></span> <span class='ocrx_word' id='word_1_638' title='bbox 2615 2384 2674 2430; x_wconf 88' lang='lat' dir='ltr'><strong>et</strong></span> <span class='ocrx_word' id='word_1_639' title='bbox 2723 2377 2778 2430; x_wconf 88' lang='lat' dir='ltr'><strong>in</strong></span> <span class='ocrx_word' id='word_1_640' title='bbox 2828 2375 3086 2442; x_wconf 84' lang='lat' dir='ltr'><strong>Christo,</strong></span> <span class='ocrx_word' id='word_1_641' title='bbox 3140 2387 3200 2432; x_wconf 90' lang='lat' dir='ltr'><strong>ut</strong></span> <span class='ocrx_word' id='word_1_642' title='bbox 3243 2379 3390 2448; x_wconf 87' lang='lat' dir='ltr'><strong>quod</strong></span> <span class='ocrx_word' id='word_1_643' title='bbox 3427 2379 3550 2434; x_wconf 86' lang='lat' dir='ltr'><strong>aliis</strong></span> <span class='ocrx_word' id='word_1_644' title='bbox 3587 2383 3754 2436; x_wconf 86' lang='lat' dir='ltr'><strong>etiam</strong></span> 
     </span>
    </p>
   </div>
   <div class='ocr_carea' id='block_1_85' title="bbox 2163 2467 3755 2536">
    <p class='ocr_par' dir='ltr' id='par_1_85' title="bbox 2163 2467 3755 2536">
     <span class='ocr_line' id='line_1_85' title="bbox 2163 2467 3755 2536; baseline 0.004 -16"><span class='ocrx_word' id='word_1_645' title='bbox 2163 2467 2509 2532; x_wconf 88' lang='lat' dir='ltr'><strong>remittimus,</strong></span> <span class='ocrx_word' id='word_1_646' title='bbox 2543 2467 2648 2522; x_wconf 81' lang='lat' dir='ltr'><strong>hoc</strong></span> <span class='ocrx_word' id='word_1_647' title='bbox 2665 2475 2785 2532; x_wconf 85' lang='lat' dir='ltr'><strong>est,</strong></span> <span class='ocrx_word' id='word_1_648' title='bbox 2817 2467 2874 2522; x_wconf 79' lang='lat' dir='ltr'><strong>in</strong></span> <span class='ocrx_word' id='word_1_649' title='bbox 2898 2477 3044 2523; x_wconf 77' lang='lat' dir='ltr'><strong>terra</strong></span> <span class='ocrx_word' id='word_1_650' title='bbox 3075 2467 3334 2526; x_wconf 85' lang='lat' dir='ltr'><strong>solvimus</strong></span> <span class='ocrx_word' id='word_1_651' title='bbox 3353 2509 3369 2536; x_wconf 92' lang='lat'><strong>,</strong></span> <span class='ocrx_word' id='word_1_652' title='bbox 3415 2469 3661 2525; x_wconf 87' lang='lat' dir='ltr'><strong>solvatur</strong></span> <span class='ocrx_word' id='word_1_653' title='bbox 3699 2473 3755 2526; x_wconf 84' lang='lat' dir='ltr'><strong>in</strong></span> 
     </span>
    </p>
   </div>
   <div class='ocr_carea' id='block_1_86' title="bbox 2161 2559 2320 2615">
    <p class='ocr_par' dir='ltr' id='par_1_86' title="bbox 2161 2559 2320 2615">
     <span class='ocr_line' id='line_1_86' title="bbox 2161 2559 2320 2615; baseline -0.006 0"><span class='ocrx_word' id='word_1_654' title='bbox 2161 2559 2320 2615; x_wconf 71' lang='lat' dir='ltr'><strong>uelo.</strong></span> 
     </span>
    </p>
   </div>
   <div class='ocr_carea' id='block_1_87' title="bbox 2232 2653 3759 2722">
    <p class='ocr_par' dir='ltr' id='par_1_87' title="bbox 2232 2653 3759 2722">
     <span class='ocr_line' id='line_1_87' title="bbox 2232 2653 3759 2722; baseline 0.001 -15"><span class='ocrx_word' id='word_1_655' title='bbox 2232 2654 2420 2719; x_wconf 76' lang='lat' dir='ltr'><strong>Amen,</strong></span> <span class='ocrx_word' id='word_1_656' title='bbox 2452 2669 2604 2708; x_wconf 84' lang='lat' dir='ltr'><strong>auten</strong></span> <span class='ocrx_word' id='word_1_657' title='bbox 2650 2653 2768 2707; x_wconf 82' lang='lat' dir='ltr'><strong>dice</strong></span> <span class='ocrx_word' id='word_1_658' title='bbox 2799 2653 2964 2718; x_wconf 77' lang='lat' dir='ltr'><strong>vobis,</strong></span> <span class='ocrx_word' id='word_1_659' title='bbox 2998 2668 3104 2707; x_wconf 72' lang='lat' dir='ltr'><strong>non</strong></span> <span class='ocrx_word' id='word_1_660' title='bbox 3137 2662 3213 2707; x_wconf 86' lang='lat' dir='ltr'><strong>est</strong></span> <span class='ocrx_word' id='word_1_661' title='bbox 3252 2669 3431 2708; x_wconf 75' lang='lat' dir='ltr'><strong>servus</strong></span> <span class='ocrx_word' id='word_1_662' title='bbox 3460 2655 3642 2722; x_wconf 79' lang='lat' dir='ltr'><strong>maior</strong></span> <span class='ocrx_word' id='word_1_663' title='bbox 3663 2655 3759 2708; x_wconf 86' lang='lat' dir='ltr'><strong>do-</strong></span> 
     </span>
    </p>
   </div>
   <div class='ocr_carea' id='block_1_88' title="bbox 2162 2745 3758 2817">
    <p class='ocr_par' dir='ltr' id='par_1_88' title="bbox 2162 2745 3758 2817">
     <span class='ocr_line' id='line_1_88' title="bbox 2162 2745 3758 2817; baseline 0 -17"><span class='ocrx_word' id='word_1_664' title='bbox 2162 2747 2304 2800; x_wconf 84' lang='lat' dir='ltr'><strong>mino</strong></span> <span class='ocrx_word' id='word_1_665' title='bbox 2326 2763 2447 2810; x_wconf 84' lang='lat' dir='ltr'><strong>suo,</strong></span> <span class='ocrx_word' id='word_1_666' title='bbox 2478 2755 2534 2802; x_wconf 85' lang='lat' dir='ltr'><strong>et</strong></span> <span class='ocrx_word' id='word_1_667' title='bbox 2584 2745 2815 2816; x_wconf 85' lang='lat' dir='ltr'><strong>reliqua.</strong></span> <span class='ocrx_word' id='word_1_668' title='bbox 2869 2745 2981 2801; x_wconf 85' lang='lat' dir='ltr'><strong>Hoc</strong></span> <span class='ocrx_word' id='word_1_669' title='bbox 3025 2746 3146 2800; x_wconf 90' lang='lat' dir='ltr'><strong>ideo</strong></span> <span class='ocrx_word' id='word_1_670' title='bbox 3177 2746 3336 2812; x_wconf 78' lang='lat' dir='ltr'><strong>dixit,</strong></span> <span class='ocrx_word' id='word_1_671' title='bbox 3381 2747 3509 2817; x_wconf 80' lang='lat' dir='ltr'><strong>quia</strong></span> <span class='ocrx_word' id='word_1_672' title='bbox 3547 2747 3758 2801; x_wconf 74' lang='lat' dir='ltr'><strong>laverat</strong></span> 
     </span>
    </p>
   </div>
   <div class='ocr_carea' id='block_1_89' title="bbox 2162 2833 3756 2907">
    <p class='ocr_par' dir='ltr' id='par_1_89' title="bbox 2162 2833 3756 2907">
     <span class='ocr_line' id='line_1_89' title="bbox 2162 2833 3756 2907; baseline 0.001 -17"><span class='ocrx_word' id='word_1_673' title='bbox 2162 2833 2548 2904; x_wconf 88' lang='lat' dir='ltr'><strong>discipulorum</strong></span> <span class='ocrx_word' id='word_1_674' title='bbox 2571 2835 2737 2906; x_wconf 83' lang='lat' dir='ltr'><strong>pedes</strong></span> <span class='ocrx_word' id='word_1_675' title='bbox 2762 2835 3024 2907; x_wconf 87' lang='lat' dir='ltr'><strong>magister</strong></span> <span class='ocrx_word' id='word_1_676' title='bbox 3046 2834 3388 2903; x_wconf 86' lang='lat' dir='ltr'><strong>humilitatis,</strong></span> <span class='ocrx_word' id='word_1_677' title='bbox 3415 2845 3473 2892; x_wconf 90' lang='lat' dir='ltr'><strong>et</strong></span> <span class='ocrx_word' id='word_1_678' title='bbox 3504 2839 3674 2892; x_wconf 88' lang='lat' dir='ltr'><strong>verbo</strong></span> <span class='ocrx_word' id='word_1_679' title='bbox 3702 2849 3756 2892; x_wconf 90' lang='lat' dir='ltr'><strong>et</strong></span> 
     </span>
    </p>
   </div>
   <div class='ocr_carea' id='block_1_90' title="bbox 2163 2926 2435 2998">
    <p class='ocr_par' dir='ltr' id='par_1_90' title="bbox 2163 2926 2435 2998">
     <span class='ocr_line' id='line_1_90' title="bbox 2163 2926 2435 2998; baseline -0.004 -16"><span class='ocrx_word' id='word_1_680' title='bbox 2163 2926 2435 2998; x_wconf 82' lang='lat' dir='ltr'><strong>exemplo.</strong></span> 
     </span>
    </p>
   </div>
   <div class='ocr_carea' id='block_1_91' title="bbox 2085 3036 3756 3146">
    <p class='ocr_par' dir='ltr' id='par_1_91' title="bbox 2085 3036 3756 3146">
     <span class='ocr_line' id='line_1_91' title="bbox 2085 3036 3756 3146; baseline 0 0"><span class='ocrx_word' id='word_1_681' title='bbox 2085 3081 2133 3146; x_wconf 86' lang='lat' dir='ltr'><strong>c</strong></span> <span class='ocrx_word' id='word_1_682' title='bbox 2165 3039 2518 3146; x_wconf 53' lang='lat'><strong>(3223394?</strong></span> <span class='ocrx_word' id='word_1_683' title='bbox 2537 3042 2630 3146; x_wconf 71' lang='grc' dir='ltr'><strong>’⁸ίῖ</strong></span> <span class='ocrx_word' id='word_1_684' title='bbox 2643 3036 3585 3146; x_wconf 52' lang='lat' dir='ltr'><strong>pfﬁiﬁi&#39;fifbi3T.§&quot;f.&#39;ff§fi&#39;l&quot;&#39;.52</strong></span> <span class='ocrx_word' id='word_1_685' title='bbox 3611 3056 3756 3146; x_wconf 59' lang='grc' dir='ltr'><strong>ξωπὲ</strong></span> 
     </span>
    </p>
   </div>
   <div class='ocr_carea' id='block_1_92' title="bbox 2233 3110 3756 3178">
    <p class='ocr_par' dir='ltr' id='par_1_92' title="bbox 2233 3110 3756 3178">
     <span class='ocr_line' id='line_1_92' title="bbox 2233 3110 3756 3178; baseline 0 -13"><span class='ocrx_word' id='word_1_686' title='bbox 2233 3110 2447 3165; x_wconf 79' lang='lat' dir='ltr'><strong>Domini</strong></span> <span class='ocrx_word' id='word_1_687' title='bbox 2477 3113 2530 3163; x_wconf 92' lang='lat' dir='ltr'><strong>in</strong></span> <span class='ocrx_word' id='word_1_688' title='bbox 2575 3127 2630 3163; x_wconf 91' lang='lat' dir='ltr'><strong>se</strong></span> <span class='ocrx_word' id='word_1_689' title='bbox 2671 3110 3051 3178; x_wconf 75' lang='lat' dir='ltr'><strong>complectitur,</strong></span> <span class='ocrx_word' id='word_1_690' title='bbox 3077 3125 3199 3162; x_wconf 79' lang='lat' dir='ltr'><strong>nam</strong></span> <span class='ocrx_word' id='word_1_691' title='bbox 3229 3125 3451 3163; x_wconf 77' lang='lat' dir='ltr'><strong>aureum</strong></span> <span class='ocrx_word' id='word_1_692' title='bbox 3504 3111 3680 3174; x_wconf 82' lang='lat' dir='ltr'><strong>illum,</strong></span> <span class='ocrx_word' id='word_1_693' title='bbox 3711 3124 3756 3165; x_wconf 82' lang='lat' dir='ltr'><strong>et</strong></span> 
     </span>
    </p>
   </div>
   <div class='ocr_carea' id='block_1_93' title="bbox 2231 3179 3758 3251">
    <p class='ocr_par' dir='ltr' id='par_1_93' title="bbox 2231 3179 3758 3251">
     <span class='ocr_line' id='line_1_93' title="bbox 2231 3179 3758 3251; baseline -0.001 -15"><span class='ocrx_word' id='word_1_694' title='bbox 2231 3181 2601 3236; x_wconf 68' lang='lat' dir='ltr'><strong>suavissimum</strong></span> <span class='ocrx_word' id='word_1_695' title='bbox 2639 3179 2836 3233; x_wconf 73' lang='lat' dir='ltr'><strong>Christi</strong></span> <span class='ocrx_word' id='word_1_696' title='bbox 2881 3195 3204 3243; x_wconf 86' lang='lat' dir='ltr'><strong>sermonem,</strong></span> <span class='ocrx_word' id='word_1_697' title='bbox 3253 3195 3406 3248; x_wconf 73' lang='lat' dir='ltr'><strong>quem</strong></span> <span class='ocrx_word' id='word_1_698' title='bbox 3438 3183 3758 3251; x_wconf 82' lang='lat' dir='ltr'><strong>evangelista</strong></span> 
     </span>
    </p>
   </div>
   <div class='ocr_carea' id='block_1_94' title="bbox 2233 3251 3760 3318">
    <p class='ocr_par' dir='ltr' id='par_1_94' title="bbox 2233 3251 3760 3318">
     <span class='ocr_line' id='line_1_94' title="bbox 2233 3251 3760 3318; baseline 0 -13"><span class='ocrx_word' id='word_1_699' title='bbox 2233 3252 2466 3305; x_wconf 82' lang='lat' dir='ltr'><strong>Joannes</strong></span> <span class='ocrx_word' id='word_1_700' title='bbox 2492 3251 2644 3304; x_wconf 81' lang='lat' dir='ltr'><strong>habet</strong></span> <span class='ocrx_word' id='word_1_701' title='bbox 2667 3265 2784 3318; x_wconf 86' lang='lat' dir='ltr'><strong>cap.</strong></span> <span class='ocrx_word' id='word_1_702' title='bbox 2820 3265 2938 3312; x_wconf 77' lang='lat' dir='ltr'><strong>xui,</strong></span> <span class='ocrx_word' id='word_1_703' title='bbox 2959 3264 3070 3312; x_wconf 78' lang='lat' dir='ltr'><strong>xw,</strong></span> <span class='ocrx_word' id='word_1_704' title='bbox 3104 3265 3194 3312; x_wconf 78' lang='lat' dir='ltr'><strong>xv,</strong></span> <span class='ocrx_word' id='word_1_705' title='bbox 3226 3265 3340 3314; x_wconf 76' lang='lat' dir='ltr'><strong>xvi,</strong></span> <span class='ocrx_word' id='word_1_706' title='bbox 3370 3267 3506 3313; x_wconf 75' lang='lat' dir='ltr'><strong>xvu,</strong></span> <span class='ocrx_word' id='word_1_707' title='bbox 3553 3269 3644 3304; x_wconf 74' lang='lat' dir='ltr'><strong>seu</strong></span> <span class='ocrx_word' id='word_1_708' title='bbox 3673 3269 3760 3317; x_wconf 75' lang='lat' dir='ltr'><strong>cg-</strong></span> 
     </span>
    </p>
   </div>
   <div class='ocr_carea' id='block_1_95' title="bbox 2233 3318 3759 3392">
    <p class='ocr_par' dir='ltr' id='par_1_95' title="bbox 2233 3318 3759 3392">
     <span class='ocr_line' id='line_1_95' title="bbox 2233 3318 3759 3392; baseline 0.001 -19"><span class='ocrx_word' id='word_1_709' title='bbox 2233 3336 2419 3392; x_wconf 87' lang='lat' dir='ltr'><strong>gneam</strong></span> <span class='ocrx_word' id='word_1_710' title='bbox 2447 3322 2743 3392; x_wconf 88' lang='lat' dir='ltr'><strong>cantionem</strong></span> <span class='ocrx_word' id='word_1_711' title='bbox 2781 3337 2891 3392; x_wconf 80' lang='lat' dir='ltr'><strong>qua</strong></span> <span class='ocrx_word' id='word_1_712' title='bbox 2920 3318 3161 3392; x_wconf 73' lang='lat' dir='ltr'><strong>Christus</strong></span> <span class='ocrx_word' id='word_1_713' title='bbox 3189 3320 3297 3373; x_wconf 86' lang='lat' dir='ltr'><strong>suis</strong></span> <span class='ocrx_word' id='word_1_714' title='bbox 3329 3319 3596 3392; x_wconf 76' lang='lat' dir='ltr'><strong>valedicil,</strong></span> <span class='ocrx_word' id='word_1_715' title='bbox 3635 3323 3759 3374; x_wconf 87' lang='lat' dir='ltr'><strong>sub-</strong></span> 
     </span>
    </p>
   </div>
   <div class='ocr_carea' id='block_1_96' title="bbox 2234 3389 3742 3462">
    <p class='ocr_par' dir='ltr' id='par_1_96' title="bbox 2234 3389 3742 3462">
     <span class='ocr_line' id='line_1_96' title="bbox 2234 3389 3742 3462; baseline 0.001 -18"><span class='ocrx_word' id='word_1_716' title='bbox 2234 3389 2409 3455; x_wconf 79' lang='lat' dir='ltr'><strong>nectit,</strong></span> <span class='ocrx_word' id='word_1_717' title='bbox 2438 3399 2486 3442; x_wconf 86' lang='lat' dir='ltr'><strong>et</strong></span> <span class='ocrx_word' id='word_1_718' title='bbox 2502 3391 2671 3462; x_wconf 71' lang='lat' dir='ltr'><strong>mira,</strong></span> <span class='ocrx_word' id='word_1_719' title='bbox 2699 3390 2789 3442; x_wconf 87' lang='lat' dir='ltr'><strong>sed</strong></span> <span class='ocrx_word' id='word_1_720' title='bbox 2819 3389 2964 3442; x_wconf 89' lang='lat' dir='ltr'><strong>clara</strong></span> <span class='ocrx_word' id='word_1_721' title='bbox 2989 3389 3235 3443; x_wconf 80' lang='lat' dir='ltr'><strong>brevitate</strong></span> <span class='ocrx_word' id='word_1_722' title='bbox 3259 3406 3323 3442; x_wconf 75' lang='lat' dir='ltr'><strong>ex</strong></span> <span class='ocrx_word' id='word_1_723' title='bbox 3345 3391 3654 3444; x_wconf 67' lang='lat' dir='ltr'><strong>orthodoris</strong></span> <span class='ocrx_word' id='word_1_724' title='bbox 3674 3411 3742 3462; x_wconf 84' lang='lat' dir='ltr'><strong>pa</strong></span> 
     </span>
    </p>
   </div>
   <div class='ocr_carea' id='block_1_97' title="bbox 2239 3461 2724 3529">
    <p class='ocr_par' dir='ltr' id='par_1_97' title="bbox 2239 3461 2724 3529">
     <span class='ocr_line' id='line_1_97' title="bbox 2239 3461 2724 3529; baseline -0.004 -15"><span class='ocrx_word' id='word_1_725' title='bbox 2239 3461 2429 3525; x_wconf 87' lang='lat' dir='ltr'><strong>tribus,</strong></span> <span class='ocrx_word' id='word_1_726' title='bbox 2464 3461 2724 3529; x_wconf 75' lang='lat' dir='ltr'><strong>exponit.)</strong></span> 
     </span>
    </p>
   </div>
   <div class='ocr_carea' id='block_1_98' title="bbox 2236 3570 3756 3642">
    <p class='ocr_par' dir='ltr' id='par_1_98' title="bbox 2236 3570 3756 3642">
     <span class='ocr_line' id='line_1_98' title="bbox 2236 3570 3756 3642; baseline 0.001 -16"><span class='ocrx_word' id='word_1_727' title='bbox 2236 3571 2360 3626; x_wconf 82' lang='lat' dir='ltr'><strong>Non</strong></span> <span class='ocrx_word' id='word_1_728' title='bbox 2384 3570 2449 3625; x_wconf 85' lang='lat' dir='ltr'><strong>de</strong></span> <span class='ocrx_word' id='word_1_729' title='bbox 2471 3571 2715 3626; x_wconf 82' lang='lat' dir='ltr'><strong>omnibus</strong></span> <span class='ocrx_word' id='word_1_730' title='bbox 2735 3571 2876 3624; x_wconf 79' lang='lat' dir='ltr'><strong>vobis</strong></span> <span class='ocrx_word' id='word_1_731' title='bbox 2907 3570 3046 3636; x_wconf 88' lang='lat' dir='ltr'><strong>dico,</strong></span> <span class='ocrx_word' id='word_1_732' title='bbox 3072 3587 3165 3642; x_wconf 84' lang='lat' dir='ltr'><strong>ego</strong></span> <span class='ocrx_word' id='word_1_733' title='bbox 3194 3572 3304 3625; x_wconf 89' lang='lat' dir='ltr'><strong>scio</strong></span> <span class='ocrx_word' id='word_1_734' title='bbox 3327 3587 3459 3642; x_wconf 85' lang='lat' dir='ltr'><strong>quos</strong></span> <span class='ocrx_word' id='word_1_735' title='bbox 3487 3572 3756 3642; x_wconf 80' lang='lat' dir='ltr'><strong>elegerint.</strong></span> 
     </span>
    </p>
   </div>
   <div class='ocr_carea' id='block_1_99' title="bbox 2164 3661 3763 3734">
    <p class='ocr_par' dir='ltr' id='par_1_99' title="bbox 2164 3661 3763 3734">
     <span class='ocr_line' id='line_1_99' title="bbox 2164 3661 3763 3734; baseline 0.001 -16"><span class='ocrx_word' id='word_1_736' title='bbox 2164 3664 2348 3732; x_wconf 85' lang='lat' dir='ltr'><strong>Quos?</strong></span> <span class='ocrx_word' id='word_1_737' title='bbox 2377 3664 2482 3718; x_wconf 90' lang='lat' dir='ltr'><strong>nisi</strong></span> <span class='ocrx_word' id='word_1_738' title='bbox 2509 3677 2603 3717; x_wconf 89' lang='lat' dir='ltr'><strong>eos</strong></span> <span class='ocrx_word' id='word_1_739' title='bbox 2628 3663 2722 3732; x_wconf 89' lang='lat' dir='ltr'><strong>qui</strong></span> <span class='ocrx_word' id='word_1_740' title='bbox 2750 3662 2896 3717; x_wconf 89' lang='lat' dir='ltr'><strong>beati</strong></span> <span class='ocrx_word' id='word_1_741' title='bbox 2931 3670 3112 3726; x_wconf 88' lang='lat' dir='ltr'><strong>erunt,</strong></span> <span class='ocrx_word' id='word_1_742' title='bbox 3141 3661 3388 3717; x_wconf 81' lang='lat' dir='ltr'><strong>faciendo</strong></span> <span class='ocrx_word' id='word_1_743' title='bbox 3413 3679 3534 3733; x_wconf 76' lang='lat' dir='ltr'><strong>qua:</strong></span> <span class='ocrx_word' id='word_1_744' title='bbox 3557 3681 3763 3734; x_wconf 59' lang='lat' dir='ltr'><strong>prince-</strong></span> 
     </span>
    </p>
   </div>
   <div class='ocr_carea' id='block_1_100' title="bbox 2163 3752 3762 3825">
    <p class='ocr_par' dir='ltr' id='par_1_100' title="bbox 2163 3752 3762 3825">
     <span class='ocr_line' id='line_1_100' title="bbox 2163 3752 3762 3825; baseline 0.001 -17"><span class='ocrx_word' id='word_1_745' title='bbox 2163 3755 2262 3825; x_wconf 87' lang='lat' dir='ltr'><strong>pit.</strong></span> <span class='ocrx_word' id='word_1_746' title='bbox 2289 3754 2407 3809; x_wconf 83' lang='lat' dir='ltr'><strong>Non</strong></span> <span class='ocrx_word' id='word_1_747' title='bbox 2434 3763 2519 3809; x_wconf 87' lang='lat' dir='ltr'><strong>est</strong></span> <span class='ocrx_word' id='word_1_748' title='bbox 2546 3770 2612 3809; x_wconf 82' lang='lat' dir='ltr'><strong>ex</strong></span> <span class='ocrx_word' id='word_1_749' title='bbox 2635 3754 2716 3808; x_wconf 89' lang='lat' dir='ltr'><strong>eis</strong></span> <span class='ocrx_word' id='word_1_750' title='bbox 2738 3753 2862 3819; x_wconf 86' lang='lat' dir='ltr'><strong>iste,</strong></span> <span class='ocrx_word' id='word_1_751' title='bbox 2893 3753 2984 3822; x_wconf 88' lang='lat' dir='ltr'><strong>qui</strong></span> <span class='ocrx_word' id='word_1_752' title='bbox 3008 3767 3205 3822; x_wconf 86' lang='lat' dir='ltr'><strong>panem</strong></span> <span class='ocrx_word' id='word_1_753' title='bbox 3233 3752 3376 3807; x_wconf 91' lang='lat' dir='ltr'><strong>illius</strong></span> <span class='ocrx_word' id='word_1_754' title='bbox 3420 3754 3500 3808; x_wconf 84' lang='lat' dir='ltr'><strong>sic</strong></span> <span class='ocrx_word' id='word_1_755' title='bbox 3537 3755 3762 3820; x_wconf 84' lang='lat' dir='ltr'><strong>edebat,</strong></span> 
     </span>
    </p>
   </div>
   <div class='ocr_carea' id='block_1_101' title="bbox 2165 3844 3765 3916">
    <p class='ocr_par' dir='ltr' id='par_1_101' title="bbox 2165 3844 3765 3916">
     <span class='ocr_line' id='line_1_101' title="bbox 2165 3844 3765 3916; baseline -0.001 -16"><span class='ocrx_word' id='word_1_756' title='bbox 2165 3857 2224 3900; x_wconf 90' lang='lat' dir='ltr'><strong>ut</strong></span> <span class='ocrx_word' id='word_1_757' title='bbox 2261 3862 2424 3916; x_wconf 88' lang='lat' dir='ltr'><strong>super</strong></span> <span class='ocrx_word' id='word_1_758' title='bbox 2457 3861 2582 3899; x_wconf 90' lang='lat' dir='ltr'><strong>eum</strong></span> <span class='ocrx_word' id='word_1_759' title='bbox 2616 3845 2822 3899; x_wconf 90' lang='lat' dir='ltr'><strong>levaret</strong></span> <span class='ocrx_word' id='word_1_760' title='bbox 2864 3844 3199 3898; x_wconf 87' lang='lat' dir='ltr'><strong>calcaneum.</strong></span> <span class='ocrx_word' id='word_1_761' title='bbox 3248 3844 3325 3897; x_wconf 92' lang='lat' dir='ltr'><strong>llli</strong></span> <span class='ocrx_word' id='word_1_762' title='bbox 3352 3845 3765 3900; x_wconf 83' lang='lat' dir='ltr'><strong>mandueahant</strong></span> 
     </span>
    </p>
   </div>
   <div class='ocr_carea' id='block_1_102' title="bbox 2165 3936 3764 4008">
    <p class='ocr_par' dir='ltr' id='par_1_102' title="bbox 2165 3936 3764 4008">
     <span class='ocr_line' id='line_1_102' title="bbox 2165 3936 3764 4008; baseline 0.001 -17"><span class='ocrx_word' id='word_1_763' title='bbox 2165 3952 2360 4008; x_wconf 89' lang='lat' dir='ltr'><strong>panem</strong></span> <span class='ocrx_word' id='word_1_764' title='bbox 2402 3937 2637 4001; x_wconf 89' lang='lat' dir='ltr'><strong>Domini,</strong></span> <span class='ocrx_word' id='word_1_765' title='bbox 2679 3937 2767 3990; x_wconf 86' lang='lat' dir='ltr'><strong>ille</strong></span> <span class='ocrx_word' id='word_1_766' title='bbox 2814 3951 3010 4006; x_wconf 83' lang='lat' dir='ltr'><strong>panem</strong></span> <span class='ocrx_word' id='word_1_767' title='bbox 3065 3936 3276 3991; x_wconf 89' lang='lat' dir='ltr'><strong>Domini</strong></span> <span class='ocrx_word' id='word_1_768' title='bbox 3323 3945 3516 3992; x_wconf 84' lang='lat' dir='ltr'><strong>contra</strong></span> <span class='ocrx_word' id='word_1_769' title='bbox 3577 3938 3764 3993; x_wconf 52' lang='lat' dir='ltr'><strong>Domi-</strong></span> 
     </span>
    </p>
   </div>
   <div class='ocr_carea' id='block_1_103' title="bbox 2165 4026 3762 4097">
    <p class='ocr_par' dir='ltr' id='par_1_103' title="bbox 2165 4026 3762 4097">
     <span class='ocr_line' id='line_1_103' title="bbox 2165 4026 3762 4097; baseline 0.001 -15"><span class='ocrx_word' id='word_1_770' title='bbox 2165 4044 2293 4082; x_wconf 91' lang='lat' dir='ltr'><strong>num</strong></span> <span class='ocrx_word' id='word_1_771' title='bbox 2323 4045 2335 4080; x_wconf 86' lang='lat'><strong>:</strong></span> <span class='ocrx_word' id='word_1_772' title='bbox 2370 4027 2446 4081; x_wconf 90' lang='lat' dir='ltr'><strong>illi</strong></span> <span class='ocrx_word' id='word_1_773' title='bbox 2481 4027 2672 4093; x_wconf 85' lang='lat' dir='ltr'><strong>vitam,</strong></span> <span class='ocrx_word' id='word_1_774' title='bbox 2723 4026 2811 4081; x_wconf 91' lang='lat' dir='ltr'><strong>ille</strong></span> <span class='ocrx_word' id='word_1_775' title='bbox 2853 4041 3090 4096; x_wconf 72' lang='lat' dir='ltr'><strong>pmnam.</strong></span> <span class='ocrx_word' id='word_1_776' title='bbox 3118 4026 3343 4094; x_wconf 79' lang='lat' dir='ltr'><strong>Amodo,</strong></span> <span class='ocrx_word' id='word_1_777' title='bbox 3393 4029 3590 4097; x_wconf 87' lang='lat' dir='ltr'><strong>inquit,</strong></span> <span class='ocrx_word' id='word_1_778' title='bbox 3640 4031 3762 4084; x_wconf 88' lang='lat' dir='ltr'><strong>dico</strong></span> 
     </span>
    </p>
   </div>
   <div class='ocr_carea' id='block_1_104' title="bbox 2166 4119 3762 4191">
    <p class='ocr_par' dir='ltr' id='par_1_104' title="bbox 2166 4119 3762 4191">
     <span class='ocr_line' id='line_1_104' title="bbox 2166 4119 3762 4191; baseline -0.001 -17"><span class='ocrx_word' id='word_1_779' title='bbox 2166 4121 2337 4186; x_wconf 76' lang='lat' dir='ltr'><strong>vobis,</strong></span> <span class='ocrx_word' id='word_1_780' title='bbox 2365 4121 2671 4191; x_wconf 70' lang='lat' dir='ltr'><strong>priusquam</strong></span> <span class='ocrx_word' id='word_1_781' title='bbox 2701 4119 2816 4188; x_wconf 76' lang='lat' dir='ltr'><strong>ﬁat,</strong></span> <span class='ocrx_word' id='word_1_782' title='bbox 2840 4128 2894 4170; x_wconf 87' lang='lat' dir='ltr'><strong>ut</strong></span> <span class='ocrx_word' id='word_1_783' title='bbox 2930 4119 3176 4185; x_wconf 88' lang='lat' dir='ltr'><strong>credatis,</strong></span> <span class='ocrx_word' id='word_1_784' title='bbox 3201 4135 3318 4172; x_wconf 80' lang='lat' dir='ltr'><strong>cum</strong></span> <span class='ocrx_word' id='word_1_785' title='bbox 3347 4121 3546 4188; x_wconf 76' lang='lat' dir='ltr'><strong>factum</strong></span> <span class='ocrx_word' id='word_1_786' title='bbox 3578 4120 3762 4189; x_wconf 76' lang='lat' dir='ltr'><strong>fuerit,</strong></span> 
     </span>
    </p>
   </div>
   <div class='ocr_carea' id='block_1_105' title="bbox 2164 4211 3765 4286">
    <p class='ocr_par' dir='ltr' id='par_1_105' title="bbox 2164 4211 3765 4286">
     <span class='ocr_line' id='line_1_105' title="bbox 2164 4211 3765 4286; baseline 0.004 -20"><span class='ocrx_word' id='word_1_787' title='bbox 2164 4215 2288 4284; x_wconf 86' lang='lat' dir='ltr'><strong>quia</strong></span> <span class='ocrx_word' id='word_1_788' title='bbox 2315 4230 2406 4284; x_wconf 88' lang='lat' dir='ltr'><strong>ego</strong></span> <span class='ocrx_word' id='word_1_789' title='bbox 2435 4230 2551 4267; x_wconf 89' lang='lat' dir='ltr'><strong>sum</strong></span> <span class='ocrx_word' id='word_1_790' title='bbox 2575 4213 2758 4286; x_wconf 82' lang='lat' dir='ltr'><strong>(Joan.</strong></span> <span class='ocrx_word' id='word_1_791' title='bbox 2784 4211 2925 4283; x_wconf 77' lang='lat' dir='ltr'><strong>xm).</strong></span> <span class='ocrx_word' id='word_1_792' title='bbox 2957 4211 3013 4266; x_wconf 74' lang='grc' dir='ltr'><strong>ιιι</strong></span> <span class='ocrx_word' id='word_1_793' title='bbox 3039 4221 3142 4279; x_wconf 87' lang='lat' dir='ltr'><strong>est,</strong></span> <span class='ocrx_word' id='word_1_794' title='bbox 3177 4228 3277 4284; x_wconf 88' lang='lat' dir='ltr'><strong>ego</strong></span> <span class='ocrx_word' id='word_1_795' title='bbox 3303 4229 3423 4268; x_wconf 91' lang='lat' dir='ltr'><strong>sum</strong></span> <span class='ocrx_word' id='word_1_796' title='bbox 3449 4215 3536 4269; x_wconf 89' lang='lat' dir='ltr'><strong>ille</strong></span> <span class='ocrx_word' id='word_1_797' title='bbox 3563 4217 3629 4270; x_wconf 90' lang='lat' dir='ltr'><strong>de</strong></span> <span class='ocrx_word' id='word_1_798' title='bbox 3653 4232 3765 4285; x_wconf 86' lang='lat' dir='ltr'><strong>quo</strong></span> 
     </span>
    </p>
   </div>
   <div class='ocr_carea' id='block_1_106' title="bbox 2168 4304 3762 4382">
    <p class='ocr_par' dir='ltr' id='par_1_106' title="bbox 2168 4304 3762 4382">
     <span class='ocr_line' id='line_1_106' title="bbox 2168 4304 3762 4382; baseline 0.001 -23"><span class='ocrx_word' id='word_1_799' title='bbox 2168 4304 2450 4375; x_wconf 78' lang='lat' dir='ltr'><strong>Scriptura</strong></span> <span class='ocrx_word' id='word_1_800' title='bbox 2475 4305 2774 4375; x_wconf 75' lang='lat' dir='ltr'><strong>praecessit,</strong></span> <span class='ocrx_word' id='word_1_801' title='bbox 2797 4304 2889 4358; x_wconf 89' lang='lat' dir='ltr'><strong>ubi</strong></span> <span class='ocrx_word' id='word_1_802' title='bbox 2923 4304 3125 4358; x_wconf 84' lang='lat' dir='ltr'><strong>dictum</strong></span> <span class='ocrx_word' id='word_1_803' title='bbox 3168 4313 3250 4359; x_wconf 89' lang='lat' dir='ltr'><strong>est</strong></span> <span class='ocrx_word' id='word_1_804' title='bbox 3289 4321 3303 4358; x_wconf 90' lang='lat'><strong>:</strong></span> <span class='ocrx_word' id='word_1_805' title='bbox 3335 4305 3438 4370; x_wconf 85' lang='lat' dir='ltr'><strong>Qui</strong></span> <span class='ocrx_word' id='word_1_806' title='bbox 3472 4307 3762 4382; x_wconf 60' lang='lat' dir='ltr'><strong>piandus-at</strong></span> 
     </span>
    </p>
   </div>
   <div class='ocr_carea' id='block_1_107' title="bbox 2170 4395 3765 4466">
    <p class='ocr_par' dir='ltr' id='par_1_107' title="bbox 2170 4395 3765 4466">
     <span class='ocr_line' id='line_1_107' title="bbox 2170 4395 3765 4466; baseline 0.002 -17"><span class='ocrx_word' id='word_1_807' title='bbox 2170 4413 2356 4466; x_wconf 79' lang='lat' dir='ltr'><strong>panem</strong></span> <span class='ocrx_word' id='word_1_808' title='bbox 2403 4412 2595 4459; x_wconf 87' lang='lat' dir='ltr'><strong>meum,</strong></span> <span class='ocrx_word' id='word_1_809' title='bbox 2640 4395 2825 4449; x_wconf 86' lang='lat' dir='ltr'><strong>levabit</strong></span> <span class='ocrx_word' id='word_1_810' title='bbox 2863 4411 3021 4463; x_wconf 86' lang='lat' dir='ltr'><strong>super</strong></span> <span class='ocrx_word' id='word_1_811' title='bbox 3065 4411 3146 4449; x_wconf 89' lang='lat' dir='ltr'><strong>me</strong></span> <span class='ocrx_word' id='word_1_812' title='bbox 3190 4396 3520 4451; x_wconf 82' lang='lat' dir='ltr'><strong>calcanenm.</strong></span> <span class='ocrx_word' id='word_1_813' title='bbox 3555 4399 3765 4454; x_wconf 81' lang='lat' dir='ltr'><strong>Deinde</strong></span> 
     </span>
    </p>
   </div>
   <div class='ocr_carea' id='block_1_108' title="bbox 2174 4485 2712 4553">
    <p class='ocr_par' dir='ltr' id='par_1_108' title="bbox 2174 4485 2712 4553">
     <span class='ocr_line' id='line_1_108' title="bbox 2174 4485 2712 4553; baseline -0.004 -13"><span class='ocrx_word' id='word_1_814' title='bbox 2174 4488 2422 4553; x_wconf 85' lang='lat' dir='ltr'><strong>sequitur</strong></span> <span class='ocrx_word' id='word_1_815' title='bbox 2446 4495 2500 4538; x_wconf 80' lang='lat' dir='ltr'><strong>et</strong></span> <span class='ocrx_word' id='word_1_816' title='bbox 2535 4485 2666 4538; x_wconf 83' lang='lat' dir='ltr'><strong>dicit</strong></span> <span class='ocrx_word' id='word_1_817' title='bbox 2699 4501 2712 4538; x_wconf 92' lang='lat'><strong>:</strong></span> 
     </span>
    </p>
   </div>
   <div class='ocr_carea' id='block_1_109' title="bbox 2246 4575 3762 4649">
    <p class='ocr_par' dir='ltr' id='par_1_109' title="bbox 2246 4575 3762 4649">
     <span class='ocr_line' id='line_1_109' title="bbox 2246 4575 3762 4649; baseline 0.005 -22"><span class='ocrx_word' id='word_1_818' title='bbox 2246 4577 2431 4640; x_wconf 79' lang='lat' dir='ltr'><strong>Amen,</strong></span> <span class='ocrx_word' id='word_1_819' title='bbox 2461 4592 2611 4628; x_wconf 87' lang='lat' dir='ltr'><strong>amen</strong></span> <span class='ocrx_word' id='word_1_820' title='bbox 2639 4575 2757 4628; x_wconf 87' lang='lat' dir='ltr'><strong>dico</strong></span> <span class='ocrx_word' id='word_1_821' title='bbox 2800 4575 2960 4640; x_wconf 75' lang='lat' dir='ltr'><strong>vobis,</strong></span> <span class='ocrx_word' id='word_1_822' title='bbox 3006 4578 3096 4647; x_wconf 82' lang='lat' dir='ltr'><strong>qui</strong></span> <span class='ocrx_word' id='word_1_823' title='bbox 3124 4579 3315 4649; x_wconf 85' lang='lat' dir='ltr'><strong>accipit</strong></span> <span class='ocrx_word' id='word_1_824' title='bbox 3341 4595 3459 4633; x_wconf 82' lang='lat' dir='ltr'><strong>eam</strong></span> <span class='ocrx_word' id='word_1_825' title='bbox 3479 4619 3494 4644; x_wconf 92' lang='lat'><strong>,</strong></span> <span class='ocrx_word' id='word_1_826' title='bbox 3521 4581 3566 4633; x_wconf 85' lang='lat' dir='ltr'><strong>si</strong></span> <span class='ocrx_word' id='word_1_827' title='bbox 3607 4597 3762 4649; x_wconf 87' lang='lat' dir='ltr'><strong>quem</strong></span> 
     </span>
    </p>
   </div>
   <div class='ocr_carea' id='block_1_110' title="bbox 2170 4665 3763 4735">
    <p class='ocr_par' dir='ltr' id='par_1_110' title="bbox 2170 4665 3763 4735">
     <span class='ocr_line' id='line_1_110' title="bbox 2170 4665 3763 4735; baseline 0.003 -16"><span class='ocrx_word' id='word_1_828' title='bbox 2170 4667 2385 4730; x_wconf 67' lang='lat' dir='ltr'><strong>misero,</strong></span> <span class='ocrx_word' id='word_1_829' title='bbox 2427 4682 2507 4719; x_wconf 87' lang='lat' dir='ltr'><strong>me</strong></span> <span class='ocrx_word' id='word_1_830' title='bbox 2533 4665 2740 4734; x_wconf 80' lang='lat' dir='ltr'><strong>accipit.</strong></span> <span class='ocrx_word' id='word_1_831' title='bbox 2766 4665 2827 4719; x_wconf 67' lang='lat' dir='ltr'><strong>&#39;ld</strong></span> <span class='ocrx_word' id='word_1_832' title='bbox 2859 4676 2965 4730; x_wconf 81' lang='lat' dir='ltr'><strong>est,</strong></span> <span class='ocrx_word' id='word_1_833' title='bbox 2993 4668 3291 4721; x_wconf 87' lang='lat' dir='ltr'><strong>secundum</strong></span> <span class='ocrx_word' id='word_1_834' title='bbox 3327 4668 3622 4722; x_wconf 85' lang='lat' dir='ltr'><strong>hominem.</strong></span> <span class='ocrx_word' id='word_1_835' title='bbox 3656 4669 3763 4735; x_wconf 82' lang='lat' dir='ltr'><strong>Qui</strong></span> 
     </span>
    </p>
   </div>
   <div class='ocr_carea' id='block_1_111' title="bbox 2176 4755 3766 4827">
    <p class='ocr_par' dir='ltr' id='par_1_111' title="bbox 2176 4755 3766 4827">
     <span class='ocr_line' id='line_1_111' title="bbox 2176 4755 3766 4827; baseline 0.003 -18"><span class='ocrx_word' id='word_1_836' title='bbox 2176 4765 2349 4809; x_wconf 86' lang='lat' dir='ltr'><strong>autem</strong></span> <span class='ocrx_word' id='word_1_837' title='bbox 2376 4772 2457 4808; x_wconf 89' lang='lat' dir='ltr'><strong>me</strong></span> <span class='ocrx_word' id='word_1_838' title='bbox 2483 4755 2692 4824; x_wconf 84' lang='lat' dir='ltr'><strong>accipit,</strong></span> <span class='ocrx_word' id='word_1_839' title='bbox 2740 4756 2930 4826; x_wconf 87' lang='lat' dir='ltr'><strong>accipit</strong></span> <span class='ocrx_word' id='word_1_840' title='bbox 2974 4772 3090 4809; x_wconf 86' lang='lat' dir='ltr'><strong>eum</strong></span> <span class='ocrx_word' id='word_1_841' title='bbox 3119 4757 3208 4827; x_wconf 90' lang='lat' dir='ltr'><strong>qui</strong></span> <span class='ocrx_word' id='word_1_842' title='bbox 3236 4757 3378 4811; x_wconf 86' lang='lat' dir='ltr'><strong>misit</strong></span> <span class='ocrx_word' id='word_1_843' title='bbox 3419 4773 3530 4822; x_wconf 88' lang='lat' dir='ltr'><strong>me,</strong></span> <span class='ocrx_word' id='word_1_844' title='bbox 3583 4758 3638 4812; x_wconf 88' lang='lat' dir='ltr'><strong>id</strong></span> <span class='ocrx_word' id='word_1_845' title='bbox 3680 4767 3766 4813; x_wconf 85' lang='lat' dir='ltr'><strong>est</strong></span> 
     </span>
    </p>
   </div>
   <div class='ocr_carea' id='block_1_112' title="bbox 2173 4845 3764 4918">
    <p class='ocr_par' dir='ltr' id='par_1_112' title="bbox 2173 4845 3764 4918">
     <span class='ocr_line' id='line_1_112' title="bbox 2173 4845 3764 4918; baseline 0.005 -20"><span class='ocrx_word' id='word_1_846' title='bbox 2173 4846 2268 4915; x_wconf 90' lang='lat' dir='ltr'><strong>qui</strong></span> <span class='ocrx_word' id='word_1_847' title='bbox 2300 4845 2494 4915; x_wconf 78' lang='lat' dir='ltr'><strong>accipit</strong></span> <span class='ocrx_word' id='word_1_848' title='bbox 2523 4861 2609 4899; x_wconf 90' lang='lat' dir='ltr'><strong>me</strong></span> <span class='ocrx_word' id='word_1_849' title='bbox 2636 4849 2931 4900; x_wconf 80' lang='lat' dir='ltr'><strong>secundum</strong></span> <span class='ocrx_word' id='word_1_850' title='bbox 2954 4845 3148 4913; x_wconf 89' lang='lat' dir='ltr'><strong>Deum,</strong></span> <span class='ocrx_word' id='word_1_851' title='bbox 3174 4847 3374 4918; x_wconf 89' lang='lat' dir='ltr'><strong>accipit</strong></span> <span class='ocrx_word' id='word_1_852' title='bbox 3394 4862 3518 4902; x_wconf 92' lang='lat' dir='ltr'><strong>eum</strong></span> <span class='ocrx_word' id='word_1_853' title='bbox 3549 4850 3642 4918; x_wconf 89' lang='lat' dir='ltr'><strong>qui</strong></span> <span class='ocrx_word' id='word_1_854' title='bbox 3675 4865 3764 4906; x_wconf 90' lang='lat' dir='ltr'><strong>me</strong></span> 
     </span>
    </p>
   </div>
   <div class='ocr_carea' id='block_1_113' title="bbox 2175 4936 3764 5007">
    <p class='ocr_par' dir='ltr' id='par_1_113' title="bbox 2175 4936 3764 5007">
     <span class='ocr_line' id='line_1_113' title="bbox 2175 4936 3764 5007; baseline 0.002 -15"><span class='ocrx_word' id='word_1_855' title='bbox 2175 4939 2344 4992; x_wconf 88' lang='lat' dir='ltr'><strong>misit.</strong></span> <span class='ocrx_word' id='word_1_856' title='bbox 2371 4936 2462 4992; x_wconf 92' lang='lat' dir='ltr'><strong>Sic</strong></span> <span class='ocrx_word' id='word_1_857' title='bbox 2486 4951 2720 5006; x_wconf 89' lang='lat' dir='ltr'><strong>namque</strong></span> <span class='ocrx_word' id='word_1_858' title='bbox 2751 4939 3121 5007; x_wconf 85' lang='lat' dir='ltr'><strong>unusquisque</strong></span> <span class='ocrx_word' id='word_1_859' title='bbox 3156 4952 3279 4992; x_wconf 90' lang='lat' dir='ltr'><strong>eum</strong></span> <span class='ocrx_word' id='word_1_860' title='bbox 3313 4938 3404 5007; x_wconf 91' lang='lat' dir='ltr'><strong>qui</strong></span> <span class='ocrx_word' id='word_1_861' title='bbox 3439 4947 3526 4993; x_wconf 86' lang='lat' dir='ltr'><strong>cst</strong></span> <span class='ocrx_word' id='word_1_862' title='bbox 3559 4941 3764 4996; x_wconf 87' lang='lat' dir='ltr'><strong>missus</strong></span> 
     </span>
    </p>
   </div>
   <div class='ocr_carea' id='block_1_114' title="bbox 2177 5031 3762 5103">
    <p class='ocr_par' dir='ltr' id='par_1_114' title="bbox 2177 5031 3762 5103">
     <span class='ocr_line' id='line_1_114' title="bbox 2177 5031 3762 5103; baseline -0.001 -15"><span class='ocrx_word' id='word_1_863' title='bbox 2177 5033 2430 5103; x_wconf 82' lang='lat' dir='ltr'><strong>accipiat,</strong></span> <span class='ocrx_word' id='word_1_864' title='bbox 2468 5041 2525 5086; x_wconf 91' lang='lat' dir='ltr'><strong>ut</strong></span> <span class='ocrx_word' id='word_1_865' title='bbox 2554 5031 2609 5085; x_wconf 77' lang='lat' dir='ltr'><strong>in</strong></span> <span class='ocrx_word' id='word_1_866' title='bbox 2639 5031 2732 5086; x_wconf 91' lang='lat' dir='ltr'><strong>illo</strong></span> <span class='ocrx_word' id='word_1_867' title='bbox 2769 5045 2894 5086; x_wconf 87' lang='lat' dir='ltr'><strong>eum</strong></span> <span class='ocrx_word' id='word_1_868' title='bbox 2920 5032 3012 5101; x_wconf 90' lang='lat' dir='ltr'><strong>qui</strong></span> <span class='ocrx_word' id='word_1_869' title='bbox 3049 5032 3198 5087; x_wconf 89' lang='lat' dir='ltr'><strong>misit</strong></span> <span class='ocrx_word' id='word_1_870' title='bbox 3233 5033 3494 5087; x_wconf 87' lang='lat' dir='ltr'><strong>attendat.</strong></span> <span class='ocrx_word' id='word_1_871' title='bbox 3529 5031 3588 5087; x_wconf 89' lang='lat' dir='ltr'><strong>Si</strong></span> <span class='ocrx_word' id='word_1_872' title='bbox 3610 5033 3762 5087; x_wconf 86' lang='lat' dir='ltr'><strong>enim</strong></span> 
     </span>
    </p>
   </div>
   <div class='ocr_carea' id='block_1_115' title="bbox 2177 5120 3760 5194">
    <p class='ocr_par' dir='ltr' id='par_1_115' title="bbox 2177 5120 3760 5194">
     <span class='ocr_line' id='line_1_115' title="bbox 2177 5120 3760 5194; baseline 0 -16"><span class='ocrx_word' id='word_1_873' title='bbox 2177 5123 2426 5178; x_wconf 87' lang='lat' dir='ltr'><strong>attendas</strong></span> <span class='ocrx_word' id='word_1_874' title='bbox 2452 5121 2731 5176; x_wconf 85' lang='lat' dir='ltr'><strong>Christum</strong></span> <span class='ocrx_word' id='word_1_875' title='bbox 2761 5121 2816 5174; x_wconf 91' lang='lat' dir='ltr'><strong>in</strong></span> <span class='ocrx_word' id='word_1_876' title='bbox 2851 5120 3035 5188; x_wconf 80' lang='lat' dir='ltr'><strong>Pet-ro,</strong></span> <span class='ocrx_word' id='word_1_877' title='bbox 3074 5121 3320 5177; x_wconf 82' lang='lat' dir='ltr'><strong>invenies</strong></span> <span class='ocrx_word' id='word_1_878' title='bbox 3343 5121 3593 5191; x_wconf 90' lang='lat' dir='ltr'><strong>discipuli</strong></span> <span class='ocrx_word' id='word_1_879' title='bbox 3615 5138 3760 5194; x_wconf 66' lang='lat' dir='ltr'><strong>prte-</strong></span> 
     </span>
    </p>
   </div>
   <div class='ocr_carea' id='block_1_116' title="bbox 2174 5212 3765 5284">
    <p class='ocr_par' dir='ltr' id='par_1_116' title="bbox 2174 5212 3765 5284">
     <span class='ocr_line' id='line_1_116' title="bbox 2174 5212 3765 5284; baseline 0 -13"><span class='ocrx_word' id='word_1_880' title='bbox 2174 5225 2474 5284; x_wconf 85' lang='lat' dir='ltr'><strong>ceptorem.</strong></span> <span class='ocrx_word' id='word_1_881' title='bbox 2511 5213 2570 5268; x_wconf 86' lang='lat' dir='ltr'><strong>Si</strong></span> <span class='ocrx_word' id='word_1_882' title='bbox 2609 5223 2788 5268; x_wconf 90' lang='lat' dir='ltr'><strong>autem</strong></span> <span class='ocrx_word' id='word_1_883' title='bbox 2827 5214 3079 5268; x_wconf 86' lang='lat' dir='ltr'><strong>attendas</strong></span> <span class='ocrx_word' id='word_1_884' title='bbox 3129 5212 3348 5268; x_wconf 76' lang='lat' dir='ltr'><strong>Patrem</strong></span> <span class='ocrx_word' id='word_1_885' title='bbox 3381 5214 3435 5268; x_wconf 87' lang='lat' dir='ltr'><strong>in</strong></span> <span class='ocrx_word' id='word_1_886' title='bbox 3481 5213 3652 5281; x_wconf 79' lang='lat' dir='ltr'><strong>Filio,</strong></span> <span class='ocrx_word' id='word_1_887' title='bbox 3685 5215 3765 5271; x_wconf 84' lang='lat' dir='ltr'><strong>iu-</strong></span> 
     </span>
    </p>
   </div>
   <div class='ocr_carea' id='block_1_117' title="bbox 2178 5305 3764 5378">
    <p class='ocr_par' dir='ltr' id='par_1_117' title="bbox 2178 5305 3764 5378">
     <span class='ocr_line' id='line_1_117' title="bbox 2178 5305 3764 5378; baseline 0.003 -17"><span class='ocrx_word' id='word_1_888' title='bbox 2178 5308 2363 5362; x_wconf 87' lang='lat' dir='ltr'><strong>venies</strong></span> <span class='ocrx_word' id='word_1_889' title='bbox 2383 5305 2647 5375; x_wconf 84' lang='lat' dir='ltr'><strong>unigeniti</strong></span> <span class='ocrx_word' id='word_1_890' title='bbox 2671 5305 2990 5376; x_wconf 80' lang='lat' dir='ltr'><strong>genitorem.</strong></span> <span class='ocrx_word' id='word_1_891' title='bbox 3021 5305 3098 5360; x_wconf 81' lang='lat' dir='ltr'><strong>Ac</strong></span> <span class='ocrx_word' id='word_1_892' title='bbox 3119 5307 3200 5360; x_wconf 91' lang='lat' dir='ltr'><strong>sic</strong></span> <span class='ocrx_word' id='word_1_893' title='bbox 3241 5307 3295 5360; x_wconf 89' lang='lat' dir='ltr'><strong>in</strong></span> <span class='ocrx_word' id='word_1_894' title='bbox 3333 5321 3400 5362; x_wconf 92' lang='lat' dir='ltr'><strong>eo</strong></span> <span class='ocrx_word' id='word_1_895' title='bbox 3427 5307 3520 5378; x_wconf 88' lang='lat' dir='ltr'><strong>qui</strong></span> <span class='ocrx_word' id='word_1_896' title='bbox 3560 5307 3764 5366; x_wconf 86' lang='lat' dir='ltr'><strong>missus</strong></span> 
     </span>
    </p>
   </div>
   <div class='ocr_carea' id='block_1_118' title="bbox 2177 5397 3470 5466">
    <p class='ocr_par' dir='ltr' id='par_1_118' title="bbox 2177 5397 3470 5466">
     <span class='ocr_line' id='line_1_118' title="bbox 2177 5397 3470 5466; baseline -0.001 -14"><span class='ocrx_word' id='word_1_897' title='bbox 2177 5407 2282 5464; x_wconf 88' lang='lat' dir='ltr'><strong>est,</strong></span> <span class='ocrx_word' id='word_1_898' title='bbox 2311 5400 2429 5454; x_wconf 86' lang='lat' dir='ltr'><strong>sine</strong></span> <span class='ocrx_word' id='word_1_899' title='bbox 2452 5399 2560 5453; x_wconf 81' lang='lat' dir='ltr'><strong>ullo</strong></span> <span class='ocrx_word' id='word_1_900' title='bbox 2596 5412 2784 5451; x_wconf 87' lang='lat' dir='ltr'><strong>errore</strong></span> <span class='ocrx_word' id='word_1_901' title='bbox 2820 5397 3116 5466; x_wconf 89' lang='lat' dir='ltr'><strong>accipimus</strong></span> <span class='ocrx_word' id='word_1_902' title='bbox 3145 5398 3470 5453; x_wconf 83' lang='lat' dir='ltr'><strong>mittentem.</strong></span> 
     </span>
    </p>
   </div>
   <div class='ocr_carea' id='block_1_119' title="bbox 2251 5485 3764 5558">
    <p class='ocr_par' dir='ltr' id='par_1_119' title="bbox 2251 5485 3764 5558">
     <span class='ocr_line' id='line_1_119' title="bbox 2251 5485 3764 5558; baseline -0.003 -14"><span class='ocrx_word' id='word_1_903' title='bbox 2251 5488 2382 5544; x_wconf 85' lang='lat' dir='ltr'><strong>Cum</strong></span> <span class='ocrx_word' id='word_1_904' title='bbox 2407 5490 2519 5544; x_wconf 78' lang='lat' dir='ltr'><strong>Iure</strong></span> <span class='ocrx_word' id='word_1_905' title='bbox 2548 5487 2762 5541; x_wconf 74' lang='lat' dir='ltr'><strong>dixisset</strong></span> <span class='ocrx_word' id='word_1_906' title='bbox 2785 5487 2961 5551; x_wconf 76' lang='lat' dir='ltr'><strong>Iesus,</strong></span> <span class='ocrx_word' id='word_1_907' title='bbox 3000 5487 3241 5541; x_wconf 79' lang='lat' dir='ltr'><strong>turbatus</strong></span> <span class='ocrx_word' id='word_1_908' title='bbox 3273 5497 3348 5542; x_wconf 87' lang='lat' dir='ltr'><strong>est</strong></span> <span class='ocrx_word' id='word_1_909' title='bbox 3377 5488 3588 5558; x_wconf 87' lang='lat' dir='ltr'><strong>spiritu.</strong></span> <span class='ocrx_word' id='word_1_910' title='bbox 3621 5485 3764 5556; x_wconf 83' lang='lat' dir='ltr'><strong>Quid</strong></span> 
     </span>
    </p>
   </div>
   <div class='ocr_carea' id='block_1_120' title="bbox 2179 5576 3767 5650">
    <p class='ocr_par' dir='ltr' id='par_1_120' title="bbox 2179 5576 3767 5650">
     <span class='ocr_line' id='line_1_120' title="bbox 2179 5576 3767 5650; baseline -0.003 -13"><span class='ocrx_word' id='word_1_911' title='bbox 2179 5590 2450 5650; x_wconf 78' lang='lat' dir='ltr'><strong>estergo,</strong></span> <span class='ocrx_word' id='word_1_912' title='bbox 2482 5577 2626 5647; x_wconf 88' lang='lat' dir='ltr'><strong>quod</strong></span> <span class='ocrx_word' id='word_1_913' title='bbox 2666 5576 2758 5632; x_wconf 86' lang='lat' dir='ltr'><strong>ille</strong></span> <span class='ocrx_word' id='word_1_914' title='bbox 2800 5578 3051 5632; x_wconf 69' lang='lat' dir='ltr'><strong>turbatus</strong></span> <span class='ocrx_word' id='word_1_915' title='bbox 3096 5586 3220 5644; x_wconf 86' lang='lat' dir='ltr'><strong>est,</strong></span> <span class='ocrx_word' id='word_1_916' title='bbox 3268 5578 3374 5632; x_wconf 84' lang='lat' dir='ltr'><strong>nisi</strong></span> <span class='ocrx_word' id='word_1_917' title='bbox 3416 5577 3553 5647; x_wconf 79' lang='lat' dir='ltr'><strong>quia</strong></span> <span class='ocrx_word' id='word_1_918' title='bbox 3609 5576 3767 5632; x_wconf 82' lang='lat' dir='ltr'><strong>iniit-</strong></span> 
     </span>
    </p>
   </div>
   <div class='ocr_carea' id='block_1_121' title="bbox 2173 5668 3761 5738">
    <p class='ocr_par' dir='ltr' id='par_1_121' title="bbox 2173 5668 3761 5738">
     <span class='ocr_line' id='line_1_121' title="bbox 2173 5668 3761 5738; baseline -0.003 -9"><span class='ocrx_word' id='word_1_919' title='bbox 2173 5687 2291 5728; x_wconf 84' lang='lat' dir='ltr'><strong>mos</strong></span> <span class='ocrx_word' id='word_1_920' title='bbox 2346 5673 2399 5726; x_wconf 89' lang='lat' dir='ltr'><strong>in</strong></span> <span class='ocrx_word' id='word_1_921' title='bbox 2451 5685 2550 5725; x_wconf 88' lang='lat' dir='ltr'><strong>suo</strong></span> <span class='ocrx_word' id='word_1_922' title='bbox 2586 5683 2834 5738; x_wconf 86' lang='lat' dir='ltr'><strong>corpore,</strong></span> <span class='ocrx_word' id='word_1_923' title='bbox 2859 5669 2961 5725; x_wconf 87' lang='lat' dir='ltr'><strong>hoc</strong></span> <span class='ocrx_word' id='word_1_924' title='bbox 2987 5679 3095 5737; x_wconf 87' lang='lat' dir='ltr'><strong>est,</strong></span> <span class='ocrx_word' id='word_1_925' title='bbox 3125 5671 3178 5723; x_wconf 92' lang='lat' dir='ltr'><strong>in</strong></span> <span class='ocrx_word' id='word_1_926' title='bbox 3207 5683 3306 5724; x_wconf 86' lang='lat' dir='ltr'><strong>sua</strong></span> <span class='ocrx_word' id='word_1_927' title='bbox 3351 5668 3619 5736; x_wconf 81' lang='lat' dir='ltr'><strong>Ecclesia,</strong></span> <span class='ocrx_word' id='word_1_928' title='bbox 3649 5682 3761 5724; x_wconf 79' lang='lat' dir='ltr'><strong>suat</strong></span> 
     </span>
    </p>
   </div>
  </div>
