3978 6418
270 340 380 398 205

1086 334 1604 392 COLLECTIONES
1642 335 1706 391 IN
1747 335 2128 394 EPISTOLAS
2164 338 2252 394 ET
2296 337 2708 397 EVANGELIA.

3438 344 3545 400 206

273 447 606 506 inﬁrmitatis
655 444 956 502 voluntaria
1007 444 1357 502 similitudine
1393 444 1704 500 consolatus
1745 453 1846 501 est.
1881 445 1930 506 A
1957 443 2025 498 Et
2047 444 2212 512 Deus,
2237 447 2431 516 inquit,
2460 449 2783 518 clariﬁcatus
2804 459 2878 506 est
2907 451 2960 505 in
3002 468 3081 506 eo.
3111 445 3230 524 Ipsa
3258 454 3405 511 enim
3437 455 3547 511 cla-

273 541 498 609 Quando
543 539 816 603 turbatur,
846 538 940 607 qui
993 551 1100 591 non
1155 537 1472 592 turbaretur
1507 536 1613 596 nisi
1644 536 1852 602 volens,

274 647 399 686 eum
427 629 744 685 consolatur
765 628 857 697 qui
890 627 1141 681 turbatur
1170 633 1227 680 et
1252 625 1464 681 nolens.

345 720 674 791 Aspiciebant
700 735 823 790 ergo
853 717 1146 772 adinoicem
1175 715 1438 786 discipuli,
1467 717 1770 772 [imitantes
1791 717 1857 772 de

271 827 374 880 quo
393 810 611 875 diceret,
637 817 702 865 et‘
717 807 943 877 reliqua.
977 806 1070 862 Sic
1115 805 1315 876 quippe
1363 805 1418 860 in
1445 806 1527 862 eis
1576 814 1698 861 erat
1726 822 1856 877 erga

272 899 593 971 magistrum
643 913 799 953 suum
842 897 930 968 pia
983 896 1245 961 charitas,
1291 904 1350 950 ut
1384 904 1566 952 tamen
1612 911 1708 953 eos
1757 898 1856 953 lm-

272 1006 438 1060 mana
467 990 699 1047 alterum
747 989 814 1043 de
842 988 1013 1041 altero
1043 987 1350 1042 stimularet
1377 987 1684 1044 inﬁrmitas.
1717 987 1854 1045 Nota

270 1081 486 1149 quidem
515 1078 619 1132 sibi
642 1085 761 1133 erat
787 1075 1047 1146 cujusque
1075 1075 1429 1142 conscientia,
1453 1087 1850 1144 verumtamen,

269 1172 392 1241 quia
429 1170 662 1242 proximi
689 1177 808 1223 erat
851 1169 1052 1240 ignota,
1083 1169 1157 1223 ita
1196 1169 1298 1224 sibi
1325 1169 1572 1240 singulus
1619 1172 1852 1242 quisque

269 1273 452 1318 certus
473 1271 612 1327 erat,
645 1269 702 1314 ut
746 1261 936 1314 incerti
977 1267 1180 1324 essent,
1204 1269 1258 1314 et
1281 1261 1497 1314 cmteris
1529 1259 1748 1332 singuli,
1798 1270 1854 1318 et

269 1353 496 1422 singulis
521 1351 724 1408 emteri.
758 1350 891 1404 Erat
927 1367 1048 1419 ergo
1080 1350 1382 1404 recumbens
1415 1366 1551 1405 unus
1595 1367 1662 1405 ea:
1694 1351 1856 1405 disci-

266 1447 404 1518 pulis
425 1447 538 1516 ejus
579 1447 636 1500 in
658 1446 777 1500 sitm
797 1443 946 1498 Iesu.
994 1443 1096 1510 Qui
1123 1442 1260 1497 dixit
1285 1445 1343 1496 in
1373 1444 1515 1511 sinu,
1544 1443 1703 1515 paulo
1732 1455 1854 1514 post

268 1540 366 1603 ait,
422 1553 578 1608 super
606 1545 800 1606 pectus,
838 1535 955 1605 ipse
983 1543 1066 1589 est
1101 1532 1368 1598 Joannes,
1422 1533 1578 1603 cuius
1627 1544 1712 1591 est
1749 1537 1853 1593 hoc

266 1629 637 1701 Evangelium.
665 1626 853 1696 Itaque
891 1641 1014 1682 cum
1045 1628 1408 1692 recubuisset,
1434 1628 1509 1682 ait
1547 1627 1657 1694 ille,
1689 1643 1851 1700 supra

265 1732 458 1793 peetus
493 1718 643 1785 Iesu,
681 1717 770 1774 bie
808 1727 893 1775 est
913 1720 1102 1789 utique
1129 1720 1366 1790 pectoris
1391 1721 1542 1776 sinus
1572 1722 1852 1792 sapientiae

1963 536 2193 594 riﬁcatio
2221 537 2434 594 estFilii
2470 541 2726 608 hominis,
2752 550 2812 597 ut
2853 544 2996 599 Deus
3025 543 3352 601 clariﬁcetur
3373 547 3428 603 in
3457 562 3544 604 eo.

1960 624 2030 680 Et
2063 630 2344 694 continuo,
2383 629 2598 700 inquit,
2645 631 2954 702 clariﬁcauit
2994 651 3115 690 eum
3137 674 3154 702 ,
3194 638 3547 695 resurrectio-

1958 731 2083 773 nem
2127 718 2336 776 scilicet
2363 735 2517 778 suam
2541 761 2557 787 ,
2586 737 2694 778 non
2720 723 2862 780 sicut
2904 735 3149 782 nostram
3194 727 3248 783 in
3291 727 3401 786 ﬁne
3439 745 3544 785 sae-

1958 806 2094 873 culi,
2139 809 2234 864 sed
2262 810 2520 868 continuo
2568 809 2806 868 futuram
2841 812 2944 870 hac
2980 815 3329 873 attestatione
3351 817 3548 890 pracdi-

1957 912 2106 954 cens.
2768 950 2776 961 .

2028 985 2236 1056 Filioli,
2261 989 2434 1045 adhuc
2456 991 2721 1046 modicum
2747 993 3008 1049 vobiscum
3029 1011 3167 1050 sum.
3190 993 3270 1053 Ne
3285 1005 3547 1068 putarent

1953 1093 2108 1150 ergo,
2139 1080 2282 1150 quod
2306 1081 2387 1138 sic
2409 1095 2536 1136 eum
2563 1081 2963 1140 elariﬁcaturus
2992 1093 3138 1144 esset
3157 1085 3320 1155 Deus,
3349 1097 3546 1148 utnon

1953 1168 2036 1223 eis
2062 1169 2486 1241 conjungeretur
2510 1171 2740 1229 ulterius
2783 1188 2846 1230 ea
2881 1178 3297 1236 conversatione
3338 1193 3447 1251 qua
3488 1181 3547 1238 in

1957 1269 2104 1316 terra
2131 1270 2258 1317 est:
2315 1261 2523 1329 Adhuc,
2551 1264 2748 1335 inquit,
2796 1267 3062 1323 modicum
3092 1270 3357 1326 uobiscum
3399 1288 3544 1341 sunt,

1956 1361 2214 1423 tanquam
2236 1352 2469 1408 diceret:
2489 1353 2760 1410 Continuo
2781 1356 3000 1426 quidem
3015 1359 3418 1417 resurrectione
3439 1361 3548 1418 cla-

1954 1445 2228 1512 riﬁcabor,
2247 1461 2355 1502 non
2389 1456 2570 1503 tamen
2595 1449 2852 1506 continuo
2878 1464 3207 1510 ascensurus
3242 1451 3298 1507 in
3319 1453 3543 1519 omium,

1954 1538 2050 1593 sed
2069 1539 2246 1594 adhuc
2267 1539 2541 1595 modicum
2570 1539 2847 1596 vobiscum
2877 1555 3020 1608 sum,
3053 1541 3197 1598 sicut
3223 1543 3369 1599 enim
3408 1543 3546 1600 scri—

1953 1637 2105 1698 ptum
2130 1637 2216 1686 est
2249 1629 2305 1684 in
2330 1629 2544 1685 actibus
2569 1629 2955 1700 Apostolorum
2982 1630 3134 1703 (Cap.
3162 1631 3239 1706 ι),
3263 1632 3394 1690 fecit
3418 1649 3544 1690 cum

1952 1721 2034 1776 eis
2055 1729 2179 1792 post
2204 1722 2666 1781 resurrectionem
2693 1723 3056 1796 quadraginta
3086 1725 3222 1792 dies,
3251 1726 3466 1784 intrans
3485 1737 3543 1783 et

266 1822 555 1880 secretum,
585 1814 716 1869 dicit
736 1814 786 1868 ei
816 1831 829 1867 :
855 1813 1098 1880 Domine,
1119 1815 1235 1886 quis
1274 1815 1390 1868 est?
1413 1813 1713 1884 Respondit
1756 1815 1848 1871 Je-
1879 1802 1925 1864 Β
1949 1812 2162 1880 exiens,
2191 1813 2529 1870 manducans
2559 1821 2618 1870 et
2661 1813 2882 1880 bibens,
2911 1828 3021 1872 non
3061 1815 3281 1886 quidem
3333 1817 3542 1878 habent

266 1924 363 1963 sus
396 1906 534 1960 :llle
580 1916 653 1960 est
681 1907 766 1960 cui
809 1905 1087 1960 intinctam
1139 1921 1327 1975 panem
1373 1922 1690 1976 porrexero;
1731 1922 1851 1960 cum

265 1999 560 2052 intinxisset
581 2011 805 2068 panem,
835 1996 978 2050 dedit
1004 1995 1163 2050 Iuda:
1188 2008 1206 2047 :
1229 2003 1353 2066 post
1378 2010 1576 2068 panem
1605 1996 1854 2052 introivit

266 2088 322 2143 in
370 2088 518 2143 illum
567 2086 816 2143 Satanas.
871 2086 1172 2156 Expressae
1217 2094 1302 2141 est
1335 2087 1588 2153 traditur,
1637 2087 1853 2144 nudatae

265 2187 394 2233 sunt
430 2177 652 2233 latebrae
691 2177 1057 2232 tenebrarum.
1083 2176 1292 2232 Bonum
1319 2185 1406 2232 est
1446 2177 1588 2248 quod
1621 2179 1850 2250 accepit,

264 2272 362 2328 sed
419 2272 559 2326 malo
607 2286 706 2326 suo
746 2271 990 2341 accepit,
1049 2271 1179 2341 quia
1234 2272 1378 2328 male
1431 2265 1854 2329 bonum-malus

265 2364 493 2434 accepit.
524 2363 664 2431 Quid
691 2372 812 2419 erat
841 2371 1022 2418 autem
1049 2363 1208 2434 panis
1238 2364 1488 2419 tradituri
1517 2365 1674 2420 datus
1693 2406 1708 2431 ,
1747 2365 1852 2421 nisi

265 2453 654 2508 demonstratio
706 2453 794 2508 cui
837 2453 1024 2522 gratia:
1053 2452 1252 2508 fuisset
1298 2453 1580 2524 ingratus?
1626 2455 1855 2509 Intravit

264 2559 398 2615 ergo
449 2546 653 2600 homini
696 2545 908 2616 ingrato
958 2546 1116 2615 panis
1147 2545 1202 2600 in
1237 2555 1516 2613 ventrem,
1577 2548 1749 2603 hostis
1796 2548 1852 2603 in

265 2644 521 2691 mentem.
575 2636 642 2690 Et
688 2636 819 2691 dicit
847 2636 895 2690 ei
929 2635 1088 2691 Jesus
1117 2650 1132 2690 :
1165 2635 1321 2702 Quod
1354 2637 1487 2707 facis
1513 2637 1621 2708 Tac
1673 2640 1848 2693 citius.

266 2725 383 2781 Non
424 2727 683 2798 praecepit
711 2725 952 2793 facinus,
1005 2727 1100 2782 sed
1145 2728 1393 2796 praedixit
1428 2727 1579 2784 Judae
1625 2729 1849 2794 malum,

267 2817 424 2871 nobis
476 2817 698 2880 bonum,
749 2831 858 2872 non
907 2827 1016 2872 tam
1069 2817 1124 2872 in
1169 2819 1464 2888 perniciem
1503 2819 1694 2889 perﬁdi
1753 2835 1853 2874 sa:-

265 2909 480 2974 vicndo,
533 2923 694 2978 quam
725 2908 793 2963 ad
830 2907 1061 2963 salutem
1103 2907 1344 2963 ﬁdelium
1395 2907 1722 2975 festinando,
1762 2909 1853 2963 ille

266 3003 460 3066 agebat
499 3001 772 3076 negotium
821 3016 938 3080 sum.
964 2991 1325 3067 venditionis,
1374 3002 1478 3057 iste
1529 3010 1728 3058 nostra
1759 3019 1852 3057 re-

263 3092 608 3164 demptionis.

1949 1903 2225 1959 esuriendi
2264 1919 2328 1960 ac
2370 1902 2589 1961 sitiendi
2633 1912 2953 1974 egestatem,
2997 1905 3094 1961 sed
3127 1921 3300 1976 usque
3335 1908 3405 1963 ad
3434 1907 3541 1963 ista

1951 1993 2135 2050 carnis
2180 1993 2465 2052 insinuans
2489 1993 2799 2061 veritatem,
2830 2009 2952 2065 quae
2985 1995 3205 2058 cibandi
3232 2012 3297 2054 ac
3313 1997 3541 2067 potandi

1945 2087 2060 2158 jam
2103 2102 2214 2143 non
2243 2086 2478 2143 habebat
2498 2086 2907 2157 necessitatem,
2932 2087 3030 2146 sed
3059 2095 3403 2158 potestatem.
3430 2089 3544 2150 Hos

1949 2194 2082 2251 ergo
2125 2178 2483 2250 quadraginta
2527 2177 2646 2234 dies
2693 2177 3020 2250 signiﬁcavit
3058 2179 3329 2236 dicendo:
3357 2180 3544 2237 Adhuc

1951 2267 2216 2322 modicum
2265 2266 2530 2322 uobiscum
2558 2283 2700 2332 sum,
2747 2282 2818 2322 an
2868 2267 3019 2324 aliud
3060 2268 3302 2340 aliquid?
3351 2256 3558 2327 Potest

1949 2357 2098 2412 enim
2127 2365 2183 2413 et
2213 2357 2295 2412 sic
2320 2356 2570 2429 intelligi,
2597 2357 2777 2417 adhuc
2797 2359 3069 2415 modicum
3089 2359 3370 2416 vobiscum
3396 2375 3538 2416 sum.

1950 2449 2145 2505 Adhuc
2191 2449 2332 2506 sicut
2360 2465 2458 2504 vos
2504 2449 2561 2504 in
2607 2449 2714 2506 hac
2771 2449 3091 2506 inﬁrmitate
3135 2449 3323 2507 carnis
3374 2451 3544 2508 etiam

1952 2543 2070 2612 ipse
2090 2557 2230 2608 sum,
2245 2542 2419 2598 donec
2445 2541 2655 2598 scilicet
2680 2550 2991 2598 moreretur
3011 2551 3180 2613 atque
3206 2553 3540 2617 resurgeret,

1950 2633 2081 2703 quia
2126 2641 2485 2705 posteaquam
2525 2633 2849 2700 resurrexit,
2883 2649 3008 2692 cum
3049 2634 3158 2691 illis
3199 2635 3419 2706 quidem
3441 2633 3549 2692 fuit

1953 2726 2166 2793 diebus,
2194 2735 2254 2780 nt
2276 2727 2483 2782 dictum
2506 2734 2628 2792 est,
2658 2725 3022 2799 quadraginta
3064 2727 3401 2786 exhibitione
3425 2743 3548 2785 cor-

1949 2817 2156 2888 poralis
2190 2817 2516 2889 prmsentizn,
2547 2818 2644 2872 sed
2687 2832 2795 2872 non
2823 2831 2949 2872 eum
2990 2815 3099 2872 iliis
3123 2815 3230 2872 fuit
3267 2818 3548 2874 consortio

1949 2908 2289 2964 inﬁrmitatis
2311 2909 2582 2963 humanm.

2025 2999 2276 3066 Quaeritis
2297 3016 2398 3065 me,
2431 3008 2479 3054 et
2527 3001 2663 3054 sicut
2687 3000 2800 3055 dixi
2826 3000 3055 3066 Iudaeis,
3091 3015 3198 3070 quo
3237 3017 3331 3072 ego
3374 3001 3508 3056 uado
3528 3041 3546 3068 ,

1949 3107 2041 3146 eos
2079 3107 2186 3148 non
2207 3092 2421 3162 potestis
2453 3091 2642 3155 venire,
2668 3101 2718 3145 et
2765 3091 2908 3148 vobis
2934 3091 3054 3146 dico
3097 3089 3274 3148 modo.
3301 3091 3416 3149 lloe
3439 3101 3546 3161 est,

339 3152 469 3238 Hinc
499 3195 672 3239 autem
720 3199 869 3238 nemo
914 3183 1064 3238 scivit
1114 3183 1571 3249 discumbentium,
1619 3184 1690 3238 ad
1717 3185 1845 3257 quid
1875 3152 1920 3217 Ο
1952 3183 2114 3238 modo
2140 3152 2248 3237 non
2294 3182 2546 3252 potestis.
2580 3152 2673 3238 Isti
2700 3182 2887 3252 itaque
2933 3198 3040 3238 non
3071 3190 3328 3253 poterant
3361 3152 3550 3242 venire

267 3274 459 3328 dixe-rit
486 3273 552 3340 ei,
581 3274 798 3346 quidam
843 3274 982 3329 enim
1008 3274 1294 3344 putabant,
1323 3275 1464 3346 quod
1512 3273 1714 3331 loculos
1753 3275 1848 3330 Ita-

268 3365 447 3430 bebat,
481 3372 588 3420 etc.
615 3365 786 3420 Habet
805 3380 935 3437 ergo
953 3371 1010 3420 et
1042 3364 1302 3420 Dominus
1327 3363 1552 3431 loculos,
1575 3373 1631 3420 et
1659 3380 1690 3418 a
1717 3365 1850 3420 ﬁde-

268 3458 409 3513 libus
443 3458 618 3514 oblata
640 3473 986 3525 conservans,
1009 3468 1065 3513 et
1091 3474 1313 3514 suorum
1335 3458 1770 3524 necessitatibus,
1796 3466 1853 3512 et

268 3551 390 3609 aliis
418 3550 781 3622 indigentibus
817 3551 1110 3607 tribuebat.
1157 3551 1310 3608 Tunc
1357 3553 1575 3624 quidem
1610 3553 1849 3623 primum

268 3644 658 3702 Ecclesiasticte
686 3646 928 3717 pecunia:
964 3645 1139 3701 forma
1185 3655 1269 3702 est
1318 3647 1586 3711 instituta,
1621 3646 1712 3702 ubi
1763 3647 1850 3700 in-

269 3736 654 3808 telligeremus,
688 3739 829 3806 quod
854 3737 1144 3807 prmeepit,
1177 3753 1284 3793 non
1339 3738 1684 3811 cogitandum
1731 3751 1851 3792 esse

269 3827 334 3882 de
364 3827 622 3893 crastino,
654 3843 761 3882 non
792 3828 858 3882 ad
903 3827 1006 3882 hoc
1044 3826 1214 3884 fuisse
1241 3836 1592 3900 prmeeptum,
1630 3835 1692 3882 ut
1719 3828 1851 3882 nihil

268 3922 511 3990 pecuniae
565 3919 874 3977 servaretur
902 3937 933 3976 a
962 3923 1185 3988 sanctis,
1224 3921 1318 3978 sed
1363 3937 1432 3976 ne
1461 3922 1571 3976 Deo
1617 3935 1717 3992 pro
1746 3920 1851 3975 ista

267 4016 568 4082 serviatur,
610 4024 664 4072 et
708 4024 930 4087 propter
966 4016 1158 4087 impia:
1209 4017 1462 4070 timorem
1499 4012 1713 4082 iustitia
1758 4013 1852 4068 de-

267 4115 501 4164 seratur.
532 4107 666 4161 Nam
716 4123 839 4162 cum
890 4109 1189 4179 accepisset
1230 4107 1316 4163 ille
1361 4106 1678 4171 buccellam,
1720 4107 1854 4162 exiit

263 4197 563 4264 continuo,
620 4204 739 4253 erat
794 4213 921 4253 nox.
960 4198 1094 4254 Cum
1145 4213 1276 4271 ergo
1325 4199 1538 4264 exiret,
1595 4213 1720 4252 mox
1776 4198 1854 4250 ait

269 4287 428 4345 Iesus
461 4308 473 4344 :

346 4379 498 4434 Nunc
527 4379 851 4450 clari/iectus
877 4381 999 4437 estF
1001 4383 1120 4438 ilius
1147 4381 1392 4434 hominis.
1425 4380 1550 4436 Dies
1593 4394 1724 4451 ergo
1748 4379 1852 4435 diei

1951 3281 2082 3328 tunc
2104 3288 2213 3344 quo
2257 3272 2347 3328 ille
2374 3273 2510 3339 ibat,
2540 3274 2638 3330 sed
2686 3281 2945 3343 poterant
2988 3282 3198 3344 postea.
3231 3273 3349 3332 Non
3379 3275 3548 3346 igitur

1948 3365 2128 3420 adhuc
2173 3365 2352 3421 minus
2387 3366 2568 3422 idonei
2614 3373 2775 3421 erant
2807 3366 2963 3435 sequi
3001 3366 3314 3437 Dominum,
3344 3383 3547 3440 eosque

1950 3455 2172 3523 docens,
2209 3457 2481 3528 quomodo
2511 3457 2690 3512 idonei
2731 3471 2854 3513 esse
2895 3466 3122 3527 possent
3154 3473 3410 3532 pergere,
3439 3477 3547 3531 quo

1951 3546 2041 3603 ille
2062 3547 2422 3603 antecedebat
2441 3567 2452 3601 :
2473 3546 2811 3614 Mandatum,
2839 3547 3035 3618 inquit,
3071 3565 3260 3604 novum
3289 3551 3359 3606 do
3385 3552 3545 3618 vobis,

1949 3646 2008 3692 ut
2028 3638 2264 3709 diligatis
2291 3639 2533 3704 invicem,
2565 3639 2703 3694 sicut
2750 3638 2914 3696 dilexi
2941 3656 3049 3704 vos,
3076 3639 3132 3695 hi
3174 3650 3302 3698 sunt
3329 3657 3550 3712 gressus

1951 3731 2150 3800 quibus
2177 3732 2486 3801 sequendus
2509 3740 2594 3787 est
2621 3732 2892 3789 Christus.
2934 3733 3163 3790 Dilectio
3193 3733 3300 3788 ista
3337 3749 3439 3790 nos
3465 3734 3551 3789 in-

1953 3833 2137 3889 novat,
2171 3833 2233 3880 ut
2258 3826 2430 3881 simus
2465 3827 2712 3884 homines
2753 3827 2909 3893 novi,
2942 3828 3186 3884 haeredes
3217 3829 3549 3894 testamenti,

1953 3915 2079 3969 novi
2107 3924 2414 3972 eantatores
2444 3918 2643 3973 cantici
2673 3919 2818 3974 novi.

2027 4008 2166 4064 Dicit
2190 4009 2238 4061 ei
2261 4008 2449 4064 Simon
2473 4007 2666 4066 Petrus
2691 4025 2710 4062 :
2727 4011 2972 4079 Domine,
2999 4030 3101 4084 quo
3121 4012 3291 4080 uadis,
3313 4021 3423 4074 etc.
3459 4012 3553 4070 Sic

1953 4099 2140 4169 utique
2179 4101 2284 4156 hoc
2323 4101 2461 4157 dixit
2517 4102 2777 4174 magistro
2836 4105 3154 4176 discipulus,
3213 4114 3271 4161 et
3317 4105 3548 4164 Domino

1954 4207 2166 4257 servus,
2200 4203 2457 4264 tanquam
2510 4196 2662 4264 sequi
2711 4205 2957 4266 paratus,
3001 4209 3293 4268 propterea
3344 4199 3548 4270 quippe

1955 4284 2232 4351 Dominus,
2257 4287 2348 4356 qui
2384 4287 2503 4357 ejus
2527 4287 2768 4341 animum
2797 4288 2952 4355 vidit,
2981 4303 3151 4358 quare
3181 4289 3285 4345 hoc
3313 4289 3552 4347 interro-

1953 4378 2180 4450 gaverit,
2207 4379 2287 4434 sie
2309 4379 2359 4433 ei
2386 4379 2665 4449 respondit
2699 4397 2710 4432 :
2740 4378 2856 4444 Quo
2882 4396 2976 4451 ego
3003 4383 3137 4434 uado
3167 4397 3272 4436 non
3292 4391 3438 4452 potes
3465 4400 3548 4439 me

270 4470 860 4535 eructavitverbum,id
883 4479 984 4535 est,
1013 4469 1260 4526 Christus
1281 4469 1560 4542 discipulis
1583 4469 1851 4536 ﬁdelibus,
1880 4511 1932 4570 Β
1956 4471 2100 4542 sequi
2133 4470 2304 4524 modo.
2354 4469 2494 4536 Quid
2541 4470 2787 4537 festinas,
2813 4470 3006 4526 Petrei
3055 4471 3302 4527 Nondum
3363 4481 3414 4529 te
3450 4489 3553 4531 suo

271 4566 330 4612 ut
359 4559 607 4614 audirent
635 4575 758 4614 eum
791 4568 846 4615 et
878 4568 1123 4615 amarunt
1149 4562 1442 4631 sequendo.
1475 4560 1544 4615 Et
1573 4576 1680 4616 nox
1708 4561 1853 4616 nocti

271 4649 610 4704 annuntiavit
638 4650 941 4718 scientiam,
973 4651 1026 4706 id
1067 4660 1170 4718 est,
1208 4651 1375 4708 ludas
1404 4651 1602 4708 Judzeis
1627 4653 1858 4709 inﬁdeli—

270 4741 392 4806 bus,
428 4748 488 4794 ut
518 4741 769 4795 venirent
806 4741 873 4795 ad
903 4756 1026 4796 eum
1079 4750 1133 4797 et
1159 4743 1625 4814 apprehenderent
1674 4757 1860 4798 uerse—

272 4833 504 4903 quendo.

348 4923 522 4991 Nunc,
559 4924 758 4995 inquit,
785 4923 1106 4995 clariﬁcatus
1134 4923 1259 4980 estF
1261 4925 1376 4982 ilius
1410 4926 1658 4981 hominis.
1692 4925 1861 4981 Video

272 5019 362 5074 hic
382 5019 753 5091 aliquid‘quod
775 5020 1083 5092 praeﬁguret
1104 5035 1382 5092 magnum.
1415 5020 1562 5075 Exiit
1585 5018 1774 5084 Judas,
1799 5027 1855 5074 et

273 5109 600 5166 clariﬁcatus
626 5119 710 5166 est
732 5109 889 5167 Iesus
909 5127 926 5166 :
949 5112 1084 5166 exiit
1106 5111 1247 5167 ﬁlius
1268 5111 1609 5184 perditionis,
1624 5119 1680 5166 et
1692 5111 1853 5166 clari-

273 5201 465 5257 ﬁcatus
492 5212 576 5256 est
605 5201 746 5258 illius
765 5203 1017 5258 hominis.
1044 5201 1136 5258 Ille
1161 5203 1359 5273 quippe
1388 5203 1618 5267 exierat,
1635 5210 1858 5272 propter

273 5307 433 5362 quem
465 5292 666 5348 dictum
691 5293 772 5348 eis
813 5302 964 5358 erat,
994 5302 1052 5349 et
1076 5308 1174 5349 vos
1201 5294 1384 5349 mundi
1431 5293 1585 5358 estis,
1625 5294 1720 5348 sed
1749 5309 1856 5349 non

271 5400 483 5439 omnes.
511 5383 756 5440 Exeunte
788 5385 973 5456 itaque
1001 5385 1302 5452 immundo,
1329 5400 1519 5441 omnes
1556 5386 1741 5442 mundi
1774 5401 1858 5440 re-

273 5484 610 5543 manserunt,
633 5483 688 5530 et
727 5491 855 5532 cum
878 5491 980 5532 suo
1008 5477 1330 5533 mundature
1363 5485 1698 5532 manserunt.
1729 5476 1860 5532 Tale

274 5566 476 5637 aliquid
491 5565 618 5633 erit,
641 5580 766 5621 cum
784 5567 960 5622 victus
991 5583 1022 5621 a
1048 5566 1269 5623 Christo
1290 5569 1572 5624 transierit
1593 5569 1683 5624 hic
1711 5584 1861 5623 mun-

275 5657 395 5722 dus,
418 5664 477 5712 et
499 5670 660 5712 nemo
700 5655 754 5711 in
800 5657 1000 5728 populo
1046 5656 1251 5713 Christi
1290 5660 1594 5716 remanebit
1635 5659 1864 5715 immun-

274 5751 391 5828 dus,
447 5747 544 5806 sed
582 5749 721 5805 sicut
753 5751 832 5806 sol
875 5731 1156 5823 fulgebunt
1204 5752 1258 5807 in
1315 5768 1478 5826 regno
1515 5754 1696 5810 Patris
1738 5756 1860 5811 sui:

1963 4563 2156 4632 spiritu
2190 4561 2445 4617 solidavit
2474 4571 2650 4632 petra,
2675 4563 2785 4618 noli
2810 4563 2998 4618 extolli
3019 4563 3550 4633 presumendomon

1962 4662 2118 4725 potes
2147 4654 2338 4718 modo,
2373 4653 2480 4708 noli
2529 4651 2688 4722 dejici
2717 4653 3080 4724 desperando,
3108 4655 3354 4725 sequeris
3397 4664 3553 4727 post—

1965 4761 2050 4801 ea.
2097 4747 2164 4801 Et
2209 4745 2401 4801 Petrus
2434 4763 2446 4800 :
2481 4745 2671 4812 Quare“
2703 4757 2752 4800 te
2788 4762 2890 4800 non
2919 4762 3129 4817 possunt
3161 4746 3309 4818 sequi
3349 4746 3552 4802 modo?

1965 4837 2199 4891 animam
2247 4852 2416 4890 meum
2461 4853 2556 4906 pro
2583 4846 2631 4891 te
2673 4853 2885 4908 ponam.
2913 4837 2982 4892 Et
3004 4837 3266 4893 Dominus
3301 4855 3313 4890 ε
3345 4836 3510 4893 Amen
3533 4877 3551 4903 ,

1967 4945 2122 4981 amen
2164 4927 2282 4981 dico
2327 4928 2454 4992 tibi,
2509 4944 2614 4982 non
2659 4928 2891 4983 cantabit
2933 4928 3106 5000 gallus
3159 4928 3324 4983 donec
3351 4937 3431 4984 ter
3469 4945 3553 4984 me

1960 5033 2131 5088 neges.
2177 5017 2316 5072 Ecce
2349 5017 2622 5088 quomodo
2658 5018 2755 5073 tibi
2788 5019 2896 5074 cito
2943 5019 3252 5090 apparebis,
3302 5019 3394 5089 qui
3433 5035 3551 5074 ma-

1960 5123 2065 5180 gna
2113 5108 2384 5178 loqueris,
2440 5118 2497 5162 et
2559 5115 2613 5163 te
2664 5109 2950 5179 parvulum
2999 5111 3218 5176 nescis,
3260 5111 3354 5181 qui
3415 5111 3552 5166 mibi

1961 5202 2233 5272 promittis
2283 5210 2513 5257 mortem
2559 5209 2726 5269 tuam,
2777 5211 2861 5258 ter
2896 5203 3122 5275 negabis
3157 5203 3325 5258 vitam
3373 5211 3546 5257 tuam.

2034 5291 2159 5346 Non
2191 5292 2430 5346 turbetur
2453 5308 2548 5346 cor
2578 5303 2822 5360 uestrum,
2854 5295 3048 5349 credite
3091 5295 3151 5349 in
3199 5294 3406 5360 Deum,
3439 5301 3550 5350 etc.

1963 5382 2040 5437 Ne
2069 5391 2300 5439 mortem
2324 5390 2583 5455 tanquam
2612 5385 2859 5440 homines
2894 5387 3172 5452 timerent,
3209 5393 3266 5442 et
3293 5385 3417 5442 ideo
3439 5393 3555 5440 tur-

1962 5478 2244 5544 barentur,
2269 5477 2580 5535 consolatur
2615 5494 2730 5544 eos,
2759 5481 2926 5536 etiam
2963 5481 3132 5536 Deum
3163 5495 3223 5536 se
3246 5494 3372 5535 esse
3417 5494 3554 5538 conv-

1967 5579 2201 5628 testans.
2230 5571 2460 5630 Mortem
2485 5573 2756 5629 metuiins
2781 5574 2908 5629 huic
2930 5573 3117 5630 lor-ruat
3140 5573 3302 5638 sta-vi,
3319 5588 3428 5628 non
3445 5580 3552 5630 tur-

1967 5664 2129 5719 betur
2155 5679 2250 5720 cor
2272 5672 2539 5729 vestrum,
2568 5663 2853 5719 suscitabit
2883 5664 3029 5718 illam
3067 5664 3247 5718 forma
3275 5663 3393 5720 Dei.
3451 5662 3556 5719 Sed

1971 5755 2100 5825 quid
2125 5763 2208 5810 est
2236 5756 2379 5825 quod
2405 5756 2653 5828 sequitur
2686 5773 2698 5810 :
2729 5753 2792 5808 In
2819 5755 2975 5809 domo
3004 5755 3168 5829 patris
3192 5757 3298 5810 mei
3317 5757 3552 5809 mansio-
