3978 6446
497 335 596 390 207

1793 339 1924 396 SMA
1936 343 2067 398 “AC
2080 344 2140 397 Ῐ)1
2175 346 2212 396 .~\
2225 344 2464 399 BBATIS

3641 351 3746 410 2:18

492 469 581 506 nes
605 450 781 505 multa:
811 452 969 505 sunt?
996 451 1098 506 nisi
1114 453 1237 522 quia
1265 460 1320 507 et
1343 453 1444 509 sibi
1462 454 1796 519 metuebant,
1813 463 2067 525 tanquam
2098 461 2148 519 Α
2242 464 2425 523 Amen,
2452 473 2603 512 amen
2627 457 2743 512 dico
2766 459 2926 526 vobis,
2949 461 3038 530 qui
3061 462 3221 516 credit
3246 461 3300 516 in
3322 479 3425 529 me,
3447 480 3605 534 opera
3632 485 3750 536 quae

490 549 675 595 essent
701 541 769 594 ab
795 541 884 597 illo
909 542 1158 611 perituri,
1191 544 1386 604 merito
1409 545 1784 600 turbabantur.
1819 545 1926 601 Sed
1948 562 2070 601 cum

490 631 745 685 audiunt:
764 631 831 684 In
853 630 1188 687 domaPatris
1209 635 1310 688 mei
1330 635 1626 691 mansiones
1649 636 1828 690 multa:
1849 647 2005 702 sunt;
2026 637 2072 691 si

487 739 590 792 quo
604 723 776 776 minus
787 723 1039 779 dixissem
1052 726 1190 780 vobis
1200 767 1214 791 ,
1225 727 1350 796 quia
1366 727 1500 781 vado
1517 727 1656 783 vobis
1669 744 1861 798 parare
1873 727 2067 783 locum.

487 817 530 868 Α
563 817 967 884 perturbatione
994 829 1331 884 recreantur,
1355 821 1492 875 certi
1520 837 1584 876 ac
1612 820 1862 887 ﬁdentes,
1885 833 1938 878 et
1957 822 2068 891 jam

489 916 610 975 post
630 909 868 977 pericula
893 911 1252 964 tentationum
1278 926 1336 964 se
1367 911 1506 980 apud
1524 912 1690 966 Deum
1716 928 1838 968 cum
1853 912 2070 968 Christo

487 1013 610 1052 esse
641 1013 946 1065 mansuros,
978 1001 1102 1070 quia
1129 1009 1184 1055 et
1213 1001 1256 1055 si
1280 1001 1417 1057 alius
1460 1010 1544 1057 est
1604 1003 1710 1057 alio
1743 1003 2070 1069 fortior,aut

491 1089 630 1142 alius
658 1088 766 1142 alio
793 1089 1108 1158 sapientior,
1138 1103 1231 1144 aut
1256 1090 1392 1145 alius
1432 1090 1538 1145 alio
1566 1089 1787 1159 justior,
1821 1101 1914 1145 aut
1934 1091 2071 1146 alius

489 1183 596 1237 alio
617 1183 872 1245 sanctior,
903 1182 957 1236 in
984 1183 1144 1237 domo
1180 1184 1352 1238 Patris
1399 1184 1503 1238 mei
1534 1184 1715 1239 multa:
1762 1185 2072 1239 mansiones

489 1282 634 1328 sunt.
666 1272 766 1328 Ubi
803 1272 1141 1327 mansionem
1169 1288 1268 1341 pro
1317 1289 1417 1327 suo
1463 1273 1693 1342 quisque
1751 1283 2071 1344 accepturus

486 1372 572 1418 est
598 1364 811 1428 merito,
839 1371 1000 1432 atque
1028 1363 1099 1417 ita
1140 1364 1280 1418 Deus
1308 1365 1412 1419 erit
1460 1365 1640 1418 omnia
1692 1365 1746 1418 in
1796 1366 2068 1429 omnibus,

487 1455 822 1523 utquoniam
864 1453 1005 1508 Deus
1051 1454 1290 1508 Charitas
1319 1462 1424 1518 est,
1471 1469 1569 1523 per
1604 1455 1928 1509 eharitatem
1957 1454 2069 1520 ﬁat,

490 1553 548 1598 ut
581 1544 726 1614 quod
753 1545 953 1600 habent
976 1545 1194 1616 singuli,
1236 1560 1519 1600 commune
1549 1546 1621 1600 sit
1669 1546 1939 1600 omnibus.
1980 1546 2072 1600 Sic

485 1639 631 1692 enim
653 1637 882 1708 quisque
908 1638 1072 1694 etiam
1107 1639 1222 1707 ipse
1250 1638 1432 1701 habet,
1466 1653 1591 1692 cum
1621 1646 1767 1691 amat
1795 1638 1849 1691 in
1898 1639 2072 1692 altero

486 1727 631 1797 quod
662 1728 777 1797 ipse
803 1743 911 1782 non
937 1727 1118 1783 habet.
1143 1726 1260 1782 Non
1281 1728 1387 1784 erit
1420 1727 1602 1796 itaque
1640 1727 1818 1797 aliqua
1869 1727 2070 1782 invidia

2171 565 2264 618 ego
2294 549 2454 618 facio,
2491 558 2600 603 etc.
2627 547 2828 617 Majora
2866 566 3029 620 quam
3050 551 3164 621 ipse
3190 551 3319 608 facit
3341 553 3479 608 dixit
3507 570 3603 610 eos
3629 572 3750 612 esse

2172 639 2431 705 facturos,
2479 640 2573 696 sed
2597 641 2650 694 in
2683 642 2783 706 eis,
2826 642 2910 697 vel
2962 659 3060 713 per
3109 660 3285 700 cosse
3333 645 3643 708 facientem,
3694 649 3748 702 in

2171 732 2303 800 ipsis
2347 741 2603 802 tanquam
2651 747 2719 786 ex
2767 733 3091 803 semetipsis.
3151 734 3258 790 Sed
3299 751 3420 806 qua:
3458 743 3587 790 sunt
3631 745 3750 792 tan-

2171 822 2291 877 dem
2320 823 2420 877 ista
2448 823 2685 894 majora?
2739 838 2807 876 an
2841 822 2979 878 forte
3018 824 3161 893 quod
3184 841 3378 895 aegros,
3420 825 3551 896 ipsis
3571 834 3752 882 trans-

2169 913 2441 978 euntibus,
2485 914 2649 968 etiam
2707 928 2893 968 eorum
2945 915 3134 968 umbra
3183 915 3429 969 sanabat.
3465 915 3638 986 Majas
3668 923 3752 970 est

2169 1003 2314 1057 enim
2352 1013 2410 1058 ut
2455 1010 2611 1058 sanet
2653 1002 2842 1058 umbra
2889 1019 3048 1072 quam
3082 1003 3317 1068 ﬁmbria,
3365 1004 3492 1059 illud
3537 1019 3636 1074 per
3670 1020 3748 1067 se,

2172 1095 2276 1149 hoc
2313 1110 2410 1164 per
2451 1095 2615 1164 ipsos,
2680 1095 2773 1149 sed
2832 1101 3124 1164 utrumque
3181 1095 3317 1164 ipse,
3371 1105 3750 1151 verumtamen

2171 1183 2386 1253 quando
2411 1183 2511 1237 ista
2540 1184 2772 1249 dicebat,
2825 1186 3111 1238 verborum
3144 1199 3364 1239 suorum
3409 1201 3573 1255 opera
3602 1203 3752 1241 com-

2172 1274 2479 1329 mendabat.
2532 1274 2836 1328 Audiebant
2863 1284 2919 1328 et
2975 1276 3271 1329 credebant
3323 1275 3421 1340 illi,
3463 1286 3518 1332 et
3542 1292 3751 1333 comm-

2171 1364 2294 1418 dem
2335 1365 2620 1419 verborum
2662 1366 2869 1420 fructus
2919 1374 3036 1419 erat
3077 1366 3210 1422 ﬁdes
3236 1367 3472 1422 illorum.
3522 1371 3752 1424 Verum-

2173 1463 2351 1509 tamen
2397 1455 2887 1525 evangelizantibus
2914 1456 3190 1527 discipulis
3223 1466 3410 1528 gentes
3439 1459 3604 1514 etiam
3636 1477 3751 1515 cre-

2173 1546 2443 1600 diderunt.
2513 1545 2638 1600 Haec
2695 1555 2819 1600 sunt
2863 1548 2980 1602 sine
3001 1548 3335 1603 dubitatione
3361 1547 3588 1617 majora.
3641 1550 3752 1606 Nec

2172 1643 2355 1690 tamen
2388 1637 2466 1690 ait
2493 1655 2505 1688 :
2534 1635 2746 1706 Παίονα
2770 1637 2956 1690 horum
2998 1637 3226 1707 facietis,
3272 1647 3330 1693 ut
3365 1639 3508 1695 solos
3537 1651 3752 1711 aposto-

2175 1728 2256 1782 los
2297 1742 2362 1781 ea
2401 1735 2714 1796 putaremus
2747 1742 2870 1782 esse
2915 1726 3171 1783 facturos.
3224 1727 3328 1783 Sed
3369 1731 3458 1801 qui
3499 1731 3661 1785 credit
3695 1732 3751 1784 in

485 1817 709 1888 imparis
733 1817 1015 1882 claritatis,
1045 1817 1301 1886 quoniam
1333 1816 1650 1886 regnabitin
1674 1817 1925 1872 omnibus
1954 1817 2073 1870 uni-
2101 1817 2148 1876 B
2177 1833 2279 1882 me,
2328 1817 2503 1886 inquit
2529 1837 2540 1870 :
2571 1817 2649 1871 Ita
2689 1832 2756 1871 ne
2795 1817 3103 1886 quicunque
3155 1819 3328 1873 credit
3367 1819 3421 1873 in
3469 1818 3750 1875 Christum

485 1919 569 1965 tas
593 1911 893 1966 charitatis.
922 1909 1202 1976 Quomodo
1231 1909 1380 1962 vadit
1404 1915 1459 1963 et
1487 1915 1648 1978 parat
1672 1907 1873 1973 locum,
1902 1905 2070 1975 sijam

481 2001 667 2056 multae
691 2000 1002 2055 mansiones
1027 1999 1196 2054 sunt?
1226 1998 1308 2053 An
1333 1998 1450 2053 ista:
1489 1999 1802 2053 mansiones
1851 2007 1906 2053 et
1947 1999 2072 2053 sunt

478 2097 537 2144 et
559 2089 810 2159 paranda:
826 2089 986 2144 sunt?
1007 2087 1173 2142 Parat
1197 2095 1379 2141 autem
1399 2087 1559 2142 modo
1580 2088 1893 2143 mansiones
1915 2103 2070 2141 man-

483 2181 746 2246 sionibus,
789 2179 1030 2249 parando
1079 2191 1379 2244 mansores,
1421 2193 1557 2249 quas
1577 2178 1902 2248 praeparavit
1931 2193 2068 2248 pras-

482 2268 823 2333 destinando,
848 2277 1118 2338 praeparat
1155 2269 1450 2339 operando,
1475 2283 1576 2323 nec
1613 2268 1770 2333 alias,
1814 2269 1909 2324 sed
1931 2283 2066 2338 quas

482 2359 827 2429 praeparavit,
885 2359 985 2413 has
1008 2367 1296 2428 prreparat.
1337 2357 1445 2413 Sed
1482 2358 1610 2428 quia
1650 2359 1887 2413 nondum
1939 2368 2068 2414 sunt

483 2452 537 2504 in
580 2450 919 2520 operatione,
947 2449 1012 2503 Et
1039 2451 1084 2504 si
1109 2449 1308 2513 abiero,
1335 2449 1559 2517 inquit,
1612 2457 1660 2502 et
1701 2465 2064 2518 preparavero

479 2542 622 2596 vobis
666 2541 859 2606 (acuat,
900 2542 1088 2594 iterum
1134 2541 1284 2594 venio
1331 2550 1380 2594 et
1409 2541 1665 2611 accipiam
1711 2556 1799 2594 vos
1853 2540 1923 2592 ad
1957 2555 2064 2592 me-

475 2634 775 2702 metipsum.
829 2631 968 2698 Quid
1008 2632 1318 2702 putavimus
1357 2645 1480 2686 esse
1521 2632 1744 2686 domum
1791 2630 1907 2696 Dei,
1954 2631 2062 2686 nisi

470 2723 738 2793 templum
777 2723 914 2778 Dei?
960 2720 1230 2792 Templum
1259 2721 1398 2775 enim
1450 2719 1547 2774 Dei
1569 2730 1808 2775 sanctum
1847 2729 1948 2785 est,
1981 2720 2063 2773 in-

477 2814 595 2884 quit
631 2813 938 2885 Apostolus,
971 2812 1111 2883 quod
1145 2813 1268 2866 estis
1299 2828 1408 2866 vos.
1443 2810 1584 2878 Quid
1605 2818 1721 2864 est:
1747 2810 1865 2878 Quo
1885 2809 2057 2875 vadis.

476 2901 746 2959 Domine?
778 2903 915 2971 Quid
940 2911 1023 2958 est
1051 2921 1062 2956 :
1099 2901 1216 2969 Quo
1242 2900 1429 2956 venis?
1469 2899 1525 2955 Si
1565 2901 1704 2956 bene
1724 2907 1776 2955 te
1799 2900 2057 2972 intelligo,

476 3012 577 3050 nec
618 2996 760 3051 unde
788 2995 958 3060 vadis,
1013 3009 1114 3048 nec
1154 2993 1298 3047 unde
1342 2993 1494 3047 venis
1517 2992 1751 3056 recedis,
1798 2992 1953 3047 vadis
1984 2992 2061 3045 la-

465 3089 657 3153 tendo,
716 3088 868 3141 venis
915 3086 1244 3156 apparendo,
1274 3084 1369 3139 sed
1418 3085 1498 3140 sic
1538 3099 1758 3139 maneas
1803 3086 2057 3156 regendo,

2169 1907 2298 1962 facit
2344 1923 2466 1977 qua:
2505 1907 2772 1962 Christus.
2820 1907 2952 1961 Nam
2984 1909 3124 1962 inter
3149 1917 3344 1963 caetera
3390 1910 3554 1976 bona,
3579 1911 3746 1965 etiam

2170 1996 2274 2050 hoc
2318 1997 2398 2051 eis
2420 1995 2623 2051 donare
2660 1997 2912 2068 dignatus
2940 2006 3045 2061 est,
3085 2005 3144 2052 ut
3186 1997 3391 2068 majora
3422 1999 3630 2056 faceret
3651 2017 3754 2071 per

2166 2084 2286 2138 illos
2331 2099 2495 2154 quam
2539 2092 2736 2154 praeter
2780 2085 2920 2141 illos.
2977 2084 3164 2141 Nonne
3203 2087 3273 2141 ab
3317 2103 3412 2143 ore
3443 2090 3618 2157 ipsius
3659 2091 3746 2144 di-

2166 2187 2261 2228 ves
2294 2173 2382 2229 ille
2426 2175 2600 2229 tristis
2632 2176 2914 2240 abscessit,
2961 2176 3177 2245 quando
3215 2177 3341 2232 vita:
3377 2186 3594 2233 aeternas
3614 2195 3748 2234 cono

2165 2265 2346 2320 silium
2375 2267 2641 2335 quaesivit,
2688 2275 2744 2321 et
2777 2275 2959 2322 tamen
3000 2275 3210 2337 postea,
3252 2270 3395 2339 quod
3424 2271 3493 2325 ab
3519 2270 3612 2324 illo
3642 2287 3746 2324 au-

2163 2356 2277 2411 ditu
2334 2373 2440 2412 non
2467 2356 2594 2411 fecit
2638 2373 2796 2422 unus,
2855 2358 3101 2414 fecerunt
3145 2359 3320 2425 multi,
3375 2375 3498 2416 cum
3555 2360 3749 2430 loque-

2162 2453 2312 2500 retur
2359 2461 2456 2516 per
2500 2447 2792 2517 discipulos
2832 2450 3089 2518 magister
3130 2449 3323 2505 bonus.
3367 2450 3506 2506 Ecce
3525 2433 3747 2520 majora

2162 2535 2311 2600 fecit,
2362 2537 2686 2606 praedicatus
2710 2554 2739 2591 a
2769 2539 3138 2606 credentibus,
3186 2557 3348 2612 quam
3388 2541 3602 2598 locutus
3645 2559 3745 2596 au-

2163 2627 2632 2682 dientibus.dl‘unc
2672 2637 2852 2683 autem
2878 2630 3044 2685 verba
3071 2630 3189 2701 ejus
3222 2640 3562 2702 erantopera
3601 2632 3741 2702 ejus.

2161 2716 2231 2770 Et
2282 2717 2472 2787 utique
2527 2718 2706 2773 minus
2767 2726 2853 2774 est
2905 2721 3070 2774 verba
3121 2721 3353 2790 justitize
3411 2725 3738 2793 praedicare,

2161 2807 2304 2877 quod
2346 2806 2473 2862 fecit
2520 2817 2740 2877 propter
2794 2824 2914 2876 nos,
2960 2826 3122 2880 quam
3171 2813 3364 2884 impios
3415 2814 3745 2883 justiﬁcare,

2160 2896 2305 2964 quod
2360 2897 2437 2950 ita
2489 2896 2616 2951 fecit
2675 2898 2730 2952 in
2779 2899 2954 2965 nobis,
2988 2907 3046 2956 ut
3073 2899 3336 2958 faciamus
3355 2912 3411 2958 et
3439 2919 3559 2959 nos.

2232 2984 2302 3039 Et
2321 2985 2668 3058 quodcunque
2681 2990 2931 3057 petieritis
2953 2992 3008 3044 in
3029 2993 3237 3046 nomine
3262 3009 3374 3047 meo
3395 2994 3494 3049 hoc
3519 2996 3742 3066 factam,

2162 3085 2218 3132 et
2265 3077 2494 3146 reliqua.
2552 3077 2798 3149 Magnam
2836 3095 2988 3149 spem
3028 3082 3286 3138 Dominus
3337 3087 3452 3141 suis
3493 3091 3747 3156 promisit

471 3186 533 3230 ut
570 3176 914 3246 proﬁciamus
969 3177 1105 3232 bene
1139 3177 1394 3232 vivendo.
1447 3174 1727 3242 Quomodo
1758 3175 2058 3245 parabitur
2083 3162 2129 3226 C
2159 3169 2464 3233 orantibus,
2496 3167 2724 3223 dicens:
2769 3169 3128 3243 Quodcunque
3165 3176 3414 3244 petieritis
3441 3178 3495 3231 in
3536 3183 3745 3234 nom‘ne

473 3272 622 3326 locus
663 3271 750 3326 ubi
781 3271 1050 3340 possimus
1072 3285 1295 3323 manere
1333 3266 1705 3338 perfruendo?
1750 3267 1888 3322 Nam
1914 3267 2058 3337 quod

473 3362 636 3416 dicit:
669 3361 785 3428 Quo
806 3375 908 3430 ego
926 3359 1082 3423 vado,
1098 3373 1195 3413 vos
1217 3359 1392 3423 scitis,
1410 3365 1466 3412 et
1485 3358 1628 3411 viam
1652 3358 1822 3422 scitis,
1848 3359 1902 3412 in
1924 3357 2055 3412 sub-

472 3453 824 3522 sequentibus
879 3451 1119 3521 aperitur
1165 3464 1290 3504 eum
1341 3449 1512 3504 dicit:
1547 3447 1660 3519 Ego
1683 3464 1800 3502 sum
1843 3448 1948 3511 via,
1969 3464 2054 3502 ve-

477 3546 607 3598 ritas
637 3553 684 3598 et
723 3546 848 3598 vita.

545 3633 714 3688 Nemo
750 3635 886 3689 venit
909 3633 1226 3700 ad-Patrem,
1253 3642 1356 3689 etc.
1405 3633 1522 3690 Ibat
1565 3648 1697 3705 ergo
1719 3634 1787 3687 ad
1815 3632 2056 3702 seipsum

468 3741 568 3796 per
591 3725 848 3793 seipsum,
873 3733 928 3778 et
953 3725 1214 3779 nosimus
1243 3725 1311 3778 ad
1335 3724 1510 3794 ipsum
1556 3739 1654 3793 per
1696 3723 1894 3793 ipsum,
1949 3722 2057 3776 imo

471 3829 600 3869 vero
636 3823 691 3869 et
725 3813 793 3868 ad
837 3813 1072 3868 Patrem.
1104 3813 1262 3868 Aliud
1311 3815 1509 3883 quippe
1533 3810 1786 3867 Verbum"
1817 3811 1912 3866 Dei
1946 3819 2053 3875 est,

471 3908 615 3962 aliud
659 3907 838 3973 homo,
881 3906 976 3962 sed
1018 3907 1248 3962 Verbum
1296 3921 1423 3960 caro
1469 3906 1671 3959 factum
1715 3910 1820 3967 est,
1860 3903 2050 3970 idest,

469 4001 648 4064 homo,
675 4014 782 4053 non
823 3998 1002 4068 itaque
1026 3997 1133 4052 alia
1176 3995 1360 4062 Verbi,
1403 3995 1508 4050 alia
1555 4004 1639 4050 est
1669 3993 1904 4048 hominis
1932 4009 2056 4063 per-

463 4106 618 4154 sona,
651 4088 904 4159 quoniam
931 4097 1220 4157 utrumque
1263 4097 1349 4143 est
1372 4086 1625 4142 Christus
1659 4100 1764 4139 una
1796 4099 2048 4155 persona.

465 4181 542 4236 Ac
560 4196 656 4249 per
676 4181 777 4235 hoc
793 4178 1243 4248 quemadmodum
1264 4194 1393 4234 caro
1428 4185 1640 4232 mortua
1660 4185 1765 4242 est,
1801 4176 2052 4231 Christus

465 4281 548 4326 est
589 4279 853 4335 mortuus,
892 4280 1102 4325 et-cum
1129 4285 1256 4325 caro
1301 4268 1508 4339 sepulta
1531 4279 1633 4332 est,
1671 4267 1921 4323 Christus
1966 4283 2051 4322 se-

465 4363 645 4431 pultus
678 4369 782 4425 est,
827 4361 908 4416 sic
957 4361 1101 4416 enim
1155 4361 1320 4414 corde
1345 4360 1616 4416 credimus
1652 4361 1720 4414 ad
1757 4359 2048 4430 justitiam,

464 4453 544 4506 sic
593 4466 690 4506 ore
737 4451 1052 4520 proﬁtemur
1075 4450 1141 4504 ad
1156 4450 1413 4504 salutem.
1435 4449 1511 4504 [ta
1544 4465 1668 4506 cum
1695 4465 1823 4504 caro
1844 4464 1876 4501 a
1906 4463 2051 4502 mor-

2162 3273 2296 3320 meo,
2335 3256 2432 3310 hoc
2492 3255 2707 3326 faciam.
2749 3257 2929 3328 Ipsum
2977 3262 3121 3316 enim
3173 3265 3570 3339 quodcumque,
3632 3286 3742 3324 non

2161 3346 2237 3400 ait
2265 3346 2540 3415 petieritis
2577 3355 2866 3419 utcunque,
2915 3352 3010 3406 sed
3054 3353 3110 3407 in
3136 3356 3353 3410 nomine
3397 3373 3538 3425 meo,
3579 3358 3742 3416 Jesus

2158 3436 2304 3490 enim
2327 3437 2715 3506 interpretatur
2747 3437 3015 3507 Salvator,
3047 3454 3377 3514 quapropter
3415 3449 3630 3516 quando
3654 3466 3744 3505 vo-

2158 3529 2336 3586 lumus
2356 3541 2416 3584 ut
2435 3529 2601 3586 faciat
2639 3534 3001 3605 quodcunque
3025 3537 3277 3606 petimus,
3306 3554 3413 3594 non
3437 3548 3737 3612 utcunque,

2158 3623 2252 3679 sed
2283 3623 2350 3678 in
2386 3625 2604 3680 nomine
2617 3623 2915 3680 Salvatoris
2937 3635 3205 3696 petamus.
3230 3627 3346 3684 Non
3389 3645 3520 3701 ergo
3545 3643 3739 3687 contra

2158 3715 2387 3769 salutem
2428 3723 2670 3769 nostram
2691 3723 2958 3783 petamus.
3006 3715 3099 3772 Sic
3137 3733 3268 3790 ergo
3283 3721 3526 3789 perrexit
3547 3723 3616 3776 ad
3641 3724 3740 3778 Pa-

2157 3813 2316 3869 trem,
2364 3813 2559 3860 utnon
2591 3803 2918 3875 relinqueret
2955 3807 3271 3880 indigentes,
3325 3811 3420 3866 sed
3453 3814 3742 3869 exaudiret

2155 3905 2423 3967 petentes.

2228 3988 2289 4043 Si
2334 3988 2553 4058 diligitis
2579 4005 2676 4051 me,
2703 3989 2954 4043 mandata
2977 4007 3090 4044 mea
3112 4001 3333 4057 servate,
3354 4002 3402 4045 et
3423 4009 3516 4062 ego
3541 3995 3738 4064 rogabo

2144 4077 2373 4144 Patrem,
2398 4088 2502 4133 etc.
2546 4079 2645 4133 llic
2669 4088 2758 4134 est
2797 4081 2984 4150 utique
3000 4079 3054 4134 in
3084 4082 3329 4135 trinitate
3354 4080 3590 4151 Spiritus
3613 4100 3742 4138 san-

2154 4181 2294 4238 ctus,
2341 4188 2502 4242 quem
2534 4174 2683 4228 Patri
2712 4182 2767 4229 et
2796 4173 2930 4230 Filio
2972 4177 3490 4232 consubstantialem
3537 4186 3594 4232 et
3648 4195 3741 4234 co-

2153 4272 2418 4319 :eternum
2443 4267 2574 4321 tldes
2587 4266 2857 4321 catholica
2877 4267 3186 4323 conﬁtetur.
3211 4266 3328 4322 Jam
3357 4269 3540 4338 itaque
3565 4271 3736 4325 habe-

2153 4356 2285 4410 bant
2319 4358 2572 4426 spiritum
2598 4357 2871 4426 diseipuli,
2926 4373 3088 4428 quem
3138 4358 3398 4414 Dominus
3447 4362 3736 4430 promitte-

2153 4447 2266 4512 bat,
2315 4463 2415 4501 nec
2465 4456 2646 4501 tamen
2686 4447 2860 4502 adhuc
2896 4462 3022 4501 eum
3075 4447 3368 4514 habebant,
3423 4451 3566 4504 sicut
3607 4466 3734 4505 eum

465 4554 516 4598 te
558 4543 703 4598 venit
747 4544 816 4598 ad
845 4544 1028 4607 vitam,
1054 4541 1304 4597 Christus
1332 4542 1480 4596 venit
1500 4542 1585 4596 ad
1609 4541 1799 4596 vitam.
1829 4540 1897 4594 Et
1920 4542 2043 4609 quia
2073 4521 2125 4579 D
2153 4537 2411 4591 Dominus
2435 4537 2806 4606 promittebat,
2846 4536 2937 4606 qui
2985 4546 3246 4606 quantum
3285 4538 3569 4594 habendus
3616 4540 3736 4595 fue-

465 4636 685 4690 verbum
728 4635 824 4690 Dei
882 4635 1129 4690 Christus
1176 4643 1279 4698 est,
1339 4635 1589 4689 Christus
1644 4641 1727 4686 est
1777 4632 1908 4684 vita.
1963 4632 2042 4685 Ita

463 4727 605 4779 miro
653 4725 882 4794 quodam
907 4733 962 4779 et
1012 4723 1266 4780 ineffabili
1292 4725 1470 4788 modo,
1522 4723 1615 4792 qui
1666 4736 1942 4789 nunquam
1969 4721 2045 4775 di-

462 4815 612 4868 misit
635 4813 719 4869 vel
759 4815 940 4868 amisit
985 4815 1243 4884 seipsum,
1299 4814 1446 4866 venit
1475 4813 1544 4866 ad
1571 4812 1828 4879 seipsum.

506 4903 974 4975 -Sicognovissetis
1022 4923 1124 4970 me,
1151 4914 1256 4959 etc.
1303 4903 1416 4958 lloc
1447 4912 1536 4958 est
1591 4902 1736 4971 quod
1765 4901 1844 4955 ait
1876 4919 1890 4956 :
1926 4901 2038 4957 Ne-

461 5013 545 5049 mo
570 4996 702 5049 venit
743 4995 813 5048 ad
835 4992 1049 5049 Patrem
1078 4995 1178 5049 nisi
1209 5010 1300 5064 per
1337 5009 1436 5047 me.
1472 4993 1626 5048 Dicta
1647 5000 1732 5046 est
1758 4993 1902 5046 enim
1932 5007 2042 5047 om-

439 5087 678 5144 vuimoda
698 5086 1012 5149 similitudo,
1050 5100 1170 5155 quae
1206 5085 1282 5138 illi
1319 5099 1444 5138 cum
1485 5082 1640 5137 Patre
1681 5090 1784 5146 est,
1835 5090 1896 5135 ut
1921 5083 2040 5137 ideo

442 5179 653 5234 .amodo
696 5180 1006 5234 dicerentur
1041 5191 1202 5231 nosse
1240 5175 1473 5246 Patrem,
1501 5175 1626 5244 quia
1655 5185 1920 5230 noverant
1965 5177 2039 5232 si-

461 5269 640 5324 milem
664 5267 871 5323 Filium.
921 5268 1010 5322 Sic
1041 5282 1168 5334 ergo
1198 5265 1402 5320 dictum
1437 5273 1522 5319 est
1566 5266 1637 5319 ad
1673 5265 1988 5336 Philippum
2022 5287 2033 5322 :

461 5359 565 5425 Qui
604 5359 736 5415 videt
761 5375 865 5423 me,
887 5357 1020 5410 videt
1044 5366 1090 5408 et
1118 5359 1480 5417 Patrem,uon
1522 5363 1582 5408 ut
1618 5355 1734 5424 ipse
1760 5356 1833 5410 sit
1857 5359 2032 5423 Pater,

2151 4637 2256 4693 rat,
2310 4628 2546 4682 nondum
2605 4628 2894 4682 habebant.
2950 4627 3234 4684 Habebam
3292 4631 3478 4699 itaque
3527 4632 3732 4695 minus,

2151 4721 2360 4774 dandus
2415 4729 2533 4774 erat
2557 4721 2636 4774 eis
2667 4721 2897 4792 amplius
2926 4722 3240 4777 :habebant
3285 4723 3518 4790 occulte,
3579 4739 3734 4780 acce-

2147 4811 2291 4879 pturi
2340 4809 2553 4864 fuerant
2614 4809 2918 4869 manifeste.
2976 4813 3111 4880 Quia
3162 4822 3218 4868 et
3271 4815 3377 4870 hoc
3430 4816 3498 4870 ad
3555 4817 3733 4886 majus

2147 4902 2347 4956 donum
2370 4903 2544 4958 sancti
2579 4902 2812 4972 Spiritus
2835 4903 3159 4973 pertinebat,
3213 4915 3274 4959 ut
3315 4905 3395 4961 eis
3426 4906 3733 4963 innotesce-

2145 5000 2229 5046 ret
2259 4992 2404 5062 quod
2441 4992 2731 5047 habebant.
2762 4993 2916 5062 Quod
2955 5008 3085 5049 vero
3114 4993 3191 5047 ait
3221 5013 3235 5049 :
3261 4993 3473 5065 Rogabo
3491 4992 3724 5060 Patrem,

2145 5097 2194 5141 et
2269 5086 2432 5141 alium
2467 5078 2802 5142 Paracletum
2855 5087 3000 5142 dabit
3045 5088 3208 5154 vobis,
3253 5088 3497 5144 ostendit
3545 5098 3602 5143 et
3639 5104 3726 5144 se-

2144 5177 2319 5246 ipsum
2367 5176 2891 5244 esse-Paracletum;
2941 5180 3266 5254 παρὰιελητος
3320 5179 3466 5234 ειιὶιιι
3513 5178 3723 5245 Graece,

2143 5269 2334 5325 Latine
2359 5269 2557 5325 dicitur
2581 5270 2895 5335 advocatus,
2938 5279 2992 5325 et
3028 5272 3229 5326 dictum
3259 5279 3344 5327 est
3368 5272 3433 5326 de
3456 5269 3677 5327 Christo
3706 5291 3721 5327 :

2143 5361 2462 5415 Advocatum
2499 5360 2747 5415 habemus
2787 5361 2926 5432 apud
2967 5371 3190 5432 patrem,
3229 5362 3412 5416 Jesum
3449 5361 3722 5417 Christum

456 5453 550 5522 qui
578 5447 766 5514 Filius,
808 5448 903 5502 sed
943 5446 1084 5514 quod
1114 5444 1336 5498 aPatris
1381 5444 1732 5498 similitudine
1769 5446 1822 5499 in
1887 5447 2035 5502 nullo
2134 5455 2343 5525 justum
2381 5453 2433 5524 (I
2465 5453 2625 5506 Joan.
2681 5453 2763 5525 ιι).
2804 5452 2902 5507 Vos
2941 5462 3135 5519 autem,
3163 5454 3358 5525 inquit,
3405 5457 3722 5524 cognoscetis

447 5559 681 5614 prorsus
711 5531 1026 5607 discrepetF
1028 5533 1166 5590 ilius.
1200 5537 1278 5590 Ac
1309 5537 1352 5591 si
1397 5537 1618 5600 diceret,
1645 5538 1691 5592 si
1714 5552 1799 5592 tne
1822 5539 2028 5604 vidisti,

443 5636 548 5702 .qui
572 5629 882 5691 omnimodo
903 5627 952 5681 ei
972 5626 1164 5683 similis
1187 5643 1326 5695 sum,
1353 5626 1532 5683 vidisti
1555 5629 1702 5684 illum
1725 5631 1812 5686 cui
1836 5633 2028 5688 similis

442 5739 596 5777 sum.
631 5719 905 5787 Sequitur.

2141 5560 2280 5606 eum,
2331 5543 2455 5613 quia
2492 5542 2633 5612 apud
2674 5560 2760 5596 ros
2811 5543 3059 5609 manebit,
3114 5551 3162 5597 et
3202 5545 3256 5597 in
3296 5543 3438 5598 vobis
3483 5544 3607 5609 erit,
3655 5560 3724 5600 ne

2140 5644 2395 5704 putarent
2434 5635 2508 5688 ita
2538 5635 2677 5704 apud
2717 5650 2811 5690 eos
2866 5650 2988 5690 esse
3040 5641 3100 5688 ut
3131 5635 3420 5703 hospitem,
3470 5637 3722 5706 exposuit

2143 5726 2271 5795 quid
2329 5725 2548 5791 dixerit,
2600 5727 2740 5795 apud
2788 5743 2891 5793 ros,
2935 5740 3056 5780 cum
3081 5723 3324 5794 adiunxit
3364 5737 3419 5780 et
3461 5726 3624 5792 dixit,
3665 5728 3721 5778 iu
