3978 6418
291 273 396 338 209

1118 278 1632 342 COLLECTIONES
1667 280 1733 336 ΙΝ
1775 278 2162 337 EPISTOLAS
2201 282 2290 337 ET
2331 282 2747 340 EVANGELIA.

3462 295 3576 352 210

293 397 457 456 vobis.
482 395 655 450 Datur
695 394 896 466 quippe
937 401 997 449 ut
1015 395 1084 450 sit
1103 404 1160 450 et
1180 396 1234 449 in
1257 395 1432 450 vobis.
1475 392 1583 449 Sed
1609 392 1783 448 videri
1823 400 1880 446 et
1905 396 1958 456 Α
1983 407 2014 446 a
2061 407 2170 462 quo
2196 392 2362 448 habet
2407 393 2510 449 hoc
2547 395 2745 465 ipsum,
2784 393 2928 467 quod
2949 395 3041 453 illi
3069 405 3164 456 est"
3195 399 3569 465 indifferenter

295 490 446 553 sciri,
479 487 935 558 quemadmodum
972 488 1236 544 viden-dus
1260 496 1315 543 et
1333 489 1584 546 sciendus
1622 496 1726 553 est,
1769 502 1879 543 non

294 587 476 653 potest
501 595 533 634 a
554 578 732 644 nobis,
758 579 805 634 si
834 594 942 633 non
966 579 1034 635 sit
1058 579 1113 633 in
1129 579 1304 635 nobis.

359 672 482 730 Non
518 671 810 743 relinquam
840 689 928 727 vos
956 673 1237 743 orphanos,
1261 679 1366 728 etc.
1409 671 1540 728 Post
1564 670 1880 742 promissio-

296 779 420 819 nem
443 761 683 833 Spiritus
705 759 881 817 sancti
924 776 994 817 ne
1030 763 1153 832 quis
1199 771 1437 833 putaret,
1485 764 1630 834 quod
1651 764 1724 818 ita
1752 778 1876 819 eum

294 855 555 910 Dominus
594 854 822 910 daturus
861 853 1060 921 fuerat,
1105 855 1255 910 velut
1285 871 1390 926 pro
1422 857 1620 928 seipso,
1661 865 1722 911 ut
1768 872 1878 912 non

293 956 349 1002 ut
375 949 489 1018 ipse
535 961 658 1001 cum
680 946 761 1002 eis
807 954 955 1002 esset
991 944 1228 1012 futurus,
1276 945 1473 1016 adjecit
1504 964 1518 1002 :
1557 945 1680 1001 Non
1721 945 1880 1000 relin-

291 1057 449 1112 quam
489 1057 577 1095 vos
629 1039 911 1110 orphanos.
961 1037 1222 1106 Quamvis
1259 1053 1388 1110 ergo
1426 1053 1527 1094 nos
1547 1035 1718 1093 Filius
1779 1035 1877 1092 Dei

293 1147 392 1186 suo
415 1131 564 1190 Patri
599 1129 940 1200 adoptaverit
976 1127 1136 1194 ﬁlios,
1173 1136 1230 1184 et
1246 1129 1496 1184 eumdem
1518 1129 1742 1184 Patrem
1775 1143 1876 1184 nos

291 1221 523 1276 voluerit
570 1221 773 1274 habere
819 1219 918 1291 per
961 1219 1218 1290 gratiam,
1281 1220 1373 1289 qui
1421 1219 1539 1290 ejus
1567 1218 1732 1274 Pater
1769 1228 1872 1286 est,

291 1326 391 1380 per
414 1318 665 1365 naturam
697 1318 875 1364 tamen
917 1309 1083 1363 etiam
1117 1309 1232 1380 ipse
1253 1323 1384 1380 erga
1428 1324 1529 1364 nos
1583 1318 1871 1380 paternum

291 1401 688 1472 quodammodo
711 1401 1051 1456 demonstrat
1072 1400 1347 1467 affectum,
1395 1416 1518 1456 cum
1542 1401 1676 1456 dicit
1701 1420 1714 1456 :
1750 1401 1873 1456 Non

293 1492 582 1564 relinquam
636 1509 725 1546 vos
763 1493 1045 1562 orphanos.
1087 1491 1294 1548 Deinde
1338 1492 1587 1562 sequitur
1629 1509 1643 1546 :
1689 1492 1875 1546 Adhuc

291 1583 553 1637 modicum
582 1593 631 1636 et
660 1581 890 1637 mundus
930 1599 1010 1636 me
1040 1583 1160 1653 jam
1209 1600 1314 1638 non
1355 1584 1516 1649 videt,
1568 1599 1656 1637 vos
1699 1592 1874 1637 autem

290 1674 475 1729 videtis
513 1690 617 1740 me,
657 1675 782 1746 quia
807 1691 898 1745 ego
930 1675 1041 1729 vivo
1070 1683 1118 1729 et
1145 1691 1234 1730 vos
1255 1675 1453 1730 vivetis.
1497 1673 1635 1741 Quid
1667 1683 1752 1730 est
1769 1675 1876 1730 hoc

1979 484 2224 554 aqualis.
2260 484 2378 540 Non
2421 487 2706 555 miremur,
2731 504 2838 543 non
2863 505 3181 560 paveamus,
3227 508 3334 550 non
3356 506 3443 553 est
3467 502 3570 556 mi-
3671 488 3676 493 ’

1978 590 2084 632 nor
2125 580 2310 646 Patre,
2353 578 2451 634 sed
2503 594 2614 634 non
2637 587 2740 648 est,
2790 581 2899 637 nisi
2937 583 3168 652 aPatre,
3213 601 3323 642 non
3379 590 3570 661 utique

1979 681 2169 735 suum,
2220 668 2316 723 sed
2355 667 2534 724 Patris
2576 677 2660 726 est
2704 672 2964 739 verbum,
3004 677 3275 744 quomodo
3315 693 3419 736 nec
3470 695 3568 736 sua

1979 758 2177 828 imago,
2203 759 2300 814 sed
2339 754 2555 826 Patris,
2613 773 2718 816 nec
2760 775 2890 817 suus
2909 761 3074 820 Filius
3114 766 3255 822 idem
3287 768 3420 839 ipse,
3471 771 3569 827 sed

1976 852 2169 921 patris.

2051 939 2182 995 ch
2203 938 2410 995 locutus
2433 957 2550 996 sum
2574 942 2720 999 vobis
2737 944 2886 1016 apud
2901 961 2990 1000 vos
3012 963 3250 1016 manens,
3265 957 3321 1006 et
3333 951 3564 1025 reliqua.

1975 1029 2133 1102 Apud
2161 1046 2259 1087 vos
2311 1045 2562 1100 manens,
2589 1034 2779 1104 utique
2815 1037 3108 1105 prmsentia
3138 1042 3426 1110 corporali,
3460 1059 3566 1114 qua

1976 1136 2101 1176 cum
2153 1120 2262 1175 illis
2309 1120 2544 1177 visibilis
2600 1122 2958 1193 loquebatur:
2991 1124 3303 1184 Paracletus
3363 1140 3565 1198 autem,

1975 1211 2170 1282 inquit,
2190 1208 2422 1283 Spiritus
2451 1222 2688 1280 sanctus,
2731 1230 2886 1285 quem
2905 1217 3074 1271 mittet
3097 1221 3261 1276 Pater
3279 1221 3334 1275 in
3360 1225 3570 1278 nomine

1973 1317 2108 1366 meo,
2143 1299 2233 1355 ille
2269 1317 2358 1356 vos
2396 1301 2598 1357 docebit
2626 1305 2823 1359 omnia.
2853 1305 2991 1360 Nam
3023 1309 3260 1376 quando,
3293 1311 3378 1365 vel
3405 1327 3569 1381 quem

1966 1390 2202 1461 Spiritus
2232 1397 2458 1447 sanctus
2478 1391 2660 1459 docet,
2688 1394 2910 1450 trinitas
2949 1395 3068 1465 ipsa
3095 1397 3274 1464 docet,
3313 1400 3410 1455 sed
3431 1416 3568 1472 quo-

1974 1482 2122 1537 niam
2144 1483 2366 1539 trinitas
2408 1491 2516 1550 est,
2546 1484 2837 1554 oportebat
2861 1484 2978 1554 ejus
3006 1487 3248 1560 singulas
3286 1491 3570 1550 insinuare

1974 1589 2261 1645 personas,
2290 1590 2482 1632 omnes
2508 1575 2674 1647 igitur
2692 1583 2749 1632 et
2777 1577 2909 1632 dicit
2927 1585 2984 1633 et
3003 1578 3163 1635 docet
3181 1582 3418 1651 trinitas,
3471 1587 3568 1642 sed

1975 1664 2081 1720 nisi
2133 1666 2300 1720 etiam
2361 1665 2676 1737 singillatim
2717 1670 3217 1739 commendaretur,
3267 1689 3390 1730 eam
3446 1677 3568 1731 nul-

291 1767 436 1835 quod
484 1765 552 1821 de
585 1765 838 1836 praesenti
879 1780 940 1820 se
986 1764 1127 1820 dixit
1173 1766 1378 1832 vivere,
1419 1765 1539 1821 illos
1586 1774 1766 1821 autem
1807 1765 1874 1820 de
1900 1749 1949 1810 Β
1977 1757 2029 1812 Ιο
2081 1758 2240 1814 modo
2292 1758 2529 1813 humana
2590 1773 2787 1830 capere
2852 1768 3129 1833 utcunque
3174 1774 3360 1834 posset
3407 1766 3564 1823 infir-

292 1857 475 1912 futuro
501 1870 625 1910 esse
667 1856 942 1911 victuros?
984 1855 1101 1911 Nisi
1141 1856 1271 1927 quia
1320 1856 1431 1911 vita
1475 1856 1642 1911 etiam
1695 1855 1877 1912 carnis

294 1949 482 2017 utique
535 1947 892 2016 resurgentis,
937 1946 1112 2017 qualis
1156 1947 1211 2001 in
1251 1947 1369 2018 ipso
1416 1947 1778 2018 prmcedebat,
1822 1954 1880 2002 et

290 2039 404 2094 illis
463 2047 546 2094 est
598 2037 869 2109 pollicitus
911 2045 1248 2094 secuturam.
1307 2038 1453 2094 Duas
1501 2053 1635 2110 ergo
1689 2053 1876 2094 resur-

291 2127 583 2194 rectiones,
629 2142 785 2182 suam
821 2127 1030 2183 scilicet
1060 2142 1184 2181 mox
1215 2124 1453 2182 futuram
1477 2169 1491 2194 ,
1540 2135 1596 2183 et
1631 2135 1876 2183 nostram

293 2219 350 2272 in
397 2216 503 2272 fine
528 2216 710 2272 saeculi
759 2225 1067 2284 venturam,
1117 2216 1334 2272 duobus
1366 2218 1550 2273 verbis
1590 2217 1878 2289 prasentis

293 2310 554 2380 temporis
570 2317 625 2366 et
658 2310 848 2377 futuri,
875 2309 1152 2381 eleganter
1193 2308 1542 2380 breviterque
1577 2309 1829 2380 promisit
1860 2328 1873 2364 :

296 2398 404 2455 Sed
451 2401 708 2470 quoniam
750 2410 874 2471 post
919 2399 1415 2466 resurrectionem,
1469 2401 1636 2456 etiam
1702 2400 1876 2473 ipsam

293 2507 514 2548 carnem
574 2508 747 2560 suam,
803 2509 966 2564 quam
1020 2507 1130 2548 non
1191 2492 1367 2549 solum
1414 2493 1726 2560 videndam,
1785 2509 1879 2549 ve—

293 2599 416 2637 rum
437 2583 603 2639 etiam
625 2583 1066 2640 contrectandam
1093 2582 1515 2649 demonstravit,
1557 2583 1673 2638 suis
1709 2582 1880 2639 voluit

289 2674 682 2742 demonstrare,
704 2691 810 2732 non
829 2677 943 2732 suis
962 2676 1306 2743 subtrahere,
1320 2683 1376 2731 et
1393 2676 1498 2733 hoc
1518 2685 1606 2732 est
1625 2675 1872 2741 fortasse,

291 2769 465 2824 adhuc
483 2769 753 2825 modicum
773 2777 828 2824 et
846 2769 1080 2826 mundus
1102 2785 1190 2826 me
1204 2769 1319 2840 jam
1341 2785 1452 2826 non
1469 2770 1644 2836 videt,
1663 2785 1760 2826 vos
1781 2785 1878 2824 au-

294 2869 400 2915 tem
421 2860 616 2915 videtis
633 2874 741 2916 me.

362 2949 429 3004 In
468 2949 562 3004 illo
606 2950 715 3016 die,
743 2950 939 3022 inquit,
973 2967 1067 3006 vos
1095 2953 1437 3023 cognoscetis,
1478 2953 1604 3024 quia
1645 2970 1740 3025 ego
1761 2969 1878 3009 sum

290 3042 346 3096 in
379 3040 530 3096 Patre
569 3058 706 3108 meo,
751 3050 857 3098 etc.
909 3041 969 3097 In
1018 3058 1126 3113 quo
1178 3042 1311 3098 die?
1362 3043 1470 3099 nisi
1493 3045 1559 3100 de
1607 3059 1716 3116 quo
1755 3045 1873 3099 ait:

290 3131 360 3186 Et
398 3148 485 3187 vos
517 3133 715 3201 vivetis,
756 3140 886 3189 tunc
924 3133 1072 3190 enim
1112 3135 1221 3190 erit
1256 3141 1316 3188 ut
1367 3135 1638 3205 possimus
1687 3135 1873 3191 videre

290 3224 434 3294 quod
471 3223 764 3291 credimus,
809 3240 935 3280 nam
981 3233 1037 3281 et
1085 3240 1228 3281 nunc
1253 3231 1338 3280 est
1367 3225 1422 3279 in
1443 3225 1624 3292 nobis,
1674 3233 1730 3281 et
1771 3239 1873 3281 nos

290 3319 345 3372 in
374 3317 481 3373 illo.
517 3316 620 3384 Qui
642 3316 794 3372 habet
815 3317 1067 3372 mandata
1102 3334 1240 3384 mea,
1271 3327 1320 3372 et
1359 3327 1640 3384 servatea,
1665 3317 1756 3373 ille
1801 3325 1876 3372 est

291 3411 380 3482 qui
419 3409 591 3481 diligit
634 3425 737 3475 me,
790 3410 884 3480 qui
912 3409 1076 3465 habet
1111 3409 1168 3464 in
1198 3409 1464 3465 memoria
1506 3417 1564 3465 et
1607 3416 1793 3465 servat
1820 3409 1874 3463 in

290 3503 440 3568 vita;
491 3502 583 3572 qui
608 3501 773 3556 habet
810 3502 867 3556 in
904 3503 1272 3568 sermonibus,
1331 3509 1385 3558 et
1414 3510 1599 3558 servat
1633 3501 1688 3557 in
1712 3501 1877 3556 mori-

292 3593 423 3658 bus;
465 3591 559 3660 qui
604 3591 770 3646 habet
817 3591 1109 3657 audiendo,
1159 3600 1214 3646 et
1237 3598 1422 3648 servat
1459 3590 1734 3656 faciendo,
1759 3590 1878 3660 ipse

292 3694 395 3746 est,
421 3682 615 3753 inquit,
665 3682 757 3754 qui
786 3682 964 3754 diligit
1010 3697 1128 3746 me;
1179 3691 1229 3736 et
1250 3698 1343 3753 ego
1381 3679 1600 3752 diligam
1652 3697 1794 3746 eum,
1828 3689 1876 3735 et

292 3777 636 3848 manifestabo
686 3778 733 3832 ei
763 3777 1038 3847 meipsum.
1095 3774 1328 3845 Diligam
1381 3783 1437 3830 et
1490 3773 1874 3839 manifestabo,

293 3869 348 3924 id
400 3875 505 3934 est,
551 3867 620 3922 ad
661 3867 763 3922 hoc
802 3866 1024 3936 diligam
1068 3873 1131 3920 ut
1181 3864 1558 3920 manilestem.
1607 3862 1748 3931 Quid
1793 3871 1880 3918 est

294 3956 555 4028 diligam?
597 3964 856 4026 tanquam
887 3961 1020 4009 tunc
1044 3953 1342 4009 dilecturus
1359 3953 1451 4020 sit,
1504 3962 1560 4008 et
1587 3969 1735 4008 nunc
1759 3966 1876 4006 non

293 4049 525 4120 diligat?
552 4047 714 4104 absit.
776 4045 929 4102 Nunc
965 4046 1110 4102 enim
1153 4047 1224 4134 qd
1260 4046 1365 4100 hoc
1410 4046 1610 4118 diligit,
1657 4053 1718 4100 ut
1758 4060 1879 4101 cre-

294 4138 486 4193 damus
532 4145 589 4192 et
639 4137 959 4192 mandatum
1018 4135 1143 4192 ﬁdei
1174 4145 1482 4203 teneamus,
1529 4144 1659 4192 tunc
1685 4136 1879 4191 adhoc

292 4229 496 4301 diliget,
524 4237 585 4283 ut
624 4229 926 4296 videamus,
960 4238 1016 4284 et
1050 4229 1224 4301 ipsam
1243 4230 1534 4287 'visionem
1571 4228 1878 4284 mercedem

295 4320 420 4375 fidei
463 4321 762 4392 capiamus.

366 4408 647 4480 Respondit
684 4408 842 4470 Iesus
882 4419 932 4464 et
979 4410 1113 4464 dixit
1150 4411 1225 4466 eis
1254 4425 1271 4462 :
1296 4408 1357 4466 Si
1395 4411 1511 4482 quis
1561 4409 1733 4481 diligit
1773 4425 1874 4474 me,

293 4515 583 4553 sermonem
606 4515 776 4554 meum
790 4501 1036 4565 servabit,
1053 4509 1103 4555 et
1118 4499 1282 4555 Pater
1299 4515 1444 4555 meus
1461 4499 1643 4572 diliget
1671 4516 1810 4565 eum,
1829 4508 1878 4553 et

294 4589 364 4642 ad
387 4605 504 4642 eum
543 4591 828 4655 veniemus,
852 4598 958 4646 etc.
998 4590 1090 4647 Sic
1119 4590 1554 4662 inseparabiliter
1583 4599 1880 4662 operantur

289 4683 451 4737 Pater
477 4675 720 4744 ciiiilius,
755 4681 836 4738 sic
868 4690 925 4737 et
958 4682 1396 4753 inseparabiliter
1437 4681 1687 4754 diligunt.
1741 4680 1879 4735 Ecce

296 4769 428 4824 facit
454 4770 507 4824 in
539 4770 765 4838 sanctis,
811 4787 937 4827 cum
963 4773 1123 4831 Patre
1162 4782 1218 4829 et
1243 4771 1402 4838 Filio,
1449 4781 1675 4829 sanctus
1705 4771 1874 4827 etiam

283 4859 520 4930 Spiritus
561 4861 901 4917 mansionem
933 4863 1078 4920 intus
1133 4864 1322 4932 utique
1366 4871 1624 4933 tanquam
1658 4863 1802 4918 Deus
1823 4864 1878 4916 in

296 4947 501 5017 templo
549 4962 664 5004 suo.
715 4949 860 5005 Deus
903 4951 1138 5019 trinitas,
1183 4952 1342 5010 Pater
1371 4959 1425 5008 et
1445 4949 1616 5009 Filius
1640 4947 1880 5024 etSpiri-

297 5048 388 5094 tus
431 5048 652 5095 sanctus
695 5042 922 5097 veniunt
970 5043 1037 5098 ad
1067 5059 1185 5108 nos,
1233 5043 1360 5098 dum
1387 5044 1635 5099 venimus
1658 5043 1726 5099 ad
1760 5058 1875 5098 eos.

299 5129 538 5185 Veniunt
577 5132 966 5201 subveniendo,
1015 5135 1268 5190 venimus
1288 5134 1590 5191 obediendo
1615 5153 1627 5188 :
1652 5135 1881 5190 veniunt

297 5220 672 5288 illuminando,
720 5223 968 5279 venimus
995 5224 1290 5293 intuendo;
1335 5225 1561 5280 veniunt
1583 5224 1876 5295 implendo,

299 5311 548 5367 venimus
573 5313 854 5382 capiendo,
898 5323 958 5370 ut
986 5315 1060 5370 sit
1111 5315 1268 5370 nobis
1314 5328 1503 5370 eorum
1534 5329 1643 5369 non
1690 5321 1878 5370 extra—

301 5405 381 5458 ria
439 5403 600 5466 visio,
663 5405 760 5461 sed
811 5407 1049 5473 interna,
1096 5416 1153 5462 et
1200 5409 1254 5463 in
1313 5408 1470 5464 nobis
1525 5423 1716 5463 eorum
1770 5423 1878 5463 non

299 5493 615 5550 transitoria
661 5496 891 5561 mansio,
943 5495 1038 5552 sed
1073 5506 1298 5552 aeterna.
1337 5495 1596 5568 Sequitur
1625 5516 1638 5552 :
1663 5497 1734 5551 Et
1777 5515 1884 5552 ser-

299 5601 504 5640 manem
561 5602 715 5656 quem
750 5588 994 5653 audistis,
1036 5606 1140 5644 non
1165 5599 1238 5644 est
1266 5606 1434 5655 meus,
1473 5590 1562 5645 sed
1601 5600 1651 5644 et
1682 5590 1876 5645 Patris.

301 5677 468 5734 Recte
507 5677 669 5749 igitur
713 5682 920 5736 auctori
952 5683 1157 5748 tribuit,
1199 5682 1458 5753 quidquid
1484 5681 1877 5753 facittequalis,

1979 1848 2159 1903 mitas.

2049 1939 2245 1995 Pacem
2267 1940 2504 2012 relinquo
2530 1941 2689 2008 vobis,
2745 1959 2925 2012 pacem
2953 1961 3123 2001 meam
3151 1948 3219 2003 do
3253 1949 3419 2005 vobis.
3450 1949 3568 2007 lloc

1977 2037 2059 2084 est
2075 2029 2216 2098 quod
2229 2029 2458 2100 legimus
2473 2031 2614 2102 apud
2627 2031 2948 2103 prophetam
2964 2053 2976 2089 :
2989 2031 3182 2091 Pacem
3195 2053 3350 2108 super
3360 2055 3564 2110 paceni.

1977 2117 2175 2175 Pacem
2223 2119 2382 2175 nobis
2430 2121 2690 2192 relinquit
2714 2123 2910 2191 iturus,
2965 2139 3153 2196 pacem
3209 2143 3363 2183 suam
3409 2130 3569 2188 nobis

1978 2212 2128 2268 dabit
2173 2212 2228 2266 in
2250 2211 2358 2268 fine
2377 2220 2658 2279 venturus,
2705 2229 2895 2285 pacem
2922 2217 3080 2272 nobis
3102 2218 3357 2290 relinquit
3383 2221 3438 2275 in
3465 2223 3569 2278 hoc

1979 2304 2198 2371 saeculo,
2239 2319 2433 2376 pacem
2461 2319 2614 2360 suam
2647 2307 2806 2362 nobis
2835 2308 2987 2364 dabit
3025 2309 3080 2364 in
3110 2309 3295 2366 futuro
3340 2315 3563 2372 saeculo.

1977 2396 2176 2452 Pacem
2229 2397 2388 2452 nobis
2426 2397 2708 2467 relinquit,
2759 2399 2815 2452 in
2858 2415 2964 2469 qua
3019 2410 3302 2459 manentes
3352 2406 3567 2460 hostem

1978 2487 2267 2552 vincimus,
2321 2501 2515 2558 pacem
2560 2504 2716 2544 suam
2761 2489 2918 2546 nobis
2965 2491 3135 2557 dabit,
3186 2495 3402 2564 quando
3450 2495 3571 2551 sine

1979 2579 2136 2634 hoste
2184 2579 2550 2649 regnabimus.
2606 2579 2802 2636 Pacem
2830 2580 3050 2651 reliquit
3096 2584 3272 2650 nobis,
3322 2587 3569 2642 utetiam

1979 2669 2070 2724 hic
2095 2668 2326 2723 invicem
2357 2667 2664 2738 diligamus,
2718 2670 2772 2724 in
2803 2669 2895 2726 illo
2922 2679 3127 2737 tamen,
3179 2681 3344 2745 atque
3369 2675 3437 2729 ab
3476 2675 3570 2730 illo

1979 2768 2064 2816 est
2095 2759 2252 2814 nobis
2272 2774 2385 2829 pax
2410 2776 2425 2826 ;
2487 2760 2598 2830 ipse
2626 2769 2701 2814 est
2724 2777 2832 2832 pax
2857 2771 3058 2826 nostra,
3088 2765 3178 2834 qui
3199 2764 3320 2833 fecit
3349 2776 3574 2837 utraque

1979 2867 2143 2907 unum
2170 2850 2385 2924 (Ephes.
2411 2848 2495 2922 ιι),
2517 2866 2624 2922 pax
2644 2866 2774 2923 ergo
2799 2853 2914 2922 ipse
2933 2855 3090 2910 nobis
3109 2863 3213 2922 est,
3231 2864 3287 2912 et
3309 2872 3431 2912 cum
3453 2871 3574 2914 cre-

1979 2944 2157 3000 dimus
2186 2944 2313 3013 quia
2353 2951 2457 3009 est,
2494 2951 2551 2998 et
2600 2957 2722 2997 cum
2753 2944 3056 3001 videbimus
3102 2962 3224 3002 eum
3271 2947 3433 3004 sicuti
3462 2959 3567 3006 est.

1981 3033 2135 3102 Quod
2160 3049 2291 3090 vero
2333 3033 2602 3103 adjunxit,
2636 3033 2759 3087 Non
2789 3035 3051 3104 quomodo
3077 3037 3306 3093 mundus
3341 3038 3457 3106 dat,
3477 3057 3576 3110 ego

1980 3129 2048 3182 do
2081 3127 2237 3190 vobis,
2265 3125 2395 3196 quid
2420 3133 2503 3180 est
2526 3124 2691 3188 aliud,
2721 3124 2827 3179 nisi
2863 3139 2970 3179 non
3003 3127 3275 3196 quomodo
3323 3128 3572 3186 homines

1976 3220 2127 3285 dant,
2184 3219 2276 3289 qui
2318 3226 2541 3290 propter
2566 3233 2635 3273 ea
2660 3217 2764 3272 sibi
2790 3217 2919 3272 dant
2948 3233 3167 3288 pacem,
3209 3222 3569 3296 ut'sine‘mo-

1975 3310 2131 3366 lestia
2177 3326 2284 3366 non
2333 3308 2480 3374 Deo,
2538 3309 2634 3365 sed
2683 3309 2858 3364 amico
2901 3324 3000 3364 suo
3031 3311 3230 3366 mundo
3279 3313 3570 3384 perfruan-

1979 3413 2086 3458 tur.

2051 3493 2174 3549 Non
2204 3495 2443 3554 turbetur
2466 3509 2557 3548 cor
2586 3501 2831 3556 vestrum,
2857 3509 3022 3565 neque
3046 3493 3323 3564 formidet;
3344 3497 3570 3554 audistis

1975 3585 2099 3656 quia
2121 3600 2213 3655 ego
2241 3583 2356 3638 dixi
2408 3583 2573 3649 vobis,
2618 3591 2722 3639 etc.
2765 3583 2904 3641 llinc
2950 3600 3081 3657 ergo
3120 3587 3329 3642 turbari
3372 3597 3428 3644 et
3465 3591 3574 3644 for-

1979 3675 2193 3730 midare
2251 3681 2471 3744 poterat
2527 3689 2627 3730 cor
2683 3674 2950 3741 illorum,-
2991 3677 3134 3747 quod
3191 3677 3303 3732 ibat
3345 3679 3414 3734 ab
3467 3679 3571 3745 eis,

1978 3766 2226 3836 quamvis
2267 3773 2532 3821 venturus
2573 3765 2642 3821 ad
2685 3781 2803 3832 eos,
2861 3781 2930 3822 ne
2965 3767 3195 3823 forsitan
3246 3784 3464 3841 gregem
3491 3771 3574 3825 lu-

1978 3871 2078 3926 pus
2119 3856 2171 3909 in
2229 3855 2333 3910 hoc
2363 3855 2648 3909 intervallo
2687 3855 2969 3912 invaderet
3018 3857 3253 3927 pastoris
3303 3860 3569 3915 absentia.

1979 3946 2088 4002 Sed
2134 3961 2166 3999 a
2210 3945 2406 4015 quibus
2457 3945 2620 4000 homo
2646 3946 2991 4014 abscedebat,
3046 3949 3188 4004 Deus
3237 3966 3342 4004 non
3399 3951 3569 4006 relin-

1976 4037 2199 4107 quebat,
2225 4046 2280 4090 et
2304 4036 2444 4090 idem
2473 4036 2589 4105 ipse
2629 4036 2880 4093 Christus
2925 4039 3088 4093 homo
3141 4049 3196 4095 et
3226 4040 3388 4096 Deus.
3419 4043 3565 4114 Ergo

1977 4139 2033 4187 et
2061 4131 2186 4184 ibat-
2213 4143 2314 4198 per
2343 4128 2396 4182 id
2427 4129 2573 4196 quod
2613 4129 2782 4182 homo
2807 4137 2944 4191 erat,
2995 4138 3050 4184 et
3081 4131 3355 4196 manebat,
3388 4147 3488 4202 per
3515 4134 3588 4189 id'

1978 4219 2122 4290 quod
2153 4221 2296 4275 Deus
2325 4227 2444 4274 erat
2477 4237 2490 4273 :
2523 4219 2635 4274 ibat
2675 4235 2773 4290 per
2803 4221 2857 4275 id
2884 4221 3043 4290 quod
3063 4223 3115 4276 in
3144 4238 3254 4277 uno
3282 4223 3401 4280 loco
3428 4236 3566 4290 erat,

1978 4309 2236 4363 manebat
2270 4324 2368 4379 per
2396 4308 2450 4362 id
2480 4309 2623 4378 quod
2658 4309 2858 4378 ubique
2880 4318 3017 4365 erat.
3053 4309 3115 4365 Si
3149 4312 3435 4384 diligeretis
3464 4331 3569 4380 me,

1979 4400 2277 4472 gauderetis
2317 4401 2497 4471 utique
2525 4399 2650 4470 quia
2685 4401 2819 4456 vado
2865 4402 2935 4456 ad
2965 4401 3199 4470 Patrem,
3228 4407 3353 4476 quia
3407 4404 3576 4462 Pater

1982 4493 2156 4562 major
2197 4508 2277 4546 me
2319 4500 2416 4546 est.
2458 4489 2563 4546 Per
2588 4491 2730 4560 quod
2755 4491 3054 4562 ergoFilius
3079 4509 3187 4549 non
3220 4503 3304 4550 est
3348 4497 3572 4566 :equalis

1975 4582 2143 4644 Patri,
2176 4596 2274 4652 per
2302 4582 2406 4636 hoc
2434 4589 2554 4636 erat
2589 4581 2768 4636 iturus
2789 4581 2856 4636 ad
2895 4581 3135 4648 Patrem,
3179 4600 3278 4655 per
3305 4585 3433 4640 illud
3465 4601 3572 4640 au-

1982 4682 2092 4728 tem
2139 4675 2190 4727 in
2229 4688 2337 4743 quo
2388 4683 2474 4730 est
2517 4673 2744 4743 :equalis
2790 4673 3030 4744 gignenti
3054 4674 3393 4746 Unigenitus,
3435 4693 3574 4732 nun-

1954 4772 1956 4774 ’
1984 4785 2146 4840 quam
2172 4769 2378 4824 recedit
2413 4786 2443 4823 a
2487 4768 2666 4824 Patre.
2691 4768 2890 4824 Forma
2917 4770 3116 4842 quippe
3149 4772 3292 4826 servi
3316 4771 3569 4837 accessit,

1983 4875 2089 4914 non
2120 4858 2293 4914 forma
2341 4859 2433 4914 Dei
2465 4859 2708 4924 recessit,
2744 4860 2859 4914 haec
2888 4868 2973 4915 est
2999 4870 3296 4930 assumpta,
3347 4877 3454 4916 non
3484 4861 3572 4916 illa

1981 4959 2320 5019 consumpta.
2343 4950 2574 5019 Propter
2597 4949 2738 5004 banc
2767 4950 2931 5016 dicit,
2954 4947 3119 5004 Pater
3137 4951 3311 5020 major
3356 4968 3438 5005 me
3473 4963 3572 5017 est,

1982 5051 2203 5113 propter
2232 5042 2378 5096 illam
2406 5057 2557 5106 vero,
2589 5057 2682 5111 ego
2705 5051 2756 5099 et
2779 5038 2945 5095 Pater
2969 5059 3365 5098 unum-sumus.
3392 5044 3574 5115 Agno-

1983 5150 2200 5192 scamus
2249 5135 2519 5206 geminam
2548 5135 2911 5190 substantiam
2944 5133 3174 5201 Christi,
3205 5136 3443 5192 divinam
3473 5137 3574 5192 sci-

1984 5226 2112 5281 licet
2147 5241 2253 5296 qua
2283 5225 2508 5296 aequalis
2552 5233 2637 5280 est
2671 5226 2846 5292 Patri,
2874 5227 3188 5294 humanam,
3236 5243 3340 5298 qua
3398 5226 3574 5297 major

1985 5325 2070 5372 est
2099 5311 2278 5369 Pater.
2339 5315 2644 5384 Utrumque
2697 5323 2878 5370 autem
2925 5316 3091 5372 simul
3144 5331 3250 5372 non
3301 5317 3427 5382 duo,
3473 5316 3570 5371 sed

1987 5422 2128 5462 unus
2191 5404 2477 5470 Christus,
2529 5420 2598 5460 ne
2655 5405 2727 5460 sit
2769 5407 3148 5474 quaternitas,
3182 5422 3289 5462 non
3343 5405 3564 5460 trinitas

1989 5499 2151 5552 Deus.
2198 5494 2353 5551 Sicut
2374 5495 2521 5549 enim
2558 5509 2700 5549 unus
2719 5503 2804 5550 est
2851 5496 3018 5551 homo
3070 5496 3252 5550 anima
3286 5494 3568 5551 rationalis

1988 5597 2043 5644 et
2086 5601 2236 5652 caro,
2266 5587 2346 5642 sic
2388 5600 2528 5640 unus
2561 5595 2644 5640 est
2693 5585 2944 5642 Christus
2985 5586 3128 5641 Deus
3172 5593 3227 5640 et
3273 5585 3456 5650 homo,
3505 5603 3571 5644 ac

1989 5699 2084 5753 per
2125 5682 2227 5738 hoc
2278 5680 2530 5737 Christus
2591 5687 2674 5736 est
2723 5679 2884 5743 Deus,
2945 5680 3121 5734 anima
3181 5681 3462 5737 rationalis
3514 5689 3578 5737 et
