3978 6408
413 265 516 324 9η

1737 247 2096 307 SMARAGDI
2128 241 2421 299 ABBATIS

3591 236 3700 293 2i!
3737 265 3740 267 -

416 391 568 435 caro.
608 372 888 431 Christum
934 373 988 427 in
1019 373 1108 428 his
1153 366 1430 433 oniuihus,
1481 367 1759 421 Christum
1806 364 1860 417 in
1885 361 1998 416 sin-
2027 362 2078 421 A
2105 355 2336 412 facimus
2386 368 2507 425 qua:
2545 351 2822 424 praecepit,
2863 359 2919 405 et
2943 349 3221 422 diligimus
3267 363 3387 420 qua:
3420 352 3699 420 promisit.

417 466 558 541 gulis
582 462 920 522 confitemur.
951 461 1084 529 Quis
1107 469 1194 517 est
1227 475 1380 531 ergo.
1411 472 1510 529 per
1529 471 1691 528 quem
1718 453 1893 509 factus
1913 460 2002 508 est

417 559 684 616 mundus?
702 556 950 614 Christus
969 553 1152 619 Iesus,
1183 552 1278 608 sed
1306 552 1362 606 in
1385 550 1561 605 forma
1587 549 1707 603 Dei.
1747 545 1881 616 Quis
1914 551 2003 600 est

417 657 520 712 sub
536 655 730 714 Pontio
748 651 924 710 Pilato
950 646 1282 706 cruciﬁxus?
1321 642 1575 700 Christus
1600 638 1780 706 Iesus,
1822 635 1920 693 sed
1943 635 2000 691 in

417 746 596 802 forma
619 743 790 804 servi.

486 837 555 892 Et
599 853 739 892 nunc
769 834 884 890 disi
928 831 1068 888 vobis
1089 829 1396 901 priusquam
1425 825 1542 895 ﬁat,
1573 832 1629 878 ut
1675 837 1797 877 cum
1835 815 2001 890 fuerit

418 927 617 997 factum
666 924 916 989 credatis,
967 930 1024 978 et
1080 921 1306 990 reliqua.
1356 915 1498 985 Quid
1557 913 1661 969 sibi
1705 911 1820 967 vult
1861 905 2002 966 hoc!

419 1019 612 1077 Nonne
663 1017 846 1091 potius
893 1013 1182 1070 dicendum
1209 1009 1347 1066 fuit:
1376 1009 1444 1063 Et
1470 1022 1617 1062 nunc
1657 1003 1769 1060 dixi
1821 1002 1998 1069 vobis,

418 1112 737 1183 priusquam
783 1108 879 1165 (lat
915 1115 976 1161 ut
1025 1103 1280 1166 credatis,
1305 1109 1364 1155 ut
1404 1113 1526 1154 cum
1565 1095 1771 1151 factum
1811 1093 1995 1157 fuerit,

418 1201 666 1262 videatis.
724 1197 860 1254 illud
882 1195 1026 1253 enim
1057 1194 1187 1248 dicit
1211 1207 1225 1245 :
1252 1190 1385 1244 Cum
1405 1197 1606 1258 factum
1629 1185 1812 1254 fuerit,
1853 1183 1999 1252 quod

419 1308 545 1350 eum
585 1298 706 1361 post
733 1296 964 1344 mortem
985 1286 1156 1342 visuri
1184 1290 1342 1338 erant
1380 1281 1674 1343 viventem,
1713 1287 1766 1332 et
1809 1275 1875 1329 ad
1901 1275 2002 1332 Pa-

419 1393 556 1438 trem
586 1380 989 1442 ascendentem,
1039 1391 1149 1447 quo
1169 1377 1284 1429 viso
1307 1372 1440 1426 illud
1469 1371 1686 1425 merant
1713 1365 1998 1430 credituri,

419 1471 561 1542 quod
588 1471 706 1542 ipse
743 1466 1058 1525 essetFitius
1080 1465 1196 1528 Dei,
1218 1463 1311 1532 qui
1348 1461 1523 1532 potuit
1545 1461 1650 1514 hoc
1673 1458 1852 1512 facere
1877 1470 2001 1512 cum

417 1563 776 1636 praedixisset,
801 1567 858 1616 et
883 1557 1194 1631 pmdicare,
1212 1563 1505 1624 antequam
1531 1551 1754 1608 faceret.
1799 1551 2002 1605 Deinde

417 1652 552 1722 quid
604 1651 736 1710 dicit
766 1669 779 1705 :
804 1649 928 1704 Iam
975 1662 1078 1702 non
1119 1644 1286 1701 multa
1328 1644 1516 1714 loquor
1542 1643 1825 1707 uobiscum,
1859 1642 2000 1696 venit

2172 447 2242 502 In
2285 449 2382 502 hoc
2407 446 2730 514 clari/iratus
2749 454 2825 500 est
2843 445 3003 500 Pater
3031 459 3202 507 meus,
3233 451 3289 495 ut
3318 441 3552 511 fructum
3581 447 3706 513 plu-

2100 541 2293 594 rimum
2314 537 2570 608 offeratis,
2588 544 2644 591 et
2665 535 2822 605 reliq.
2858 533 2977 589 Non
3023 534 3128 589 hoc
3150 540 3349 587 nostrae
3377 532 3561 605 gloria:
3604 533 3704 588 tri-

2099 631 2355 698 buamus,
2405 640 2664 702 tanquam
2718 630 2825 685 hoc
2871 643 2940 684 ex
2991 629 3150 684 nobis
3198 627 3329 698 ipsis
3379 628 3698 696 habeamus,

2100 721 2220 792 eius
2255 727 2339 776 est
2382 720 2529 776 enim
2569 719 2688 775 haec
2735 719 2934 791 gratia,
2974 727 3030 774 et
3054 718 3174 774 ideo
3206 719 3261 773 in
3291 719 3394 774 hoc
3446 735 3554 774 non
3591 735 3700 774 no-

2100 821 2240 880 stra,
2300 812 2395 868 sed
2420 810 2536 880 ejus
2573 819 2658 866 est
2695 810 2889 882 gloria,
2948 818 3009 864 ut
3037 808 3345 864 efﬁciamur
3377 809 3584 865 Christi
3618 811 3702 866 di-

2101 902 2312 974 scipuli,
2367 903 2492 973 quia
2513 902 2631 973 ejus
2675 901 3048 957 misericordia
3072 902 3336 972 prmvenit
3388 917 3507 957 nos.
3542 903 3700 970 Quod

2103 1002 2283 1048 autem
2313 993 2391 1048 ait
2423 1011 2435 1046 :
2467 991 2613 1047 Sicut
2636 991 2819 1046 dilexit
2860 1008 2941 1046 me
2971 989 3154 1056 Pater,
3178 1001 3226 1045 et
3259 1008 3352 1062 ego
3380 991 3542 1047 dilexi
3586 1010 3694 1058 vos,

2103 1099 2211 1138 non
2258 1082 2623 1153 aequalitatem
2663 1090 2870 1137 natura:
2907 1082 3151 1138 ostendit
3211 1090 3412 1137 nostra:
3454 1094 3508 1138 et
3561 1097 3695 1150 sum,

2104 1181 2244 1236 sicut
2277 1188 2360 1234 est
2410 1180 2586 1238 Patris
2629 1187 2685 1235 et
2712 1178 2903 1249 ipsius,
2955 1178 3049 1234 sed
3073 1177 3307 1249 gratiam
3336 1194 3441 1246 qua
3482 1180 3694 1233 media-

2103 1280 2190 1325 tor
2214 1279 2299 1326 est
2324 1271 2420 1325 Dei
2441 1279 2496 1325 et
2515 1270 2826 1335 hominum,
2845 1269 3005 1348 homo
3037 1266 3288 1324 Christus
3321 1266 3500 1322 Jesus.
3555 1268 3696 1335 Quid

2103 1371 2187 1418 est
2225 1376 2356 1433 ergo
2389 1379 2400 1414 :
2439 1361 2647 1415 Manete
2668 1362 2723 1414 in
2758 1360 3035 1416 dilectione
3063 1377 3200 1426 mea,
3246 1360 3351 1414 nisi
3390 1369 3606 1415 manete
3637 1362 3694 1415 in

2105 1455 2278 1525 gratia
2323 1453 2477 1509 mea?
2523 1452 2663 1521 Quid
2702 1460 2786 1507 est
2815 1452 2959 1522 quod
3007 1451 3139 1507 dicit
3165 1469 3178 1504 :
3203 1449 3355 1506 Sicut
3382 1450 3569 1504 dilexit
3612 1468 3696 1505 me

2107 1542 2294 1608 Pater,
2315 1552 2362 1596 et
2383 1559 2476 1613 ego
2497 1538 2660 1596 dilexi
2684 1558 2768 1596 ros
2785 1542 2810 1594 .’
2850 1540 3101 1611 Nunquid
3130 1550 3184 1594 et
3223 1539 3312 1594 hic
3339 1539 3513 1610 gratia
3543 1537 3697 1594 intel-

2107 1633 2321 1705 ligenda
2369 1641 2476 1696 est,
2524 1646 2631 1701 qua
2672 1629 2834 1686 Pater
2886 1629 3063 1702 diligit
3084 1629 3318 1686 Filium?
3365 1629 3521 1684 Sicut
3571 1645 3697 1700 gra-

417 1719 558 1798 enim
583 1740 825 1810 princeps
855 1735 1058 1790 mundi.
1090 1734 1223 1802 Quis
1269 1733 1372 1788 nisi
1415 1732 1696 1786 diabolus?
1728 1743 1775 1784 et
1816 1730 1871 1784 in
1916 1745 1999 1782 me
2028 1719 2075 1777 Β
2105 1726 2179 1780 tia
2226 1733 2327 1788 est,
2379 1740 2486 1795 qua
2530 1739 2630 1778 nos
2656 1719 3022 1794 diligitFilius,
3064 1735 3187 1776 cum
3223 1720 3393 1775 simus
3438 1735 3539 1774 nos
3587 1720 3686 1775 lilii

417 1845 524 1886 non
565 1827 757 1882 invenit
803 1826 1103 1898 quicquam.
1138 1821 1352 1878 Nullum
1391 1821 1600 1876 scilicet
1636 1819 1858 1874 omnino
1879 1831 2004 1889 pec-

418 1931 599 1981 catum
625 1935 642 1986 ς
671 1920 753 1976 sic
809 1919 956 1974 enim
1005 1914 1245 1971 ostendit
1294 1925 1400 1968 non
1455 1920 1849 1973 creawrarum,
1907 1908 2005 1964 sed

417 2020 764 2084 peccatorum
785 2007 1090 2079 principem
1140 2005 1437 2061 diabolum.
1475 2003 1617 2070 Quid
1661 2011 1845 2058 autem
1871 2001 2001 2056 dicit

419 2098 930 2162 discumbentibus?
993 2096 1225 2166 Surgite,
1289 2111 1470 2149 eamus
1513 2094 1657 2157 hinc,
1698 2107 1848 2162 quo,
1897 2093 2003 2147 nisi

420 2195 490 2253 ad
538 2191 694 2247 illum
741 2189 921 2246 locum
957 2188 1101 2246 unde
1153 2185 1334 2246 fuerat
1399 2184 1695 2240 tradendus
1737 2183 1808 2238 ad
1857 2198 2005 2239 mora

481 2298 534 2338 m

425 2282 604 2440 “Eg:
638 2385 758 2424 sum
780 2369 900 2424 uitis
925 2383 1071 2432 uera,
1097 2374 1148 2420 et
1163 2365 1321 2421 Pater
1351 2381 1497 2418 meus
1518 2363 1771 2434 agricola,
1800 2370 1856 2418 et
1883 2363 2006 2418 reli-

417 2475 546 2530 qua.
584 2459 690 2516 Iste
743 2460 896 2516 locus
945 2457 1312 2528 evangelicus,
1356 2454 1576 2520 fratres,
1629 2455 1717 2510 ubi
1760 2469 1822 2510 se
1870 2454 2007 2510 dicit

417 2549 683 2608 Dominus
731 2549 919 2614 vitem,
961 2555 1019 2602 et
1070 2545 1363 2616 discipulos
1414 2560 1545 2602 suos
1589 2544 1865 2614 palmites,
1919 2559 2004 2599 se-

419 2639 653 2698 cundum
693 2639 797 2694 hoc
816 2639 967 2704 dicit,
1003 2638 1148 2708 quod
1195 2645 1280 2692 est
1304 2645 1467 2708 caput
1510 2635 1766 2691 Ecclesia:
1794 2650 2000 2705 nosque

418 2731 668 2785 membra
704 2725 842 2798 ejus.
896 2726 1069 2783 Unius
1114 2726 1314 2798 quippe
1364 2733 1574 2784 natura:
1613 2734 1741 2780 sunt
1785 2725 1912 2780 vitis
1947 2734 2005 2780 et

415 2820 692 2895 palmites,
743 2818 1010 2876 mediator
1055 2817 1154 2874 Dei
1199 2825 1253 2873 et
1293 2818 1590 2883 hominum,
1639 2817 1802 2872 homo
1847 2815 2004 2872 Chri-

417 2919 536 2969 stus
574 2909 758 2974 Jesus,
810 2923 934 2966 cum
972 2916 1119 2965 esset
1145 2908 1306 2974 Deus,
1333 2905 1490 2976 cujus
1516 2916 1725 2962 natura
1775 2923 1884 2964 non
1911 2924 2002 2964 su-

415 3016 558 3066 mus,
592 2999 770 3056 factus
803 3006 888 3054 est
933 2999 1119 3064 homo,
1169 3007 1229 3053 ut
1282 2999 1338 3052 in
1381 2998 1471 3052 illo
1506 3007 1652 3055 esset
1693 2998 1844 3064 vitis,
1889 3015 1996 3053 una

2106 1817 2301 1888 gratia,
2351 1830 2457 1870 non
2483 1822 2700 1878 natura,
2749 1813 3061 1883 unigenitus
3105 1818 3286 1865 autem
3329 1818 3540 1874 natura,
3586 1826 3699 1864 non

2105 1907 2299 1978 gratia.
2347 1905 2431 1959 An
2459 1906 2564 1959 hoc
2591 1904 2754 1961 etiam
2800 1905 2856 1958 in
2880 1903 3133 1974 ipsoFilio
3166 1901 3234 1956 ad
3280 1903 3562 1956 hominem
3606 1917 3701 1956 re-

2105 1997 2389 2052 ferendum
2423 1995 2544 2050 est?
2592 1994 2667 2049 ita
2711 2007 2866 2060 sane,
2905 2009 3032 2048 nam
3067 1993 3337 2049 dicendo:
3369 1992 3519 2048 Sicut
3562 1991 3699 2045 dile-

2103 2089 2180 2142 xit
2218 2103 2299 2141 me
2327 2085 2511 2150 Pater,
2549 2094 2598 2139 et
2630 2100 2722 2155 ego
2747 2084 2911 2138 dilexi
2942 2102 3052 2150 vos,
3106 2085 3340 2156 gratiam
3377 2084 3700 2139 mediatoris

2104 2178 2361 2244 ostendit,
2408 2174 2680 2231 mediator
2729 2184 2915 2230 autem
2965 2174 3061 2230 Dei
3090 2183 3148 2231 et
3170 2175 3472 2238 hominum,
3502 2189 3610 2227 non
3638 2173 3696 2226 in

2104 2277 2376 2340 quantum.
2426 2268 2570 2322 Deus
2632 2273 2738 2332 est,
2793 2268 2889 2323 sed
2938 2267 2992 2322 in
3055 2275 3318 2338 quantum
3370 2265 3532 2320 homo
3587 2272 3696 2329 est,

2105 2360 2356 2418 Christus
2381 2359 2557 2420 Iesus.
2591 2365 2733 2420 Deus
2774 2363 2919 2417 enim
2949 2369 3068 2416 erat
3087 2359 3340 2425 Verbum,
3380 2359 3700 2428 unigenitus

2105 2451 2347 2520 gignenti
2382 2461 2706 2518 coaeternus,
2762 2451 2857 2508 sed
2881 2460 2942 2504 ut
2969 2450 3234 2505 mediator
3271 2450 3491 2504 daretur
3537 2449 3699 2504 nubis

2105 2555 2203 2610 per
2227 2541 2552 2599 ineffabilem
2579 2544 2846 2614 gratiam:
2885 2539 3107 2596 Verbum
3126 2555 3250 2595 caro
3287 2539 3488 2610 factum
3512 2550 3615 2605 est,
3644 2549 3695 2594 et

2103 2632 2354 2688 habitavit
2377 2635 2434 2689 in
2453 2634 2621 2691 nobis.

2175 2723 2536 2781 Haeclocutus
2557 2743 2674 2781 sum
2721 2727 2885 2792 vobis,
2917 2735 2972 2780 ut
3026 2725 3286 2796 gaudium
3321 2741 3494 2779 meum
3532 2725 3587 2777 in
3613 2741 3700 2779 vo-

2104 2814 2180 2869 bis
2207 2816 2297 2881 sit,
2332 2824 2386 2870 et
2415 2817 2571 2887 reliq.
2605 2817 2757 2884 Quod
2779 2825 2863 2872 est
2890 2817 3141 2887 gaudium
3190 2815 3392 2871 Christi
3423 2816 3476 2870 in
3514 2817 3696 2882 nobis,

2105 2907 2208 2963 nisi
2239 2908 2381 2977 quod
2427 2907 2682 2978 dignatur
2716 2922 2954 2978 gaudere
2997 2907 3063 2962 de
3097 2906 3288 2961 nobis?
3330 2906 3398 2960 Et
3429 2906 3575 2976 quod
3611 2915 3698 2961 est

2105 2997 2361 3066 gaudium
2399 3005 2646 3051 nostrum
2693 2995 2836 3066 quod
2873 2996 3005 3052 dicit
3057 2991 3372 3067 impletum,
3421 2997 3530 3052 nisi
3576 2997 3699 3066 ejus

415 3063 634 3154 natura,
671 3085 832 3158 cujus
865 3097 922 3145 et
971 3105 1072 3145 nos
1101 3089 1349 3144 homines
1408 3087 1662 3159 palmites
1711 3063 1836 3145 esse
1877 3103 2004 3162 pos-
2028 3063 2074 3126 (ἶ
2105 3063 2308 3146 habere
2354 3063 2727 3146 consortium‘i
2767 3089 3062 3160 Diligamus
3093 3063 3224 3159 ergo
3269 3088 3504 3144 invicem
3551 3063 3698 3144 sicut

417 3195 609 3236 sumus
635 3198 650 3235 :
674 3179 744 3235 Et
777 3183 939 3238 Pater
965 3197 1133 3246 meus,
1183 3179 1377 3251 inquit,
1409 3179 1642 3250 agricola
1667 3189 1764 3234 est.
1791 3179 2001 3234 Secun-

415 3269 544 3324 dum
578 3270 679 3325 hoc
731 3285 862 3341 ergo
909 3271 1036 3327 vitis
1072 3268 1345 3333 Christus,
1371 3267 1670 3323 secundum
1721 3269 1864 3339 quod
1885 3270 1996 3324 ait:

417 3359 584 3416 Pater
619 3359 794 3431 major
836 3377 918 3414 me
970 3371 1088 3426 est;
1120 3361 1420 3416 secundum
1469 3360 1523 3415 id
1543 3361 1687 3431 quod
1718 3361 1796 3414 ait
1841 3379 1852 3415 :
1887 3360 2000 3431 Ego

417 3461 467 3506 et
506 3449 671 3506 Pater
709 3468 872 3506 unum
918 3469 1122 3517 sumus,
1154 3460 1212 3506 et
1237 3453 1354 3522 ipse
1381 3451 1616 3521 agricola
1636 3460 1740 3507 est.
1763 3452 1888 3507 Iam
1909 3469 2000 3508 vos

416 3539 614 3610 inquit,
666 3540 848 3594 mundi
869 3540 1014 3607 estis,
1045 3540 1232 3596 mundi
1261 3539 1468 3597 scilicet
1499 3549 1661 3611 atque
1683 3543 1996 3597 mundandi.

416 3630 606 3706 Neque
659 3632 827 3699 enim,
878 3632 984 3688 nisi
1049 3632 1233 3687 mundi
1277 3641 1483 3699 essent,
1520 3633 1755 3690 fructum
1805 3634 1999 3690 ali‘erre

413 3724 744 3797 potuissent,
773 3730 830 3778 et
848 3731 1029 3804 tamen
1057 3738 1274 3781 omnem
1309 3724 1402 3794 qui
1434 3723 1539 3780 fert
1566 3725 1821 3792 fructum,
1871 3742 2000 3797 pur-

421 3826 515 3887 gat
563 3813 834 3889 agricola,
883 3827 943 3872 ut
984 3817 1222 3874 fructum
1275 3819 1396 3890 plus
1425 3818 1636 3875 afferat.
1677 3820 1812 3888 Quis
1848 3821 1997 3875 enim

415 3917 502 3966 est
553 3908 608 3963 in
636 3908 740 3964 hac
791 3909 923 3974 vita,
961 3917 1148 3964 utnon
1173 3910 1246 3964 sit
1281 3911 1454 3980 magis
1506 3911 1787 3981 magisque
1841 3926 1998 3964 mun-

417 3997 661 4054 dandus?
685 3997 862 4066 Quare
884 4014 990 4053 non
1015 3999 1127 4053 ait:
1158 3998 1336 4054 Mundi
1363 4001 1495 4056 estis
1521 4015 1620 4071 per
1645 4001 1994 4070 baptismum,

415 4105 524 4159 quo
561 4089 727 4148 abluti
755 4091 906 4156 estis,
937 4092 1030 4147 sed
1077 4091 1176 4156 ait,
1217 4100 1438 4163 propter
1476 4095 1698 4148 verbum
1741 4093 1882 4163 quod
1925 4094 1998 4148 lo—

416 4189 574 4237 cutus
599 4197 718 4237 sum
745 4183 932 4237 vobis?
961 4183 1064 4238 nisi
1095 4183 1222 4252 quia
1250 4193 1306 4238 et
1335 4184 1389 4238 in
1420 4199 1560 4254 aqua
1597 4185 1820 4239 verbum
1843 4201 1998 4241 mun-

414 4271 527 4336 dat,
581 4273 804 4330 detrahe
827 4273 1074 4338 verbum,
1114 4281 1170 4328 et
1223 4273 1352 4343 quid
1377 4281 1462 4329 est
1483 4289 1643 4344 aqua,
1695 4275 1798 4331 nisi
1826 4275 1998 4344 aqua?

412 4362 639 4420 Accedit
689 4363 913 4419 verbum
942 4364 1008 4421 ad
1029 4363 1378 4428 elementum,
1423 4372 1478 4418 et
1499 4364 1558 4418 fit
1595 4372 1996 4420 sacramentum
2021 4405 2076 4465 Β

414 4453 580 4510 etiam
632 4453 809 4525 ipsum
865 4462 1122 4523 tanquam
1191 4451 1401 4506 visibile
1448 4452 1702 4517 verbum,
1759 4453 1863 4506 hoc
1891 4462 1992 4516 est,

413 4543 638 4598 verbum
692 4542 818 4599 fidei
860 4545 1238 4613 praedicamus,
1291 4541 1435 4611 quod
1487 4541 1620 4596 dicit
1665 4542 1996 4612 Apostolus:

417 4632 556 4700 Quia
582 4634 630 4687 si
663 4634 932 4703 confessus
956 4633 1118 4702 fueris
1149 4634 1205 4686 in
1231 4648 1320 4686 ore
1351 4642 1462 4698 tuo,
1489 4640 1596 4686 etc.
1639 4632 1754 4688 Hoc
1775 4635 1998 4690 verbum

413 4725 540 4782 fidei
595 4733 802 4781 tantum
852 4725 996 4779 valet
1041 4726 1094 4779 in
1139 4724 1382 4780 Ecclesia
1427 4723 1542 4788 Dei,
1597 4733 1658 4779 ut
1693 4740 1790 4794 per
1824 4725 1999 4796 ipsum

414 4818 748 4882 credentem,
801 4816 1136 4881 offerentem,
1180 4814 1634 4882 ‘benedicentem,
1681 4817 1994 4889 tingentem,

414 4910 583 4963 etiam
604 4907 876 4967 tantillum
914 4907 1136 4961 mundet
1179 4906 1460 4972 infantem,
1489 4907 1738 4977 quamvis
1761 4908 1998 4962 nondum

412 5001 688 5055 valentem
712 4999 876 5056 corde
921 4999 1145 5054 credere
1175 5001 1242 5054 ad
1266 4998 1559 5067 justitiam,
1594 5006 1650 5054 et
1695 5013 1790 5054 ore
1836 5000 2000 5055 conli-

414 5092 519 5146 teri
548 5091 616 5144 ad
654 5091 902 5150 salutem.
934 5092 1129 5148 Totum
1155 5093 1256 5148 hoc
1309 5091 1370 5148 ﬁt
1406 5107 1504 5164 per
1542 5093 1766 5148 verbum
1793 5093 1861 5148 de
1887 5110 1995 5164 quo

412 5183 676 5240 Dominus
712 5185 829 5240 ait:
861 5185 986 5239 1am
1013 5203 1100 5241 vos
1151 5186 1335 5240 mundi
1375 5187 1498 5241 estis
1539 5197 1748 5258 propter
1787 5188 1995 5244 verbum

412 5272 553 5342 quod
576 5272 781 5329 locutus
818 5291 936 5329 sum
981 5275 1122 5330 vobis
1151 5293 1169 5330 :
1200 5276 1410 5331 Manete
1457 5278 1512 5332 in
1554 5295 1658 5344 me,
1714 5279 1908 5349 inquit,
1944 5290 1993 5335 et

412 5382 518 5435 ego.
548 5366 606 5421 in
633 5366 793 5422 vobis.
856 5365 1033 5423 Unum
1067 5368 1321 5424 eduobus
1365 5368 1568 5440 palmiti
1605 5371 1869 5440 congruit,
1901 5379 1997 5424 aut

411 5455 540 5510 vitis
576 5465 671 5512 aut
713 5457 870 5529 ignis,
912 5457 955 5514 si
992 5458 1046 5512 in
1095 5459 1206 5513 vite
1253 5474 1359 5513 non
1395 5467 1500 5523 est,
1547 5459 1601 5513 in
1623 5459 1746 5530 igne
1770 5460 1895 5525 erit,
1934 5468 1994 5519 ut

415 5561 546 5617 ergo
591 5549 644 5604 in
696 5550 818 5622 igne
856 5567 961 5606 non
1006 5551 1099 5614 sit,
1138 5551 1190 5606 in
1242 5552 1349 5606 vite
1390 5553 1477 5607 sit.
1537 5551 1689 5608 Tunc
1734 5537 1866 5624 ergo
1911 5554 1994 5608 di-

418 5637 585 5699 cenda
639 5649 762 5702 sunt
805 5643 968 5698 vz'rba
1010 5642 1126 5713 t-jus
1188 5643 1240 5697 in
1289 5643 1441 5710 nobis
1491 5657 1732 5710 manere,
1777 5643 1991 5714 quando

2104 3180 2294 3237 dilexit
2334 3195 2456 3248 nos,
2498 3188 2555 3237 et
2580 3179 2801 3236 tradidit
2827 3179 3174 3251 semetipsum
3199 3194 3300 3249 pro
3335 3179 3515 3234 nobis.
3566 3178 3694 3232 Μα-

2095 3274 2267 3344 jorem
2289 3275 2476 3346 quippe
2496 3274 2595 3329 hac
2616 3273 2946 3329 dilectionem
2983 3288 3134 3327 nemo
3157 3271 3332 3337 habet,
3362 3280 3420 3324 ut
3457 3271 3696 3324 animum

2101 3377 2254 3414 suam
2295 3372 2455 3432 ponat
2483 3363 2600 3433 quis
2623 3378 2717 3432 pro
2753 3361 2938 3416 amicis
2978 3361 3110 3416 suis.
3148 3359 3288 3417 Eum
3331 3359 3531 3430 quippe
3571 3359 3696 3414 imi-

2101 3460 2281 3506 temur
2318 3453 2405 3523 pia
2452 3453 2781 3518 obedientia,
2828 3461 2886 3506 ut
2924 3452 2974 3507 ei
3021 3467 3121 3507 nos
3165 3466 3485 3523 comparare
3542 3451 3692 3505 nulla

2101 3556 2492 3612 praesumamus
2520 3543 2745 3598 audacia
2779 3561 2792 3596 :
2826 3541 2950 3608 Vos,
2980 3541 3175 3613 inquit,
3219 3542 3377 3598 amici
3401 3541 3505 3598 mei
3543 3543 3692 3605 estis,

2102 3645 2297 3700 magna
2322 3631 2582 3702 dignatio,
2633 3617 2777 3688 servi
2810 3646 2930 3686 esse
2959 3647 3067 3686 non
3095 3646 3388 3696 meremur,
3423 3639 3480 3686 et
3528 3633 3693 3687 amici

2101 3737 2392 3777 vocamur:
2423 3720 2550 3778 lam
2593 3739 2697 3778 non
2743 3723 2918 3778 dicam
2949 3739 3035 3778 vos
3079 3740 3274 3787 servos,
3332 3724 3458 3794 quia
3509 3741 3692 3778 servus

2104 3813 2266 3867 nescit
2313 3814 2440 3884 quid
2498 3815 2662 3885 faciat
2709 3815 2952 3869 dominus
3001 3815 3138 3885 ejus.
3183 3816 3451 3881 Quoniam
3507 3817 3694 3887 itaque

2101 3903 2247 3958 dedit
2297 3903 2452 3957 nobis
2489 3910 2811 3972 potestatem
2857 3903 2999 3959 filios
3061 3903 3157 3958 Dei
3197 3904 3316 3960 fieri
3373 3905 3559 3976 (Joan.
3613 3908 3688 3978 ι),

2099 4008 2206 4047 non
2253 3993 2415 4059 servi,
2455 3993 2550 4047 sed
2593 3992 2686 4048 filii
2710 4009 2913 4048 sumus.
2957 3995 3059 4061 Qui
3101 4004 3281 4051 autem
3323 3995 3530 4066 aliquid
3562 3997 3691 4054 boni

2099 4085 2212 4154 agit
2254 4093 2310 4140 et
2341 4085 2641 4152 extollitur,
2680 4077 2839 4156 quasi
2870 4087 2974 4142 hoc
2998 4087 3113 4158 ipse
3145 4088 3327 4155 faciat,
3356 4105 3463 4145 non
3515 4092 3692 4146 domi-

2099 4193 2201 4233 nus
2247 4176 2386 4246 ejus,
2441 4179 2544 4234 iste
2590 4193 2782 4234 servus
2833 4181 3006 4234 nescit
3052 4181 3180 4249 quid
3232 4181 3400 4238 faciat
3437 4183 3692 4238 dominus

2099 4267 2234 4337 ejus.
2275 4268 2382 4323 Nos
2426 4279 2607 4324 autem
2638 4285 2846 4336 omnes,
2887 4279 2948 4324 ut
2982 4271 3142 4324 amici
3176 4271 3389 4327 Domini
3420 4287 3540 4328 esse
3570 4290 3694 4343 pos-

2101 4361 2294 4427 simus,
2342 4361 2601 4431 quicquid
2654 4361 2914 4418 Dominus
2975 4370 3159 4417 noster
3201 4362 3368 4417 faciat
3426 4364 3686 4420 sciamus.

2101 4449 2217 4505 Non
2249 4450 2422 4506 solum
2451 4450 2616 4505 etiam
2653 4451 2918 4518 homines,
2947 4467 3134 4507 verum
3158 4453 3321 4508 etiam
3364 4453 3542 4522 justos
3574 4456 3690 4525 ipse

2101 4541 2230 4597 facit
2268 4557 2387 4608 nos,
2418 4549 2474 4596 et
2498 4557 2605 4597 non
2635 4542 2734 4614 ipsi
2759 4558 2877 4598 nos.
2911 4543 2994 4598 Ab
3022 4544 3139 4614 ipso
3162 4545 3422 4615 quidquid
3445 4546 3572 4600 boni
3603 4556 3691 4602 est

2100 4633 2352 4702 donatur,
2380 4641 2440 4688 ut
2453 4634 2674 4690 omnino
2695 4636 2761 4690 de
2779 4637 3032 4692 omnibus
3045 4636 3229 4704 bonis,
3272 4637 3364 4714 qui
3386 4638 3682 4708 gloriatur,

2101 4721 2156 4777 in
2190 4723 2416 4778 Domino
2443 4724 2724 4794 glorietur.

2188 4811 2285 4869 Vos
2317 4823 2492 4868 autem
2540 4814 2652 4870 dixi
2691 4831 2909 4880 amicos,
2949 4817 3075 4888 quia
3126 4818 3304 4871 omnia
3361 4835 3687 4890 quotcunque
3772 4859 3780 4868 -

2105 4907 2282 4961 audiri
2304 4925 2336 4961 a
2359 4905 2541 4973 Patre,
2567 4916 2672 4963 etc.
2702 4908 2820 4974 Quo
2845 4909 3005 4979 igitur
3045 4917 3204 4978 pacto
3252 4911 3355 4965 hoc
3381 4911 3688 4981 intelligen-

2105 5003 2231 5056 dum
2261 5001 2377 5056 est?
2417 5000 2548 5070 Quis
2579 5001 2724 5057 enim
2769 5001 2966 5056 audeat
2994 5002 3295 5068 afﬁrmare,
3345 5003 3430 5056 vel
3459 5005 3686 5059 credere

2103 5093 2271 5147 ullum
2316 5092 2588 5148 hominem
2634 5093 2780 5147 scire
2841 5094 3022 5148 omnia
3059 5109 3394 5164 quaecunque
3439 5110 3469 5148 a
3521 5098 3689 5155 Patre

2103 5185 2310 5241 audivit
2365 5183 2673 5254 unigenitus
2697 5180 2905 5240 Filius?
2955 5185 3090 5240 Nam
3137 5186 3275 5244 sicut
3307 5185 3686 5240 immortalita-

2100 5286 2209 5332 tem
2253 5277 2454 5342 carnis,
2482 5285 2537 5331 et
2569 5276 2800 5332 salutem
2827 5277 3130 5333 animarum
3170 5277 3407 5333 futuram
3431 5287 3688 5347 expecta-

2100 5383 2243 5435 mus,
2264 5368 2510 5436 quamvis
2540 5365 2656 5436 jam
2697 5367 2922 5436 pignore
2942 5375 3185 5438 accepto,
3243 5368 3377 5422 salvi
3410 5366 3537 5422 facti
3561 5380 3687 5423 esse

2100 5459 2366 5524 dicamur,
2399 5459 2474 5513 ita
2494 5457 2738 5514 omnium
2769 5458 3036 5522 notitiam,
3080 5471 3417 5527 quaecunque
3434 5458 3687 5526 Unigeni.

2097 5561 2187 5607 tus
2213 5551 2419 5606 audivit
2439 5567 2468 5606 a
2495 5547 2671 5615 Patre,
2695 5548 2933 5605 futuram
2953 5565 3173 5622 sperare
3185 5551 3458 5607 debemus.
3474 5551 3682 5618 Quam-

2098 5644 2179 5699 vis
2224 5645 2334 5715 jam
2378 5657 2435 5702 se
2477 5643 2580 5698 hoc
2631 5641 2821 5698 fecisse
2874 5644 3071 5700 dixerit
3098 5643 3365 5709 Christus,
3413 5643 3557 5715 quod
3599 5643 3682 5699 fa-
