3978 6460
295 305 394 362 2ἷὸ

1112 298 1632 359 COLLECTIONES
1675 297 1739 354 IN
1783 295 2166 352 EPISTOLAS
2205 296 2292 350 ET
2334 295 2751 354 EVANGELIA.

3477 302 3581 357 ειη

288 438 479 484 cturus
507 430 615 487 est,
651 392 849 479 fecisse
886 421 1040 488 dicit,
1091 421 1219 493 quia
1262 435 1325 476 ea
1382 434 1503 490 qua:
1546 419 1727 476 futura
1751 425 1878 476 sunt
1905 420 1960 479 Α
1983 414 2123 470 ciam
2147 412 2518 468 testimonium
2546 413 2867 484 perhibendi
2890 417 3133 474 cbaritas
3155 417 3346 474 dill'usa
3376 420 3430 474 in
3457 435 3582 476 cor-

275 515 447 578 fecit.

368 612 491 668 Non
509 628 598 666 vos
623 627 706 665 me
731 609 980 680 elegistis,
1023 608 1219 678 inquit,
1240 607 1331 662 sed
1352 623 1444 677 ego
1467 605 1599 676 elegi
1623 621 1730 659 vos.
1753 602 1882 658 Haec

289 715 376 764 est
419 705 506 762 illa
534 703 823 760 ineﬂ'abilis
870 703 1067 775 gratia,
1101 704 1216 756 lucc
1265 701 1465 772 quippe
1504 698 1700 754 electio
1751 713 1878 768 gra-

289 801 380 854 tiae
409 808 494 855 est
516 797 638 864 Dei,
693 797 760 852 de
807 810 913 867 qua
947 795 1080 850 dicit
1107 793 1395 866 Apostolus
1425 811 1439 847 :
1472 791 1561 849 Sic
1588 801 1639 846 et
1685 793 1741 845 in
1779 790 1879 845 hoc

285 901 516 961 tempore
564 887 798 959 reliquiae
831 903 924 957 per
967 885 1267 941 electionem
1308 884 1492 955 gratim
1517 881 1676 938 salva:
1722 881 1877 952 factm

284 991 428 1035 sunt.
479 979 618 1048 Quid
659 995 789 1049 ergo
813 978 1010 1033 dicturi
1043 966 1230 1032 sumus
1282 975 1550 1032 audiendo
1583 993 1596 1029 :
1626 972 1752 1028 Non
1790 987 1877 1026 vos

285 1090 371 1125 me
408 1070 654 1143 elegistis,
703 1071 807 1126 nisi
857 1071 984 1142 quia
1039 1069 1168 1124 mali
1217 1083 1436 1123 eramus
1479 1075 1535 1122 et
1566 1065 1726 1122 electi
1777 1079 1872 1119 su-

287 1179 436 1227 mus,
479 1170 539 1217 ut
577 1163 705 1218 boni
745 1177 845 1234 per
890 1162 1120 1234 gratiam
1167 1175 1269 1215 nos
1311 1159 1563 1230 eligentis
1599 1155 1878 1214 essemus?

287 1253 356 1308 Et
383 1254 560 1309 videte
587 1254 1040 1325 quemadmodum
1084 1267 1194 1307 non
1216 1251 1377 1322 eligat
1399 1252 1590 1315 bonos,
1617 1250 1711 1305 sed
1741 1264 1878 1319 quos

287 1348 452 1418 elegit
479 1346 612 1404 facit
654 1349 824 1404 bonos
858 1366 871 1401 :
907 1345 1040 1418 Ego,
1069 1345 1265 1416 inquit,
1312 1343 1443 1417 elegi
1491 1361 1603 1410 vos,
1629 1353 1678 1398 et
1721 1342 1877 1413 posui

287 1455 377 1492 vos
423 1448 476 1492 ut
499 1439 630 1493 eatis
668 1447 715 1492 et
737 1439 969 1509 fructum
991 1437 1229 1507 offeratis
1257 1445 1306 1491 et
1347 1435 1552 1506 fructus
1578 1443 1742 1490 vester
1763 1451 1877 1488 ma-

290 1537 432 1582 neat.
455 1527 670 1582 Nullum
697 1527 881 1597 itaque
925 1526 1161 1582 fructum
1208 1526 1352 1582 unde
1375 1541 1478 1581 nos
1527 1525 1753 1597 eligeret
1781 1524 1878 1578 ha-

292 1621 553 1675 bebamus
583 1637 596 1672 :
633 1616 700 1673 Ut
739 1619 893 1684 eatis,
925 1617 1132 1688 inquit,
1182 1617 1326 1671 imus
1378 1625 1439 1672 ut
1478 1614 1790 1680 afferamus,
1819 1622 1875 1669 et

290 1712 406 1782 ipse
449 1718 532 1767 est
561 1711 647 1766 via
676 1726 783 1780 qua
814 1710 976 1776 imus,
1017 1710 1070 1764 in
1097 1725 1204 1779 qua
1229 1724 1328 1764 nos
1355 1710 1537 1778 posuit
1566 1717 1627 1764 ut
1657 1723 1867 1764 eamus.

1984 505 2143 563 dibus
2170 506 2390 572 vestris,
2419 520 2516 577 per
2542 507 2805 578 Spiritum
2853 517 3124 578 sanetum,
3163 514 3256 584 qui
3284 514 3501 570 dabitur
3526 516 3581 570 in

1982 597 2156 652 vobis.
2192 595 2290 651 ille
2333 597 2532 667 quippe
2560 598 2927 654 testimonium
2972 602 3288 672 perhibetis,
3333 612 3387 659 et
3416 613 3583 661 testes

1981 687 2310 744 fortissimos
2360 686 2568 744 faciens
2591 729 2608 755 ,
2655 689 2812 745 vobis
2863 692 3086 748 abstulit
3133 693 3336 751 Christi
3387 697 3580 752 amicis

1980 781 2254 847 timorem,
2282 789 2340 838 et
2359 782 2702 838 inimicorum
2724 784 2907 840 odium
2926 790 3196 844 convertit
3229 790 3282 845 in
3311 805 3576 848 amorem.

1980 871 2132 939 Hinc,
2170 873 2365 945 inquit,
2397 874 2604 930 locutus
2646 893 2764 931 sum
2797 878 2964 946 vobis,
2994 889 3053 934 ut
3098 898 3203 937 non
3241 885 3573 940 scandalize-

1979 966 2128 1020 mini.
2155 964 2292 1021 Cum
2329 967 2476 1021 enim
2510 968 2751 1024 cbaritas
2773 960 3090 1026 diffunditur
3115 973 3172 1028 in
3201 975 3460 1032 cordibus
3484 992 3577 1032 no-

1977 1060 2106 1114 stris
2125 1073 2225 1129 per
2245 1059 2508 1131 Spiritum
2530 1071 2802 1130 sanctum,
2821 1063 2878 1118 lit
2916 1082 3023 1136 pan:
3042 1066 3210 1122 multa
3234 1069 3574 1141 diligentibus

1977 1149 2140 1220 legem
2169 1149 2268 1204 Dei
2311 1148 2486 1222 (Psal.
2527 1152 2739 1227 cxvm),
2772 1162 2831 1208 ut
2868 1170 2979 1210 non
3013 1157 3084 1212 sit
3123 1159 3438 1215 scandalum
3469 1163 3576 1218 eis.

1979 1241 2183 1297 Deinde
2209 1258 2330 1313 quae
2369 1245 2581 1314 passuri
2609 1255 2795 1301 essent
2814 1247 2929 1318 jam
2957 1251 3271 1320 exprimens
3307 1253 3383 1308 ait
3405 1267 3424 1309 ‘:
3463 1254 3580 1310 Ea:-

1977 1341 2060 1386 tra
2083 1349 2380 1405 synagogas
2401 1334 2596 1404 facient
2625 1353 2732 1391 vos.
2766 1336 2908 1404 Quid
2937 1348 3118 1395 autem
3149 1342 3278 1398 mali
3303 1352 3423 1400 erat
3445 1362 3578 1418 apo-

1978 1422 2136 1477 stolis
2158 1423 2354 1493 expelli
2389 1424 2455 1478 de
2491 1422 2733 1482 Judaicis
2761 1431 3074 1501 synagogis,
3115 1435 3272 1504 quasi
3302 1451 3410 1492 non
3441 1437 3568 1493 inde

1976 1528 2036 1568 se
2062 1513 2275 1569 fuerant
2303 1518 2626 1586 separaturi,
2662 1519 2877 1574 etiamsi
2905 1521 3082 1578 nullus
3114 1539 3208 1580 eos
3237 1527 3574 1597 expelleret?

1977 1606 2085 1662 Sed
2108 1609 2366 1665 nimirum
2393 1611 2496 1666 hoc
2522 1611 2693 1667 voluit
2711 1612 3049 1684 denuntiare,
3071 1618 3197 1686 quia
3222 1618 3390 1675 Judaei
3413 1620 3570 1676 Chri-

1975 1706 2120 1753 stum
2149 1715 2258 1756 non
2302 1701 2518 1759 fuerant
2549 1706 2839 1776 recepturi,
2873 1721 2909 1760 a
2940 1721 3050 1777 quo
3092 1709 3184 1764 isti
3221 1725 3328 1766 non
3353 1710 3574 1768 fuerant

287 1781 520 1856 Proinde
541 1801 596 1856 in
621 1800 873 1857 omnibus
893 1801 1267 1856 misericordia
1296 1801 1413 1872 ejus
1433 1801 1697 1872 praevenit
1725 1817 1826 1856 nos
1856 1819 1870 1855 :
1905 1781 1950 1841 Β
1979 1794 2269 1860 recessuri.
2299 1803 2355 1850 el
2379 1795 2500 1852 ideo
2521 1795 2762 1854 filiumin
2787 1807 2909 1854 erat
2933 1808 2992 1855 ιιι
3020 1800 3171 1858 foras
3197 1803 3566 1870 mitteremur.

289 1890 358 1946 Et
377 1893 600 1964 fructus,
625 1893 820 1964 inquit,
845 1903 1009 1947 vester
1029 1902 1258 1948 maneat.
1283 1892 1496 1950 Maneat
1517 1907 1648 1965 ergo
1661 1892 1877 1949 dilectio

285 1985 401 2056 ipse
426 1983 634 2040 fructus
659 1996 862 2040 noster.

356 2097 662 2154 Mementote
693 2097 947 2154 sermonis
990 2099 1113 2166 mei,
1148 2115 1300 2170 quem
1338 2114 1431 2170 ego
1458 2098 1571 2154 dixi
1622 2099 1790 2164 vobis,
1819 2107 1876 2155 et

285 2191 514 2262 reliqua.
560 2191 868 2246 Exhortans
905 2191 1168 2247 Dominus
1189 2207 1319 2247 suos
1347 2206 1532 2246 servos
1577 2191 1647 2246 ad
1688 2190 1875 2246 mundi

280 2283 408 2338 odia
446 2281 764 2353 perferenda
792 2282 1086 2354 patienter,
1119 2283 1326 2336 nullum
1370 2282 1546 2354 magis
1574 2281 1656 2343 eis
1677 2290 1734 2336 et
1759 2295 1875 2335 me-

281 2375 406 2441 lius,
462 2390 624 2444 quam
686 2374 755 2431 de
805 2374 986 2446 seipse
1031 2375 1286 2446 proponit
1353 2374 1683 2445 exemplum.
1735 2371 1872 2427 Nam

281 2469 412 2539 quid
439 2476 523 2524 est
559 2468 740 2524 aliud:
776 2465 900 2523 Non
920 2477 997 2524 est
1017 2485 1197 2523 servus
1245 2467 1422 2538 major
1475 2460 1696 2520 Domino
1751 2482 1867 2531 suo,

281 2565 327 2618 si
361 2578 444 2618 me
469 2565 725 2634 persecuti
743 2573 887 2630 sunt,
913 2572 962 2618 et
997 2579 1083 2618 vos
1121 2560 1534 2634 persequentur?
1585 2558 1690 2614 Sed
1731 2560 1870 2623 hwc,

283 2655 481 2724 inquit,
545 2656 724 2710 omnia
781 2655 976 2725 facient
1027 2653 1171 2710 vobis
1194 2662 1408 2724 propter
1443 2667 1630 2706 nomen
1673 2666 1866 2704 meum.

282 2746 414 2813 Qum
463 2747 668 2813 omnia,
697 2746 800 2802 nisi
833 2762 952 2818 qua:
993 2745 1150 2814 dixit,
1197 2742 1334 2800 Oilio
1381 2741 1679 2805 habebunt,
1723 2739 1871 2795 scili-

282 2847 369 2894 uet
400 2845 456 2892 et
492 2846 886 2908 persequentur
913 2851 1224 2894 sermonem
1263 2849 1426 2904 quem
1473 2831 1869 2888 contemnent?

283 2926 341 2985 Si
383 2945 486 2983 non
514 2930 788 2996 venissem,
829 2929 1023 3000 inquit,
1055 2937 1103 2984 et
1127 2927 1333 2983 locutus
1355 2927 1431 2981 eis
1456 2925 1695 2995 fuissem,
1747 2939 1868 2994 pec-

281 3023 456 3068 catum
495 3031 600 3070 non
636 3016 904 3072 haberent.
958 3015 1035 3071 De
1081 3014 1170 3072 his
1191 3013 1340 3072 enim
1369 3012 1522 3078 dicit,
1551 3011 1619 3067 de
1668 3010 1868 3081 quibus

281 3106 494 3162 dicebat
524 3128 537 3162 :
567 3107 629 3165 Si
671 3127 752 3165 me
773 3109 1030 3181 persecuti
1048 3118 1194 3178 sunt,
1245 3117 1295 3165 et
1345 3123 1433 3163 vos
1472 3112 1863 3177 persequentur.

279 3195 448 3254 Judtei
469 3215 599 3271 ergo
624 3202 895 3271 persecuti
937 3209 1066 3258 sunt
1103 3199 1402 3256 Christum.
1454 3194 1712 3267 Nunquid
1741 3193 1862 3249 sine

280 3296 504 3358 peccato
551 3299 711 3347 erant
761 3285 956 3357 Iudzei,
1014 3299 1309 3361 antequam
1369 3287 1622 3344 Christus
1656 3285 1726 3341 ad
1774 3299 1872 3340 eos

282 3381 335 3434 in
373 3395 540 3436 came
586 3382 862 3438 venisset?
908 3383 1033 3453 quis
1065 3383 1168 3438 hoc
1199 3381 1280 3436 vel
1315 3379 1674 3437 stultissimus
1706 3377 1863 3432 dixe-

284 3474 388 3528 rit?
427 3472 536 3530 Sed
573 3490 827 3547 magnum
875 3476 1147 3545 quoddam
1194 3480 1500 3546 peccatum,
1547 3486 1656 3526 non
1707 3483 1871 3525 omne

285 3573 589 3636 peceatum,
642 3567 785 3637 quod
821 3567 923 3623 sub
950 3565 1189 3638 generali
1216 3564 1435 3622 nomine
1474 3561 1589 3617 vult
1617 3559 1870 3630 intelligi,

283 3657 386 3713 boc
425 3665 508 3712 est
545 3657 691 3712 enim
733 3666 1018 3727 peccatum
1051 3671 1161 3727 quo
1204 3661 1460 3710 tenentur
1505 3657 1703 3708 cuncta
1738 3663 1869 3720 pce»

282 3757 421 3809 cata,
474 3745 618 3815 quod
665 3746 1034 3815 unusquisque
1087 3744 1135 3799 si
1164 3758 1273 3798 non
1303 3742 1522 3807 habeat,
1583 3739 1871 3795 dimittun-

285 3846 372 3892 tur
396 3836 448 3891 ei
475 3843 669 3891 cuncta
703 3845 948 3907 peccata.
979 3834 1093 3889 lloc
1113 3841 1197 3888 est
1221 3840 1428 3898 autem,
1459 3831 1586 3902 quia
1621 3843 1728 3883 non
1757 3840 1871 3882 cre-

282 3927 532 3982 diderunt
565 3927 618 3981 in
673 3926 975 3992 Christum,
1017 3926 1110 3996 qui
1149 3932 1438 3998 propterea
1485 3921 1632 3978 venit
1656 3928 1717 3974 ut
1747 3934 1868 3974 crc—

284 4018 525 4074 daturin
573 4033 720 4083 eum,
770 4019 874 4075 hoc
909 4026 1195 4088 peccatum
1243 4015 1291 4070 si
1318 4030 1425 4071 non
1452 4013 1710 4076 venisset,
1760 4027 1868 4065 non

281 4112 470 4181 utique
518 4112 781 4168 baberent
810 4129 825 4167 :
853 4109 955 4177 Qui
999 4126 1080 4164 me
1121 4108 1251 4173 odit,
1314 4106 1512 4176 inquit,
1559 4113 1606 4158 et
1658 4113 1860 4174 patrem

280 4219 454 4256 meum
497 4203 626 4257 odit.
679 4204 957 4270 Quomodo
1006 4201 1153 4258 enim
1205 4199 1494 4270 diligerent
1529 4197 1742 4254 Patrem
1776 4209 1868 4250 ve-

279 4293 478 4358 ritatis,
521 4293 613 4363 qui
644 4293 917 4349 habebant
944 4293 1070 4349 odio
1104 4288 1433 4348 veritatem?
1481 4287 1543 4344 Si
1573 4303 1730 4358 opera
1763 4302 1865 4340 non

281 4380 518 4451 fecissem
558 4383 614 4436 in
656 4383 752 4448 eis,
777 4399 895 4452 qua:
941 4397 1091 4436 nemo
1122 4379 1262 4434 alius
1304 4378 1449 4448 fecit,
1489 4384 1544 4432 et
1575 4375 1672 4431 rel.
1697 4374 1868 4430 Nimi-

1978 1899 2102 1940 cum
2125 1884 2218 1940 illo
2244 1886 2313 1941 ab
2332 1887 2432 1954 eis,
2463 1887 2700 1958 quiesse
2727 1887 2931 1945 nollent
2963 1890 3020 1946 in
3051 1891 3160 1958 illo,
3187 1891 3264 1962 hi,
3290 1893 3418 1964 quia
3447 1909 3571 1952 esse

1977 1989 2085 2030 non
2117 1984 2338 2046 possent
2365 1977 2482 2032 sine
2507 1977 2618 2034 illo.

2048 2065 2158 2121 Sed
2185 2068 2323 2122 venit
2349 2067 2484 2123 hora
2529 2079 2586 2124 ut
2621 2070 2790 2126 omnis
2830 2073 2921 2143 qui
2952 2072 3200 2143 interﬁcit
3230 2089 3318 2129 vos
3346 2074 3574 2132 arbitre-

1977 2163 2065 2210 tur
2092 2156 2416 2228 obsequium,
2447 2168 2555 2215 etc.
2595 2159 2710 2216 Hoc
2730 2169 2834 2228 est,
2868 2178 2976 2218 non
3000 2174 3375 2236 cognoverunt
3398 2168 3571 2225 Deum

1975 2245 2351 2320 nequeFilium
2373 2250 2508 2322 ejus.
2530 2252 2670 2322 Quid
2691 2254 2792 2310 sibi
2819 2255 2934 2310 vult
2955 2271 3086 2328 ergo
3109 2275 3123 2312 :
3152 2257 3322 2314 Extra
3348 2276 3572 2333 synago—

1973 2357 2068 2412 gas
2096 2342 2292 2412 facient
2319 2347 2450 2400 vos?
2467 2345 2573 2403 Sed
2603 2347 2752 2403 venit
2783 2350 2936 2404 hora.
2955 2349 3235 2421 Tanquam
3265 2353 3369 2409 hoc
3396 2355 3570 2410 dictu-

1975 2446 2070 2487 rus
2099 2430 2323 2489 fuisset:
2350 2437 2679 2508 separabunt
2718 2438 2793 2492 illi
2827 2439 3045 2509 quidem
3068 2455 3192 2508 vos,
3219 2443 3314 2498 sed
3344 2458 3444 2515 ego
3472 2460 3571 2502 vos

1972 2523 2240 2596 colligam,
2269 2537 2364 2584 aut
2384 2532 2714 2600 separabunt
2751 2547 2871 2600 vos,
2897 2535 2993 2590 sed
3015 2535 3165 2591 venit
3203 2534 3337 2591 hora
3367 2544 3570 2592 nostrae

1971 2615 2193 2674 ltetitiae.
2235 2618 2546 2678 Iudaeorum
2573 2633 2754 2681 autem
2791 2627 2987 2694 omnis,
3019 2628 3109 2699 qui
3147 2629 3346 2684 occidit
3372 2631 3568 2700 praedi-

1971 2718 2186 2768 catores
2205 2711 2431 2780 Christi,
2472 2715 2585 2772 Deo
2609 2732 2668 2773 se
2699 2727 2960 2789 praestare
2987 2721 3196 2792 putavit
3223 2721 3566 2793 obsequium,

1970 2801 2199 2858 credens
2249 2805 2393 2874 quod
2439 2807 2755 2865 desererent
2804 2810 2972 2866 Deum
3024 2811 3213 2879 Israel,
3260 2815 3572 2885 quicunque

1970 2899 2418 2951 converterentur
2441 2897 2508 2952 ad
2534 2896 2812 2956 Christum
2841 2921 2854 2956 :
2889 2901 2934 2958 Ο
2965 2905 3289 2960 execrabilis
3316 2905 3568 2961 catcitas!

1966 2981 2288 3052 obsequium
2334 3000 2394 3041 se
2429 2995 2689 3057 praestare
2729 2992 2991 3060 putabant
3033 2993 3145 3049 Deo
3192 2993 3570 3051 interﬁciendo

1973 3067 2206 3128 famulos
2229 3072 2346 3130 Dei.

1897 3131 1942 3195 Ε
2043 3161 2177 3221 Hac
2190 3176 2382 3236 autem,
2401 3168 2594 3240 inquit,
2608 3172 2751 3227 vobis
2772 3173 2976 3228 locutus
2995 3191 3136 3242 sum,
3152 3185 3207 3230 ut
3231 3191 3351 3230 cum
3371 3179 3569 3233 venerit

1971 3253 2103 3310 liora
2131 3273 2333 3325 eorum,
2359 3267 2462 3315 etc.
2504 3261 2630 3317 Haac
2678 3263 2906 3329 scilicet,
2958 3265 3172 3323 locutus
3219 3283 3342 3324 sum
3387 3270 3565 3337 vobis,

1971 3362 2080 3402 non
2110 3355 2320 3405 tantum
2348 3352 2476 3421 quia
2513 3356 2724 3424 passuri
2755 3357 2888 3413 estis
2914 3359 3037 3426 ista,
3070 3361 3164 3416 sed
3191 3377 3316 3418 cum
3356 3363 3569 3418 venerit

1969 3435 2306 3506 Paracletus,
2348 3440 2437 3497 ille
2474 3445 2840 3502 testimonium
2882 3449 3187 3519 perhibebit
3234 3453 3301 3508 de
3349 3468 3459 3520 me,
3499 3469 3569 3510 ne

1970 3526 2076 3582 ista
2103 3527 2342 3586 timendo
2369 3535 2614 3590 tacentis.
2643 3534 2777 3591 Ηιῑνε
2811 3548 2986 3592 autem
3009 3539 3150 3595 vobis
3178 3543 3242 3595 ab
3282 3543 3434 3597 initio
3461 3560 3567 3598 non

1970 3617 2104 3686 dixi,
2132 3621 2259 3690 quia
2284 3622 2546 3678 vobiscum
2570 3641 2736 3693 eram,
2767 3637 2822 3682 et
2843 3643 2944 3700 ego
2973 3645 3070 3685 vos
3096 3631 3418 3688 consolabar
3443 3649 3567 3690 mea

1968 3713 2258 3780 prmsentia
2281 3716 2567 3786 corporali.
2601 3715 2760 3774 Nunc
2786 3730 2961 3775 autem
2983 3723 3118 3778 vado
3142 3723 3212 3778 ad
3238 3741 3356 3779 eum
3375 3725 3465 3798 qui
3484 3743 3567 3781 me

1969 3804 2133 3870 misit,
2180 3813 2230 3860 et
2273 3822 2424 3861 nemo
2464 3825 2530 3863 ex
2575 3810 2717 3865 vobis
2764 3811 3052 3884 interrogat
3079 3830 3160 3868 me
3184 3831 3204 3870 :
3234 3815 3351 3882 Quo
3379 3816 3569 3872 vadis?

1969 3892 2152 3950 Nubes
2170 3895 2314 3951 enim
2345 3900 2584 3969 suscepit
2611 3916 2736 3956 eum
2758 3910 2976 3957 euntem
3011 3905 3063 3958 in
3100 3905 3297 3961 cmlum
3329 3905 3467 3980 (Act.
3497 3908 3562 3981 ι),

1970 3995 2027 4042 et
2049 3989 2226 4044 verbis
2245 4005 2351 4045 non
2375 3991 2868 4064 interrogaverunt,
2889 3997 2983 4053 sed
3004 3998 3176 4053 oculis
3197 3999 3559 4056 deduxerunt.

1971 4077 2075 4133 Sed
2107 4081 2232 4151 quia
2254 4081 2366 4135 ltwc
2401 4082 2605 4138 locutus
2631 4103 2746 4140 sunt
2781 4088 2942 4155 vobis,
2973 4091 3188 4144 tristitia
3217 4091 3444 4162 implevit
3473 4110 3566 4148 cor

1969 4177 2214 4223 vestrum.
2244 4170 2685 4228 Contristabatur
2713 4176 2982 4232 humanus
3011 4178 3256 4246 allectus,
3292 4182 3416 4251 quia
3443 4199 3562 4242 car-

1969 4259 2107 4315 nalis
2135 4261 2480 4318 desolabatur
2501 4272 2769 4336 aspectus.

2042 4373 2150 4431 Sed
2175 4393 2266 4448 ego
2299 4378 2566 4434 veritatem
2610 4381 2728 4438 dico
2767 4385 2928 4453 vobis,
2972 4389 3180 4458 expedit
3218 4391 3360 4447 vobis
3385 4403 3442 4447 ut
3466 4410 3561 4464 ego

282 4489 402 4528 rum
448 4489 580 4545 ergo
609 4473 697 4529 illa
739 4482 1090 4544 suntopera,
1145 4485 1266 4542 quae
1320 4470 1374 4526 in
1423 4483 1612 4525 eorum
1659 4467 1866 4523 valetu-
1891 4471 2193 4549 Dvadam;
2233 4473 2278 4526 si
2308 4474 2446 4528 enim
2485 4491 2589 4529 non
2632 4475 2830 4544 abiero,
2875 4477 3185 4536 Paracletus
3233 4499 3336 4538 non
3374 4485 3558 4550 veniet,

281 4565 515 4631 dinibus,
547 4573 695 4620 tanta
719 4565 980 4620 miracula
1007 4563 1198 4620 salutis
1244 4560 1502 4626 ostendit,
1525 4569 1729 4630 quanta
1755 4557 1862 4613 illis

283 4667 440 4714 antea
476 4673 638 4715 nemo
681 4659 923 4717 donavit.
963 4657 1099 4726 Quia
1150 4658 1218 4713 de
1274 4656 1392 4728 ipso
1430 4656 1694 4727 scriptum
1738 4662 1860 4710 est:

282 4750 600 4806 Benedictus
646 4751 903 4807 Dominus
930 4751 1071 4807 Deus
1094 4750 1287 4818 Israel,
1329 4750 1420 4822 qui
1444 4749 1571 4820 facit
1599 4748 1866 4804 mirabilia

283 4842 428 4898 solus
479 4843 652 4914 (Psal.
702 4844 875 4916 Lxxt).
929 4842 1099 4900 Nemo
1139 4857 1270 4914 ergo
1330 4841 1470 4898 alius
1523 4840 1654 4897 fecit
1718 4857 1866 4911 qum-

284 4950 496 5005 cunque
520 4936 576 4990 in
604 4935 684 4991 eis
707 4951 872 5007 opera
897 4935 1044 4992 fecit.
1097 4935 1361 5004 Quoniam
1407 4934 1656 5005 quisquis
1702 4933 1866 4989 homo

284 5023 485 5092 aliquid
511 5038 703 5079 eorum
734 5024 882 5090 fecit,
923 5025 1040 5096 ipso
1073 5022 1310 5080 faciente
1340 5022 1488 5088 fecit,
1516 5023 1633 5080 haec
1686 5031 1870 5078 autem

286 5114 404 5184 ipse
427 5131 536 5170 non
558 5115 662 5171 illis
683 5115 1008 5172 facientibus
1028 5114 1177 5170 fecit.

354 5202 488 5258 Cum
510 5214 684 5260 autem
703 5215 898 5262 venerit
919 5205 1251 5273 Paracletus,
1273 5205 1362 5260 ille
1382 5207 1736 5261 testimonium
1753 5222 1872 5275 per-

283 5295 500 5361 hibebit,
523 5303 629 5352 etc.
656 5295 938 5369 Tanquam
963 5297 1169 5354 diceret
1197 5315 1210 5351 :
1251 5296 1389 5353 0dio
1433 5311 1520 5351 me
1567 5297 1870 5352 habuerunt

286 5393 341 5439 et
387 5385 701 5441 occiderunt
731 5387 996 5443 videntes.
1041 5387 1148 5444 Sed
1181 5388 1286 5443 tale
1331 5391 1397 5444 de
1437 5404 1522 5444 me
1564 5387 1874 5445 Paracletus

287 5473 655 5531 testimonium
681 5475 1008 5546 perhibebit,
1035 5485 1095 5531 ut
1126 5491 1223 5534 eos
1263 5475 1430 5533 faciat
1455 5477 1510 5532 in
1538 5491 1623 5531 me
1651 5477 1873 5533 credere

287 5582 395 5623 non
424 5567 707 5623 videntes:
740 5567 809 5621 Et
843 5584 954 5635 vos,
987 5569 1184 5640 inquit,
1211 5569 1562 5625 testimonium
1586 5567 1875 5638 perhibebi-

287 5655 377 5721 tis,
415 5657 542 5726 quia
570 5655 634 5709 ab
660 5656 810 5710 initio
855 5673 1056 5712 mecum
1095 5659 1253 5722 estis;
1295 5657 1600 5729 perhibebit
1637 5655 1872 5724 Spiritus

291 5754 531 5812 sanctus,
564 5747 914 5816 perhibebitis
955 5758 1006 5805 ct
1039 5765 1155 5812 vos;
1197 5748 1345 5804 dabit
1381 5749 1523 5804 enim
1557 5747 1705 5802 vobis
1733 5747 1868 5804 fidu-

1966 4572 2071 4617 etc.
2105 4563 2383 4635 Tanquam
2430 4566 2669 4623 diceret:
2704 4567 2931 4640 Expedit
2969 4571 3124 4628 vobis
3150 4582 3209 4628 ut
3244 4574 3360 4630 haec
3387 4573 3561 4632 forma

1968 4655 2111 4710 servi
2159 4654 2437 4712 auferatur
2482 4673 2512 4713 a
2559 4657 2731 4716 vobis.
2762 4660 2901 4716 Caro
2933 4662 3152 4733 quidem
3198 4661 3402 4723 factum
3429 4665 3563 4719 Ver-

1967 4743 2097 4798 bum
2137 4744 2322 4800 habito
2368 4746 2424 4802 in
2456 4749 2629 4816 vobis,
2660 4749 2754 4805 sed
2792 4751 2919 4808 nolo
2942 4751 3120 4808 adhuc
3150 4769 3248 4811 me
3265 4755 3561 4814 carnaliter

1971 4833 2226 4907 diligatis.
2263 4837 2413 4893 Unde
2448 4847 2505 4895 et
2536 4841 2786 4897 subditur
2811 4868 2824 4898 ι
2851 4843 2914 4900 Si
2940 4861 3045 4900 non
3075 4845 3277 4915 abiero,
3314 4845 3563 4905 Pararle—

1973 4935 2057 4981 tus
2079 4945 2183 4982 non
2212 4930 2375 4984 veniet
2397 4930 2466 4986 ad
2493 4950 2608 4999 vos,
2638 4949 2702 4989 ac
2735 4935 2782 4990 si
2805 4936 3044 4993 diceret:
3073 4939 3190 4997 Non
3217 4940 3447 5012 potestis
3467 4956 3561 4997 ca.

1972 5035 2101 5091 pere
2135 5021 2416 5092 Spiritum,
2466 5025 2723 5094 quamdiu
2772 5028 3068 5086 secundum
3119 5045 3341 5088 carnem
3400 5047 3560 5089 nosse

1973 5111 2298 5180 persistitis:
2331 5111 2392 5168 Si
2416 5124 2592 5169 autem
2627 5116 2825 5182 abiero,
2869 5117 3063 5189 inquit,
3091 5121 3296 5178 mittam
3333 5137 3452 5176 eum
3489 5123 3559 5176 ad

1973 5215 2082 5256 vos.
2123 5199 2340 5257 Christo
2369 5211 2548 5261 autem
2583 5205 2896 5262 discedente
2935 5209 3309 5281 corporaliter,
3339 5226 3446 5267 non
3476 5227 3562 5267 so-

1976 5290 2088 5345 lum
2113 5290 2349 5365 Spiritus
2383 5303 2624 5362 sanctus,
2655 5297 2750 5354 sed
2777 5306 2834 5354 et
2857 5296 3021 5355 Pater
3043 5308 3098 5356 et
3126 5301 3294 5358 Filius
3328 5302 3434 5358 illis
3459 5303 3558 5357 ad-

1974 5381 2076 5438 fuit
2109 5383 2444 5452 spiritaliter.
2477 5384 2611 5440 Nam
2641 5402 2764 5445 cum
2791 5403 2868 5446 ex
2885 5390 3196 5450 carnalibus
3229 5400 3412 5448 essent
3448 5393 3559 5462 spi~

1974 5476 2197 5533 rituales
2223 5476 2410 5544 futuri,
2447 5476 2696 5548 profecto
2715 5488 2771 5536 et
2793 5479 3009 5538 Patrem
3035 5491 3091 5538 et
3120 5482 3313 5540 Filium
3343 5489 3400 5538 et
3436 5479 3558 5553 Spi-'

1973 5569 2137 5625 ritum
2160 5579 2408 5626 sanctum
2432 5571 2684 5642 capacius
2707 5571 2924 5629 fuerant
2946 5575 3200 5632 habituri.

2045 5658 2114 5713 Et
2141 5677 2258 5714 cum
2299 5663 2491 5715 venerit
2519 5660 2626 5726 ille,
2659 5673 2841 5732 arguet
2866 5664 3119 5718 mundum
3154 5665 3220 5720 de
3245 5677 3477 5736 peccato,
3510 5678 3556 5722 et

1974 5752 2037 5804 de
2054 5751 2288 5821 justitia,
2312 5759 2359 5802 et
2386 5751 2449 5805 de
2466 5750 2671 5822 judicio
2687 5767 2704 5815 ;
2731 5752 2794 5804 de
2821 5762 3029 5822 peccato
3051 5753 3277 5822 quidem,
3303 5756 3426 5813 quia
3452 5775 3553 5814 non
