3978 6416
479 251 582 307 ἓῖδ

1765 264 2116 322 SMARAGDI
2157 264 2450 320 ABBATlS
3648 276 3749 330 236

477 369 807 426 crediderunt
839 374 892 426 in
931 390 1032 438 me,
1059 373 1124 427 de
1153 373 1358 440 iustitia
1395 391 1538 440 vero,
1577 379 1702 448 quia
1741 379 1810 432 ad
1843 376 2058 433 Patrem
2089 381 2136 439 Α
2163 379 2436 448 gaudebit,
2469 380 2672 434 malitia
2705 381 2886 436 mundi
2912 382 3069 453 hujus
3121 384 3342 457 intelligi
3393 395 3598 456 potest,
3636 406 3749 460 quae

478 460 628 523 vado,
649 467 698 512 et
709 459 833 530 jam
861 479 963 516 non
994 463 1227 517 videbitis
1264 481 1364 519 me.
1404 465 1664 538 Arguitur
1689 469 1872 538 itaque
1911 486 2065 523 mun-

477 549 575 616 dus
599 549 664 604 de
689 561 916 621 peccato
941 553 1353 619 incredulitatis,
1399 557 1646 627 arguitur
1670 567 1725 613 et
1759 561 1824 614 de
1850 558 2062 626 justitia

476 655 662 697 eorum
683 643 772 712 qui
797 644 1043 700 credunt.
1068 644 1185 714 ipsa
1214 647 1412 716 quippe
1444 649 1679 704 tidelium
1707 652 2061 721 comparatio,

476 731 770 790 inﬁdelium
819 745 905 792 est
940 737 1310 807 vituperatio;
1364 751 1694 811 quapropter
1719 744 1950 798 mundus
1998 744 2064 797 de

474 835 699 891 peccato
721 827 941 897 quidem
968 842 1088 894 suo,
1121 829 1186 884 de
1206 829 1416 898 justitia
1442 848 1571 886 vero
1594 835 1840 902 arguitur
1865 833 2062 899 aliena,

473 916 614 973 sicut
665 929 967 991 arguuntur
1017 921 1086 979 de
1144 922 1348 979 lumine
1408 925 1659 981 tenebrae.
1724 927 2063 983 lncredulum

477 1011 736 1068 mundum
758 1021 946 1083 arguet
967 1015 1131 1070 etiam
1152 1017 1216 1070 de
1235 1014 1458 1082 judicio,
1482 1018 1608 1086 quia
1634 1019 1884 1090 princeps
1902 1021 2064 1090 hujus

477 1103 663 1156 mundi
684 1101 959 1170 judicatus
985 1113 1089 1172 est,
1123 1105 1177 1160 id
1195 1115 1298 1171 est,
1322 1106 1527 1174 judicio
1559 1109 1696 1178 ignis
1717 1112 1903 1165 aeterni
1929 1111 2064 1166 irre-

477 1193 792 1248 vocabiliter
825 1196 1124 1251 destinatus
1166 1205 1268 1262 est,
1297 1207 1353 1252 et
1381 1199 1446 1253 de
1473 1200 1575 1254 hoc
1616 1201 1798 1270 itaque
1831 1200 2060 1270 judicio,

475 1297 583 1351 quo
609 1283 859 1352 princeps
875 1285 1147 1354 judicatus
1175 1295 1259 1341 est
1282 1289 1492 1353 mundi,
1538 1291 1788 1360 arguitur
1813 1307 1843 1345 a
1871 1301 2062 1348 sancto

476 1373 683 1444 Spiritu
715 1376 968 1439 mundus,
1000 1378 1255 1446 quoniam
1301 1395 1422 1434 cum
1453 1396 1551 1436 suo
1581 1382 1824 1452 principe
1851 1383 2062 1454 judica-

475 1474 582 1526 tur,
613 1479 776 1533 quem
802 1468 1067 1536 superbus
1095 1477 1257 1538 atque
1290 1469 1487 1539 impius
1520 1472 1782 1526 imitatur.
1817 1472 1953 1539 Quid
1977 1482 2064 1529 est

476 1571 608 1626 ergo
641 1558 787 1627 quod
841 1559 1009 1614 dicit:
1042 1559 1220 1615 Etiam
1261 1578 1365 1615 non
1405 1564 1640 1619 videbitis
1666 1582 1768 1631 me,
1797 1565 1902 1621 nisi
1928 1582 2064 1635 quo-

475 1649 636 1703 modo
668 1666 816 1717 sum,
845 1666 967 1706 cum
1019 1653 1294 1708 vobiscum
1329 1657 1488 1710 sum?
1523 1656 1673 1711 Tunc
1711 1659 1855 1712 enim
1871 1659 2064 1722 ,adhuc

2167 468 2346 523 Iretata
2394 478 2479 524 est
2520 471 2700 525 occiso
2762 471 2996 528 Christo.
3060 474 3212 542 Quod
3271 491 3402 531 vero
3455 479 3580 533 ait:
3615 477 3750 536 Gau-

2164 559 2309 613 dium
2363 571 2583 615 vestrum
2629 579 2774 616 nemo
2820 563 3022 632 auferet
3071 583 3102 618 a
3149 565 3464 637 vobis,quia
3499 570 3748 641 gaudium

2165 648 2402 718 ipsorum
2425 659 2510 704 est
2534 651 2648 720 ipse
2671 650 2851 718 Jesus,
2881 654 3214 724 significatus
3235 665 3318 712 est
3339 661 3483 729 quod
3515 662 3592 716 ait
3613 663 3749 732 Apo-

2164 740 2338 795 stolus
2370 757 2384 794 :
2414 739 2653 797 Christus
2678 760 2950 814 resurgens
2976 765 3007 800 a
3037 750 3258 802 mortuis
3297 749 3414 819 jam
3460 769 3565 805 non
3595 755 3747 807 nteri-

2163 838 2269 894 tur,
2296 838 2382 884 etc
2406 828 2588 903 (Rom.
2616 835 2716 909 vt).
2834 834 2972 900 Quid
3000 845 3084 890 est
3109 838 3253 892 enim
3285 841 3428 908 quod
3460 842 3539 894 ait
3564 860 3575 894 :
3606 841 3670 895 Et
3696 845 3743 896 in

2163 920 2254 974 illo
2283 922 2368 976 die
2416 939 2519 976 non
2555 924 2801 994 rogabitis
2831 927 3157 998 quidquam"
3194 929 3307 985 [ioc
3347 934 3573 986 verbum
3610 934 3744 1002 quod

2162 1008 2279 1061 est?
2307 1007 2518 1078 Rogare
2546 1025 2651 1063 non
2682 1009 2852 1064 solum
2887 1020 3090 1082 petere,
3131 1014 3489 1071 verumetiam
3518 1017 3744 1072 interro-

2162 1114 2290 1169 gare
2329 1099 2615 1170 significat.
2658 1100 2810 1168 Quod
2838 1119 2966 1158 vero
3013 1105 3139 1158 dicit
3183 1125 3196 1159 :
3247 1105 3398 1160 Venit
3453 1109 3584 1161 hora
3633 1126 3742 1162 cum

2153 1190 2273 1260 jam
2305 1206 2406 1244 non
2437 1190 2489 1244 in
2520 1192 2803 1261 proverbiis
2847 1193 3036 1265 loquar
3067 1197 3227 1262 vobis,
3265 1199 3358 1251 sed
3383 1197 3586 1269 palam,
3615 1199 3746 1253 futu-

2162 1296 2284 1334 rum
2309 1290 2560 1351 oportere
2610 1282 2832 1354 intelligi
2869 1287 3185 1352 secundum,
3216 1289 3305 1342 ubi
3336 1290 3636 1344 videbimus
3672 1290 3744 1345 fa-

2162 1373 2244 1426 cie
2265 1372 2330 1426 ad
2355 1371 2568 1427 faciem.
2593 1373 2938 1431 Annuntiabo
2964 1385 3143 1433 autem
3187 1380 3360 1445 vobis,
3389 1381 3514 1450 quia
3545 1396 3640 1451 per
3665 1381 3746 1434 Fi-

2161 1465 2294 1520 lium
2337 1465 2497 1522 Pater
2535 1467 2769 1523 videtur.
2821 1469 2954 1537 Quis
3000 1473 3142 1526 enim
3195 1475 3473 1545 cognoscit
3509 1474 3740 1540 Patrem,

2163 1555 2268 1610 nisi
2293 1557 2380 1610 cui
2410 1556 2640 1611 voluerit
2671 1558 2842 1613 Filius
2873 1561 3152 1616 revelare?

2233 1644 2302 1698 Et
2333 1663 2434 1700 non
2463 1647 2578 1700 dico
2608 1649 2765 1714 vobis,
2793 1652 2918 1718 quia
2949 1669 3042 1721 ego
3074 1652 3264 1722 rogabo
3291 1652 3529 1718 Patrem,
3554 1662 3657 1707 etc.
3692 1654 3741 1708 ln

473 1748 592 1796 em;
617 1741 859 1798 manalis
886 1744 942 1798 in
977 1744 1326 1801 similitudine
1356 1747 1538 1802 carnis
1563 1749 1788 1818 peccati,
1818 1749 1910 1819 qui
1939 1765 2063 1804 esu-
2092 1729 2138 1788 B
2166 1745 2430 1805 quantum
2466 1738 2629 1792 homo
2655 1747 2738 1793 est
2763 1739 3070 1811 interpellat
3103 1757 3201 1812 pro
3238 1743 3394 1797 nobis
3423 1742 3662 1806 Patrem,
3692 1744 3742 1796 in

474 1830 584 1887 rire
616 1839 828 1901 poterat
853 1847 919 1888 ac
945 1834 1116 1899 sitire,
1161 1833 1378 1905 fatigari
1407 1844 1570 1904 atque
1615 1836 1872 1891 dormire.
1907 1836 2062 1893 Hunc

471 1936 602 1990 ergo
637 1920 936 1988 Christum,
980 1924 1033 1978 id
1066 1933 1170 1989 est,
1214 1925 1375 1979 talem
1407 1924 1703 1991 Christum,
1728 1943 1852 1982 cum
1888 1936 2062 1985 trans-

473 2008 604 2066 isset
647 2011 714 2067 de
757 2013 862 2068 hoc
898 2013 1100 2068 mundo
1144 2014 1211 2069 ad
1251 2013 1488 2081 Patrem,
1520 2031 1627 2070 non
1658 2024 1814 2070 erant
1841 2015 1956 2084 jam
1979 2018 2062 2071 vi-

470 2100 586 2156 suri
617 2119 629 2154 :
661 2100 785 2156 Non
817 2102 1049 2158 videbitis
1081 2121 1180 2171 me,
1217 2121 1281 2160 ac
1311 2107 1357 2162 si
1389 2107 1616 2174 diceret,
1657 2109 1936 2175 humilem,
1965 2111 2061 2166 sed

469 2190 767 2258 excelsum,
793 2206 894 2249 nec
917 2195 1216 2261 mortalem,
1241 2197 1333 2251 scd
1363 2197 1770 2268 sempiternum,
1795 2215 1893 2255 nec
1915 2200 2058 2271 judi-

469 2284 722 2349 candnm,
768 2285 1270 2357 sedjudicaturum.
1300 2289 1359 2344 Si
1400 2289 1489 2345 ille
1526 2291 1785 2360 magister
1812 2292 2056 2360 interior,

468 2375 709 2444 quicum
743 2377 1023 2449 discipulis
1049 2382 1290 2438 exterius
1329 2382 1672 2453 loquebatur,
1707 2385 1868 2441 vellet
1903 2388 2058 2442 nobis

467 2465 534 2520 de
566 2466 881 2539 incorporea
908 2471 1002 2525 Dei
1033 2480 1224 2527 natura
1258 2472 1584 2530 intrinsecus
1623 2473 1826 2542 aliquid
1854 2476 2054 2543 dicere,

467 2557 608 2612 sicut
633 2559 836 2615 sanctis
864 2561 1070 2632 angelis
1097 2563 1247 2629 dicit,
1279 2564 1370 2634 qui
1402 2579 1616 2636 semper
1641 2565 1825 2621 vident
1860 2567 2060 2624 faciem

469 2647 672 2715 Patris,
704 2652 939 2706 nondum
975 2668 1038 2708 ea
1068 2662 1286 2723 portare
1315 2670 1616 2725 possumus,
1658 2657 1885 2728 proinde
1911 2660 2057 2730 quod

469 2741 546 2798 ait
571 2759 584 2794 :
621 2740 837 2799 Docebit
865 2760 950 2798 vos
974 2761 1177 2800 omnem
1206 2747 1498 2812 veritatem,
1522 2762 1625 2802 non
1651 2749 1888 2804 arbitror
1909 2765 2058 2806 nunc

467 2829 523 2885 in
554 2830 869 2901 cujusquam
899 2844 1084 2890 mente
1111 2851 1268 2908 posse
1301 2837 1578 2909 compleri,
1623 2840 1716 2894 sed
1753 2848 1902 2908 tunc,
1931 2857 2055 2897 eum

468 2919 608 2979 facie
631 2921 698 2976 ad
723 2921 914 2978 faciem
933 2925 1244 2981 viderimus.
1271 2926 1405 2994 Quia
1425 2942 1554 2998 ergo
1574 2944 1679 2983 non
1702 2938 1785 2984 est
1803 2945 1834 2984 a
1857 2940 2064 2994 semet-_

467 3011 607 3080 ipso,
639 3013 732 3067 sed
762 3014 830 3068 ab
863 3015 954 3070 illo
982 3031 1012 3070 a
1040 3031 1147 3086 quo
1169 3018 1433 3087 procedit,
1487 3018 1612 3072 Non
1657 3034 1785 3090 ergo
1824 3018 2054 3091 loquitur

2165 1837 2424 1899 quantum
2465 1838 2644 1883 autem
2684 1830 2826 1886 Deus
2855 1840 2956 1898 est,
3004 1849 3103 1888 nos
3149 1834 3368 1887 exaudit
3394 1850 3518 1888 cum
3551 1833 3741 1887 Patre:

2164 1919 2284 1991 Ipse
2304 1922 2422 1975 enin
2467 1919 2649 1989 Pater,
2687 1924 2884 1994 inquit,
2913 1937 3055 1980 amat
3083 1944 3193 1991 vos,
3224 1928 3346 1998 quia
3380 1944 3470 1980 vos
3502 1943 3582 1979 me
3605 1943 3746 1979 ama-

2159 2013 2272 2076 stis,
2308 2012 2435 2067 hinc
2464 2027 2594 2085 ergo
2630 2012 2831 2070 factum
2858 2024 2940 2070 est
2975 2025 3032 2070 ut
3065 2017 3428 2088 diligeremur,
3459 2017 3583 2086 quia
3622 2015 3745 2069 dile-

2160 2107 2233 2161 cti
2263 2121 2471 2162 sumus.
2510 2107 2738 2164 Prorsus
2765 2110 2962 2164 donum
3013 2110 3108 2164 Dei
3161 2119 3246 2165 est
3295 2110 3520 2180 diligere
3559 2110 3741 2173 Deum,

2158 2196 2274 2266 ipse
2304 2205 2362 2251 ut
2393 2197 2707 2266 diligeretur
2737 2199 2906 2265 dedit,
2957 2201 3048 2270 qui
3097 2217 3203 2255 non
3255 2201 3485 2256 dilectus
3537 2200 3738 2254 dilexit.

2160 2286 2455 2357 Sequitur:
2487 2289 2642 2342 Exivi
2666 2309 2698 2344 a
2730 2290 2892 2345 Patre
2932 2301 2978 2345 et
3025 2293 3141 2346 veni
3188 2294 3241 2345 in
3286 2293 3425 2346 hunc
3471 2293 3738 2356 mundum,

2157 2381 2291 2436 exiit
2319 2381 2464 2435 enim
2503 2397 2533 2435 a
2560 2381 2740 2446 Patre,
2784 2383 2911 2452 quia
2957 2383 3024 2436 de
3061 2382 3221 2438 Patre
3247 2391 3330 2437 est
3359 2402 3370 2435 :
3401 2383 3457 2435 in
3489 2382 3738 2436 mundum

2159 2470 2328 2534 venit,
2373 2469 2501 2542 quia
2533 2471 2734 2525 mundo
2763 2486 2920 2525 suum
2963 2487 3164 2542 corpus
3207 2471 3467 2534 ostendit,
3502 2471 3643 2540 quod
3679 2471 3741 2524 de

2156 2561 2364 2631 virgine
2395 2562 2688 2632 assumpsit
2723 2579 2736 2615 :
2778 2561 2996 2630 reliquit
3041 2563 3300 2617 mundum
3345 2563 3612 2633 corporali
3639 2563 3741 2616 dis-

2157 2655 2404 2710 cessione
2437 2671 2450 2710 :
2481 2657 2723 2726 perrexit
2753 2656 2821 2710 ad
2868 2655 3082 2710 Patrem
3125 2656 3362 2711 hominis
3389 2656 3735 2710 ascensione:

2155 2759 2256 2800 nec
2287 2745 2546 2799 mundum
2575 2745 2814 2800 deseruit
2845 2746 3148 2816 prmsentia!
3168 2746 3580 2816 gubernatione.

2230 2833 2360 2888 litvo
2387 2833 2591 2889 locutus
2620 2852 2736 2890 sum
2765 2836 2926 2898 vobis,
2965 2845 3026 2889 ut
3070 2836 3123 2889 in
3152 2853 3234 2890 me
3269 2852 3449 2906 pacem
3487 2834 3736 2897 habeatis,

2155 2933 2259 2982 etc.
2303 2925 2664 2996 Posteaquam
2693 2927 2760 2980 de
2806 2927 3052 2982 convivio
3097 2936 3286 2982 sancto
3331 2927 3442 2992 illo,
3489 2927 3581 2996 qui
3622 2940 3736 2979 eum

2157 3015 2455 3070 traditurus
2509 3030 2760 3086 egressus
2799 3023 2909 3079 est,
2958 3017 3096 3070 hanc
3137 3016 3283 3070 enim
3328 3031 3555 3070 causam
3601 3030 3736 3068 com-

461 3120 496 3158 a
522 3105 814 3176 semetipso,
843 3106 933 3160 sed
971 3086 1293 3180 quacunque
1323 3111 1500 3164 audiet
1541 3086 1799 3182 loquetur.
1849 3086 1927 3166 Ab
1956 3113 2048 3168 illo
2078 3086 2122 3149 C
2155 3111 2430 3165 mendavit
2467 3111 2735 3165 sermonis
2773 3110 2878 3174 sui,
2911 3117 2968 3163 ut
2996 3110 3048 3163 in
3086 3109 3175 3163 illo
3221 3123 3413 3178 pacem
3456 3111 3730 3172 haberent,

461 3197 643 3252 audiet
671 3213 701 3251 a
728 3213 835 3268 quo
864 3201 1131 3271 procedit,
1175 3217 1205 3256 a
1253 3217 1360 3272 quo
1391 3212 1493 3266 est,
1540 3203 1608 3256 ab
1635 3203 1726 3258 illo
1753 3212 1860 3268 est,
1888 3219 1918 3258 a
1941 3221 2049 3273 quo

457 3290 720 3360 procedit.
759 3290 912 3358 Quod
951 3309 1080 3351 vero
1114 3296 1356 3366 sequitur
1399 3309 1415 3350 :
1473 3295 1573 3349 Ille
1603 3311 1685 3348 me
1714 3295 2045 3365 clariﬁeabit,

456 3385 634 3446 potest
659 3377 906 3449 intelligi,
936 3380 1063 3449 quia
1091 3381 1435 3439 diliundendo
1465 3383 1520 3438 in
1564 3383 1900 3438 credentium
1926 3400 2048 3440 cor-

456 3467 616 3525 dibus
657 3467 1002 3535 charitatem,
1045 3469 1340 3526 declaravit
1368 3473 1448 3526 eis
1487 3473 1756 3542 quomodo
1784 3473 1930 3528 Patri
1957 3475 2047 3529 Fi-

457 3557 560 3617 lius
583 3568 727 3617 esset
750 3559 1057 3628 comqualis.
1089 3559 1185 3616 Vel
1203 3569 1374 3628 certe,
1404 3562 1528 3632 quia
1550 3578 1647 3634 per
1669 3563 1843 3635 ipsam
1867 3566 2047 3621 chari-

457 3654 623 3705 tatem
656 3645 852 3705 ﬁducia
882 3647 1092 3721 repleti,
1132 3657 1186 3704 et
1223 3649 1414 3705 timore
1458 3651 1703 3722 depulso,
1757 3656 2044 3710 annuntia-

457 3748 581 3795 rent
626 3741 938 3798 hominibus
979 3743 1276 3799 Christum.
1309 3745 1386 3800 Ac
1416 3747 1494 3802 sic
1519 3746 1635 3816 ejus
1677 3747 1820 3803 fama
1851 3749 2041 3806 diliusa

453 3838 540 3887 est
575 3839 687 3886 toto
716 3832 849 3887 orbe
881 3840 1170 3902 terrarum,
1214 3844 1272 3890 ut
1299 3837 1380 3892 sic
1422 3837 1620 3894 dixerit
1647 3858 1660 3894 :
1692 3839 1787 3895 Ille
1824 3856 1908 3895 me
1935 3842 2044 3896 cla-

454 3922 710 3989 riﬁcavit,
763 3931 1020 3996 tanquam
1047 3927 1252 3982 diceret
1280 3947 1292 3983 :
1318 3929 1408 3986 ille
1450 3932 1602 3986 vobis
1632 3931 1842 3988 auferet
1883 3934 2041 3989 timo-

453 4031 596 4081 rem,
624 4024 678 4073 et
703 4016 852 4074 dabit
877 4033 1141 4086 amorem,
1169 4036 1278 4090 quo
1311 4037 1397 4077 me
1441 4024 1718 4080 ardentius
1745 4026 2040 4096 praedican-

452 4114 536 4164 tcs
585 4106 768 4177 gloriae
796 4123 929 4165 meae
954 4124 1054 4179 per
1079 4117 1247 4166 totum
1278 4113 1535 4168 mundum
1563 4114 1759 4170 dabitis
1795 4115 2038 4179 odorem,

452 4197 898 4254 commendabitis
926 4199 1206 4255 honorem.
1229 4201 1382 4267 Quod
1409 4202 1551 4257 enim
1592 4202 1786 4258 facturi
1825 4202 2042 4260 fuerant

454 4287 506 4341 in
537 4286 740 4358 Spiritu
776 4296 984 4350 sancto,
1019 4291 1121 4345 hoc
1159 4292 1407 4347 eumdem
1452 4292 1711 4362 Spiritum
1755 4294 1890 4348 dixit
1917 4309 2038 4350 esse

451 4376 721 4432 facturum
773 4397 785 4431 :

2150 3209 2370 3272 propter
2399 3201 2542 3270 quod
2582 3207 2755 3254 totum
2801 3200 2980 3270 agitur
3019 3199 3162 3269 quod
3191 3198 3493 3254 Christiani
3538 3214 3731 3262 sumus,

2149 3291 2266 3346 haec
2294 3291 2438 3346 enim
2465 3306 2571 3360 pax
2603 3289 2764 3344 finem
2791 3290 3051 3360 temporis
3088 3305 3194 3344 non
3217 3289 3463 3354 habebit,
3491 3297 3548 3344 et
3570 3288 3735 3343 omnis

2148 3384 2252 3454 piae
2295 3391 2496 3438 nostra:
2537 3381 2853 3437 intentionis
2899 3382 3061 3445 actio,
3115 3398 3235 3451 quae
3284 3380 3408 3438 linis
3440 3380 3558 3450 ipsa
3603 3387 3730 3442 erat,

2148 3481 2371 3543 propter
2411 3473 2554 3527 hanc
2599 3471 2954 3527 sacramentis
3007 3473 3124 3542 ejus
3153 3471 3463 3525 imbuimur.
3517 3469 3733 3537 Propter

2146 3566 2288 3621 hanc
2317 3564 2658 3620 mirabilibus
2688 3563 2804 3633 ejus
2847 3565 3102 3634 operibus
3139 3572 3195 3619 et
3237 3563 3580 3618 sermonibus
3619 3575 3733 3615 eru-

2147 3657 2327 3711 dimur
2352 3674 2364 3711 :
2389 3663 2610 3726 propter
2630 3655 2771 3709 hanc
2792 3655 3016 3724 spiritus
3037 3654 3154 3722 ejus
3173 3655 3370 3723 pignus
3395 3652 3727 3720 accepimus:

2143 3753 2367 3816 prepter
2394 3747 2536 3800 hanc
2573 3745 2627 3798 in
2668 3759 2792 3799 eum
2821 3745 3091 3798 credimus
3126 3752 3180 3798 et
3207 3757 3514 3814 speramus,
3542 3751 3594 3796 et
3623 3740 3730 3808 ejus

2144 3850 2330 3890 amore
2379 3842 2640 3907 quantum
2689 3833 2854 3888 donat
2905 3835 3304 3888 accendimur:
3349 3834 3452 3888 hac
3501 3846 3632 3901 pace
3679 3830 3727 3882 in

2143 3931 2415 4001 pressuris
2477 3931 2730 3985 omnibus
2791 3926 3133 3984 consolamur
3184 3943 3196 3978 :
3251 3924 3356 3978 hac
3395 3938 3424 3976 a
3467 3919 3728 3992 pressuris

2143 4019 2392 4074 omnibus
2438 4018 2754 4082 liberamur,
2803 4024 3023 4087 propter
3059 4015 3199 4068 hanc
3240 4028 3455 4067 omnem
3513 4008 3728 4066 tribula-

2144 4109 2346 4164 tionem
2377 4109 2591 4164 fortiter
2630 4108 2982 4173 sustinemus,
3011 4106 3155 4160 utin
3199 4106 3304 4160 hac
3345 4104 3576 4158 feliciter
3617 4101 3726 4156 sine

2141 4201 2250 4255 ulla
2275 4199 2622 4255 tribulatione
2651 4215 2960 4270 regncmus.
3249 4197 3256 4200 ”

2213 4294 2363 4367 (Cap.
2414 4295 2573 4365 xvn.)
2623 4293 2752 4347 Ila'c
2801 4293 3007 4347 locutus
3053 4301 3128 4346 est
3166 4293 3343 4355 Iesus,
3377 4301 3423 4344 et
3454 4285 3722 4344 sublevatis

839 4377 1052 4445 Omnia,
1080 4381 1274 4451 inquit,
1315 4399 1635 4454 quazcunque
1677 4384 1829 4438 habet
1875 4384 2038 4437 Pater
2139 4384 2306 4439 oculis
2349 4386 2404 4437 in
2439 4383 2642 4448 emtum,
2679 4392 2786 4439 etc.
2825 4383 3192 4439 Clariﬂcatum
3247 4399 3278 4436 a
3329 4382 3490 4436 Patre
3539 4378 3721 4434 Filium

450 4484 566 4522 mea
603 4475 766 4522 sunt:
789 4478 1060 4538 propterea
1089 4469 1201 4523 dixi
1229 4471 1369 4524 vobis
1402 4473 1527 4542 quia
1568 4471 1632 4525 de
1657 4488 1768 4526 meo
1799 4473 2035 4541 accipiet,
2065 4456 2118 4514 D
2144 4479 2384 4536 nonnulli
2412 4480 2684 4550 accipiunt
2710 4480 2764 4534 in
2796 4482 2917 4546 hoc,
2947 4481 3090 4550 quod
3119 4480 3167 4534 ei
3200 4494 3307 4533 non
3334 4477 3593 4549 pepercit,
3633 4471 3720 4528 sed

449 4567 504 4613 et
545 4559 801 4614 continuo
841 4560 943 4614 hoc
976 4560 1232 4630 eXplanat
1265 4579 1277 4615 :
1317 4561 1457 4631 Ergo
1508 4562 1574 4616 de
1637 4563 1798 4618 Patre
1844 4563 2040 4632 accipit

452 4648 686 4718 Spiritus
733 4657 974 4713 sanctus,
1029 4651 1170 4705 unde
1220 4651 1417 4720 accipit
1459 4650 1648 4715 Filius,
1690 4652 1815 4719 quia
1848 4651 1902 4704 in
1940 4651 2041 4706 hac

451 4741 718 4794 Trinitate
746 4741 813 4794 de
842 4739 1002 4795 Patre
1041 4749 1198 4796 natus
1235 4751 1319 4796 est
1349 4742 1537 4805 Filius,
1571 4743 1636 4796 de
1660 4743 1820 4798 Patre
1853 4759 2040 4812 proce-

450 4831 530 4886 dit
564 4831 799 4900 Spiritus
835 4838 1077 4894 sanctus,
1101 4832 1192 4900 qui
1236 4840 1417 4888 autem
1468 4833 1534 4888 de
1579 4834 1722 4888 nullo
1753 4843 1908 4889 natus
1944 4835 2036 4902 sit,

451 4923 516 4975 de
552 4919 699 4974 nullo
729 4921 1007 4989 procedat,
1039 4919 1199 4976 Pater
1225 4930 1309 4976 cst
1347 4923 1510 4978 solus.

523 5011 792 5064 Modicum
815 5021 862 5064 et
883 5011 1002 5082 jam
1033 5028 1135 5065 non
1181 5013 1416 5066 videbitis
1464 5031 1565 5078 me,
1613 5023 1717 5069 etc.
1752 5015 1878 5070 Post
1905 5032 2036 5086 pan-

451 5101 617 5155 luium
647 5101 792 5156 enim
820 5117 1014 5174 passus
1039 5111 1141 5168 est,
1169 5112 1223 5158 et
1248 5119 1352 5159 non
1377 5105 1625 5160 viderunt
1648 5122 1789 5161 eum.
1825 5107 2034 5164 Rursus

449 5198 572 5262 post
599 5191 872 5262 paululum
914 5194 1217 5248 resurrexit
1259 5203 1314 5248 et
1339 5194 1589 5250 viderunt
1613 5210 1755 5250 eum.
1793 5197 1945 5252 Unde
1978 5207 2034 5253 et

451 5281 757 5337 contristati
794 5291 919 5337 sunt
947 5283 1012 5338 de
1040 5293 1212 5338 morte
1243 5285 1453 5339 Domini
1490 5286 1754 5356 discipuli,
1805 5295 1860 5341 et
1898 5303 2028 5342 con-

454 5375 630 5428 festim
661 5376 727 5429 de
755 5375 1147 5431 resurrectione
1177 5377 1291 5448 ejus
1332 5376 1459 5442 laeti,
1492 5377 1634 5432 unde
1663 5389 1718 5431 et
1743 5377 1988 5445 sequitur
2017 5395 2030 5429 :

455 5465 688 5519 Tristitia
731 5477 895 5522 vestra
927 5478 1252 5522 convertetur
1276 5469 1329 5521 in
1374 5467 1650 5538 gaudium,
1691 5483 1814 5520 nam
1859 5467 2037 5551 et.tri-

453 5554 601 5610 Btitia
630 5562 756 5610 tunc
781 5564 1123 5611 convertetur
1168 5556 1222 5611 in
1261 5555 1534 5625 gaudium,
1559 5553 1774 5622 quando
1801 5554 2031 5610 manife-

456 5646 677 5704 Itaverit
717 5661 775 5702 se
801 5648 911 5710 suis
941 5647 1096 5704 sicuti
1127 5654 1226 5703 est.
1260 5645 1412 5714 Quod
1443 5659 1568 5700 vero
1598 5644 1726 5701 dicit
1757 5659 1770 5695 :
1802 5644 2032 5701 Mundus

2137 4585 2236 4640 pro
2267 4571 2423 4626 nobis
2455 4573 2706 4626 omnibus
2754 4572 2975 4626 tradidit
3010 4587 3152 4625 eum.
3191 4569 3248 4624 Si
3285 4569 3535 4640 passione
3571 4561 3721 4620 clari-

2138 4661 2327 4716 ﬁcatus
2347 4662 2565 4729 dicitur,
2582 4671 2784 4732 quanto
2809 4663 2981 4731 magis
2998 4662 3422 4717 resurrectione!
3445 4657 3717 4715 Humilitas

2137 4765 2264 4823 ergo
2283 4751 2400 4821 ejus
2425 4755 2616 4823 incipit
2649 4754 2702 4806 in
2731 4767 2982 4808 ser-mone
3008 4752 3266 4822 Apostoli,
3299 4753 3368 4806 ab
3395 4767 3459 4808 eo
3488 4751 3602 4804 loco
3629 4743 3715 4798 ubi

2136 4845 2214 4898 ait
2247 4864 2259 4899 :
2294 4846 2641 4913 Semetipsum
2672 4845 2957 4898 exinanivit
3008 4861 3170 4912 usque
3199 4844 3268 4898 ad
3309 4853 3525 4897 mortem
3555 4835 3716 4893 erucis

2139 4933 2362 5006 (Philip.
2393 4934 2476 5006 ιι).
2506 4934 2738 4989 Claritas
2763 4949 2890 4989 vero
2918 4933 3035 5002 ejus
3073 4935 3263 5006 incipit
3287 4936 3354 4990 ab
3383 4951 3448 4989 eo
3481 4934 3598 4987 loco
3627 4926 3711 4982 ubi

2136 5027 2213 5080 ait
2239 5044 2250 5079 :
2284 5025 2508 5095 Propter
2531 5024 2670 5095 quod
2707 5034 2756 5078 et
2799 5024 2942 5080 Deus
2972 5024 3120 5079 illum
3153 5025 3421 5090 exultavit,
3453 5031 3507 5078 et
3534 5031 3714 5092 perve-

2136 5115 2218 5168 nit
2237 5113 2376 5184 quod
2397 5115 2451 5166 in
2479 5113 2648 5183 gloria
2677 5122 2753 5168 est
2782 5113 2880 5168 Dei
2908 5113 3108 5168 Patris.
3147 5114 3432 5168 Humilitas
3457 5105 3711 5168 claritatis

2135 5213 2218 5257 est
2253 5202 2528 5269 meritum,
2559 5202 2776 5258 claritas
2805 5203 3126 5259 humilitatis
3159 5211 3244 5259 est
3284 5205 3580 5273 prtvmium.
3613 5194 3710 5251 Sed

2135 5297 2240 5350 hoc
2280 5292 2480 5348 factum
2525 5303 2612 5349 est
2651 5296 2704 5349 in
2753 5295 2927 5350 forma
2968 5297 3128 5351 servi.
3166 5295 3221 5350 in
3261 5296 3430 5350 forma
3461 5308 3584 5348 vero
3623 5283 3707 5342 Dei

2135 5398 2349 5445 semper
2375 5393 2460 5438 est
2496 5385 2736 5439 claritas.
2770 5384 2875 5439 Sed
2905 5386 3033 5455 quid
3082 5387 3185 5441 sibi
3211 5386 3343 5450 vult,
3381 5383 3519 5454 quod
3547 5375 3712 5447 sequi-

2137 5479 2254 5533 tur,
2304 5471 2375 5528 Ut
2403 5472 2573 5527 Filius
2623 5483 2747 5527 tuus
2797 5473 3055 5528 clarificet
3093 5483 3166 5538 te,
3211 5491 3333 5530 cum
3391 5472 3704 5541 sempiterna

2135 5558 2354 5614 claritas
2375 5561 2568 5624 Patris,
2595 5576 2694 5616 nec
2723 5562 2982 5616 diminuta
3009 5561 3170 5618 fuerit
3191 5565 3245 5618 in
3269 5563 3439 5618 forma
3460 5563 3700 5616 humana.

2135 5662 2233 5702 nec
2255 5649 2436 5721 augeri
2457 5650 2655 5724 poterit
2677 5651 2731 5707 in
2751 5667 2844 5708 sua
2865 5651 3192 5723 perfectione
3212 5650 3584 5724 divina?Apud
3608 5647 3700 5703 ho~
