3978 6414
261 282 365 338 217

1079 291 1592 350 COLI.ECTIONES
1633 295 1699 350 IN
1746 298 2131 356 EPIS'I'OL:\S
2174 302 2262 357 ET
2299 307 2718 366 EVANCISIJA.

3439 325 3541 379 2i8

259 406 433 460 mines
472 412 654 460 autem
698 407 883 476 procul
929 409 1092 464 dubio
1134 411 1310 465 minor
1353 422 1495 480 erat,
1533 417 1750 484 quando
1795 417 1846 470 in
1881 424 1925 479 Α
1955 435 1982 471 a
2017 422 2215 478 mundo
2245 440 2605 492 recessurum,
2642 430 2760 484 illos
2787 441 2963 487 autem
2992 436 3220 502 tardius,
3263 438 3384 494 ideo
3413 443 3550 502 dixit

255 495 440 552 Judma
464 499 840 552 tantummodo
871 496 1012 554 Deus
1038 508 1195 554 notus
1224 511 1362 568 erat,
1406 506 1641 559 nondum
1669 523 1699 560 a
1723 507 1852 562 solis

255 597 380 642 ortu
408 602 581 656 usque
607 588 673 642 ad
703 603 957 643 occasum
995 588 1284 645 laudabant
1318 594 1472 662 pueri
1516 611 1713 650 nomen
1746 596 1851 652 Do-

257 678 409 743 mini,
455 678 558 734 hoc
585 686 783 741 autem,
835 681 958 750 quia
987 696 1085 751 per
1125 683 1475 754 Evangelium
1519 684 1720 743 Christi
1771 687 1849 744 fa—

254 779 402 823 ctum
429 781 534 835 est,
562 781 622 824 ut
650 787 748 840 per
769 770 963 826 Filium
991 773 1153 828 Pater
1189 775 1548 833 iunoteseeret
1575 781 1844 850 gentibus,

252 858 499 928 profecto
527 859 741 914 Patrem
769 859 1085 916 clariﬁcavit
1113 871 1168 917 et
1196 863 1382 919 Filius.
1413 863 1471 920 Si
1507 877 1685 922 autem
1722 878 1845 924 tan-

254 950 532 1006 tummodo
571 961 816 1007 mortuus
844 951 1033 1009 fuisset
1064 954 1252 1020 Filius,
1289 971 1392 1012 nec
1434 963 1843 1031 resurrexisset,

250 1043 438 1112 procul
459 1043 622 1108 dubio
642 1060 740 1100 nec
761 1061 791 1099 a
813 1045 974 1102 Patre
986 1047 1310 1104 clarificatus
1333 1059 1495 1118 esset,
1515 1069 1613 1109 nec
1629 1055 1845 1112 Patrem

249 1133 626 1190 clarificasset.
659 1136 812 1192 Nunc
845 1145 1024 1193 autem
1070 1143 1469 1198 resurrectione
1520 1145 1843 1203 :larilicatus

249 1239 276 1277 a
318 1224 502 1292 Patre,
539 1229 952 1285 resurrectionis
996 1246 1109 1286 suae
1153 1233 1538 1302 praedicatione
1579 1237 1842 1294 clariticat

251 1314 486 1375 Patrem.
529 1317 854 1392 Ilocquippe
928 1323 1104 1394 aperit
1146 1323 1279 1378 ordo
1341 1325 1456 1395 ipse
1499 1329 1786 1384 verborum
1822 1349 1834 1384 :

242 1415 516 1483 Clartﬁca,
550 1416 744 1484 inquit,
775 1413 973 1469 Filium
1009 1424 1178 1481 tuum,
1205 1425 1262 1470 stt
1287 1414 1461 1471 Filius
1489 1427 1608 1472 tuus
1633 1419 1835 1490 clari/i-

239 1515 318 1560 cet
341 1515 412 1572 te,
434 1514 690 1575 tanquam
717 1505 944 1572 diceret,
974 1508 1236 1562 resuscita
1271 1522 1379 1578 me,
1430 1515 1489 1562 ut
1529 1509 1837 1567 innotescas

241 1605 357 1650 toto
379 1597 517 1673 orbi.
550 1597 666 1666 Ipse
694 1597 891 1667 quippe
919 1595 1135 1651 Patrem
1172 1598 1496 1653 clariﬁcavit
1525 1615 1688 1670 super
1728 1609 1834 1656 ter-

240 1705 380 1754 ram,
407 1705 530 1743 cum
571 1689 818 1761 gentibus
848 1689 1190 1760 przedicando
1223 1708 1236 1744 :
1271 1689 1434 1746 Pater
1462 1707 1594 1747 vero
1633 1693 1829 1762 ipsum,

1954 527 2012 566 se
2031 511 2144 581 jam
2175 529 2280 569 non
2311 517 2438 572 hinc
2465 534 2583 574 esse
2636 520 2756 576 illos
2779 532 2959 579 autem
2986 525 3074 581 hic
3100 542 3240 583 esse.
3263 529 3546 587 Commen-

1951 600 2046 655 dat
2074 618 2206 673 ergo
2233 605 2378 661 Patri
2415 623 2509 662 eos
2561 625 2700 680 quos
2741 616 3010 684 corporali
3051 617 3296 675 absentia
3329 623 3548 678 relictu-

1949 709 2043 750 rus
2066 705 2168 760 est,
2215 697 2442 752 dicens:
2484 697 2645 755 Pater
2673 716 2869 771 sancte,
2914 723 3062 762 serva
3099 726 3186 764 eos
3233 713 3287 766 in
3337 717 3547 771 nomine

1949 793 2062 850 tuo,
2088 804 2217 858 quos
2245 789 2436 844 dedisti
2461 793 2608 857 mihi,
2642 804 2697 847 ut
2721 797 2825 849 sint
2853 813 3013 851 unum
3039 801 3172 854 sicut
3211 812 3258 855 ct
3289 821 3402 870 nos,
3430 823 3536 861 non

1948 878 2023 932 ait
2055 896 2066 931 :
2102 879 2171 934 Ut
2215 881 2494 936 nobiseum
2540 886 2652 939 sint
2693 903 2882 952 unum,
2913 897 2972 943 ut
3008 889 3177 946 simus
3213 910 3377 950 unum
3415 899 3536 968 ipsi,

1945 977 1999 1022 et
2024 983 2128 1024 non
2160 971 2300 1025 sicut
2328 989 2491 1028 unum
2521 990 2706 1031 sumus
2732 994 2854 1044 nos,
2877 981 2970 1034 sed
3001 981 3109 1035 ait:
3129 981 3199 1037 Ut
3223 987 3327 1041 sint
3355 1007 3535 1057 unum,

1944 1059 2081 1112 sicut
2105 1069 2154 1113 et
2186 1077 2300 1115 nos.
2332 1062 2435 1132 Ipsi
2467 1064 2652 1134 utique
2697 1066 2750 1120 in
2799 1077 2993 1123 natura
3043 1085 3141 1127 sua
3189 1074 3299 1129 sint
3343 1094 3532 1147 unum,

1944 1150 2083 1204 sicut
2113 1160 2168 1206 et
2204 1168 2300 1208 nos
2324 1154 2378 1209 in
2419 1165 2605 1211 nostra
2632 1173 2798 1212 unum
2835 1176 3039 1217 sumus.

2015 1239 2178 1296 Pater
2203 1255 2401 1312 sancte,
2442 1249 2716 1317 sanctiﬁca
2744 1267 2830 1304 eos
2877 1253 2930 1306 in
2959 1256 3188 1310 veritate.
3225 1257 3363 1324 Quid
3401 1277 3532 1333 ergo

1941 1333 2085 1388 aliud
2116 1343 2240 1389 est:
2275 1335 2562 1407 Sanctiﬁca
2609 1359 2694 1396 eos
2731 1345 2784 1398 in
2828 1349 3058 1412 veritate,
3083 1351 3207 1417 nisi,
3249 1357 3530 1412 sanctifica

1939 1439 2034 1480 eos
2062 1425 2116 1480 in
2145 1442 2251 1482 me.
2275 1427 2393 1498 Ipse
2415 1429 2625 1500 inquit:
2658 1432 2771 1503 Ego
2791 1453 2906 1489 sum
2931 1439 3013 1492 via
3033 1449 3082 1493 et
3109 1444 3298 1497 ueritas
3325 1455 3372 1498 et
3402 1448 3528 1502 vita.

1939 1513 2257 1572 Sanctificat
2284 1519 2466 1590 itaque
2503 1519 2666 1577 Pater
2696 1524 2747 1578 in
2778 1527 3028 1593 veritate,
3060 1531 3112 1586 id
3137 1541 3241 1601 est,
3268 1535 3321 1589 in
3355 1538 3528 1594 Verbo

1937 1617 2058 1666 suo,
2091 1604 2144 1657 in
2175 1607 2456 1676 unigenito
2487 1625 2604 1664 suo.
2635 1611 2773 1678 Quid
2800 1624 2883 1670 est
2909 1619 3050 1686 quod
3078 1621 3155 1674 ait
3183 1641 3218 1675 :-
3241 1623 3308 1678 Et
3335 1643 3431 1695 pro
3453 1629 3528 1684 eis

1935 1711 2028 1764 ego
2056 1697 2328 1766 sanctiﬁco
2351 1701 2624 1770 meipsum,
2649 1705 2752 1759 nisi
2783 1722 2876 1762 eos
2905 1709 2958 1763 in
2988 1712 3196 1782 meipso
3221 1718 3522 1785 sanetilico,

237 1781 380 1850 apud
439 1782 788 1851 semetipsum
827 1783 894 1837 ad
944 1797 1095 1836 suam
1145 1783 1423 1838 dexteram
1489 1784 1823 1841 collocando.-
1855 1779 1902 1838 B
1930 1802 2054 1840 cum
2095 1794 2152 1842 et
2190 1788 2293 1858 ipsi
2337 1791 2447 1844 sint
2492 1805 2611 1862 ego,
2642 1797 2895 1864 quoniam
2943 1800 3010 1854 de
3054 1779 3248 1870 quibus
3285 1808 3387 1862 hoc
3425 1779 3525 1874 ait,

236 1871 462 1927 Omnem
509 1888 726 1927 carnem
777 1873 993 1942 quidem
1037 1874 1188 1937 dixit,
1255 1890 1471 1931 omnem
1529 1876 1824 1943 hominem,

235 1962 460 2033 intelligi
494 1961 605 2017 vult
637 1979 665 2017 a
693 1973 848 2033 parte
879 1972 1051 2018 totum
1087 1964 1444 2035 signiﬁcasse.

306 2053 373 2106 Et
403 2072 542 2108 nunc
582 2053 819 2125 clari/ica
848 2073 951 2121 me,
1000 2065 1055 2108 ut
1105 2055 1269 2110 Pater
1309 2057 1450 2126 apud
1496 2067 1822 2128 temetipsum

233 2147 552 2212 claritatem,
606 2158 710 2204 etc.
758 2149 856 2203 llic
895 2148 1254 2219 intelligamus
1294 2150 1821 2218 przedestinationem

231 2243 497 2298 claritatis
529 2243 778 2298 humanae
805 2259 923 2312 quae
953 2243 1005 2296 in
1035 2241 1125 2296 illo
1160 2250 1244 2297 est
1279 2251 1486 2297 natura:
1511 2259 1575 2297 ex
1606 2243 1820 2298 mortali

231 2335 553 2390 immortalis
581 2336 718 2404 apud
768 2335 985 2389 Patrem
1033 2334 1246 2388 futurae.
1291 2334 1358 2387 Et
1395 2335 1506 2396 ,hoe
1529 2335 1640 2404 jam
1678 2350 1822 2405 pra:-

228 2429 545 2483 destinando
589 2427 786 2482 factum
830 2425 993 2482 fuisse
1033 2435 1325 2497 antequam
1373 2425 1605 2480 mundus
1652 2436 1817 2492 esset,

228 2521 450 2590 quodin
478 2520 676 2575 mundo
705 2521 868 2576 etiam
913 2537 1010 2576 suo
1052 2529 1298 2591 tempore
1341 2519 1533 2576 fieret:
1566 2521 1636 2575 Et
1680 2537 1818 2576 nunc

227 2611 462 2680 clari/ica
486 2629 586 2676 me,
620 2613 724 2667 hoc
757 2620 862 2676 est,
893 2612 1035 2667 sicut
1063 2619 1190 2668 tunc
1214 2613 1706 2684 prtedestinatione,
1740 2614 1818 2669 ita

226 2711 281 2757 et
315 2720 459 2758 nunc
503 2703 856 2772 perfectione,
912 2704 995 2758 fac
1043 2705 1352 2771 inmundo,
1385 2707 1528 2776 quod
1574 2707 1716 2777 apud
1765 2715 1818 2764 te

218 2792 332 2861 jam
359 2793 533 2849 fuerat
555 2803 680 2849 ante
717 2794 976 2849 mundum
1004 2815 1016 2849 :
1047 2795 1132 2850 fac
1161 2796 1213 2850 in
1255 2812 1354 2852 suo
1383 2805 1647 2867 tempore,
1671 2799 1814 2867 quod

223 2895 348 2940 ante
373 2885 550 2940 omnia
579 2894 820 2958 tempora
862 2887 1121 2951 statuisti,
1167 2886 1490 2952 claritatem,
1523 2904 1684 2956 quam
1716 2889 1814 2944 ha-

222 2975 312 3030 bui
355 2977 665 3046 priusquam
694 2978 924 3031 mundus
969 2985 1116 3032 esset
1155 2978 1296 3048 apud
1342 2985 1412 3044 te,
1445 2979 1497 3032 id
1523 2987 1625 3041 est,
1665 2979 1812 3035 illan.

221 3068 526 3124 claritatem
570 3085 731 3139 quam
779 3069 942 3124 habui
980 3069 1121 3139 apud
1162 3077 1214 3123 te
1257 3069 1309 3123 in
1339 3069 1812 3138 prmdestinatioue

221 3167 332 3212 tua.
367 3156 601 3227 Tempus
627 3165 710 3212 est
737 3165 793 3210 ut
815 3157 954 3227 apud
996 3165 1047 3213 te
1075 3157 1306 3213 habeam
1351 3158 1513 3212 etiam
1541 3159 1726 3213 vivens
1756 3159 1810 3212 in

223 3250 443 3305 dextera
468 3260 577 3302 tua.
607 3249 942 3318 Manifestavi
965 3266 1150 3304 nomen
1171 3259 1320 3304 tuum
1341 3249 1656 3315 hominibus,
1684 3268 1811 3321 quos

158 3381 162 3384 .
219 3341 409 3394 dedisti
435 3341 562 3394 mihi
587 3340 651 3394 de
676 3340 893 3394 mundo.
935 3340 1141 3395 Nomen
1174 3347 1322 3394 tuum
1353 3340 1455 3395 hoc
1481 3349 1584 3406 est,
1611 3333 1722 3397 non
1751 3341 1812 3396 il-

218 3429 307 3484 Iud
345 3445 540 3483 nomen
565 3445 671 3498 quo
696 3430 908 3484 vocaris
947 3429 1108 3495 Deus,
1155 3430 1296 3500 quod
1325 3431 1380 3484 in
1410 3429 1594 3486 Iudaea
1623 3441 1809 3486 notum

216 3531 319 3588 est,
347 3535 402 3577 et
427 3523 480 3576 in
510 3522 672 3577 Israel
700 3538 975 3592 magnum,
1007 3531 1061 3578 et
1101 3523 1368 3577 universa:
1407 3532 1670 3578 creaturae
1708 3540 1803 3579 no-

217 3613 481 3666 tissimum
510 3653 523 3678 ,
573 3613 664 3667 sed
715 3613 842 3667 illud
883 3629 990 3683 quo
1024 3614 1236 3668 vocaris
1269 3622 1424 3682 pater
1463 3629 1634 3680 meus,
1663 3616 1808 3684 quod

213 3705 433 3759 omnino
476 3705 809 3760 manifestari
859 3707 974 3760 sine
1030 3706 1197 3776 ipsius
1239 3706 1334 3760 filii
1371 3707 1808 3764 manifestatione

214 3809 319 3848 non
353 3803 552 3864 posset.
575 3794 709 3848 Nam
737 3795 856 3850 ideo
885 3795 1074 3851 fecisse
1105 3812 1162 3851 se
1187 3797 1337 3862 dicit,
1367 3798 1510 3868 quod
1539 3807 1659 3853 erat
1687 3799 1806 3854 sine

213 3887 544 3943 dubitatione
571 3887 829 3951 facturus,
857 3891 952 3943 sed
992 3890 1057 3944 de.
1085 3891 1168 3944 his
1190 3892 1280 3959 qui
1314 3891 1426 3961 jam
1458 3899 1614 3944 erant
1643 3891 1805 3946 disci-

210 3977 321 4046 puli
349 3976 463 4045 ejus
486 3994 591 4033 non
622 3979 687 4034 de
721 3981 970 4034 omnibus
1005 3982 1096 4050 qui
1128 3983 1182 4035 in
1209 3983 1298 4038 illo
1335 3993 1492 4037 erant
1519 3985 1798 4049 credituri,

211 4069 410 4123 dixisse
435 4070 834 4136 manifestatur,
860 4073 912 4126 in
938 4073 1040 4126 hoc
1065 4074 1208 4142 quod
1230 4075 1479 4129 subditur
1511 4093 1525 4128 :
1556 4073 1688 4129 Cum
1716 4093 1800 4129 es-

207 4177 312 4214 sem
337 4177 450 4214 cum
481 4164 575 4226 eis,
605 4181 696 4233 ego
725 4165 996 4218 servabam
1020 4183 1106 4219 eos
1135 4166 1188 4219 in
1215 4167 1422 4220 nomine
1442 4175 1552 4232 tuo,
1578 4178 1628 4221 et
1651 4184 1798 4222 nemo

205 4271 272 4306 ex
290 4255 363 4308 eis
392 4256 568 4325 periit,
597 4257 698 4310 nisi
721 4255 862 4324 [ilius
887 4257 1214 4328 perditionis,
1247 4256 1436 4312 Iudam
1464 4257 1794 4328 significans,

207 4348 298 4416 qui
331 4347 546 4403 tradidit
569 4364 712 4405 eum.
736 4351 814 4405 Ex
847 4352 949 4406 isto
975 4352 1171 4423 quippe
1196 4353 1531 4408 duodenario
1567 4370 1796 4412 numero

1931 1879 2171 1934 membra
2217 1891 2343 1936 sunt
2378 1882 2496 1951 ejus
2542 1893 2598 1940 et
2630 1903 2769 1944 unus
2814 1899 2900 1945 est
2938 1892 3207 1961 Christus,
3257 1909 3420 1969 caput
3465 1912 3523 1957 et

1927 1971 2158 2038 corpus?
2188 1969 2444 2040 Sequitur
2471 1993 2482 2026 :
2524 1972 2589 2027 Ut
2612 1977 2716 2030 sint
2751 1988 2800 2032 et
2839 1981 2939 2049 ipsi
2966 1986 3280 2054 sanctiﬁcati
3305 1990 3358 2042 in
3386 1992 3519 2045 reri-

1927 2071 2056 2125 tate,
2085 2063 2228 2132 quod
2267 2065 2395 2133 quid
2441 2066 2582 2121 aliud
2615 2084 2777 2138 quam
2805 2081 2889 2126 est
2911 2074 2962 2128 in
2993 2091 3099 2141 me,
3139 2081 3432 2136 secundum
3465 2082 3520 2138 id

1923 2153 2069 2221 quod
2112 2155 2313 2208 veritas
2341 2157 2468 2211 est?
2514 2158 2663 2214 Tunc
2702 2176 2832 2231 ergo
2876 2166 3232 2222 sanetilicavit
3263 2186 3320 2224 se
3351 2172 3404 2224 in
3437 2188 3515 2236 se,

1923 2240 2027 2296 hoc
2048 2251 2152 2302 est,
2191 2243 2464 2299 hominem
2495 2262 2553 2301 se
2589 2249 2640 2302 in
2670 2250 2846 2306 Verbo
2891 2268 2970 2317 se,
3011 2257 3136 2324 quia
3184 2275 3322 2314 unus
3356 2261 3517 2316 Chri-

1920 2337 2058 2396 stus,
2115 2335 2352 2390 Verbum
2399 2345 2455 2391 et
2504 2339 2685 2403 homo,
2729 2344 3078 2401 sanctiﬁcans
3133 2349 3406 2405 hominem
3461 2355 3513 2408 in

1920 2423 2122 2490 Verbo,
2152 2435 2374 2496 propter
2397 2443 2526 2482 vero
2553 2446 2646 2484 sua
2699 2434 2958 2500 membra,
2991 2446 3038 2490 et
3067 2455 3162 2507 pro
3191 2441 3282 2500 cis,
3319 2442 3512 2510 inquit,

1917 2530 2035 2581 eqo,
2069 2517 2122 2571 id
2148 2525 2249 2580 est,
2273 2519 2415 2586 quod
2447 2520 2624 2588 prosit
2648 2523 2812 2576 etiam
2842 2525 2994 2593 ipsis,
3018 2528 3144 2596 quia
3176 2539 3231 2584 et
3258 2531 3355 2599 ipsi
3387 2542 3516 2587 sunt

1916 2620 2039 2676 ego,
2077 2607 2369 2662 sicutmihi
2403 2609 2627 2678 profuit,
2673 2615 2798 2681 quia
2840 2615 3002 2672 homo
3028 2634 3146 2672 sum
3192 2621 3309 2676 sine
3356 2623 3510 2692 ipsis,

1915 2705 1963 2750 et
1993 2713 2086 2766 ego
2112 2699 2383 2767 sancti/ica
2409 2700 2682 2770 meipsum,
2722 2705 2824 2760 hoc
2861 2715 2963 2772 est,
2993 2708 3137 2777 ipsos
3178 2711 3232 2764 in
3267 2728 3352 2767 me
3389 2724 3511 2768 tan-

1915 2803 2078 2857 quam
2117 2790 2384 2860 meipsum
2413 2794 2694 2849 sanctiﬁco
2718 2811 2836 2866 ego,
2863 2799 3117 2866 quoniam
3147 2801 3198 2855 in
3231 2818 3316 2857 me
3341 2806 3507 2860 etiam

1915 2879 2016 2948 ipsi
2049 2890 2177 2936 sunt
2204 2897 2325 2952 ego,
2357 2891 2418 2938 ut
2446 2884 2556 2939 sint
2584 2894 2632 2939 et
2684 2887 2784 2956 ipsi
2825 2891 3140 2958 sanctiﬁcati
3175 2894 3228 2946 in
3278 2897 3507 2950 veritate.

1914 2970 2053 3038 Quid
2081 2980 2188 3035 est,
2218 2982 2266 3026 et
2288 2973 2428 3043 ipsi?
2447 2975 2549 3029 nis:
2575 2978 3027 3044 quemadmodum
3056 2982 3108 3035 in
3133 2983 3360 3038 veritate
3385 3002 3507 3056 ego,

1915 3060 2059 3133 quod
2081 3077 2202 3116 sum
2222 3077 2341 3131 ego.
2363 3062 2619 3132 Sequitur
2643 3083 2656 3118 :
2681 3067 2804 3121 Non
2824 3085 2919 3138 pro
2939 3071 3020 3123 his
3041 3080 3214 3125 autem
3247 3090 3370 3142 rogo
3391 3085 3510 3129 tan-

1916 3160 2047 3217 tum,
2077 3150 2181 3206 hoc
2216 3161 2318 3216 est,
2350 3169 2450 3224 pro
2476 3154 2754 3224 discipulis
2784 3158 2876 3226 qui
2904 3174 3026 3214 cum
3051 3159 3142 3215 illo
3172 3169 3298 3217 tunc
3327 3175 3504 3228 erant,

1911 3243 2004 3298 sed
2023 3251 2072 3296 et
2089 3259 2187 3312 pro
2210 3243 2308 3310 eis,
2331 3243 2526 3313 inquit,
2548 3247 2637 3314 qui
2659 3247 2910 3302 credituri
2931 3259 3052 3303 sunt
3075 3267 3168 3320 per
3198 3250 3419 3306 Verbum
3451 3256 3505 3308 in

1912 3348 2013 3387 me.
2048 3334 2150 3390 Ubi
2179 3351 2370 3390 omnes
2409 3350 2537 3390 suos
2563 3337 2787 3408 intelligi
2833 3339 3024 3404 voluit,
3063 3357 3169 3395 non
3207 3343 3377 3397 solum
3411 3347 3504 3414 qui

1913 3433 2043 3480 tunc
2067 3433 2226 3480 erant
2255 3426 2308 3480 in
2335 3442 2522 3491 carne,
2549 3427 2644 3482 sed
2687 3429 2850 3482 etiam
2887 3429 2980 3498 qui
3023 3429 3188 3486 futuri
3215 3441 3368 3486 erant
3409 3448 3506 3503 per

1909 3513 2136 3568 verbum
2166 3515 2534 3584 apostolorum
2577 3516 2632 3570 in
2655 3532 2778 3572 eum
2805 3519 2923 3573 sine
2965 3519 3130 3574 dubio
3155 3521 3322 3586 credi,
3349 3534 3507 3592 quot-

1909 3611 2041 3675 quot
2071 3614 2257 3674 postea
2308 3605 2676 3672 crediderunt,
2707 3616 2762 3662 et
2803 3609 2975 3664 donec
3016 3611 3196 3666 veniat
3243 3614 3504 3670 credituri

1907 3705 2054 3752 sunt.
2085 3697 2238 3764 Quod
2258 3713 2390 3753 vero
2418 3697 2586 3753 dicit:
2625 3698 2694 3752 Et
2719 3716 2813 3770 ego
2847 3701 3142 3757 claritatem
3165 3721 3322 3774 quam
3351 3706 3501 3759 dedi-

1905 3787 1974 3842 sti
1994 3787 2122 3841 mihi
2149 3788 2271 3842 dedi
2297 3790 2404 3852 eis;
2430 3805 2596 3859 quam
2622 3789 2967 3845 claritatem?
2992 3793 3094 3847 nisi
3126 3794 3504 3850 immortalita-

1907 3889 2015 3935 tem
2045 3896 2210 3951 quam
2255 3889 2448 3936 natura
2480 3882 2717 3936 humana
2763 3883 2816 3936 in
2866 3883 2955 3938 illo
2983 3884 3162 3939 fuerat
3187 3897 3496 3956 acceptura,

1903 3985 2030 4024 nam
2062 3987 2161 4024 nec
2197 3971 2312 4039 ipse
2347 3971 2526 4025 adhuc
2554 3980 2841 4042 acceperat
2885 3989 3029 4038 eam,
3073 3977 3167 4030 sed
3198 3993 3347 4032 more
3395 3992 3494 4032 suo

1901 4071 2124 4132 propter
2173 4063 2633 4118 immortalitatem
2686 4065 3175 4133 praedestinationis
3229 4070 3494 4137 pnetcriti

1903 4154 2160 4222 temporis
2182 4154 2350 4208 verbo
2377 4146 2559 4208 futura
2584 4154 2873 4223 signiﬁcat.

1971 4265 2038 4319 Et
2059 4263 2290 4318 dilexisti
2315 4279 2402 4316 eos
2436 4264 2571 4317 sicut
2615 4271 2663 4316 et
2702 4280 2783 4316 me
2810 4264 3062 4328 dilexisti,
3108 4273 3213 4318 etc.
3255 4265 3310 4318 In
3356 4265 3495 4322 Filio

1898 4357 2094 4427 quippe
2147 4370 2246 4410 nos
2293 4353 2457 4406 Pater
2493 4353 2686 4423 diligit,
2736 4353 2861 4420 quia
2899 4353 2952 4405 in
3013 4353 3128 4421 ipso
3185 4369 3286 4408 nos
3331 4355 3492 4424 elegit

204 4440 570 4509 apistolorum
599 4442 745 4498 solus
772 4445 951 4513 periit.
983 4444 1136 4512 Quod
1177 4461 1308 4501 vero
1352 4448 1603 4517 sequitur
1637 4461 1651 4500 :
1695 4447 1794 4501 Tui
1819 4460 1871 4519 ι)
1898 4456 2022 4500 ante
2054 4446 2240 4500 mundi
2270 4444 2731 4499 constitutionem.
2776 4443 2880 4509 Qui
2923 4443 3068 4497 enim
3103 4444 3277 4513 diligit
3305 4446 3492 4513 unige-

201 4542 372 4595 erant,
403 4542 452 4586 et
476 4534 601 4587 mihi
621 4551 706 4588 eos
732 4534 943 4600 dedisti,
972 4537 1244 4592 hominem
1275 4553 1334 4594 se
1357 4540 1631 4608 accepisse
1651 4539 1792 4594 hanc

201 4634 548 4694 potestatem,
579 4634 638 4680 ut
680 4641 774 4681 eos
817 4629 1041 4684 haberet
1082 4629 1340 4696 ostendit,
1395 4631 1650 4700 quoniam
1698 4632 1789 4703 qui

201 4729 416 4785 semper
459 4716 798 4789 omnipotens
844 4718 963 4782 fuit,
1016 4735 1123 4773 non
1182 4736 1399 4790 semper
1444 4722 1606 4776 homo
1665 4720 1786 4775 fuit.

199 4802 561 4870 Quamobrem
628 4806 775 4861 Patri
835 4809 1014 4878 potius
1086 4811 1251 4866 tribui
1291 4797 1538 4877 videtur,
1599 4820 1661 4866 ut
1720 4813 1790 4868 ab

202 4891 295 4949 illo
356 4911 450 4951 eos
508 4898 794 4968 acciperet,
831 4901 1086 4970 quoniam
1117 4917 1182 4956 ex
1238 4903 1354 4973 ipso
1392 4911 1494 4969 est,
1531 4903 1790 4973 quidquid

201 4997 306 5053 est,
335 4991 400 5044 de
441 5006 550 5060 quo
575 4999 659 5046 est
694 4993 857 5046 etiam
888 4993 1003 5063 ipse
1030 5011 1044 5060 ;
1079 4995 1181 5051 sibi
1230 5010 1324 5050 eos
1351 4995 1517 5060 dedit,
1549 4996 1653 5050 hoc
1683 5004 1788 5061 est,

199 5096 320 5136 cum
365 5080 526 5137 Patre
570 5081 712 5138 Deus
756 5083 1006 5140 Christus
1055 5085 1260 5140 homini
1309 5084 1546 5140 Christo.
1610 5086 1786 5141 Verba

198 5191 318 5244 quae
348 5177 540 5232 dedisti
569 5177 701 5232 mihi
737 5178 857 5233 dedi
899 5179 1000 5242 eis,
1046 5186 1101 5232 ct
1141 5179 1243 5248 ipsi
1286 5186 1632 5246 acceperunt,
1683 5179 1786 5234 hoc

196 5275 300 5332 est,
330 5268 717 5322 intellexerunt
765 5277 926 5339 atque
977 5276 1265 5324 tenuerunt
1314 5276 1370 5323 et
1413 5277 1785 5338 cognoverunt

196 5373 341 5420 vere,
372 5357 426 5411 id
452 5364 556 5422 est,
587 5356 819 5423 fortiter,
849 5357 1134 5422 stabiliter,
1164 5357 1524 5412 inconcusse:
1556 5373 1660 5410 non
1683 5373 1783 5427 pro

199 5447 400 5502 mundo
422 5461 572 5516 rogo,
596 5447 740 5515 quod
773 5447 924 5511 dicit,
965 5447 1219 5501 mundum
1262 5447 1374 5500 vult
1411 5447 1656 5517 intelligi,
1692 5448 1784 5517 qui

200 5537 389 5592 vivunt
443 5537 738 5592 secundum
782 5537 1274 5608 concupiscentiam
1323 5536 1526 5599 mundi,
1577 5545 1632 5590 et
1680 5553 1786 5591 non

197 5629 406 5684 suntin
431 5642 498 5682 ea
532 5635 676 5682 sorte
715 5629 920 5698 gratim.
958 5627 1110 5694 Quod
1153 5643 1282 5683 vero
1325 5627 1495 5682 dicit:
1526 5625 1646 5680 Non
1673 5644 1788 5682 sum

198 5723 248 5775 in
283 5717 504 5782 mundo,
529 5718 814 5790 ostendens
841 5734 896 5774 se
923 5718 1212 5791 prarsentia
1249 5719 1513 5790 corporali
1539 5716 1652 5786 jam
1681 5721 1788 5776 cito

1898 4537 2070 4591 nitum
2098 4535 2344 4606 profecto
2365 4534 2539 4605 diligit
2575 4542 2629 4588 et
2660 4534 2901 4588 membra
2922 4534 3040 4603 ejus
3073 4549 3192 4602 qum
3213 4535 3490 4603 adoptavit

1897 4627 1949 4682 in
1993 4643 2115 4682 eum
2144 4642 2242 4697 per
2268 4642 2411 4681 eum.
2440 4625 2556 4679 Non
2606 4625 2727 4680 ideo
2773 4639 2932 4693 pares
2975 4640 3161 4680 sumus
3213 4626 3491 4693 unigenito

1899 4720 2056 4786 Filio,
2089 4735 2187 4790 per
2213 4733 2372 4789 quem
2404 4718 2572 4774 creati
2619 4726 2677 4773 et
2705 4717 2932 4772 recreati
2981 4732 3188 4781 sumus,
3233 4719 3358 4788 quia
3403 4719 3487 4773 (11-

1895 4820 2042 4865 ctum
2069 4820 2152 4866 est
2180 4828 2194 4864 :
2228 4809 2472 4864 Dilsxisti
2497 4826 2584 4863 eos
2611 4811 2743 4862 sicut
2769 4817 2817 4862 et
2847 4826 2946 4873 me,
2977 4823 3150 4876 nequc
3175 4808 3319 4864 enim
3346 4824 3489 4863 sem-

1897 4916 1993 4972 per
2020 4900 2384 4970 aequalitatem
2429 4899 2698 4970 signiﬂcat
2727 4899 2820 4967 qui
2847 4899 2999 4963 dicit,
3050 4898 3188 4952 sicut
3231 4898 3384 4963 illud,
3413 4898 3487 4956 ita

1892 5001 1948 5048 et
1978 4993 2126 5057 illud,
2160 4993 2256 5047 sed
2280 4991 2569 5062 aliquando
2599 4998 2828 5054 tantum,
2865 4989 2992 5059 quia
3019 4997 3104 5043 est
3138 4989 3292 5054 illud,
3322 4995 3485 5043 estet

1887 5082 2037 5146 illud,
2070 5089 2164 5135 aut
2185 5081 2311 5150 quia
2340 5091 2425 5136 est
2450 5079 2600 5145 illud,
2633 5088 2690 5134 ut
2719 5081 2790 5134 sit
2813 5088 2869 5134 et
2894 5079 3044 5133 illud.
3077 5077 3255 5142 Pater,
3284 5080 3482 5148 inquit,

1886 5193 2014 5248 quos
2035 5175 2225 5228 dedisti
2250 5175 2398 5237 mihi,
2436 5172 2550 5226 volo
2594 5184 2647 5226 ut
2673 5173 2763 5225 ubi
2801 5189 2894 5242 ego
2923 5188 3039 5225 sum
3065 5179 3112 5223 et
3140 5169 3219 5223 illi
3249 5170 3354 5223 sint
3378 5185 3482 5221 meo

1884 5283 2002 5320 cum
2018 5282 2037 5330 ;
2065 5265 2156 5335 qui
2187 5272 2312 5319 sunt
2337 5263 2427 5317 isti
2453 5278 2591 5332 quos
2619 5263 2691 5316 ait
2719 5277 2748 5316 a
2774 5261 2935 5316 Patre
2961 5261 3118 5316 datos
3142 5259 3282 5314 sibi?
3305 5271 3482 5313 nonne

1883 5357 1958 5411 illi
1988 5356 2055 5410 de
2085 5353 2280 5423 quibus
2307 5351 2413 5406 alio
2442 5353 2562 5406 loco
2589 5353 2723 5407 dicit
2749 5370 2762 5404 :
2796 5351 2966 5404 Nemo
3003 5359 3136 5405 venit
3169 5360 3236 5402 aa
3265 5363 3344 5401 me
3371 5346 3482 5400 nisi

1888 5445 2051 5500 Pater
2073 5445 2164 5516 qui
2194 5444 2330 5498 misit
2359 5459 2440 5496 me
2462 5443 2681 5496 traxerit
2720 5442 2876 5495 eum?
2917 5440 3034 5508 Ipse
3062 5439 3277 5508 quidem
3321 5436 3386 5488 de
3419 5450 3478 5490 se

1887 5536 2043 5600 dixit,
2082 5533 2224 5603 quod
2263 5534 2336 5588 ibi
2361 5532 2474 5601 jam
2502 5541 2668 5598 esset,
2707 5532 2776 5586 de
2822 5531 2978 5586 nobis
3007 5540 3188 5582 autem
3233 5524 3368 5578 velle
3417 5538 3475 5578 se

1888 5627 2038 5686 dixit,
2073 5633 2393 5687 utessemus
2419 5623 2490 5678 ibi
2510 5637 2638 5676 cum
2657 5622 2779 5686 illo;
2807 5635 2912 5675 non
2943 5618 3194 5682 inaniter,
3225 5613 3321 5668 sed
3345 5612 3476 5667 (ideo

1893 5713 2142 5783 litcrjam
2167 5715 2384 5784 deputat
2414 5712 2635 5774 factum,
2667 5712 2808 5782 quod
2839 5709 3077 5763 futurum
3106 5719 3227 5761 esse
3249 5717 3355 5758 non
3379 5701 3473 5758 du-
