3978 6414
497 309 606 366 229

1783 283 2134 344 SMARAGDI
2176 283 2470 342 ABBATIS

3669 286 3782 345 ΞΟ

497 426 656 480 bitat.
689 417 805 474 Non
831 415 880 472 ei
909 413 1040 469 satis
1065 409 1165 465 fuit
1194 409 1375 464 dicere
1405 424 1420 464 :
1466 402 1593 461 Volo
1620 413 1676 460 ut
1717 404 1804 459 ttbt
1847 419 1940 474 ego
1965 415 2080 456 sum
2110 402 2160 462 Α
2185 399 2300 469 ejus
2332 395 2630 452 Ecclesiam
2660 410 2760 468 per
2783 401 3018 466 quatuor
3051 405 3232 465 partes
3266 393 3452 450 mundi
3480 390 3775 465 Musam“;

501 533 547 573 si
573 515 672 586 ipsi
693 514 818 575 sint,
858 508 951 563 sed
981 503 1208 567 addidit,
1239 517 1438 556 mecum
1463 513 1482 553 :
1505 512 1626 554 esse
1663 497 1808 553 enim
1843 510 1966 550 cum
1993 494 2087 549 illo

503 619 756 677 magnum
789 613 986 656 nonum
1014 605 1120 660 est,
1146 603 1202 649 et
1228 593 1416 648 miseri
1442 597 1670 661 possunt
1705 603 1846 652 esse,
1876 587 1967 642 ubi
2003 592 2089 641 est

501 698 610 761 ille,
655 693 910 765 quoniam
952 688 1260 759 quicunque
1304 685 1614 753 ubicunque
1665 678 1866 734 fuerint
1910 685 1994 733 est
2032 685 2088 732 et

501 786 610 840 ille.
646 783 752 838 Sed
780 779 923 835 beati
946 777 1045 832 soli
1069 784 1194 830 sunt
1221 789 1344 828 cum
1370 770 1479 835 illo,
1511 770 1637 840 quia
1658 767 1803 824 beati
1833 781 1954 822 esse
1978 781 2087 820 non

499 880 754 946 poterunt
779 870 884 926 nisi
905 883 972 923 ex
1008 866 1117 921 illo.
1157 863 1309 932 Quod
1340 876 1468 915 vero
1497 858 1761 930 adjunxit,
1793 867 1849 911 ut
1877 856 2088 910 uideant

500 966 793 1021 claritatem
825 973 992 1013 meum
1017 971 1170 1028 quam
1198 952 1388 1007 dedisti
1409 949 1558 1015 mihi,
1587 950 1711 1020 quia
1737 947 1969 1002 dilexisti
2003 962 2088 1001 me

498 1069 621 1111 an'e
659 1053 1079 1110 constitutionem
1125 1047 1328 1112 mundi,
1357 1053 1417 1099 ut
1463 1043 1681 1097 videant
1707 1040 1864 1105 dixit,
1892 1055 2000 1094 non
2028 1046 2088 1093 ut

498 1151 744 1212 credant,
781 1145 900 1200 ﬁdei
937 1157 1146 1197 merces
1171 1147 1257 1194 est
1286 1139 1407 1201 ista,
1453 1150 1558 1190 non
1591 1134 1738 1194 ﬁdes,
1779 1147 1939 1201 quam
1971 1131 2086 1186 ela-

501 1244 719 1298 ritatem
747 1238 979 1302 Domini,
1009 1235 1110 1289 nisi
1139 1234 1281 1287 illam
1311 1246 1416 1300 qua
1443 1229 1584 1282 Deus
1630 1227 1747 1281 est?
1781 1224 1932 1279 Beati
1949 1223 2087 1277 enim

501 1330 696 1385 mundo
721 1328 897 1392 corde,
921 1325 1170 1397 quoniam
1190 1321 1291 1391 ipsi
1309 1319 1477 1372 Deum
1504 1315 1744 1371 videbunt
1768 1313 1984 1385 (Matth.
2007 1312 2084 1383 v).

500 1420 918 1494 Cognoscendus
943 1424 1031 1472 est
1057 1430 1087 1469 a
1117 1412 1334 1469 mundis
1375 1413 1560 1476 corde,
1588 1407 1734 1463 solus
1757 1420 1920 1459 verus
1947 1404 2089 1458 Deus

499 1527 622 1568 cum
644 1510 805 1565 Patre
829 1518 887 1564 et
909 1514 1098 1563 sancto
1126 1503 1330 1574 Spiritu
1357 1501 1542 1563 Filius,
1577 1499 1702 1568 quia
1740 1497 1980 1552 Trinitas
2006 1503 2088 1550 est

499 1605 647 1660 solus
684 1613 846 1657 verus
879 1599 1023 1655 Deus
1054 1616 1066 1652 :
1100 1597 1169 1650 Et
1195 1605 1374 1650 notum
1417 1593 1518 1661 feci
1545 1592 1643 1655 eis,
1673 1591 1868 1659 inquit,
1901 1605 2088 1642 nomen

498 1711 667 1764 tuum,
695 1706 741 1751 et
771 1704 946 1750 notum
975 1685 1334 1764 faciam,'hoc
1373 1695 1476 1752 est,
1511 1693 1696 1740 notum
1742 1683 1841 1737 feci
1895 1698 1990 1752 per
2026 1681 2088 1735 ﬁ-

2189 491 2366 546 tunica
2404 504 2534 544 vero
2562 489 2652 544 illa
2678 489 2869 544 sortita
2904 495 2960 543 et
3003 501 3110 541 non
3143 486 3336 551 divisa,
3366 488 3610 542 omnium
3639 490 3778 545 ista-

2188 598 2308 638 rum
2339 581 2572 653 partium
2620 580 2959 652 signiﬁcabat
2999 579 3286 644 unitatem,
3329 594 3450 648 quae
3491 580 3779 638 charitatis

2186 673 2402 728 vinculo
2445 673 2773 728 continetur.
2820 671 2878 726 ln
2925 680 3072 726 sorte
3116 680 3297 726 autem
3346 670 3476 740 quid
3527 673 3632 727 nisr
3678 674 3777 729 Dei

2187 764 2358 835 gratia
2385 763 2760 818 commendata
2795 761 2911 817 est?
2937 760 3074 828 Quid
3103 762 3248 818 enim
3276 763 3343 818 de
3369 764 3480 833 ipsa
3511 779 3673 819 cruce
3693 764 3779 819 di-

2188 857 2325 912 cturi
2353 857 2578 912 sumus?
2606 855 2774 910 Recte
2803 855 2854 908 in
2890 869 2954 909 ea
2991 854 3328 926 intelligitur,
3358 857 3503 926 quod
3529 857 3608 912 ait
3635 857 3780 927 Apo-

2188 949 2395 1005 stolus:
2431 947 2564 1014 Qua:
2596 949 2665 1002 sit
2702 947 2948 1012 latitudo,
2990 957 3039 1000 et
3064 946 3356 1017 longitudo,
3384 957 3433 1002 et
3455 948 3702 1012 altitudo,
3729 956 3778 1001 et

2185 1039 2528 1110 profundum.
2554 1039 2683 1093 Lata
2713 1047 2795 1094 est
2818 1040 3012 1109 quippe
3052 1039 3106 1093 in
3136 1047 3448 1096 transverso
3471 1040 3639 1112 ligno,
3669 1055 3778 1112 quo

2188 1131 2551 1185 extenduntur
2563 1130 2846 1200 pendentis
2866 1145 3081 1194 manus,
3095 1137 3150 1186 et
3171 1129 3440 1201 signiﬁcat
3451 1113 3613 1202 opera
3633 1131 3776 1186 bona

2188 1223 2243 1276 in
2268 1223 2552 1277 latitudine
2575 1223 2878 1278 charitatis.
2909 1223 3094 1292 Longa
3116 1231 3200 1278 est
3228 1239 3258 1278 a
3290 1231 3602 1280 transverso
3631 1225 3777 1296 ligno

2188 1331 2359 1385 usque
2385 1315 2450 1369 ad
2490 1324 2712 1381 terram,
2756 1316 2848 1371 ubi
2887 1315 3105 1372 dorsum
3134 1316 3408 1386 pedesque
3437 1316 3695 1387 ﬁguntur,
3722 1325 3780 1370 et

2189 1405 2453 1476 signiﬁcat
2498 1406 2993 1474 perseverantiam,
3042 1407 3096 1461 in
3139 1406 3477 1477 longitudine
3518 1407 3781 1476 temporis

2188 1510 2358 1564 usque
2384 1495 2438 1550 in
2468 1495 2652 1550 ﬁnem.
2684 1495 2807 1550 Alta
2832 1503 2916 1551 est
2947 1496 3000 1550 in
3030 1495 3330 1560 cacumine,
3363 1511 3472 1566 quo
3501 1503 3780 1551 transvero

2187 1602 2306 1642 sum
2341 1586 2545 1655 lignum
2584 1601 2798 1641 sursum
2823 1602 3010 1643 versus
3039 1587 3274 1653 excedit,
3307 1595 3362 1642 et
3391 1587 3662 1658 signiﬁcat
3684 1603 3777 1642 su-

2186 1692 2412 1747 pernum
2435 1675 2619 1743 ﬁnem,
2643 1693 2750 1748 quo
2767 1687 2963 1732 cuncta
2982 1693 3144 1748 opera
3170 1678 3498 1744 referuntur,
3519 1679 3781 1750 quoniam

497 1791 638 1853 dem,
673 1797 857 1842 notum
900 1783 1094 1839 faciam
1141 1796 1238 1852 per
1281 1779 1536 1849 speciem,
1587 1784 1772 1831 notum
1815 1773 1917 1829 feci
1960 1790 2082 1828 cum
2113 1764 2159 1822 B
2187 1779 2380 1824 cuncta
2401 1785 2521 1838 quae
2541 1770 2823 1825 latitudine
2848 1779 2902 1826 ct
2927 1771 3256 1842 longitudine
3282 1772 3418 1828 bene
3441 1787 3506 1826 ac
3525 1786 3782 1842 perseve-

497 1883 600 1939 ﬁde
627 1879 1117 1952 peregrinantibus,
1144 1885 1332 1930 notum
1354 1873 1547 1928 faciant
1577 1873 1694 1926 sine
1725 1871 1831 1924 ﬁne
1856 1885 2088 1940 regnan-

497 1974 642 2028 tibus
675 1991 688 2026 :
724 1969 790 2024 Ut
819 1968 1049 2032 dilectio,
1081 1965 1271 2034 inquit,
1307 1980 1412 2034 qua
1455 1961 1688 2016 dilexisti
1734 1977 1834 2022 me,
1866 1959 1920 2012 in
1958 1959 2088 2029 ipsis

495 2063 588 2126 sit,
615 2070 660 2115 et
693 2077 785 2130 ego
810 2060 865 2112 in
895 2058 1042 2128 ipsis.
1086 2052 1366 2122 Quomodo
1399 2067 1531 2122 ergo
1573 2050 1812 2115 dilectio,
1858 2065 1964 2118 qna
2007 2049 2088 2102 di-

498 2155 632 2210 lexit
660 2154 820 2208 Pater
844 2151 1058 2215 Filium,
1088 2159 1171 2204 est
1192 2159 1246 2205 et
1268 2151 1320 2203 in
1352 2148 1528 2213 nobis,
1556 2147 1658 2201 nisi
1689 2145 1813 2216 quia
1845 2146 2088 2200 membra

498 2247 616 2317 ejus
641 2244 864 2300 sumus?
905 2251 960 2298 et
989 2243 1041 2296 in
1072 2242 1161 2296 illo
1202 2241 1493 2312 diligimur,
1535 2255 1658 2294 cum
1702 2239 1818 2308 ipse
1846 2237 2089 2308 diligitur

499 2345 662 2398 totus,
707 2335 758 2387 id
788 2341 889 2398 est,
934 2341 1096 2402 caput
1150 2340 1204 2387 ct
1247 2346 1460 2400 corpus.
1510 2329 1635 2384 Ideo
1665 2327 1982 2397 subjunxit:
2016 2328 2088 2382 Et

499 2441 590 2493 ego
633 2425 688 2477 in
724 2423 872 2493 ipsis,
905 2430 1158 2491 tanquam
1202 2421 1426 2485 diceret,
1476 2419 1729 2490 quoniam
1758 2433 1860 2486 ego
1889 2433 2008 2473 sum
2033 2425 2088 2474 et

498 2514 619 2583 ipsi.
648 2513 818 2568 Aliter
837 2512 981 2567 enim
1004 2513 1160 2567 estin
1192 2512 1346 2566 nobis
1377 2517 1631 2580 tanquam
1655 2510 1711 2563 in
1738 2509 1940 2578 templo
1965 2523 2082 2565 suo.

496 2604 668 2658 Aliter
691 2601 1022 2671 autem'quia
1049 2608 1104 2655 et
1130 2616 1228 2655 nos
1267 2601 1379 2670 ipse
1409 2613 1615 2663 sumus,
1645 2612 1766 2651 cum
1791 2597 2086 2652 secundum

501 2693 554 2746 id
581 2693 746 2762 quod,
795 2700 854 2747 ut
891 2699 1056 2761 caput
1084 2697 1327 2744 nostrum
1375 2695 1540 2753 esset,
1572 2688 1732 2742 homo
1771 2686 1946 2742 factus
1976 2694 2082 2754 est,

498 2799 698 2853 corpus
723 2782 838 2852 ejus
863 2797 1069 2837 sumus.

569 2873 676 2929 Sed
707 2875 817 2927 lure
853 2880 971 2926 cum
1006 2873 1222 2927 dixisset
1264 2870 1444 2936 Iesus,
1485 2885 1720 2942 egressus
1755 2878 1832 2926 est
1859 2885 1979 2925 cum
2003 2869 2086 2924 di-

390 2953 394 2956 ’
493 2963 708 3034 scipulis
733 2971 878 3018 trans
906 2972 1186 3017 torrentem
1211 2961 1439 3027 Cedron,
1481 2977 1651 3032 usque
1693 2961 1761 3016 ad
1791 2961 1921 3016 illud
1950 2979 1963 3015 :
1995 2960 2086 3017 Si-

494 3071 617 3109 mon
654 3071 775 3126 ergo
815 3053 1006 3108 Petrus
1037 3054 1232 3108 habens
1257 3052 1516 3125 gladium,
1553 3052 1733 3108 eduxit
1762 3068 1880 3107 eum
1901 3062 1951 3107 et
1968 3068 2085 3123 per-

494 3147 659 3208 cussit
696 3147 947 3217 principis
987 3162 1222 3212 servum,
1271 3155 1319 3200 et
1362 3145 1584 3200 abscidit
1627 3146 1925 3200 auriculam
1965 3146 2083 3216 ejus

492 3240 751 3294 dextram.
797 3239 927 3294 Erat
951 3249 1125 3294 autem
1155 3256 1341 3294 nomen
1367 3241 1504 3294 servi
1530 3239 1794 3294 Male/tus.
1841 3239 2082 3297 Malchus

492 3338 676 3383 autem
704 3329 1089 3398 interpretatur
1117 3337 1456 3400 regnaturus.
1483 3328 1622 3395 Quid
1659 3344 1790 3400 ergo
1818 3331 1962 3385 auris
1983 3346 2083 3402 pro

497 3417 723 3472 Domino
773 3427 1048 3487 amputata
1099 3427 1153 3474 et
1197 3435 1228 3473 a
1270 3419 1498 3474 Domino
1555 3429 1745 3474 sanata
1791 3421 2079 3492 signiﬁcat,

495 3509 598 3563 nisi
624 3510 863 3564 auditum
897 3518 1173 3578 amputata
1213 3517 1482 3566 vetustate
1522 3513 1882 3566 renovatum?
1911 3521 1970 3568 ut
2014 3515 2084 3569 sit

495 3598 550 3652 in
580 3599 816 3652 novitate
838 3597 1081 3668 spiritus,
1111 3606 1166 3654 et
1193 3614 1300 3654 non
1326 3601 1380 3654 in
1406 3607 1674 3656 vetustate
1694 3601 1904 3657 litteris.
1931 3603 2084 3670 Quod

495 3688 582 3743 cui
614 3688 912 3758 praestitum
938 3687 1102 3743 fuerit
1128 3705 1156 3743 a
1187 3689 1422 3757 Christo,
1451 3693 1572 3762 quis
1599 3692 1806 3749 dubitet
1833 3703 2085 3765 regnatu-

493 3793 614 3832 rum
650 3791 770 3831 esse
793 3793 917 3832 cum
942 3777 1196 3834 Christo?
1224 3779 1374 3846 Quod
1406 3789 1586 3838 autem
1618 3799 1806 3840 servus
1834 3786 2083 3842 iuventus

497 3875 598 3931 est,
626 3875 680 3921 et
709 3868 810 3922 hoc
838 3867 903 3922 ad
933 3868 1075 3922 illam
1100 3871 1334 3939 pertinet
1357 3879 1707 3938 vetustatem,
1732 3889 1852 3944 qua:
1887 3877 1939 3930 in
1970 3891 2082 3932 ser.

498 3958 720 4010 vitutem
751 3966 994 4027 generat,
1023 3975 1141 4027 qua:
1169 3969 1249 4014 est
1284 3961 1430 4026 Agar
1449 4003 1462 4026 ,
1507 3963 1600 4017 sed
1627 3979 1750 4018 cum
1791 3968 2086 4024 accesserit

496 4047 698 4100 sanitas
736 4047 960 4116 ﬁgurata
986 4057 1066 4102 est
1097 4059 1149 4103 et
1173 4051 1414 4106 libertas.

566 4139 702 4205 Quid
734 4148 814 4194 est
843 4141 983 4218 quod
1029 4142 1106 4194 ait
1143 4141 1300 4198 Jesus
1329 4162 1340 4197 :
1376 4143 1608 4215 Regnum
1645 4161 1820 4200 meum
1863 4163 1969 4203 non
2005 4157 2084 4204 est

489 4230 558 4284 de
591 4231 688 4284 hoc
727 4231 964 4285 mundo?
993 4231 1089 4287 Hic
1135 4241 1217 4288 est
1243 4235 1389 4290 enim
1419 4251 1644 4307 regnum
1672 4238 1791 4308 ejus
1821 4253 1993 4309 usque
2028 4241 2085 4296 in

490 4326 654 4378 linem
675 4322 874 4388 saeculi,
897 4323 991 4377 sed
1011 4332 1189 4379 tamen
1215 4341 1320 4380 non
1351 4335 1432 4380 est
1458 4328 1602 4393 hinc,
1622 4330 1747 4398 quia
1771 4331 2085 4401 peregrina-

489 4421 582 4473 .tur
605 4412 656 4465 in
670 4412 891 4467 mundo.
917 4413 1104 4484 Begno
1131 4431 1228 4470 suo
1255 4417 1452 4485 quippe
1478 4417 1640 4472 dixit:
1665 4419 1733 4472 de
1760 4421 1959 4474 mundo
1972 4436 2078 4476 non

487 4503 646 4569 estis,
688 4504 783 4559 sed
811 4520 911 4575 ego
949 4505 1018 4559 de
1058 4506 1258 4560 mundo
1295 4521 1392 4560 vos
1419 4506 1576 4577 elegi.
1626 4507 1796 4562 Erant
1837 4522 1966 4579 ergo
2013 4511 2080 4566 de

487 4598 724 4660 mundo,
771 4597 986 4666 quando
1044 4611 1268 4666 regnum
1311 4594 1429 4664 ejus
1478 4611 1586 4651 non
1635 4606 1815 4665 erant,
1866 4601 1960 4655 sed
2012 4602 2081 4656 ad

489 4685 677 4739 {mundi
708 4685 1005 4755 principem
1052 4685 1413 4752 pertinebant.
1462 4684 1569 4740 Sed
1611 4687 1755 4742 Deus
1802 4703 1901 4742 nos
1942 4691 2086 4745 eruit

484 4777 558 4830 de
601 4783 866 4844 potestate
914 4775 1280 4838 tenebrarum,
1328 4782 1383 4827 et
1429 4775 1706 4830 transtulit
1750 4777 1804 4830 in
1852 4793 2079 4849 regnum

491 4869 612 4929 Filii
641 4868 903 4922 claritatis
920 4880 1051 4930 sum,
1068 4867 1135 4920 de
1147 4881 1252 4935 quo
1273 4880 1438 4936 regno
1453 4866 1612 4922 dicit:
1644 4867 1880 4939 Regnum
1906 4887 2079 4926 meum

485 4975 597 5020 non
623 4967 697 5011 est
720 4959 784 5011 de
812 4956 909 5010 hoc
937 4956 1154 5009 mundo.

563 5049 702 5114 Quid
730 5055 812 5101 est
839 5061 970 5116 ergo
998 5047 1142 5116 quod
1169 5046 1378 5101 Marcus
1405 5049 1728 5120 evangelista
1773 5052 1902 5107 dicit
1930 5070 1942 5108 :
1973 5053 2077 5108 Do-

489 5141 692 5202 minum
719 5137 1031 5205 cruciﬁxum
1068 5138 1198 5190 hora
1238 5139 1410 5202 tertia,
1456 5138 1688 5196 Jommes
1728 5153 1899 5198 autem
1926 5147 2077 5215 quasi

488 5231 622 5291 liora
646 5238 813 5296 sexta,
843 5227 947 5284 nisi
974 5228 1095 5302 quia
1117 5230 1248 5283 hora
1281 5231 1437 5284 tertia
1463 5233 1753 5289 cruciﬁxus
1781 5243 1866 5290 est
1888 5235 2073 5290 Domi-

492 5333 596 5381 nus
640 5317 836 5388 linguis
873 5315 1198 5386 Judzeorum,
1249 5321 1380 5376 hora
1435 5331 1585 5378 sexta
1641 5340 1768 5380 vero
1827 5327 2076 5383 manibus

493 5407 767 5472 militum?

562 5498 624 5559 lt!
650 5515 716 5555 eo
741 5515 870 5556 vero
898 5499 1041 5570 quod
1067 5503 1197 5557 dicit
1234 5521 1247 5557 :
1289 5504 1606 5576 Acceperunt
1633 5509 1932 5562 vestimenta
1963 5509 2075 5577 ejus

490 5599 542 5653 et
587 5590 818 5660 fecerunt
858 5601 1092 5663 quatuor
1135 5603 1328 5663 partes.
1357 5594 1760 5664 Quadripertita
1785 5597 1950 5652 vestis
1973 5599 2076 5652 Do-

495 5681 624 5744 mini
673 5684 842 5738 nostri
883 5683 1008 5742 Jesu
1056 5684 1252 5743 Christi
1312 5688 1759 5757 quadripartitatn
1811 5687 2074 5756 ﬁgurabat

2189 1867 2374 1912 ranter
2400 1859 2554 1922 ﬁunt,
2586 1869 2808 1929 propter
2829 1859 3166 1915 altitudinem
3191 1859 3498 1915 divinorum
3526 1857 3780 1914 facienda

2187 1963 2312 2002 sunt
2336 1949 2702 2017 praemiorum.
2733 1948 3004 2005 Profunda
3050 1957 3136 2005 est
3177 1950 3232 2004 in
3269 1965 3332 2006 ea
3360 1959 3518 2021 parte
3557 1965 3681 2020 quae
3723 1951 3780 2004 in

2187 2050 2333 2096 terra
2363 2041 2567 2113 ﬁgitur,
2613 2042 2685 2096 ibi
2726 2042 2922 2112 quippe
2960 2050 3015 2097 et
3045 2042 3257 2098 occulta
3301 2051 3418 2105 est,
3460 2057 3562 2097 nec
3603 2042 3782 2097 videri

2185 2139 2382 2202 potest,
2410 2131 2504 2186 sed
2528 2143 2723 2186 cuncta
2752 2131 2869 2202 ejus
2890 2133 3204 2203 apparentia
3238 2139 3292 2186 et
3334 2132 3629 2188 eminentia
3655 2134 3783 2189 inde

2187 2231 2540 2292 consurgunt,
2575 2224 2653 2280 sic
2681 2233 2737 2280 et
2763 2227 2900 2280 bona
2946 2235 3130 2281 nostra
3164 2227 3230 2282 de
3265 2225 3635 2297 profunditate
3659 2243 3782 2298 gra-

2189 2314 2276 2368 tia:
2301 2314 2415 2380 Dei,
2443 2329 2566 2385 quae
2591 2315 2976 2386 comprehendi
2999 2331 3063 2371 ac
3089 2316 3372 2388 dijudicari
3392 2330 3500 2371 non
3527 2325 3781 2388 possunt,

2186 2406 2440 2461 universa
2469 2408 2787 2477 procedunt.

2257 2536 2388 2594 Cum
2410 2538 2621 2594 vidisset
2639 2556 2761 2611 ergo
2789 2539 2949 2597 Iesus
2974 2548 3194 2596 matrem
3219 2550 3268 2597 et
3289 2541 3608 2613 discipulum
3629 2552 3782 2599 stan-

2186 2641 2310 2698 tem,
2335 2640 2439 2688 etc.
2474 2631 2602 2688 H180
2648 2632 2904 2689 nimirum
2948 2643 3032 2690 est
3078 2635 3167 2690 illa
3197 2636 3330 2692 hora
3369 2637 3437 2693 de
3478 2654 3587 2709 qua
3617 2637 3780 2694 Iesus

2186 2741 2383 2797 aquam
2406 2741 2768 2785 conversurus
2790 2729 2844 2784 in
2877 2730 3082 2796 vinum,
3109 2732 3317 2789 dixerat
3362 2735 3522 2789 matri
3572 2753 3584 2788 :
3634 2735 3777 2802 Quid

2186 2817 2319 2872 mihi
2353 2824 2409 2873 et
2437 2818 2532 2874 tibi
2566 2827 2670 2886 est,
2718 2819 2950 2875 mulier?
2989 2823 3228 2877 nondum
3272 2825 3419 2878 venit
3463 2825 3596 2879 hora
3629 2841 3773 2880 mea.

2188 2906 2280 2963 Sic
2307 2923 2436 2979 ergo
2462 2917 2690 2964 matrem
2738 2911 2978 2982 magistri
3019 2921 3075 2968 et
3117 2913 3327 2968 Domini
3360 2915 3443 2969 sui
3479 2915 3777 2986 discipulus

2187 3007 2243 3054 et
2266 2999 2502 3056 famulus
2526 3003 2736 3071 accepit
2772 3003 2826 3057 in
2856 3019 2972 3068 sua,
3006 3013 3063 3058 ut
3089 3007 3304 3075 quando
3347 3007 3778 3063 distribuebatur

2111 3110 2155 3174 ο
2187 3092 2479 3163 unicuique
2502 3103 2665 3163 prout
2691 3095 2978 3166 unicuique
3007 3113 3145 3168 opus
3185 3107 3320 3154 erat.
3365 3099 3777 3171 intelligendum

2185 3189 2270 3236 est
2292 3181 2372 3237 sic
2396 3182 2742 3238 distributum
2781 3183 2949 3241 fuisse
2993 3186 3121 3244 huic
3165 3188 3427 3258 discipulo
3456 3190 3600 3260 quod
3640 3206 3779 3261 opus

2182 3281 2322 3338 erat,
2371 3281 2432 3328 ut
2479 3273 2589 3330 illic
2630 3275 2794 3331 etiam
2841 3277 3013 3334 beata:
3057 3278 3238 3334 Maria
3275 3287 3535 3350 tanquam
3582 3284 3780 3338 matris

2182 3363 2299 3434 ejus
2333 3366 2511 3436 portio
2531 3376 2848 3438 poneretur,
2871 3376 2927 3425 et
2956 3370 3022 3425 ad
3050 3369 3165 3439 ejus
3194 3372 3698 3437 curam,.quidquid
3726 3374 3778 3428 ei

2182 3466 2328 3512 esset
2356 3459 2723 3514 necessarium
2747 3461 3063 3531 pertineret.

2253 3589 2392 3656 Quid
2438 3591 2540 3647 sibi
2580 3592 2698 3647 vult
2739 3593 2876 3660 hoc,
2921 3595 3067 3664 quod
3118 3605 3354 3663 acetum,
3396 3607 3537 3655 etc.t
3601 3599 3778 3656 Judazi

2183 3683 2380 3752 quippe
2404 3683 2522 3753 ipsi
2559 3692 2715 3739 erant
2737 3693 2973 3753 acetum,
3019 3687 3408 3759 degenerantes
3444 3706 3476 3744 a
3505 3692 3632 3747 vino
3678 3709 3776 3764 pa-

2183 3773 2548 3830 triarcharum
2575 3784 2630 3832 et
2655 3779 3064 3847 prophetarum,
3113 3790 3168 3836 et
3206 3789 3461 3853 tanquam
3503 3783 3571 3840 de
3611 3786 3775 3856 pleno

2182 3880 2312 3921 vase
2338 3867 2405 3920 de
2437 3867 2722 3936 iniquitate
2754 3871 2938 3924 mundi
2969 3871 3127 3940 hujus
3151 3873 3429 3944 impletum
3455 3891 3550 3932 cor
3572 3878 3777 3934 haben-

2183 3963 2288 4021 tes,
2329 3959 2482 4026 quasi
2526 3962 2750 4032 spongia
2798 3965 3112 4019 cavernosis
3148 3967 3562 4035 quodammodo,
3611 3981 3777 4042 atque

2187 4053 2443 4107 tortuosis
2469 4052 2708 4110 latibulis
2735 4054 3154 4112 fraudulentum.
3173 4059 3447 4130 llyssopus
3472 4072 3656 4137 autem
3685 4067 3776 4120 cui

2181 4143 2686 4215 circumposuerunt
2731 4150 3008 4221 spongiam
3041 4161 3196 4206 aceto
3238 4154 3472 4223 plenam,
3513 4159 3774 4227 quoniam

2182 4235 2350 4290 herba
2380 4244 2464 4292 est
2492 4239 2731 4305 humilis,
2763 4242 2857 4296 sed
2885 4252 3073 4310 pectus
3116 4253 3328 4315 purgat,
3363 4246 3532 4316 ipsius
3569 4248 3774 4304 Christi

2183 4325 2546 4383 humilitatem
2586 4329 2880 4400 signiﬁcat,
2909 4346 3070 4401 quam
3105 4334 3584 4391 circumdederunt
3616 4346 3670 4391 et
3714 4355 3774 4394 se

2183 4415 2601 4472 circnmvenisse
2646 4426 2988 4488 putaverunt.
3021 4421 3173 4478 Unde
3219 4425 3475 4494 scriptum
3504 4436 3587 4481 est
3620 4445 3634 4480 :
3668 4430 3772 4482 As-

2181 4519 2359 4574 perges
2383 4521 2464 4560 me
2483 4507 2725 4579 Ityssopo,
2754 4520 2803 4564 et
2825 4511 3137 4578 mundabor,
3179 4511 3379 4570 Christi
3407 4531 3642 4588 namque
3672 4520 3772 4574 hu-

2184 4595 2410 4652 utilitate
2453 4601 2792 4656 inundamur.
2835 4603 2939 4658 Per
2975 4606 3293 4662 arundinem
3317 4624 3447 4664 vero
3476 4609 3773 4681 Scriptura:

2183 4685 2629 4756 signiﬁcabantur
2683 4709 2802 4764 quae
2853 4695 3213 4766 implebantur
3274 4699 3377 4753 hoc
3429 4699 3590 4754 facto.
3633 4700 3770 4756 Cum

2184 4790 2312 4848 ergo
2335 4781 2633 4850 accepisset
2674 4782 2832 4839 Iesus
2873 4794 3108 4852 acetum,
3139 4787 3310 4840 dixit:
3335 4787 3770 4844 Consummatum

2184 4877 2278 4921 est.
2304 4868 2443 4936 Quid
2479 4871 2580 4926 nisi
2627 4875 2770 4943 quod
2804 4875 3087 4945 prophetia
3135 4883 3284 4931 tanto
3329 4886 3568 4948 tempore
3609 4887 3769 4933 antea

2177 4961 2532 5028 prtedixerat?
2552 4979 2678 5017 nam
2702 4973 2861 5020 antea
2903 4965 2991 5022 ille
3021 4954 3271 5023 dixerat:
3301 4966 3453 5024 Sitio.
3487 4970 3767 5040 Tanquam

2175 5049 2382 5107 diceret
2409 5071 2420 5106 :
2447 5052 2562 5110 Hoc
2585 5057 2762 5112 minus
2792 5057 3017 5122 fecistis,
3049 5060 3172 5114 date
3212 5061 3358 5131 quod
3397 5063 3546 5126 estis,
3585 5073 3640 5116 et
3666 5063 3768 5118 im-

2177 5142 2382 5213 pletum
2407 5153 2490 5200 est
2514 5163 2528 5200 :
2554 5145 2622 5202 In
2659 5148 2748 5202 siti
2786 5165 2900 5204 mea
2934 5159 3238 5219 potaverunt
3281 5168 3362 5205 me
3391 5162 3536 5206 aceto
3587 5150 3761 5221 (Psal.

2178 5232 2390 5304 LXVIII).
2434 5232 2574 5301 Quid
2615 5235 2898 5308 signiﬁcat,
2951 5239 3094 5308 quod
3133 5255 3271 5296 unus
3314 5241 3543 5296 militum
3575 5241 3766 5296 lancea

2179 5323 2323 5379 latus
2353 5326 2566 5381 Domini
2592 5329 2841 5397 aperuit?
2871 5328 2941 5385 Ut
2967 5329 3078 5386 illic
3097 5331 3493 5399 quodammodo
3517 5331 3642 5386 vita:
3677 5349 3769 5387 os-

2183 5416 2315 5468 tium
2346 5416 2708 5485 panderetur,
2747 5418 2891 5472 unde
2931 5426 3270 5474 sacramenta
3297 5417 3554 5474 Ecclesia:
3577 5435 3769 5475 mana-

2179 5513 2391 5557 verunt.
2415 5504 2548 5558 Nam
2570 5515 2620 5560 et
2645 5507 2700 5560 in
2723 5517 3070 5563 monumento
3091 5523 3228 5563 novo
3249 5509 3455 5577 positus
3477 5519 3560 5563 est
3581 5507 3764 5577 Jesus,

2179 5595 2234 5648 in
2271 5611 2377 5664 quo
2408 5598 2643 5652 nondum
2671 5598 2917 5668 quisquis
2941 5600 3148 5670 positus
3187 5609 3322 5656 erat.
3376 5601 3529 5656 Sicut
3561 5603 3614 5657 in
3659 5604 3763 5658 Ma-

2184 5687 2275 5742 ria:
2299 5688 2517 5758 virginis
2542 5696 2714 5755 utero,
2743 5704 2900 5744 nemo
2925 5699 3049 5744 ante
3075 5689 3244 5758 illum,
3270 5706 3427 5747 nemo
3455 5701 3577 5763 post
3615 5692 3765 5748 illum
