3978 6414
163 279 251 336 22]
959 273 1486 332 COLLECTIONES
1523 273 1589 329 ΙΝ
1631 273 2016 333 EPISTOLAS
2052 277 2142 334 ET
2177 279 2591 338 EVANGELIA.

3320 289 3426 329 ε)οθ

3325 329 3428 345 ’ΔΑ

163 397 444 466 conceptus
469 397 574 458 est,
609 387 686 445 ita
727 395 783 444 et
823 389 877 443 in
903 388 1008 444 hoc
1049 396 1400 444 monumento
1427 403 1588 444 nemo
1615 396 1742 443 ante
1768 391 1819 451 Α
1847 389 2048 460 itaque,
2085 401 2146 447 ut
2179 393 2314 448 nihil
2352 397 2418 452 de
2457 397 2711 453 sordibus
2743 399 2944 454 veteris
2983 400 3218 457 hominis
3261 420 3429 474 agno-

161 487 323 554 ilium,
344 497 502 542 nemo
535 490 656 554 post
681 479 831 536 illum
859 481 1100 551 sepultus
1126 488 1228 535 est.

617 612 932 675 SABBATO
970 611 1258 671 SANCTO.

460 749 619 790 ΒΕΑἸΊ
683 747 838 788 PAULI
912 742 1168 786 APOSTOLI
1218 743 1286 783 AD
1346 740 1730 796 COLOSSENSES,

823 815 942 857 CAP.
983 815 1065 854 111.

158 750 403 794 Ειηετοιλ

227 945 337 1000 «Si
387 942 814 1000 consurrexistis
861 955 984 996 cum
1039 939 1278 1004 Christo,
1336 956 1459 1013 qute
1511 955 1734 997 sursum

93 1087 102 1101 ,
161 1055 178 1088 ι
204 1044 326 1092 sunt
347 1035 592 1105 quaerite,
621 1034 716 1089 ubi
753 1032 1008 1088 Christus
1033 1039 1122 1087 est
1159 1031 1212 1085 in
1242 1032 1468 1087 dextera
1495 1031 1591 1088 Dei
1639 1045 1728 1087 se-

159 1145 177 1178 ι
211 1127 361 1181 deus.
420 1123 550 1192 Qua:
585 1139 804 1178 sursum
861 1131 989 1178 sunt
1007 1122 1197 1192 sapite,
1254 1138 1362 1176 non
1415 1138 1537 1193 quae
1564 1138 1732 1193 super

159 1239 176 1270 ι
210 1227 428 1274 terram.
481 1216 675 1273 Mortui
727 1217 872 1272 enim
907 1217 1061 1281 estis,
1109 1224 1166 1270 et
1210 1217 1322 1271 vita
1375 1225 1560 1272 vestra
1607 1218 1732 1272 abs-

157 1329 173 1359 ι
210 1309 423 1364 condita
462 1317 547 1364 est
582 1323 704 1363 cum
735 1307 956 1362 Christo
984 1307 1037 1361 in
1071 1307 1204 1362 Deo.
1233 1305 1369 1362 Cum
1396 1308 1544 1361 enim
1573 1307 1731 1362 Chri-

157 1418 173 1445 σ
216 1407 330 1454 stus
347 1399 660 1469 apparuerit
679 1399 791 1452 vita
822 1407 1025 1464 vestra,
1049 1408 1178 1454 tunc
1202 1407 1257 1454 et
1277 1413 1374 1455 vos
1395 1400 1730 1470 apparebitis

157 1509 172 1543 ι
212 1505 331 1544 cum
359 1488 578 1546 Christo
605 1490 659 1544 in
683 1491 873 1562 gloria.
921 1509 940 1543 ι

212 1580 562 1636 Colossenses
591 1588 646 1636 et
672 1582 749 1646 hi,
777 1582 920 1637 sicut
942 1581 1322 1647 Laodicenses,
1362 1592 1488 1639 sunt
1519 1585 1725 1650 Asiani,

149 1679 198 1723 et
231 1671 324 1739 ipsi
341 1671 602 1740 praeventi
631 1679 789 1726 erant
823 1688 853 1725 a
895 1673 1382 1743 pseudoapostolis,
1433 1692 1534 1732 nec
1565 1677 1632 1731 ad
1664 1675 1714 1730 il-

149 1762 224 1816 los
271 1761 503 1816 accessit
541 1761 1009 1832 ipsevApostolus,
1059 1764 1155 1819 sed
1183 1772 1240 1818 et
1279 1765 1378 1820 bos
1402 1781 1500 1836 per
1525 1767 1724 1836 episto—
1751 1749 1799 1808 Β

149 1852 246 1907 lam
269 1853 572 1924 recorrigit.
631 1852 927 1908 Audierant
951 1855 1097 1909 enim
1146 1858 1372 1911 verbum
1403 1857 1472 1910 ab
1502 1857 1730 1928 Archip-

148 1960 227 2014 po,
279 1945 366 2014 qui
413 1944 778 2000 ministerium
807 1945 863 1999 in
905 1955 999 2000 e05
1040 1948 1269 2016 accepit.
1312 1948 1454 2019 Ergo
1496 1949 1728 2018 Aposto-

147 2037 225 2090 lus
269 2035 384 2104 jam
430 2036 648 2105 ligatus,
677 2033 868 2090 scribit
901 2035 983 2091 eis
1022 2038 1090 2091 ab
1139 2037 1353 2106 Epheso
1400 2053 1502 2108 per
1539 2038 1727 2094 Tichi-

147 2144 260 2187 cum
285 2131 594 2196 diaconum,
651 2137 707 2186 et
734 2121 1052 2188 Onesimum
1079 2132 1373 2204 acolytum,
1406 2132 1614 2203 scripta
1657 2147 1725 2187 ex

149 2225 272 2280 urbe
316 2223 512 2278 Roma.

207 2314 266 2369 Si
319 2313 723 2369 consurren'stis
785 2329 902 2369 cum
961 2312 1190 2368 Christo.
1259 2309 1524 2384 Superius
1577 2317 1724 2372 enim

148 2404 364 2468 dixerat,
416 2405 464 2459 si
508 2405 705 2458 mortui
756 2405 888 2459 estis
939 2418 1063 2459 cum
1091 2403 1308 2459 Christo
1346 2407 1415 2460 ab
1440 2406 1726 2464 elementis

115 2495 342 2550 'iuuudi.
382 2495 570 2549 Mundi
596 2496 741 2549 enim
771 2495 1037 2550 elementa
1079 2496 1304 2567 intelligi
1353 2497 1540 2562 voluit,
1597 2514 1726 2554 ava-

150 2585 314 2640 ritiam
335 2591 389 2642 et
419 2586 694 2640 luxuriam
747 2590 802 2641 et
823 2594 1020 2642 caetera
1049 2587 1269 2652 similia,
1296 2595 1353 2642 et
1383 2605 1724 2661 consequen-

147 2685 222 2730 ter
246 2687 364 2746 post
389 2677 650 2732 vitiorum
686 2678 1157 2734 mortificationem
1188 2675 1265 2734 ait
1301 2698 1313 2734 :
1347 2679 1409 2735 Si
1436 2696 1720 2736 consum-

145 2769 285 2823 sistis
323 2785 441 2824 cum
469 2766 700 2832 Christo,
733 2784 852 2839 qute
901 2785 1111 2824 sursum
1169 2778 1292 2823 sunt
1340 2771 1580 2841 quwrite,
1618 2772 1722 2827 hoc

144 2869 252 2926 est,
309 2875 412 2915 non
482 2859 656 2914 solum
714 2861 950 2916 terrenis
1005 2861 1313 2916 moriemini
1362 2861 1555 2929 vitiis,
1622 2864 1723 2919 sed

145 2949 294 3004 etiam
342 2950 486 3004 caelo
531 2949 732 3014 vivite,’
763 2949 900 3005 nihil
957 2957 1231 3006 terrenum
1279 2950 1554 3018 ambiatis,
1586 2952 1722 3008 nihil

143 3041 356 3098 mortale
384 3043 666 3113 quaeratis,
689 3042 968 3099 cmiestem
1009 3043 1290 3099 sectamini
1318 3045 1576 3114 patriam,
1606 3053 1714 3104 etc.

208 3131 303 3189 Ubi
354 3130 597 3189 Christus
618 3135 785 3190 estad
806 3135 1074 3192 dexteram
1123 3135 1220 3190 Dei
1246 3137 1452 3191 sedens.
1510 3134 1715 3194 Victori

123 3225 246 3281 Filio
290 3235 344 3282 et
395 3242 504 3298 per
542 3234 785 3283 sanctam
836 3227 1266 3284 incarnationem
1320 3228 1485 3284 totius
1530 3230 1718 3285 mundi

147 3318 519 3388 triumphaturi
549 3327 670 3388 post
708 3318 1124 3375 resurrectionis
1178 3317 1426 3390 gloriam,
1476 3321 1717 3376 honora-

143 3410 255 3466 bilis
285 3425 600 3467 -consessus
648 3410 806 3464 datus
851 3417 955 3475 est,
1009 3410 1061 3463 in
1113 3410 1335 3465 dextera
1370 3409 1466 3465 Dei
1514 3407 1714 3465 Patris.

143 3497 425 3555 Consessus
477 3500 622 3554 enim
652 3498 756 3554 iste
790 3499 925 3554 nihil
972 3500 1309 3555 demonstrat
1366 3500 1549 3566 aliud,
1611 3501 1717 3557 nisi

143 3591 349 3647 honoris
389 3590 780 3657 aequalitatem.
823 3590 957 3645 Nam
1000 3592 1225 3647 verbum
1261 3593 1363 3647 hoc
1387 3591 1518 3648 illud
1547 3592 1717 3663 signi-

142 3680 275 3748 ﬁcat,
330 3690 390 3736 ut
460 3691 628 3752 eaput
683 3691 931 3737 nostrum
972 3682 1026 3736 in
1066 3680 1247 3738 Patris
1298 3692 1720 3754 cognosceretur

139 3770 347 3826 dextera
378 3771 728 3836 collocatum,
762 3772 817 3825 in
847 3787 952 3842 qua
981 3779 1137 3840 parte
1166 3772 1399 3842 ponendi
1434 3778 1582 3837 sunt,
1623 3773 1718 3844 qui

139 3875 229 3931 per
277 3860 434 3917 ﬁdem
477 3878 509 3916 a
560 3859 859 3918 divinitatis
903 3877 1130 3919 munere
1178 3881 1283 3919 non
1338 3874 1718 3936 segregantur,

139 3963 342 4022 propter
374 3953 510 4008 illud
538 3968 552 4006 :
580 3952 759 4019 Pater,
788 3953 903 4008 volo
952 3964 1006 4008 ut
1038 3955 1126 4008 ubi
1149 3971 1266 4010 sum
1282 3972 1398 4026 ego,
1444 3957 1514 4010 ibi
1543 3958 1648 4011 sint
1670 3966 1718 4011 et

139 4045 188 4096 hi
251 4058 472 4098 mecum.
541 4043 676 4099 Nam
741 4045 788 4099 si
843 4054 1095 4101 naturam
1153 4047 1372 4102 deitatis
1423 4049 1716 4117 excogites,

138 4151 285 4204 quem
337 4136 518 4191 locum
565 4143 716 4205 potes
766 4137 966 4192 habere
988 4136 1165 4192 Patris
1193 4137 1430 4194 sinistrae
1454 4139 1540 4193 vel
1588 4139 1719 4194 dex-

139 4227 265 4281 trae?
317 4227 577 4300 quoniam
622 4228 824 4299 ubique
877 4229 1190 4300 plenissima
1240 4229 1526 4299 maiestate
1559 4247 1714 4287 com-

138 4317 394 4386 ιιῘΘΟΙῘΙυΓ.

205 4408 397 4464 Mortui
427 4411 566 4464 enim
589 4411 731 4478 estis,
748 4421 796 4465 et
818 4413 923 4469 vita
961 4420 1132 4468 vestra
1149 4413 1454 4469 abscondita
1477 4424 1573 4479 est,
1604 4420 1710 4471 etc.

139 4496 306 4563 Quaeri
357 4508 538 4569 potest
594 4502 862 4568 quomodo
921 4502 1228 4557 viventibus
1292 4512 1347 4556 et
1417 4504 1596 4558 adhuc
1657 4504 1712 4559 in

137 4589 240 4642 vita
293 4591 486 4660 positis
539 4591 755 4657 dicitur,
814 4595 1010 4648 mortui
1037 4595 1162 4648 estis
1186 4610 1304 4647 cum
1337 4595 1566 4648 Christo.
1608 4594 1714 4650 Sed

138 4680 256 4748 quia
283 4682 335 4735 in
357 4682 466 4737 alio
515 4682 635 4738 loco
673 4666 803 4739 dicit
833 4699 848 4738 :
877 4684 1186 4756 Quicunque
1219 4685 1470 4753 baptizati
1507 4689 1632 4741 estis
1659 4689 1714 4742 in

139 4772 336 4834 Christo
374 4777 529 4843 Iesu,
557 4777 614 4830 in
660 4786 824 4830 morte
850 4779 1015 4848 ipsius
1042 4778 1295 4849 baptizati
1318 4782 1462 4834 estis.
1495 4779 1562 4834 Et
1584 4783 1712 4849 quia

137 4876 284 4922 vetus
325 4869 490 4924 homo
544 4879 732 4924 noster
776 4870 936 4925 simul
989 4869 1282 4928 cruciﬁxus
1334 4880 1420 4927 est
1470 4887 1592 4927 cum
1623 4886 1708 4939 eo,

135 4970 341 5016 constat
379 4970 457 5025 ut,
503 4963 643 5019 sicut
668 4971 888 5035 propter
944 4980 1044 5021 nos
1091 4965 1340 5022 Christus
1392 4967 1710 5035 cruciﬁxus,

135 5062 376 5108 mortuus
432 5063 488 5110 et
513 5055 752 5124 sepultus
781 5066 886 5123 est,
917 5065 973 5112 et
1002 5059 1320 5124 resurrexit,
1365 5075 1465 5116 nos
1494 5075 1711 5130 quoque

134 5142 196 5198 ad
239 5146 506 5214 passionis
563 5162 676 5203 sua;
709 5148 1138 5216 similitudinem,
1190 5150 1495 5220 voluptates
1534 5161 1589 5206 et
1619 5170 1715 5208 eu-

133 5228 381 5302 piditates
439 5241 654 5288 nostras
711 5233 1116 5306 cruciﬁgamus,
1169 5241 1224 5291 et
1275 5235 1330 5290 in
1376 5237 1709 5306 baptismate

136 5324 448 5392 mysterium
495 5327 686 5382 mortis
742 5328 1034 5396 sepultura:
1088 5337 1144 5382 et
1192 5327 1419 5398 gloriam
1469 5345 1712 5387 resurre-

133 5411 321 5467 ctionis
351 5412 472 5482 ejus
518 5415 812 5483 imitemur,
851 5425 911 5471 ut
948 5417 996 5472 si
1029 5418 1345 5488 passionum
1401 5418 1520 5488 ejus
1576 5422 1710 5476 socii

133 5498 412 5570 fuerimus,
443 5505 604 5562 simul
632 5516 688 5562 et
713 5508 900 5579 gloriae
935 5508 1355 5564 resurrectionis
1400 5509 1622 5566 crin'ius.
1653 5511 1712 5567 Si

134 5593 271 5648 enim
326 5597 528 5652 mortui
556 5613 743 5654 sumus
801 5615 923 5658 cum
970 5599 1208 5666 Christo,
1258 5599 1531 5656 credimus
1585 5604 1712 5673 quia

135 5685 286 5751 simul
332 5697 388 5747 et
443 5687 551 5759 jam
587 5691 830 5750 vivemus
885 5709 1008 5750 cum
1049 5709 1132 5750 eo.
1175 5692 1574 5752 Elaborandum
1630 5705 1713 5754 est

1739 4461 1792 4521 D

1835 491 2022 536 scatur
2047 481 2104 537 in
2143 484 2325 539 nobis.
2372 485 2622 546 Christus
2663 497 2844 542 autem
2875 505 2982 546 non
3029 507 3096 547 ex
3119 503 3300 562 parte,
3330 497 3427 550 sed

1835 573 2047 646 integer
2095 582 2180 631 est
2235 578 2548 645 cruciﬁxus,
2601 589 2662 634 ut
2709 597 2808 636 nos
2848 598 2917 637 ex
2963 591 3075 639 toto
3128 602 3428 643 moriamur

1834 677 2056 736 peccato
2111 676 2167 724 et
2215 670 2458 726 vivamus
2496 671 2628 726 Deo.
2663 672 2756 727 Ille
2791 682 2970 729 autem
2997 676 3132 731 vivit
3159 677 3291 744 Deo,
3331 681 3427 749 qui

1833 757 2036 813 Christi
2060 761 2314 831 vestigia,
2359 761 2670 818 humilitate
2765 764 3200 823 sanctiﬁcatione
3228 777 3282 824 et
3306 770 3424 840 pie-

1836 855 1946 903 tate
1973 857 2234 904 sectatur.

1904 938 2035 994 Cum
2055 942 2192 996 enim
2214 939 2456 998 Christus
2487 948 2814 1016 apparuerit,
2851 949 2956 1002 vita
2985 957 3174 1012 vestra,
3225 959 3350 1006 tunc
3375 961 3424 1006 et

1831 1046 1921 1084 vos
1965 1033 2303 1102 apparebitis,
2347 1043 2454 1090 etc.
2512 1037 2635 1091 Vita
2680 1045 2869 1092 nostra
2918 1031 3120 1092 dicitur
3149 1038 3424 1106 Christus,

1836 1122 1978 1176 sicut
2007 1123 2123 1190 ipse
2153 1125 2292 1182 dixit
2323 1146 2335 1180 :
2369 1127 2484 1197 Ego
2521 1145 2642 1183 sum
2669 1129 2775 1194 via,
2801 1130 2997 1184 veritas
3020 1139 3070 1184 et
3102 1131 3206 1184 vita
3241 1131 3422 1203 (Joan.

1832 1212 1966 1284 xxv).
2010 1213 2078 1268 Et
2105 1216 2231 1284 quia
2263 1216 2359 1270 ﬁlii
2411 1218 2506 1273 Dei
2529 1233 2650 1273 cum
2681 1219 2872 1285 simus,
2904 1221 3145 1275 nondum
3175 1223 3434 1290 apparuit

1831 1304 1959 1372 quid
2009 1305 2232 1361 erimus.
2287 1306 2502 1362 Scimus
2553 1323 2678 1364 cum
2717 1309 3048 1379 apparuerit,
3104 1310 3311 1366 similes
3368 1314 3424 1367 ei

1830 1393 2054 1460 erimus,
2095 1411 2205 1450 non
2251 1398 2397 1452 enim
2443 1399 2534 1453 hic
2575 1398 2836 1454 debemus
2893 1407 3142 1455 nostram
3191 1400 3428 1470 gloriam

1828 1498 2088 1552 quaerere,
2120 1501 2190 1541 ne
2215 1486 2281 1542 de
2308 1486 2468 1542 nobis
2498 1487 2745 1542 dicatur:
2771 1487 3094 1560 Receperunt
3132 1489 3424 1544 mercedem

1829 1593 1982 1630 suam
2007 1577 2223 1650 (Matth.
2244 1578 2340 1650 v1).

2116 1686 2450 1725 ενΑΝοεωωι
2484 1687 2767 1737 ΒΙΔΤἹἮΕΙ,
2806 1687 2925 1726 CAP.
2967 1688 3159 1728 XXVIII.

1905 1779 1924 1812 ι
1970 1759 2207 1832 Vespere
2230 1770 2414 1816 autem
2460 1763 2670 1818 sabbati
2718 1778 2839 1832 quae
2886 1763 3115 1818 lucescit
3150 1764 3204 1818 in
3239 1764 3416 1834 prima

1835 1870 1852 1902 ‹
1883 1854 2115 1916 sabbati.
2134 1854 2284 1909 venit
2311 1853 2478 1909 Maria
2503 1854 2817 1923 Magdalene
2837 1864 2892 1910 et
2910 1855 3016 1909 alia
3044 1855 3211 1909 Maria
3234 1856 3423 1912 videre

1834 1963 1851 1994 ‹
1885 1946 2211 2015 sepulcrum.
2248 1946 2316 2000 Et
2359 1961 2484 2002 ecce
2537 1955 2698 2002 terrze
2739 1957 2919 2003 motus
2963 1947 3136 2004 factus
3171 1958 3254 2005 est
3302 1966 3422 2004 ma-

1834 2057 1852 2088 t
1891 2053 2050 2108 gnus.
2094 2038 2332 2110 Angelus
2368 2040 2512 2094 enim
2552 2040 2767 2094 Domini
2796 2040 3078 2097 descendit
3104 2043 3171 2097 de
3201 2043 3338 2097 caelo
3367 2052 3423 2098 et

1834 2148 1851 2179 ι
1891 2129 2158 2184 accedens
2203 2129 2431 2184 revolvit
2457 2129 2713 2199 lapidem,
2754 2140 2811 2186 et
2837 2131 3058 2186 sedebat
3084 2148 3248 2202 super
3273 2148 3418 2187 eum.

1831 2240 1849 2272 ‹
1885 2221 2018 2276 Erat
2072 2229 2254 2276 autem
2305 2230 2559 2292 aspectus
2602 2221 2720 2291 ejus
2752 2224 2894 2277 sicut
2929 2223 3133 2294 fulgur,
3177 2231 3232 2280 et
3257 2225 3423 2278 vesti-

1832 2333 1850 2365 s
1891 2321 2072 2368 menta
2103 2311 2221 2382 ejus
2246 2314 2388 2369 sicut
2415 2315 2531 2370 nix.
2563 2314 2682 2370 Prae
2725 2316 2922 2370 timore
2943 2323 3124 2369 autem
3181 2314 3300 2384 ejus
3327 2332 3424 2370 ex-

1831 2424 1849 2456 (
1883 2405 2061 2461 territi
2110 2413 2240 2460 sunt
2273 2407 2549 2471 custodes,
2597 2415 2654 2462 et
2687 2406 2817 2462 facti
2859 2416 2987 2462 sunt
3019 2406 3166 2462 velut
3196 2407 3417 2461 mortui.

1829 2515 1847 2547 ι
1895 2496 2248 2566 Respondens
2278 2505 2456 2552 autem
2486 2498 2710 2569 angelus
2744 2500 2890 2555 dixit
2920 2500 3279 2556 mulieribus:
3310 2499 3417 2553 No-

1830 2605 1849 2636 ‹
1899 2586 1995 2642 lite
2047 2588 2238 2642 timere
2292 2601 2430 2643 vos:
2464 2587 2590 2643 Scio
2651 2591 2798 2644 enim
2851 2591 2995 2660 quod
3043 2589 3257 2654 Jesum,
3319 2591 3413 2660 qui

1829 2697 1846 2730 ι
1884 2678 2176 2734 cruciﬁxus
2218 2687 2324 2745 est,
2374 2679 2640 2749 quaeritis.
2686 2680 2803 2734 Non
2864 2689 2950 2736 εει
2993 2682 3104 2736 hic.
3170 2679 3424 2736 Surrexit

1829 2788 1848 2820 ε
1884 2770 2029 2825 enim
2057 2770 2199 2826 sicut
2247 2771 2407 2826 dixit.
2457 2772 2650 2827 Venite
2671 2780 2726 2826 et
2765 2773 2945 2828 videte
2973 2773 3174 2838 locum,
3204 2774 3297 2828 ubi
3324 2790 3422 2844 po-

1827 2878 1846 2910 (
1890 2861 2027 2916 situs
2069 2869 2189 2915 erat
2244 2861 2525 2917 Dominus.
2582 2863 2651 2918 Et
2716 2864 2826 2919 cito
2877 2873 3071 2919 euntes
3114 2865 3279 2920 dicite
3331 2865 3417 2920 di-

1828 2970 1846 3003 ‹
1893 2952 2120 3022 scipulis
2152 2949 2292 3019 ejus,
2315 2954 2444 3022 quia
2473 2955 2739 3021 surrexit,
2778 2963 2833 3009 et
2861 2970 2989 3010 ecce
3011 2954 3279 3024 praecedet
3322 2971 3420 3009 vos

1828 3061 1846 3094 ι
1896 3042 1952 3096 in
2012 3040 2310 3098 Galilzeam.
2366 3045 2444 3100 lbi
2495 3059 2620 3099 eum
2662 3045 2938 3111 videbitis,
2980 3046 3125 3112 sicut
3167 3045 3422 3114 praedixit

1827 3153 1846 3186 ι
1890 3134 2064 3190 vobis.
2077 3155 2096 3187 ι

1901 3221 2120 3297 Vespere
2143 3233 2321 3281 autem
2348 3227 2576 3292 saobati,
2617 3244 2734 3299 quae
2765 3225 2978 3282 lucescit
3017 3227 3074 3282 in
3092 3227 3263 3297 prima
3297 3227 3420 3281 sab—

1820 3318 1964 3383 bati,
2014 3319 2151 3372 venit
2203 3317 2382 3372 Maria
2423 3317 2760 3388 Magdalen'e,
2814 3328 2863 3373 et
2911 3321 3081 3372 altera
3130 3317 3311 3371 Maria
3339 3318 3418 3370 vi-

1820 3407 1944 3462 dere
1977 3407 2299 3478 sepulcrum.
2353 3407 2473 3481 (Ex
2515 3409 2787 3481 August.)
2831 3408 3052 3480 Vespere
3098 3419 3273 3464 autem
3299 3410 3421 3463 sab-

1821 3497 1950 3564 bati,
2003 3499 2148 3570 quod
2176 3500 2390 3556 diversa
2422 3501 2713 3557 mulierum
2768 3510 3015 3571 tempora
3059 3501 3114 3554 in
3169 3500 3418 3568 Evange-

1821 3589 1911 3645 liis
1952 3591 2356 3656 describuntur,
2410 3607 2518 3646 non
2575 3593 2841 3647 mendacii
2895 3600 2980 3647 est
3019 3591 3254 3662 signum,
3315 3590 3411 3644 sed

1820 3679 2021 3734 sedula:
2071 3679 2402 3736 visitationis
2447 3680 2710 3736 ofﬁcium.
2753 3681 2886 3746 Qua:
2905 3681 3119 3736 lucescit
3160 3681 3216 3734 in
3243 3681 3416 3751 prima

1818 3771 2043 3838 sabbati,
2087 3788 2120 3827 a
2184 3781 2338 3843 parte
2383 3774 2561 3844 prima
2615 3774 2812 3838 noctis,
2863 3774 3008 3843 quod
3067 3781 3152 3828 est
3199 3787 3414 3842 vesper,

1821 3863 1997 3933 ipsam
2023 3873 2240 3920 noctem
2291 3865 2465 3920 voluit
2511 3866 2840 3937 signiﬁcare,
2896 3867 3052 3937 cujus
3111 3866 3417 3927 noctisﬁne

1817 3965 2086 4012 venerunt
2117 3956 2392 4014 mulieres.
2419 3956 2529 4012 Cur
2563 3967 2747 4012 autem
2782 3966 3000 4012 noctem
3048 3957 3282 4027 appellat
3325 3971 3418 4010 ve-.

1818 4048 2068 4118 sperem!
2099 4048 2225 4120 quia
2254 4063 2478 4118 vespere
2499 4049 2697 4104 licebat
2723 4048 2920 4104 aﬂ'erre
2942 4059 3210 4113 aromata,
3237 4057 3413 4102 trans«

1817 4151 1940 4192 acto
1990 4136 2178 4208 utique
2218 4138 2466 4192 sabbato.
2499 4137 2614 4195 Hoc
2664 4153 2793 4208 ergo
2841 4139 3018 4192 dicit:
3049 4154 3254 4206 vespere
3291 4137 3411 4190 sab-

1805 4213 1944 4295 bati,
1975 4244 2040 4284 ac
2083 4230 2130 4284 si
2178 4231 2385 4285 diceret
2426 4248 2439 4283 :
2473 4230 2641 4285 Nocte
2671 4245 2791 4303 quae
2819 4232 3066 4300 sequitur
3109 4232 3402 4286 sabbatum

1817 4330 2106 4390 venerunt,
2152 4337 2257 4393 quo
2287 4329 2531 4390 tempore
2578 4322 2882 4386 voluerant,
2937 4322 3122 4377 venire
3173 4321 3406 4376 liberum

1818 4416 2111 4481 habentes;
2148 4416 2262 4471 sive
2311 4429 2515 4484 vespere
2555 4414 2780 4479 sabbati,
2835 4429 2942 4474 non
2993 4422 3409 4492 vesperascente

1818 4509 1926 4574 die,
1977 4509 2074 4563 sed
2123 4514 2541 4578 vesperascente
2595 4515 2780 4571 nocte,
2823 4507 2878 4561 id
2915 4515 3017 4570 est,
3067 4507 3122 4560 in
3174 4506 3283 4561 ﬁne
3308 4522 3409 4562 no-

1815 4601 1919 4655 etis
1976 4609 2263 4656 venerunt.
2303 4598 2387 4653 Ab
2413 4598 2638 4654 exordio
2659 4599 2845 4652 mundi
2901 4599 3016 4653 dies
3060 4599 3408 4668 praecedebat

1815 4701 2032 4748 noctem
2071 4708 2244 4762 usque
2267 4692 2336 4748 ad
2362 4691 2564 4748 Christi
2598 4693 2930 4761 passionem.
2969 4691 3016 4745 Α
3037 4691 3240 4747 ΟΙιι-ἰειὶ
3272 4708 3405 4746 vero

1816 4786 2234 4850 resurrectione,
2284 4800 2392 4840 nox
2432 4787 2691 4856 praecedit
2712 4785 2874 4842 diem.
2938 4785 3064 4841 Sive
3103 4786 3177 4848 ita
3221 4786 3407 4858 legen—

1815 4877 1966 4943 dum,
2021 4894 2230 4948 vespere
2279 4877 2504 4943 sabbati,
2559 4877 2613 4932 id
2662 4886 2766 4942 est,
2817 4892 3013 4932 aurora
3068 4893 3189 4946 qum
3229 4880 3406 4934 noctis

1816 4966 1973 5021 initio
2020 4966 2183 5030 lucet,
2234 4968 2349 5037 ipsa
2400 4980 2497 5037 per
2547 4974 2716 5023 totam
2745 4974 2962 5025 noctem
2991 4975 3245 5026 manente
3290 4984 3408 5023 max

1818 5072 1886 5112 ne
1918 5056 2196 5124 elucescit,
2223 5065 2279 5112 et
2302 5058 2420 5113 ideo
2445 5058 2695 5124 forsitan,
2753 5059 2838 5113 ba:
2880 5058 3136 5118 mulieres
3167 5075 3196 5112 a
3227 5061 3407 5119 noctis

1814 5148 1969 5205 initio
2015 5164 2186 5221 usque
2229 5165 2386 5206 mane
2441 5151 2515 5206 ibi
2556 5161 2893 5210 manserunt.
2947 5152 3054 5208 Sed
3079 5153 3290 5208 Marcus
3321 5156 3382 5218 di

1815 5239 2022 5294 citzEt
2056 5240 2208 5294 valde
2257 5258 2411 5296 mane
2452 5242 2650 5315 (Maro.
2706 5244 2855 5317 ult.),
2908 5254 2963 5302 et
3018 5246 3246 5315 reliqua.
3296 5247 3401 5315 Aps

1815 5341 1970 5402 paret
2011 5340 2193 5388 autem
2239 5349 2347 5404 qua
2387 5334 2521 5396 hora
2569 5339 2866 5393 resurrexit
2906 5339 3184 5404 Dominus,
3237 5339 3290 5397 id
3317 5346 3401 5402 est

1814 5441 1994 5490 mane,
2031 5441 2153 5480 cum
2182 5427 2597 5498 quadragesima
2624 5430 2794 5496 horis,
2835 5429 2990 5499 juxta
3013 5430 3402 5499 Augustinum,

1810 5517 1867 5571 in
1905 5517 2155 5587 sepulcro
2199 5517 2367 5574 fuisse
2411 5519 2757 5586 describitur,
2811 5521 2865 5576 id
2893 5527 3000 5586 est,
3038 5527 3271 5590 quatuor
3299 5519 3402 5574 Ῐὶοι

1813 5622 1922 5674 ras,
1968 5622 2072 5678 qua
2123 5607 2210 5663 die
2251 5608 2545 5664 cruciﬁxus
2583 5619 2693 5676 est,
2738 5619 3082 5667 remanentes
3102 5609 3394 5674 duodecim

1815 5697 1961 5758 hora:
2000 5698 2174 5760 noctis
2212 5699 2445 5766 sabbati,
2491 5699 2772 5756 duodecim
2820 5701 2924 5756 diei
2978 5699 3211 5765 sabbati,
3257 5698 3402 5762 duos
