3978 6416
509 284 620 343 ‘2‘25

1802 287 2160 344 SMARAGDI
2201 288 2496 345 ABBATIS

3691 300 3797 354 εει

509 405 683 459 decim
699 401 873 457 noctis
889 401 991 457 diei
1022 399 1326 465 dominicae,
1344 399 1618 455 tricesima
1642 408 1823 456 autem
1834 408 1888 457 et
1911 409 2021 455 tres
2039 401 2093 454 in
2122 404 2174 462 Α
2199 399 2386 455 fecerit
2411 418 2424 454 :
2472 399 2647 456 Venite
2684 409 2734 456 et
2755 402 2919 457 uidete
2938 402 3027 457 ubi
3064 404 3265 474 positus
3291 413 3405 460 erat
3428 404 3713 478 Dominus,
3738 423 3798 468 ut

513 496 789 571 sepulcro.
812 493 919 547 Pro
965 492 1067 546 bac
1107 506 1271 547 causa
1306 492 1725 563 quadragesima
1764 493 1955 548 diebus
1985 500 2105 562 post
2205 491 2252 546 si
2290 492 2430 548 meis
2481 492 2666 549 verbis
2710 508 2818 549 non
2856 494 3100 561 creditis,
3139 511 3312 553 vacuo
3337 499 3578 558 credatis
3620 506 3799 575 sepul-

518 585 976 642 resurrectionem
1015 582 1276 653 apostolis
1298 582 1412 637 suis
1454 597 1677 652 strpese
1716 581 2101 638 manifestavit.

509 677 566 732 In
594 677 813 732 nomine
841 682 1047 739 autem,
1077 674 1225 742 quod
1272 682 1357 728 est
1392 687 1654 742 vesperae,
1700 672 1858 727 multi
1889 673 2103 728 diversa

508 776 718 839 putant.
774 767 835 822 ln
895 765 1191 838 Evangelio
1250 765 1397 821 enim
1467 763 1661 820 Graeco
1716 765 1792 820 ita
1848 764 2101 831 habetur,

514 859 608 932 ett
638 860 693 917 δὲ
723 860 1003 916 σαϐϐάτων
1024 867 1086 934 τῇ
1109 861 1465 932 ἐπιφωσκούσῃ
1508 858 1584 917 sl;
1799 856 2100 922 σαϐϐάτων,

512 953 691 1019 idest,
722 968 949 1022 uespera:
968 950 1196 1010 sabbati.
1233 966 1350 1022 qua:
1375 948 1589 1003 lucescit
1616 950 1673 1002 in
1712 950 1884 1020 prima
1912 949 2103 1004 sabba-

510 1052 704 1106 torum,
736 1043 920 1111 inquo
950 1047 1196 1111 apparet,
1223 1040 1341 1110 ὀψὲ,
1370 1040 1515 1110 quod
1545 1036 1866 1094 femininum
1897 1054 2099 1095 nomen

511 1139 616 1197 est,
643 1141 707 1204 τῇ
736 1130 1051 1186 femininum
1079 1145 1377 1200 pronomen
1414 1139 1516 1194 est,
1563 1130 1708 1185 unde
1745 1131 1965 1199 quidam
2012 1147 2104 1187 vo-

516 1220 654 1287 lunt,
697 1221 842 1291 quod
892 1235 1117 1289 vespere
1152 1220 1472 1285 communis,
1522 1219 1626 1274 hoc
1672 1226 1775 1284 est,
1817 1220 2101 1276 masculini

512 1321 567 1366 et
606 1311 852 1366 feminini
898 1310 970 1366 sit
1002 1311 1215 1382 generis
1249 1324 1470 1376 nomen,
1509 1307 1664 1378 cujus
1690 1310 1960 1366 ablativus
2006 1325 2101 1366 ve-

512 1415 688 1469 spere,
737 1400 959 1469 quidam
1010 1400 1197 1455 volunt
1235 1415 1485 1472 vespera,
1532 1415 1640 1454 non
1704 1414 1927 1470 vespere
1972 1400 2099 1468 diei,

511 1494 831 1550 femininum
881 1493 1160 1549 facientes.
1202 1494 1433 1562 Quidam
1478 1492 1730 1549 subtilius
1771 1492 1842 1546 ita
1895 1493 2098 1564 legunt.

516 1586 679 1640 Venit
730 1585 897 1641 Maria
943 1587 1119 1657 prima
1176 1586 1408 1651 sabbati,
1448 1600 1569 1656 qua:
1611 1584 1840 1640 lucescit
1877 1602 2103 1657 vespere

514 1676 747 1732 sabbati.
801 1676 906 1731 Alii
951 1676 1025 1731 ita
1051 1676 1380 1747 intelligunt,
1432 1685 1492 1731 ut
1550 1676 1836 1731 sabbatum
1886 1679 2102 1748 requies

515 1768 921 1838 interpretetur.
951 1767 1186 1838 Vespere
1231 1776 1412 1823 autem
1443 1770 1643 1837 quietis
1664 1809 1678 1833 ,
1711 1784 1832 1840 qua:
1878 1768 2104 1823 lucescit
2130 1754 2177 1812 Β

513 1859 565 1912 in
612 1859 805 1928 prima,
846 1867 903 1913 et
960 1859 1185 1928 reliqua.
1240 1858 1299 1912 ln
1347 1859 1522 1929 prima
1558 1878 1572 1913 :
1605 1860 1788 1915 Prima
1832 1861 1950 1915 dies
2013 1859 2097 1913 di-

510 1950 653 2004 citur
695 1949 999 2014 dominica,
1041 1965 1164 2019 que
1208 1951 1409 2005 meruit
1460 1951 1646 2007 videre
1694 1953 1985 2008 Dominum
2013 1965 2100 2006 re-

513 2054 765 2109 surgere,
822 2048 878 2094 et
924 2041 1184 2096 mundum
1238 2042 1422 2107 nasci,
1483 2053 1647 2113 atque
1699 2045 1944 2116 reparari
2002 2058 2104 2115 per

517 2131 815 2185 Christum.

592 2219 702 2290 (Ea:
733 2222 980 2293 August.)
1009 2220 1126 2277 Non
1153 2231 1331 2293 potest
1368 2223 1494 2289 dici,
1521 2238 1715 2295 vesper
1746 2224 2025 2281 lucescens
2046 2224 2102 2280 in

518 2311 692 2380 prima
707 2311 941 2377 sabbati,
958 2313 1060 2367 nisi
1074 2313 1291 2368 nomine
1304 2315 1511 2384 vesperi
1528 2329 1630 2370 nox
1646 2315 1762 2386 ipsa
1775 2315 2106 2387 intelligatur

520 2419 682 2471 quam
707 2403 796 2457 lux
816 2405 1088 2467 terminat,
1105 2412 1161 2460 et
1180 2405 1414 2460 usitatus
1439 2405 1693 2476 loquendi
1710 2408 1901 2462 modus
1922 2414 2009 2461 est
2031 2406 2145 2481 diu

517 2494 657 2549 vina:
678 2494 977 2564 Scriptura:
997 2511 1028 2549 a
1049 2504 1203 2566 parte
1227 2503 1416 2551 totum.
1432 2497 1477 2550 A
1494 2512 1721 2567 vespere
1740 2514 1871 2568 ergo
1890 2505 2105 2553 noctem

515 2584 861 2654 signiﬁcavit,
885 2585 1041 2654 cujus
1068 2595 1371 2641 extremum
1401 2595 1486 2642 est
1512 2588 1829 2643 diluculum.
1860 2589 2106 2644 Diluculo

519 2675 667 2728 enim
704 2683 973 2730 venerunt
997 2675 1102 2731 illae
1157 2676 1415 2731 mulieres
1451 2678 1519 2732 ad
1556 2685 1991 2744 monumentum,
2041 2694 2106 2734 ac

517 2778 616 2832 per
644 2763 831 2820 hocea
868 2773 1027 2819 nocte
1079 2774 1364 2829 venerunt,
1406 2780 1528 2836 qua:
1549 2766 1852 2837 signiﬁcata
1899 2777 1984 2823 est
2008 2783 2109 2822 no.

519 2856 665 2911 mine
691 2857 925 2925 vesperi.
969 2856 1103 2911 Tota
1146 2858 1291 2912 enim
1318 2856 1622 2929 significata
1649 2866 1734 2913 est
1768 2873 1834 2913 eo
1862 2859 2103 2926 nomine,

517 2952 580 2997 ut
619 2944 753 3025 digi,
788 2954 843 2999 ct
875 2946 999 3002 ideo
1043 2961 1384 3016 quacumque
1416 2948 1534 3018 ejus
1582 2949 1762 3003 noctis
1799 2957 1957 3019 parte
2011 2964 2106 3004 ve-

517 3033 744 3098 nissent,
783 3049 867 3113 ezg
904 3035 1091 3105 utique
1133 3045 1294 3091 nocte
1347 3037 1640 3093 venissent.
1684 3036 1822 3093 Cum
1856 3053 1986 3107 ergo
2013 3054 2111 3094 ve-

450 3176 469 3189 ,
517 3134 716 3179 nerunt
738 3134 894 3196 parte
933 3126 1051 3197 ejus
1096 3128 1273 3183 noctis
1308 3137 1569 3193 extrema,
1623 3142 1689 3184 ea
1721 3128 1910 3200 procul
1942 3129 2108 3185 dubio

516 3226 677 3273 nocte
728 3227 1020 3276 venerunt.
1091 3220 1335 3289 Vespere
1383 3229 1568 3275 autem
1609 3235 1733 3289 quae
1778 3220 2007 3275 lucescit
2052 3220 2109 3275 in

518 3309 693 3376 prima
721 3308 953 3373 sabbati,
973 3323 1081 3363 non
1106 3317 1286 3378 potest
1306 3308 1412 3363 nisi
1436 3316 1550 3365 tota
1569 3309 1690 3378 ipsa
1719 3324 1827 3364 nox
1852 3310 2104 3383 intelligi.

520 3399 648 3453 lleo
686 3399 851 3469 igitur
877 3414 1103 3471 vespere
1130 3410 1416 3467 venerunt,
1470 3416 1590 3472 qua:
1612 3401 1726 3469 ipsa
1754 3415 1913 3459 nocte
1942 3420 2103 3462 vene-

519 3499 664 3544 runt.
705 3490 825 3560 ipsa
847 3499 1028 3546 autem
1047 3500 1209 3549 nocte
1228 3501 1511 3559 venerunt,
1574 3508 1697 3564 qua:
1725 3496 1901 3551 noctis
1927 3496 2101 3568 ipsius

520 3572 771 3651 quamvis
793 3588 1038 3637 extrema
1060 3590 1217 3651 parte
1237 3592 1523 3638 venerunt.

554 3693 558 3697 ~
596 3672 704 3742 (Ex
735 3671 916 3744 Vulg.)
955 3671 1071 3728 Non
1094 3681 1180 3728 est
1206 3674 1399 3730 relatio
1417 3673 1641 3733 Joannis
1664 3680 1961 3745 contraria,
1984 3696 2106 3751 quae

520 3762 693 3818 refert
733 3764 969 3819 diluculo
1022 3764 1089 3819 ad
1141 3774 1553 3822 monumentum
1596 3769 1809 3824 venisse
1877 3769 2105 3825 Mariam.

525 3854 869 3925 Magdalene,
935 3854 1190 3912 Matthazo
1215 3857 1457 3924 dicente;
1510 3875 1716 3930 uespere
1753 3861 1958 3915 sabbati
1996 3861 2107 3917 Ma-

526 3946 663 3999 riam
705 3943 1018 4015 Magdalene
1070 3961 1191 4000 cum
1240 3947 1407 4002 altera
1457 3947 1627 4004 Maria
1675 3950 1890 4006 venisse
1929 3953 1997 4006 ad
2023 3967 2110 4007 se-

524 4042 772 4110 pulcrum
822 4041 1056 4108 Domini,
1098 4043 1228 4097 dum
1267 4061 1493 4115 vespere
1530 4062 1562 4101 a
1593 4046 1845 4103 Matthzeo
1871 4051 2107 4121 positum

523 4132 596 4189 sit
633 4146 733 4201 pro
758 4147 881 4187 sero
908 4142 963 4187 et
1013 4135 1288 4201 tarditate,
1337 4145 1590 4206 tanquam
1621 4138 1667 4194 si
1696 4139 1922 4207 diceret,
1951 4141 2108 4197 tarda

524 4225 656 4279 hora
694 4225 888 4280 noctis.
922 4225 1097 4282 Tarde
1113 4227 1258 4281 enim
1291 4228 1522 4284 dicimus
1548 4228 1752 4300 aliquid
1782 4231 1922 4298 ﬁeri,
1972 4248 2110 4304 quo-

526 4316 627 4369 ties
671 4315 856 4370 multas
908 4315 1056 4372 hora:
1111 4326 1445 4387 praetereunt
1496 4323 1755 4393 temporis
1803 4324 2104 4380 constituti.

2204 596 2317 637 cro.
2353 580 2422 636 Et
2457 581 2630 654 gradu
2674 597 2797 642 cum
2815 583 2924 642 cito
2963 585 3191 656 pergite,
3243 588 3493 644 nuntiate
3516 589 3801 662 discipulis

2202 669 2340 740 ejus,
2373 672 2501 744 quia
2546 673 2804 740 surrexit,
2837 682 2894 728 et
2937 675 3210 745 pratcedet
3249 692 3348 733 vos
3392 679 3447 734 in
3491 679 3795 753 Galilaeam,

2202 764 2307 819 hoc
2321 772 2405 819 est
2421 762 2827 819 involutabrum
2848 765 3151 835 gentilium,
3166 767 3258 823 ubi
3272 774 3400 824 ante
3413 785 3594 838 error,
3612 782 3732 829 erat
3744 785 3801 830 et

2201 854 2491 922 lubricum,
2520 862 2576 910 et
2604 853 2763 909 ﬁrmo
2784 868 2850 910 ac
2876 854 3059 911 stabili
3082 857 3220 927 pede
3242 859 3538 931 vestigium
3559 877 3671 918 non
3697 879 3798 934 po-

2204 945 2427 1000 nebant.

2272 1034 2342 1089 Et
2362 1034 2599 1091 exierunt
2620 1038 2722 1090 cito
2741 1036 2807 1091 de
2818 1048 3170 1103 monumento,
3196 1041 3580 1096 cumtimoreet
3599 1043 3795 1113 gaudio

2200 1142 2412 1197 magno,
2428 1136 2694 1181 currentes
2717 1129 2965 1183 nuntiare
2975 1129 3248 1201 discipulis
3262 1131 3400 1202 ejus.
3417 1131 3629 1203 Duplex
3648 1148 3798 1189 men-

2202 1222 2286 1270 tes
2302 1214 2591 1270 mulierum
2612 1216 2834 1271 tenebat
2846 1216 3093 1285 allectus,
3111 1219 3327 1275 timoris
3346 1228 3406 1275 et
3420 1221 3631 1293 gaudii.
3646 1222 3798 1279 Alter

2202 1304 2269 1358 de
2326 1304 2575 1360 miraculi
2629 1306 3020 1376 magnitudine,
3077 1307 3216 1363 alter
3252 1324 3323 1365 ex
3381 1310 3657 1367 desiderio
3710 1328 3799 1368 re-

2203 1394 2497 1466 surgentis,
2537 1402 2595 1451 et
2655 1403 2838 1452 tamen
2875 1405 3107 1467 uterque
3138 1396 3433 1455 femineum
3483 1401 3801 1457 concitabat

2203 1490 2451 1561 gradum,
2471 1490 2770 1562 pergebant
2782 1491 2852 1546 ad
2864 1491 3158 1563 apostolos,
3177 1501 3236 1547 ut
3248 1509 3346 1564 per
3358 1494 3479 1550 illos
3499 1494 3801 1552 ﬁdeisemi-

2203 1578 2418 1633 narium
2439 1586 2808 1648 spargeretur.

2472 1712 2802 1771 DOMINICA
2833 1714 3106 1773 SANCTA
3142 1715 3211 1772 IN
3248 1716 3541 1775 PASCHA.

2525 1842 2684 1883 ΒΕΔΤΙ
2748 1844 2906 1885 ηοω
2978 1844 3233 1886 Λροετοω
3305 1846 3374 1886 ΔΙ)
3446 1845 3800 1900 εοιιωτιιιοε,

2882 1913 3003 1954 CAP.
3030 1915 3085 1953 ν.

2201 1841 2461 1882 εριετοιλ

2282 2028 2299 2062 ι
2344 2010 2655 2082 Expurgate
2686 2020 2845 2068 vetus
2886 2011 3216 2068 fermentum
3258 2020 3319 2068 ut
3344 2014 3467 2070 sitis
3496 2029 3641 2069 nova
3666 2029 3802 2070 con-

2209 2120 2228 2154 c
2260 2103 2488 2173 spersio,
2520 2102 2661 2158 sicut
2681 2103 2814 2159 estis
2835 2105 3031 2175 azymi.
3060 2105 3279 2161 Etenim
3302 2106 3514 2161 Pascha
3545 2114 3802 2162 nostrum

2209 2214 2227 2247 ι
2275 2195 2585 2251 immolatus
2607 2204 2697 2251 est
2736 2195 3009 2264 Christus,
3036 2197 3221 2268 itaque
3245 2198 3527 2269 epulemur
3553 2238 3571 2263 ,
3601 2214 3713 2253 non
3744 2199 3801 2253 in

2210 2304 2228 2336 ι
2273 2284 2542 2341 fermento
2583 2286 2776 2353 veteri,
2819 2301 3000 2357 neque
3049 2287 3107 2343 in
3153 2286 3423 2343 fermento
3469 2287 3698 2343 malitias
3747 2294 3806 2342 et

2210 2395 2230 2430 ‹
2276 2376 2567 2446 nequitiae,
2622 2377 2720 2433 sed
2764 2376 2823 2432 in
2878 2379 3089 2449 azymis
3139 2379 3474 2436 sinceritatis
3534 2388 3593 2436 et
3648 2379 3803 2435 veri-

2211 2486 2229 2518 (
2277 2467 2425 2522 tatis.
2473 2486 2493 2520 ι

2280 2558 2583 2629 Expurgate
2603 2567 2747 2613 uetus
2786 2557 3121 2628 fermentum,
3140 2568 3197 2637 ut
3248 2560 3363 2615 sitis
3389 2576 3521 2615 noua
3548 2576 3803 2630 comper-

2205 2649 2304 2703 sio.
2365 2648 2423 2703 id
2458 2656 2566 2715 est,
2589 2648 2726 2703 nihil
2749 2649 2803 2704 in
2827 2650 2983 2705 vobis
3005 2657 3307 2718 remaneat,
3356 2651 3425 2706 de
3451 2651 3657 2706 veteris
3677 2667 3806 2707 cor-

2206 2739 2699 2809 ruptionenaturae,
2715 2738 2812 2795 sed
2852 2738 3053 2795 sinceri
3103 2746 3301 2806 estote,
3326 2739 3567 2795 candore
3583 2739 3802 2809 gratia,

2208 2830 2385 2885 nitore
2405 2828 2650 2898 justitite.

2278 2917 2427 2974 Sicut
2448 2919 2572 2974 estis
2591 2920 2787 2990 asymi.
2818 2918 2934 2975 lloc
2956 2927 3065 2986 est,
3107 2919 3284 2992 azymi
3314 2918 3443 2974 facti
3464 2934 3565 2989 per
3590 2918 3802 2990 baptis-

2210 3025 2381 3075 mum,
2423 3009 2568 3079 quod
2600 3010 2771 3091 pubis
2815 3009 3069 3066 Christus
3114 3024 3213 3065 sua
3269 3010 3526 3080 passione
3566 3010 3802 3081 largitus

2133 3096 2178 3159 C
2209 3109 2314 3164 est,
2362 3114 2469 3155 non
2487 3098 2602 3169 jam
2637 3100 2694 3154 in
2722 3101 2846 3172 agni
2863 3100 3065 3171 specie,
3108 3101 3206 3157 sed
3251 3101 3309 3156 in
3342 3101 3578 3156 veritate
3605 3115 3803 3171 corpo-

2209 3192 2287 3247 ris
2329 3191 2656 3247 immolatus.
2687 3190 2833 3247 Nihil
2891 3195 3076 3263 itaque
3096 3192 3152 3247 in
3177 3193 3331 3249 vobis
3360 3194 3801 3251 conversationis

2207 3285 2454 3356 pristinae
2476 3285 2822 3355 relinquatis,
2837 3288 2983 3358 quod
3006 3287 3377 3344 sinceritatem
3398 3288 3565 3359 possit
3590 3297 3803 3346 natum

2208 3388 2576 3445 corrumpere.

2281 3464 2494 3520 Etenim
2534 3464 2745 3521 Pascha
2785 3476 3021 3523 nostrum
3059 3468 3363 3525 immolatus
3405 3479 3481 3526 est
3530 3470 3801 3527 Christus.

2208 3561 2288 3616 Ac
2334 3561 2379 3617 si
2424 3561 2652 3628 diceret,
2698 3577 2807 3617 non
2835 3578 2867 3618 a
2892 3562 3048 3619 nobis
3087 3563 3145 3617 in
3187 3562 3359 3635 ﬁgura
3404 3579 3597 3634 agnus,
3656 3566 3804 3622 sicut

2206 3650 2432 3720 Iudaeis,
2491 3653 2588 3709 sed
2646 3653 2703 3708 in
2744 3654 2977 3711 veritate
3024 3655 3183 3711 nobis
3227 3656 3469 3726 quotidie
3528 3658 3805 3714 occiditur

2208 3742 2481 3811 Christus,
2528 3752 2586 3800 et
2628 3743 2835 3801 Pascha
2885 3746 3129 3817 quotidie
3181 3747 3544 3815 celebramus,
3598 3750 3645 3805 si
3693 3749 3801 3806 fer-

2208 3846 2452 3894 mentum
2490 3837 2710 3894 malitia:
2754 3847 2811 3895 et
2842 3841 3113 3911 nequitiae
3153 3857 3263 3897 non
3281 3841 3565 3898 habemus.
3614 3843 3686 3898 Et
3708 3842 3803 3899 Ju-

2209 3928 2311 3984 daei
2362 3928 2581 3997 quidem
2641 3938 2847 3999 septem
2908 3932 3101 3987 diebus
3170 3947 3361 4003 azyma
3412 3934 3800 4001 eomeelebant,

2209 4027 2265 4073 ct
2308 4019 2436 4090 quia
2458 4018 2512 4074 in
2554 4029 2761 4089 septem
2807 4020 2999 4077 diebus
3044 4023 3277 4079 mundus
3321 4030 3406 4079 est
3455 4022 3654 4087 factus,
3708 4025 3803 4096 qui

2210 4124 2425 4180 semper
2453 4108 2510 4164 in
2532 4124 2632 4166 suo
2659 4110 2852 4166 ordine
2875 4112 3192 4167 revolvitur.
3214 4111 3324 4167 Nos
3344 4111 3672 4183 simpliciter
3693 4115 3799 4169 Pa-

2209 4201 2339 4256 scha
2361 4200 2701 4257 celebramus
2728 4201 2774 4256 si
2799 4201 2855 4257 in
2904 4202 2991 4258 his
3023 4203 3214 4258 diebus
3244 4218 3379 4273 pure
3420 4211 3477 4258 et
3501 4204 3798 4262 sinceriter

2209 4308 2513 4349 versamur.
2569 4292 2724 4360 Quod
2747 4302 2832 4349 est
2884 4295 3029 4349 enim
3079 4294 3225 4351 aliud
3269 4295 3631 4362 fermentum,
3692 4298 3802 4353 nisi

525 4407 593 4461 Et
634 4407 889 4477 quoniam
929 4385 1130 4476 magna
1169 4424 1298 4478 pars
1320 4410 1435 4480 jam
1487 4385 1666 4468 fuerat
1692 4414 1867 4470 noctis
1913 4423 2106 4471 exacta
2134 4435 2188 4495 D
2212 4385 2785 4495 Truﬁﬁgﬂfwrfi
3017 4387 3296 4495 ei“???
3321 4388 3487 4495 _P"i“_s
3546 4404 3579 4443 ³
3625 4399 3793 4445 Μω-

526 4499 756 4555 Domino
779 4508 1115 4570 resurgente.
1156 4498 1394 4571 Vespere,
1427 4503 1529 4558 hoc
1558 4512 1660 4566 est,
1686 4519 1808 4560 sero
1837 4520 1931 4561 seu
1959 4506 2111 4562 tarde

525 4591 726 4647 dicitur
769 4607 801 4646 a
849 4591 1123 4657 Matthaeo,
1159 4592 1305 4664 quod
1356 4602 1410 4649 et
1456 4594 1693 4650 Joannes
1736 4596 2008 4667 signiﬁcat
2033 4597 2110 4653 di-

526 4680 726 4737 luculo.
805 4681 996 4738 Adhuc
1046 4693 1227 4740 tamen
1291 4686 1530 4741 tenebrae
1589 4695 1787 4753 erant,
1843 4696 1906 4742 ut
1950 4688 2109 4757 juxta

527 4774 851 4828 matutinum
898 4782 1110 4847 tempus
1172 4776 1259 4831 illa
1313 4778 1447 4832 hora
1499 4779 1675 4847 possit
1697 4778 1944 4849 intelligi.

600 4861 723 4917 Prw
764 4865 948 4920 timore
987 4876 1162 4921 autem
1202 4883 1230 4922 e
1256 4885 1317 4922 us
1347 4869 1582 4922 exterriti
1605 4878 1727 4923 sunt
1752 4869 2012 4936 custodes,
2057 4879 2107 4923 et

527 4956 656 5026 facti
696 4966 819 5011 sunt
857 4957 993 5013 velut
1016 4962 1232 5015 mortui.
1260 4960 1700 5032 Respondensque
1723 4961 1939 5032 angelus
1976 4962 2112 5017 dixit

528 5051 859 5119 mulieribus,
899 5053 1058 5109 nolite
1081 5056 1262 5109 timere
1300 5070 1409 5119 vos,
1454 5054 1563 5107 scio
1581 5054 1719 5108 enim
1760 5055 1900 5125 quod
1921 5054 2107 5110 Iesum

528 5141 620 5211 qui
642 5142 927 5212 cruciﬁxus
968 5152 1044 5199 est
1082 5143 1337 5214 queritis.
1378 5142 1478 5212 (Ex
1506 5141 1717 5213 Hiero.)
1749 5142 2012 5201 Custodes
2035 5145 2108 5199 ti-

533 5249 682 5289 more
726 5236 1021 5305 perterriti,
1077 5236 1251 5301 instar
1297 5241 1635 5288 mortuorum
1696 5235 1984 5305 stupefacti
2025 5236 2111 5305 ja—

530 5331 671 5389 cent,
725 5326 821 5379 sed
859 5333 1039 5381 tamen
1072 5322 1316 5395 angelus,
1370 5338 1475 5379 non
1515 5322 1653 5391 illos,
1706 5326 1801 5381 sed
1855 5326 2108 5383 mulieres

531 5417 843 5473 consolatur
864 5436 877 5472 :
900 5418 1079 5472 Nolite
1097 5418 1279 5470 timere
1304 5406 1425 5478 vos:
1449 5416 1546 5481 illi,
1566 5419 1761 5488 inquit,
1782 5419 2028 5485 timeant,
2052 5421 2107 5474 in

533 5507 621 5562 bis
657 5515 969 5576 perseveret
1019 5521 1209 5576 pavor,
1259 5506 1315 5561 in
1369 5507 1566 5576 quibus
1609 5518 1895 5581 permanet
1935 5511 2111 5567 inere-

530 5596 749 5652 dulitas.
784 5597 1049 5652 Cancrum
1088 5612 1205 5661 vos,
1238 5599 1364 5667 quia
1408 5598 1589 5655 losum
1633 5600 1875 5670 quaeritis
1925 5602 2107 5656 cruci-

536 5690 720 5753 lixum,
773 5686 953 5742 audite
1002 5688 1146 5759 quod
1192 5692 1552 5747 resurrcxcrit
1595 5700 1647 5749 ct
1696 5692 1961 5762 promissa
1989 5708 2109 5762 pcr-

2213 4473 2315 4527 rali
2361 4472 2645 4529 dulcedine
2697 4475 2978 4543 recedens,
3039 4477 3345 4533 adulterino
3408 4492 3573 4535 aeore
3614 4495 3801 4535 corm-

2215 4571 2371 4633 ptum
2400 4572 2503 4620 est.

2284 4654 2474 4726 Itaque
2491 4655 2779 4726 epulemur.
2816 4657 2874 4712 ld
2898 4666 3001 4725 est,
3032 4674 3132 4714 nos
3168 4659 3263 4729 qui
3311 4672 3342 4713 a
3390 4657 3663 4715 fermento
3685 4677 3799 4716 ma-

2213 4747 2344 4804 litiae
2381 4757 2437 4804 et
2474 4749 2728 4818 nequitia:
2771 4750 3108 4807 abstinemus
3138 4752 3344 4822 jugiter
3371 4751 3631 4806 salutaris
3676 4761 3797 4807 actu

2213 4839 2403 4895 salutis
2450 4840 2711 4896 solemnia
2752 4840 3109 4908 celebremus,
3160 4851 3215 4898 et
3279 4843 3527 4898 interiori
3578 4842 3799 4898 homine

2212 4929 2574 5000 simplicitatis
2620 4940 2677 4986 et
2717 4931 2967 4987 veritatis
2993 4932 3200 5003 azymis
3250 4932 3576 5002 repleamur.

2517 5056 2854 5097 EVANGELIUI
2894 5057 3081 5107 IABCI,
3121 5058 3239 5097 CAP.
3281 5057 3505 5098 υιτιιιο.

2288 5158 2309 5193 ι
2354 5140 2523 5195 Maria
2564 5140 2878 5211 Magdalene
2928 5149 2984 5197 et
3023 5141 3192 5196 Maria
3240 5140 3430 5206 Jacobi
3479 5149 3535 5197 et
3580 5141 3800 5199 Salome

2218 5253 2237 5287 ι
2283 5241 2535 5289 emerunt
2563 5241 2829 5302 aromata,
2887 5241 2949 5288 ut
2986 5235 3268 5290 venientes
3293 5242 3564 5304 ungerent
3586 5232 3794 5290 Jesum.

2221 5344 2241 5377 ι
2286 5327 2353 5381 Et
2391 5326 2547 5380 valde
2573 5340 2732 5380 mane
2757 5341 2866 5381 una
2906 5325 3265 5381 Sabbatorum
3313 5326 3537 5382 veniunt
3573 5328 3645 5383 ad
3685 5342 3798 5382 mo-

2222 5436 2241 5468 c
2287 5425 2628 5483 numentum,
2658 5423 2781 5471 orto
2792 5416 2905 5485 jam
2929 5416 3061 5473 sole.
3090 5416 3160 5472 Et
3177 5417 3429 5473 dicebant
3448 5417 3514 5472 ad
3536 5416 3796 5482 invicem,

2222 5528 2240 5561 ι
2286 5509 2418 5577 Quis
2444 5508 2683 5564 revolvet
2709 5510 2864 5565 nobis
2894 5510 3125 5580 lapidem
3161 5510 3231 5566 ab
3257 5510 3396 5566 ostio
3416 5508 3755 5566 monumenti
3775 5505 3805 5559 ἲ

2221 5619 2240 5651 ι
2288 5601 2355 5653 Et
2381 5598 2738 5668 respicientes
2758 5600 3011 5655 viderunt
3039 5599 3338 5655 revolutum
3363 5599 3622 5670 lapidem.
3668 5597 3799 5654 Erat

2225 5712 2241 5742 ‹
2268 5691 2465 5762 quippe
2483 5705 2709 5760 magnus
2744 5692 2916 5748 valde.
2946 5692 3011 5747 Et
3044 5692 3376 5748 introcuntcs
3402 5692 3457 5748 in
3477 5704 3798 5748 monumen-
