3978 6434
213 348 322 403 223

1024 338 1538 398 COLLliC'I‘IONES
1575 341 1640 396 IN
1680 341 2056 399 EPISTOLAS
2097 308 2182 399 DT
2224 345 2629 400 EVANGELIA.

3388 358 3490 414 ἐφ.δῖ

222 479 242 514 ι
289 472 425 523 tum,
480 456 732 511 viderunt
762 453 1017 523 juvenem
1064 455 1342 509 sedentem
1391 469 1420 507 a
1448 454 1678 519 dextris,
1710 467 1801 508 co—
1827 462 1875 521 Α
1905 468 1971 507 ac
2017 452 2126 507 vita
2181 453 2448 522 speranda
2505 463 2766 526 perpetua
2811 458 2975 528 cmpit
3017 467 3130 516 toto
3168 463 3300 520 orbe
3336 481 3483 537 prte-

224 571 244 604 t
279 556 528 627 opertum
568 546 705 601 stola
746 546 995 627 candida,
1020 551 1079 601 et
1117 545 1533 613 obstupuerunt.
1583 544 1686 611 Qui
1717 545 1799 598 di-

221 657 244 691 c
290 625 364 694 cit
392 636 497 692 illis
526 655 541 691 :
576 633 753 690 Nolite
772 625 1151 704 expavescere,
1203 629 1390 688 Jesum
1427 633 1671 703 quieritis
1693 633 1800 687 Na-

179 708 201 727 ’
223 749 243 782 ι
293 716 570 792 zarenutn,
610 724 929 781 cruciﬁxum
954 741 970 790 ;
994 722 1255 791 surrexit,
1288 740 1395 780 non
1417 733 1500 780 est
1522 724 1631 790 hic,
1673 739 1801 797 ecce

221 840 244 874 ι
290 822 440 877 locus
493 819 586 874 ubi
630 825 927 889 posuerunt
988 832 1154 883 eum;
1200 816 1298 873 sed
1346 818 1443 883 ite,
1499 816 1665 873 dicite
1720 817 1790 872 di-

222 933 242 964 ι
299 912 521 983 scipulis
585 911 704 982 ejus
754 919 811 966 et
853 910 1057 975 Petro,
1100 911 1230 980 quia
1291 910 1548 981 praecedit
1599 925 1698 965 vos
1745 911 1801 966 in

221 1026 241 1059 ι
288 1004 601 1070 Galiltcam,
649 1003 723 1058 ibi
764 1018 888 1058 eum
917 1002 1169 1059 videbitis
1214 1002 1354 1058 sicut
1400 1002 1539 1058 dixit
1564 1001 1734 1059 vobis.
1776 1022 1796 1056 ι

290 1138 466 1193 Maria
493 1123 806 1207 Magdalene
825 1146 873 1190 et
900 1134 1079 1189 Maria
1127 1133 1316 1190 Jacobi
1339 1145 1387 1191 et
1409 1133 1621 1191 Salome
1657 1152 1797 1190 eme-

212 1238 339 1283 runt
361 1237 619 1289 aromata,
646 1236 703 1281 ut
728 1226 980 1281 venientes
1021 1234 1275 1295 ungerent
1289 1225 1495 1280 Iesum.
1538 1226 1596 1280 In
1620 1225 1799 1280 Evan-

212 1319 355 1389 gelio
389 1316 552 1372 Luca:
596 1316 856 1387 scriptum
884 1323 985 1379 est,
1013 1315 1157 1386 quod
1181 1323 1516 1371 revertentes
1553 1331 1585 1372 a
1608 1330 1800 1370 monu-

212 1416 416 1471 mento,
447 1413 775 1478 paraverunt
796 1412 1041 1460 aromata
1087 1420 1144 1460 et
1166 1414 1464 1476 unguenta,
1489 1414 1546 1459 et
1572 1406 1798 1461 sabbato

210 1498 431 1567 quidem
476 1498 742 1553 siluerunt
793 1504 1015 1567 propter
1061 1498 1376 1551 mandatum
1433 1496 1586 1569 (Luc.
1621 1500 1797 1570 mn).

210 1588 521 1643 Mandatum
553 1601 681 1657 ergo
717 1586 851 1658 legis
891 1592 1030 1653 erat,
1070 1593 1133 1641 ut
1171 1576 1386 1643 sabbaii
1424 1587 1722 1653 silentium,
1763 1603 1795 1642 a

210 1694 436 1749 vespera
482 1694 657 1749 usque
716 1678 782 1733 ad
831 1693 1115 1749 vesperam
1169 1688 1503 1736 servaretur.
1560 1680 1796 1751 Ideoque

209 1769 464 1841 religiose
506 1768 761 1826 mulieres
823 1775 1033 1840 sepulto
1086 1767 1317 1824 Domino
1345 1809 1361 1834 ,
1420 1769 1677 1839 quamdiu
1730 1770 1794 1824 li-

210 1861 373 1916 cebat
396 1859 633 1931 operari,
692 1859 749 1914 id
778 1867 883 1920 est.
937 1874 1110 1929 usque
1156 1856 1228 1915 ad
1250 1859 1382 1916 solis
1415 1872 1695 1925 occasum,
1740 1862 1795 1916 in

209 1950 503 2021 unguentis
554 1949 1119 2020 praeparandis‘erant
1152 1955 1457 2021 'occupataz,
1509 1959 1570 2006 ut
1622 1951 1798 2007 Lucas

209 2041 422 2096 scribit.
480 2040 547 2095 Et
585 2040 727 2110 quod
756 2048 886 2096 tunc
933 2053 1045 2111 pra:
1072 2041 1321 2110 angustia
1367 2041 1630 2112 temporis
1662 2055 1799 2112 opus

210 2131 429 2202 explere
486 2131 801 2201 nequibant,
866 2131 1259 2187 festinaverunt
1305 2146 1455 2199 mox,
1512 2140 1571 2187 ut
1615 2139 1798 2188 trans-

210 2229 335 2277 acto
374 2219 585 2275 sabbati
632 2261 647 2285 ,
672 2220 851 2286 idest,
911 2221 1196 2277 occidente
1223 2220 1358 2288 sole,
1408 2220 1503 2276 ubi
1538 2222 1796 2292 operandi

208 2312 427 2366 licentia
477 2319 816 2366 remeaverat
864 2325 1048 2367 emere
1097 2320 1346 2367 aromata
1374 2352 1390 2378 ,
1451 2312 1595 2368 sicut
1657 2311 1799 2367 Mar-

211 2416 307 2456 cus
342 2399 544 2465 refert,
598 2401 874 2456 venientes
922 2416 1083 2457 mane
1123 2411 1391 2474 ungerent
1417 2416 1616 2473 corpus
1657 2403 1795 2474 ejus.

212 2488 397 2560 Neque
467 2490 611 2544 enim
681 2505 905 2561 vespere
955 2490 1168 2546 sabbati
1216 2504 1632 2563 praeoccupante
1681 2490 1798 2561 jam

211 2580 387 2635 noctis
438 2578 689 2643 articulo,
742 2588 1151 2635 monumentum
1201 2580 1354 2636 adire
1379 2580 1690 2637 voluerunt.

284 2711 352 2765 Et
405 2709 556 2765 valde
603 2727 755 2767 mane
804 2729 912 2767 una
950 2700 1288 2769 sabbatorum
1326 2715 1535 2771 veniunt
1578 2714 1648 2770 ad
1683 2732 1797 2770 mo-

220 2812 527 2857 numentum
580 2813 695 2858 orto
730 2805 850 2875 jam
872 2805 1000 2860 sole.
1041 2806 1225 2862 Prima
1273 2807 1643 2872 sabbatorum,
1689 2808 1803 2878 pri-

211 2910 301 2948 ma
351 2894 467 2949 dies
517 2902 622 2960 est,
672 2909 703 2947 a
752 2895 839 2950 die
869 2897 1240 2965 sabbatorum,
1294 2898 1470 2964 idest,
1505 2897 1799 2971 requietio-

212 3003 364 3052 num,
413 3001 578 3056 quam
604 3003 747 3044 nunc
772 2990 915 3046 diem
961 2992 1310 3057 dominicam,
1363 3001 1586 3064 propter
1608 3009 1796 3049 resur-

215 3079 511 3135 rectionem
533 3077 759 3136 Domini
780 3081 1087 3150 salvatoris,
1132 3099 1252 3139 mos
1274 3084 1680 3139 ecclesiasticus
1701 3100 1797 3156 ap-

1903 543 2074 600 dicati

1973 632 2040 687 Et
2065 637 2383 689 introeuntes
2428 635 2479 689 in
2517 646 2932 705 monumentum,
2975 640 3213 697 viderunt
3238 644 3486 715 juvenem

1899 727 2160 782 sedentem
2200 727 2255 782 in
2295 728 2513 789 dextris.
2582 739 2880 799 coopertum
2942 731 3077 786 stola
3134 736 3388 804 candida,
3434 753 3481 793 et

1898 816 2296 889 obstupuerunt.
2325 817 2670 873 lntroeuntes
2715 818 2785 873 ab
2823 819 3033 875 oriente
3058 821 3114 875 in
3157 824 3374 880 domum
3415 828 3483 881 il-

1900 907 2009 962 lam
2053 908 2364 974 rotundam,
2408 924 2529 979 qua:
2574 908 2630 962 in
2670 917 2824 980 petra
2864 918 2948 965 est
2995 911 3202 979 excisa,
3241 915 3492 972 viderunt

1901 998 2153 1070 angelum
2190 999 2469 1055 sedentem
2505 999 2572 1055 ad
2612 999 2972 1055 meridianam
3009 1009 3221 1071 partem
3274 1005 3377 1060 loci
3434 1007 3494 1060 il-

1900 1090 2028 1156 lius,
2080 1091 2172 1147 ubi
2224 1091 2461 1161 positum
2502 1089 2683 1145 fuerat
2735 1106 2935 1162 corpus
2973 1091 3123 1148 Jesu.
3180 1094 3296 1151 Hoc
3344 1100 3487 1153 enim

1898 1189 2019 1236 erat
2062 1181 2117 1235 in
2158 1181 2364 1236 dextris
2395 1199 2406 1235 :
2434 1179 2571 1248 Quia
2620 1180 2876 1235 nimirum
2925 1165 3153 1252 corpus,
3199 1186 3341 1254 quod
3399 1202 3490 1242 su-

1898 1271 2084 1340 pinum
2114 1272 2325 1342 jacens,
2370 1280 2533 1342 caput
2558 1271 2793 1326 habebat
2815 1273 2881 1326 ad
2911 1288 3188 1341 occasum,
3240 1279 3489 1337 dextram

1899 1376 2123 1418 necesse
2165 1371 2248 1416 est
2275 1361 2502 1417 haberet
2542 1362 2611 1416 ad
2639 1372 2908 1428 austrum,
2950 1366 3140 1420 scribit
3178 1369 3319 1422 enim
3352 1369 3489 1424 Mat-

1899 1455 2097 1520 thatus,
2136 1455 2279 1525 quod
2299 1454 2569 1526 angelum,
2596 1455 2688 1524 qui
2725 1454 2953 1510 revolvit
2987 1456 3221 1526 lapidem
3249 1460 3319 1515 ab
3345 1461 3488 1518 ostio

1899 1545 2258 1609 monumenti,
2315 1544 2494 1615 primo
2537 1544 2793 1598 viderunt
2837 1560 3002 1615 super
3042 1546 3217 1617 ipsum
3256 1548 3487 1619 lapidem

1898 1636 2198 1703 sedentem,
2253 1636 2346 1707 qui
2393 1651 2487 1692 eas
2523 1636 2731 1691 intrare
2779 1636 2834 1691 in
2871 1637 3049 1693 locum
3100 1640 3193 1694 ubi
3226 1642 3490 1699 Dominus

1898 1733 2016 1780 erat
2058 1725 2266 1796 positus
2298 1723 2547 1794 jusserit,
2596 1733 2653 1781 et
2699 1725 2884 1781 videre
2932 1727 3078 1797 quod
3117 1728 3232 1799 jam
3300 1745 3486 1786 resur-

1823 1837 1871 1896 B
1900 1817 2135 1872 rexisset
2179 1833 2207 1871 a
2257 1819 2502 1873 mortuis.
2536 1816 2741 1873 Scribit
2790 1818 2988 1883 Lucas,
3033 1821 3180 1890 quod
3217 1820 3487 1880 intrantes

1899 1908 1965 1975 in
1996 1916 2404 1964 monumentum
2440 1908 2577 1964 duos
2622 1908 2841 1980 angelos
2867 1908 2923 1964 in
2964 1909 3104 1966 albis
3151 1912 3285 1969 inibi
3332 1923 3487 1970 stan-

1899 2007 1981 2056 tes
2024 2000 2367 2055 invenerunt.
2415 1998 2523 2054 illae
2572 2014 2703 2071 ergo
2740 1999 2994 2055 mulieres
3024 2002 3242 2073 angelos
3278 2005 3483 2071 vident,

1899 2108 2021 2163 quae
2061 2108 2186 2147 cum
2234 2091 2569 2148 aromatibus
2599 2101 2888 2157 venerunt,
2939 2092 3064 2163 quia
3103 2093 3356 2151 videlicet
3384 2097 3487 2152 illae

1899 2195 2110 2241 mentes
2147 2199 2311 2255 super
2345 2199 2447 2240 nos
2493 2184 2639 2239 cives
2669 2183 2960 2255 aspiciunt,
3008 2201 3129 2256 qua:
3170 2202 3292 2242 cum
3314 2188 3488 2243 virtu-

1900 2274 2042 2329 tibus
2072 2274 2141 2329 ad
2180 2273 2466 2330 Dominum
2506 2288 2604 2343 per
2624 2282 2815 2329 sancta
2838 2273 3108 2330 desideria
3134 2276 3486 2346 proﬁciscun-

1901 2372 2008 2420 tur.
2062 2363 2369 2420 Notandum
2413 2379 2544 2419 vero
2590 2363 2747 2420 nobis
2800 2371 2884 2420 est
2914 2364 3173 2434 quidnam
3206 2367 3295 2433 sit,
3343 2371 3486 2438 quod

1900 2454 1957 2509 in
2005 2454 2210 2511 dextris
2250 2453 2443 2511 sedere
2485 2454 2709 2526 angelus
2752 2455 3015 2511 cernitur.
3067 2455 3209 2524 Quid
3241 2460 3489 2530 ‘namque

1897 2561 1997 2617 per
2041 2546 2343 2613 sinistram,
2384 2546 2489 2602 nisi
2529 2547 2638 2601 vita
2688 2548 2964 2617 prmsens?
3013 2548 3142 2618 quid
3194 2565 3327 2607 vero
3388 2569 3487 2624 per
3586 2572 3591 2583 ι

1899 2625 2164 2702 dextram,
2226 2638 2333 2693 nisi
2386 2646 2652 2709 perpetua
2697 2640 2803 2694 vita
2838 2639 3118 2712 signatur?
3158 2639 3312 2697 Unde
3353 2644 3488 2698 scri-

1897 2736 2051 2798 ptum
2103 2735 2233 2784 est:
2280 2726 2439 2783 Ltrva
2479 2729 2596 2801 ejus
2656 2731 2751 2784 sub
2796 2732 2966 2802 capite
3010 2747 3144 2792 meo,
3189 2741 3238 2786 et
3300 2734 3486 2789 dextra

1896 2816 2043 2872 illius
2085 2815 2472 2888 amplexabitur
2512 2834 2615 2872 me.
2664 2817 2961 2875 Sinistram
2998 2834 3232 2890 namque
3260 2821 3357 2876 Dei
3386 2822 3489 2879 Ec-

1898 2906 2087 2973 clesia,
2115 2905 2539 2977 prosperitatem
2564 2908 2820 2964 videlicet
2856 2909 2982 2965 vita:
3010 2911 3315 2979 praesentis,
3361 2929 3488 2983 qua-

1899 2997 1945 3053 si
1971 2997 2072 3052 sub
2093 2996 2272 3067 capite
2303 2997 2504 3066 posuit,
2546 3012 2710 3067 quam
2742 2998 3049 3055 intensione
3095 3002 3292 3057 summi
3335 3018 3487 3059 amo-

1899 3087 1976 3143 ris
2004 3088 2238 3159 premit.
2267 3087 2502 3142 Dextera
2521 3102 2653 3142 vero
2675 3085 2772 3143 Dei
2801 3104 2921 3145 eam
2953 3095 3319 3164 amplectitur,
3350 3094 3481 3164 quia

209 3173 395 3243 pellat.
431 3174 489 3231 ld
511 3176 688 3247 ipsum
741 3182 1051 3240 autemest,
1107 3190 1231 3232 cum
1281 3192 1387 3232 una
1423 3177 1636 3233 sabbati
1681 3178 1796 3233 sive
1823 3187 1867 3250 ρ
1898 3179 1999 3234 sub
2041 3186 2243 3233 auerna
2291 3177 2412 3248 ejus
2450 3177 2790 3234 beatitudine
2841 3188 2952 3235 tota
2996 3184 3282 3240 devotione
3303 3187 3476 3240 conti—

211 3279 319 3319 una
362 3265 711 3322 sabbatorum
754 3265 999 3338 legimus,
1033 3265 1086 3322 id
1112 3274 1217 3332 est,
1248 3282 1354 3321 una
1386 3266 1504 3323 dies
1539 3283 1571 3322 a
1600 3267 1793 3323 sabba-

214 3362 392 3410 torum
415 3355 520 3421 die,
571 3357 675 3411 hoc
697 3364 803 3421 est,
835 3355 1232 3426 requietionum
1281 3370 1402 3425 quae
1442 3355 1497 3411 in
1552 3356 1793 3412 sabbatis

209 3447 670 3501 custodiebantur.
701 3446 914 3501 Sancta).
940 3453 1120 3500 autem
1147 3444 1423 3512 mulieres,
1472 3462 1592 3517 qua:
1612 3446 1795 3502 Domi-

212 3552 343 3591 num
403 3536 618 3592 fuerant
674 3544 893 3603 secutae,
923 3552 1048 3592 cum
1093 3535 1430 3593 aromatibus
1474 3537 1545 3593 ad
1601 3553 1794 3593 monu-
1846 3528 1861 3542 ⁷

212 3637 454 3682 mentum
478 3634 762 3693 venerunt,
788 3635 843 3682 et
868 3626 921 3683 ei
967 3641 1131 3698 quem
1170 3627 1442 3682 viventem
1467 3626 1791 3691 dilexerant,

210 3718 374 3773 etiazn
416 3726 628 3774 mortuo
669 3717 850 3772 studio
893 3716 1244 3772 humanitatis
1280 3715 1673 3787 obsequuntur.
1725 3715 1794 3771 Et

211 3823 314 3863 nos
356 3824 485 3880 ergo
529 3809 585 3863 in
640 3824 789 3875 eum,
839 3809 931 3879 qui
967 3817 1052 3864 est
1090 3815 1338 3863 mortuus
1382 3807 1690 3873 credentes,
1746 3809 1792 3863 si

208 3902 378 3957 odore
440 3902 698 3957 virtutum
749 3900 975 3965 referti,
1040 3916 1165 3956 cum
1216 3900 1471 3970 opinione
1523 3901 1792 3956 bonorum

208 4011 435 4067 operum
473 3995 758 4051 Dominum
785 3995 1100 4066 quaerimus,
1130 3994 1199 4049 ad
1231 4001 1641 4050 monumentum
1668 4007 1796 4064 pros:

208 4084 356 4141 lecto
386 4084 531 4139 illius
581 4100 704 4139 cum
729 4085 1063 4139 aromatibus
1110 4084 1376 4138 venimus.
1426 4081 1582 4149 Quod
1610 4088 1793 4137 autem

209 4176 367 4231 valde
413 4191 572 4230 mane
634 4175 888 4231 mulieres
931 4182 1200 4231 venerunt
1244 4173 1313 4228 ad
1357 4180 1788 4237 monumentum,

206 4275 332 4321 orto
377 4267 486 4337 jam
535 4266 667 4332 sole,
718 4267 774 4322 id
804 4274 910 4331 est,
947 4281 1069 4321 cum
1087 4264 1200 4334 jam
1227 4263 1425 4319 coelum
1459 4263 1528 4318 ab
1564 4262 1792 4318 orientis

206 4364 365 4427 parte
389 4356 701 4421 albesceret,
731 4357 873 4427 quod
906 4372 1011 4423 non
1037 4354 1098 4409 fit
1125 4355 1313 4425 utique
1333 4353 1436 4409 nisi
1462 4352 1592 4409 solis
1615 4353 1794 4408 orien-

208 4446 283 4500 tis
310 4445 604 4510 vicinitate,
630 4446 783 4517 juxta
808 4446 1093 4501 historiam
1114 4444 1331 4516 quidem
1375 4459 1604 4515 magnus
1644 4458 1793 4513 quat-

1900 3278 2081 3326 netur.
2138 3269 2277 3337 Quia
2326 3269 2493 3341 igitur
2518 3269 2827 3340 redemptor
2857 3281 3042 3329 noster
3072 3276 3188 3346 jam
3232 3291 3473 3346 prteseu—

1902 3364 1971 3421 tis
2016 3365 2141 3420 vitat
2170 3364 2573 3435 corruptionem
2612 3367 2924 3434 transierat,
2948 3377 3096 3424 recte
3126 3370 3350 3442 angelus
3388 3371 3481 3442 qui

1898 3455 2151 3510 nuntiare
2196 3469 2489 3526 perennem
2517 3453 2634 3525 ejus
2661 3455 2888 3527 gloriam
2950 3469 3194 3527 venerat,
3235 3463 3291 3518 in
3345 3463 3478 3520 dex-

1902 3555 1986 3602 tra
2058 3546 2301 3601 sedebat.
2356 3544 2458 3613 Qui
2505 3545 2645 3601 stola
2702 3548 2932 3603 candida
2987 3560 3276 3620 coopertus
3318 3568 3483 3625 appa-

1900 3638 2028 3704 ruit,
2071 3638 2197 3708 quia
2220 3636 2536 3693 festivitatis
2558 3645 2762 3693 nostrae
2786 3640 2981 3710 gaudia
3011 3644 3302 3698 nuntiavit.
3337 3644 3483 3700 Can-

1899 3730 1998 3785 dor
2018 3731 2219 3786 etenim
2247 3730 2433 3796 vestis,
2463 3730 2803 3801 splendorem
2823 3741 3022 3789 nostra:
3069 3734 3352 3791 denuntiat
3398 3752 3486 3793 so-

1898 3823 2193 3880 lemnitatis
2220 3842 2233 3878 :
2260 3823 2471 3879 Nostrae
2497 3824 2740 3881 dicamus
2777 3841 2847 3881 an
2885 3830 3037 3884 suae?
3079 3831 3173 3887 sed
3204 3840 3265 3886 ut
3312 3832 3482 3889 fatea-

1898 3931 2023 3970 mur
2064 3916 2268 3982 verius,
2290 3923 2345 3970 et
2384 3930 2496 3969 suae
2535 3915 2779 3972 dicamus
2809 3924 2865 3972 ct
2887 3928 3109 3987 nostrae,
3158 3922 3248 3977 illa
3279 3924 3479 3996 quippe

1898 4006 2259 4077 redemptoris
2312 4004 2484 4062 nostri
2538 4006 2889 4074 resurrectio,
2915 4016 2971 4063 et
2995 4019 3179 4067 nostra
3212 4011 3480 4069 festivitas

1901 4098 2018 4162 fuit,
2080 4097 2205 4167 quia
2240 4111 2339 4150 nos
2386 4095 2455 4150 ad
2516 4096 2979 4153 immortalitatem
3030 4101 3269 4168 reduxit,
3301 4112 3357 4159 et
3381 4120 3479 4159 an-

1898 4189 2142 4260 gelorum
2190 4186 2458 4243 festivitas
2496 4186 2727 4254 exstitit,
2770 4189 2895 4257 quia
2933 4205 3033 4246 nos
3062 4194 3370 4249 revocando
3411 4197 3480 4252 ad

1898 4277 2139 4335 cmlestia
2180 4290 2367 4330 eorum
2399 4290 2683 4330 numerum
2714 4276 2976 4345 implevit.
3024 4278 3081 4334 ιη
3110 4295 3204 4335 sua
3229 4296 3360 4355 ergo
3413 4300 3477 4339 ac

1896 4376 2085 4425 nostra
2127 4366 2420 4423 festivitate
2470 4364 2676 4436 angelis
2731 4367 2785 4420 in
2829 4368 2969 4425 albis
3013 4371 3254 4428 vestibus
3306 4390 3478 4446 appa-

1897 4462 2027 4528 ruit,
2060 4460 2182 4532 quia
2230 4459 2357 4514 dum
2390 4473 2490 4513 nos
2530 4473 2629 4529 per
2666 4462 3122 4518 resurrectionem
3150 4465 3479 4525 dominicam

208 4535 363 4589 rendi
398 4547 453 4590 ct
498 4536 803 4593 inveniendi
846 4537 1135 4592 Dominum
1183 4533 1366 4591 fervor
1390 4535 1676 4590 charitatis
1702 4550 1792 4590 os—
1816 4532 1871 4593 D
1897 4552 1965 4609 ad
2011 4565 2245 4623 superna
2278 4548 2610 4614 reducimur,
2651 4548 2892 4606 cmlestis
2938 4552 3129 4622 patriae
3166 4554 3362 4610 damna
3393 4574 3480 4615 re-

208 4626 468 4681 tenditur.
514 4624 679 4682 Juxta
717 4627 1051 4683 intellectum
1091 4640 1223 4681 vero
1269 4625 1560 4696 mysticum
1632 4623 1790 4679 nobis

208 4717 371 4771 datur
397 4717 723 4788 exemplum,
753 4717 1054 4773 illuminata
1080 4715 1219 4772 facie
1240 4715 1594 4786 deeussisque
1633 4714 1794 4770 vitio—

210 4822 332 4861 rum
359 4810 618 4874 tcnebris,
639 4808 860 4864 odorem
883 4808 1149 4865 bonorum
1189 4823 1417 4879 operum
1446 4806 1698 4874 Domino,
1737 4816 1794 4863 et

208 4899 513 4954 orationum
537 4900 861 4955 suavitatem
890 4900 1107 4956 oﬂ'erre.

284 5010 353 5064 Et
391 5012 631 5067 dicebant
672 5014 741 5068 ad
760 5014 977 5070 invicem
1000 5028 1019 5067 :
1045 5012 1174 5080 Quis
1215 5013 1435 5068 revolvat
1481 5014 1629 5069 nobis
1650 5013 1790 5086 lapi-

208 5100 330 5155 dem
369 5101 433 5156 ab
458 5104 591 5156 ostio
632 5105 1002 5159 monumenti?
1042 5104 1111 5160 Et
1155 5103 1505 5175 respicientes,
1550 5104 1791 5160 viderunt

208 5190 501 5245 revolutum
539 5191 788 5264 lapidem,
811 5202 926 5248 erat
947 5194 1134 5266 quippe
1173 5209 1394 5265 magnus
1436 5192 1604 5248 valde.
1647 5192 1789 5263 Quo-

207 5282 369 5338 modo
408 5282 547 5355 lapis
583 5298 680 5354 per
716 5283 966 5356 angelum
1025 5283 1300 5340 revolutus
1361 5283 1454 5349 sit,
1504 5283 1791 5340 Matthzcus

206 5373 545 5430 sufﬁcienter
581 5377 819 5446 exponit.
865 5374 973 5431 Sed
1012 5374 1277 5431 revolutio
1320 5373 1514 5445 lapidis
1563 5374 1792 5446 mystice

207 5466 601 5523 reserationem
640 5476 1101 5522 sacramentorum
1140 5464 1361 5531 Christi,
1386 5479 1506 5535 quae
1529 5463 1795 5520 velamine

206 5555 403 5615 litterae
441 5556 579 5627 legis
618 5559 958 5627 tenebantur,
989 5557 1246 5613 insinuat.
1287 5554 1399 5613 Lex
1452 5555 1598 5612 enim
1625 5556 1681 5611 in
1720 5556 1799 5611 la-

204 5649 331 5722 pide
375 5648 586 5719 scripta
632 5656 719 5704 est
744 5667 756 5703 :
780 5647 934 5718 cujus
971 5647 1152 5704 ablato
1193 5647 1450 5720 tegmine,
1483 5646 1654 5719 gloria
1692 5662 1802 5706 re—

203 5740 572 5802 surrectionis
634 5749 875 5804 ostensa,
923 5748 977 5797 et
1029 5737 1252 5795 abolitio
1298 5738 1489 5793 mortis
1542 5738 1799 5809 antiquae,

1894 4620 2176 4715 parantur.
2222 4639 2328 4695 Sed
2353 4637 2469 4708 jam
2499 4637 2629 4709 quid
2650 4620 3219 4698 venientes—fteminas
3257 4641 3478 4712 affatur,
3576 4620 3591 4629 θ

1897 4735 2183 4791 audiamus

1970 4824 2152 4881 Nolite
2193 4842 2549 4897 expavescere,
2596 4824 2780 4881 Iesum
2820 4824 3056 4897 qua'ritis
3110 4822 3476 4893 Nazarenam,

1899 4916 2248 4986 Cruci/imum,
2311 4917 2561 4983 surrexit,
2595 4932 2700 4971 non
2744 4924 2820 4971 est
2877 4914 2982 4983 hic,
3027 4932 3143 4970 ecce
3206 4914 3353 4971 locus
3389 4917 3479 4971 ubi

1895 5015 2180 5081 posuerunt
2221 5023 2360 5061 eum.
2408 5006 2606 5073 Nolite,
2650 5006 2848 5077 inquit,
2899 5022 3258 5076 expavescere,
3313 5022 3379 5064 ac
3429 5007 3479 5064 si

1894 5106 2083 5170 aperte
2130 5097 2311 5156 dicat:
2343 5096 2585 5153 Paveant
2627 5097 2726 5165 illi,
2767 5099 2862 5169 qui
2892 5113 2999 5154 non
3045 5106 3232 5153 amant
3275 5098 3479 5154 adven-

1892 5198 2008 5245 tum
2046 5203 2405 5261 supernorum
2439 5188 2659 5253 civium,
2719 5189 3105 5259 pertimescant
3148 5189 3242 5259 qui
3283 5204 3476 5244 carna-

1895 5281 2035 5337 libus
2101 5280 2390 5337 desideriis
2440 5281 2645 5350 pressi,
2705 5280 2775 5335 ad
2826 5294 3017 5335 eorum
3044 5295 3102 5335 se
3157 5280 3476 5335 societatem

1896 5371 2205 5443 pertingere
2247 5385 2406 5442 posse
2443 5371 2754 5441 desperant.
2807 5369 2918 5427 Vos
2958 5377 3138 5425 autem
3196 5385 3297 5425 cur
3348 5383 3478 5440 per-

1900 5462 2207 5531 timescitis,
2248 5477 2369 5532 quae
2406 5469 2619 5519 vestros
2667 5460 2923 5516 concives
2966 5459 3197 5515 videtis?
3226 5457 3381 5516 Unde
3422 5466 3480 5515 et

1900 5553 2183 5611 Mattheus
2203 5553 2451 5625 angelum
2474 5551 2791 5623 apparuisse
2835 5549 3149 5606 describens
3193 5548 3309 5603 ait:
3341 5546 3472 5606 Erat

1902 5656 2078 5702 autem
2102 5655 2344 5715 aspectus
2383 5644 2500 5716 ejus
2523 5644 2660 5698 sicut
2681 5639 2884 5712 fulgur,
2905 5648 2954 5695 et
2977 5639 3337 5694 vestimentum
3359 5636 3476 5707 ejus

1906 5739 2039 5793 sicut
2082 5738 2192 5791 nix.
2244 5736 2303 5791 In
2350 5734 2557 5806 fulgore
2602 5732 2804 5787 etenim
2836 5740 3009 5787 terror
3052 5728 3263 5785 timoris
3283 5735 3393 5800 est,
3421 5728 3482 5783 iu
