3978 6414
567 344 670 396 2:27

1849 341 2129 398 S.\l.-\llAG
2139 341 2204 396 Dl
2244 342 2532 399 ABBATlS

3730 337 3835 395 228

569 463 693 518 nive
752 468 932 518 autem
996 458 1417 516 blandimentum
1487 460 1758 516 candoris.
1831 458 1967 526 Quia
2014 472 2144 512 vero
2172 459 2221 519 Α
2254 474 2273 508 ι
2319 459 2452 512 tavit
2476 458 2634 514 tertia
2671 458 2758 512 die
2789 465 2844 512 et
2874 456 3024 511 dedit
3050 469 3173 511 eum
3208 455 3554 512 manifestum
3582 456 3701 512 ﬁeri
3727 472 3834 512 non

567 555 912 625 omnipotens
967 551 1130 618 Deus,
1174 559 1230 606 et
1282 553 1540 608 terribilis
1599 560 1684 606 est
1745 549 2143 622 peccatoribus,

565 654 622 700 et
658 644 892 700 blandus
923 642 1115 715 justis,
1167 652 1316 699 recte
1369 644 1520 698 testis
1561 641 1977 697 resurrectionis
2027 639 2146 710 ejus

565 735 790 806 angelus
835 743 891 790 et
934 735 988 789 in
1055 733 1262 804 fulgore
1311 734 1508 800 vultus,
1573 741 1627 789 et
1668 735 1722 788 in
1757 733 1994 788 candore
2043 732 2142 786 ha-

561 832 709 886 bitus
748 831 1171 896 demonstratur,
1219 837 1280 884 ut
1327 827 1395 882 de
1424 829 1537 898 ipsa
1572 843 1670 882 sua
1697 825 1877 898 specie
1904 833 1961 880 et
1977 833 2144 879 terre-

563 933 646 980 ret
669 925 949 995 reprobos,
987 929 1042 976 et
1069 921 1333 977 mulceret
1355 921 1474 990 pios
1502 917 1722 973 :Iesum
1743 916 1982 990 quwntis
2027 914 2143 969 Na-

561 1032 834 1070 zarenam.
881 1012 1041 1068 Iesus
1080 1012 1274 1067 Latino
1325 1011 1540 1080 eloquio
1601 1008 1879 1075 salutaris,
1930 1008 1984 1063 id
2034 1015 2139 1070 est,

559 1109 799 1163 salvator
825 1107 1229 1175 interpretatur.
1255 1103 1324 1158 At
1343 1119 1471 1158 vero
1492 1102 1644 1158 multi
1673 1103 1776 1155 hoc
1798 1101 2015 1156 nomine
2036 1099 2141 1154 dici

556 1208 808 1271 poterant
856 1207 1009 1261 tunc,
1032 1213 1137 1251 non
1181 1205 1357 1250 tamen
1399 1194 1846 1256 substantialiter,
1885 1195 1980 1248 sed
2004 1210 2142 1247 nun-

557 1293 826 1362 cupative,
855 1290 977 1344 ideo
1007 1298 1062 1344 et
1088 1288 1241 1344 locus
1283 1287 1645 1358 subjungitur,
1691 1288 1834 1342 utdc
1864 1301 1972 1358 quo
2010 1285 2137 1342 Iesu

554 1385 759 1438 dictum
793 1383 866 1438 sit
895 1380 1272 1436 manifestetur
1300 1378 1662 1434 Nazarenum.
1708 1378 1775 1432 Et
1795 1393 2014 1432 causam
2048 1392 2141 1447 po-

553 1475 663 1528 tius
688 1472 905 1527 subdit:
932 1469 1278 1540 Cruciﬁxum.
1320 1468 1499 1538 Atque
1525 1468 1730 1522 addidit
1763 1487 1774 1520 :
1809 1467 2133 1530 Resurrexit,

553 1581 657 1619 non
699 1573 773 1618 est
822 1562 927 1616 hic.
980 1560 1098 1616 Non
1149 1569 1234 1614 est
1268 1559 1378 1626 hic,
1417 1559 1618 1615 dicitur
1654 1573 1753 1628 per
1791 1559 2137 1628 prm>entiam

551 1657 750 1718 carnis,
800 1655 892 1724 qui
939 1663 1120 1709 tamen
1161 1668 1428 1722 nusquam
1469 1651 1656 1708 deerat
1677 1668 1776 1722 per
1793 1652 2136 1708 ormsentiam

549 1747 869 1816 majes'tatis.

2255 565 2274 599 ι
2317 548 2465 603 omni
2488 549 2700 620 populo,
2738 549 2832 606 sed
2855 549 3081 603 testibus
3106 547 3482 617 praeordinatis
3519 563 3550 601 a
3576 549 3708 614 Deo,
3740 565 3835 604 uo-

2253 657 2272 690 ‹
2318 639 2400 695 bis
2438 642 2532 710 qui
2563 640 3010 696 manducavimus
3035 647 3092 694 et
3133 639 3369 694 bibimus
3411 654 3534 693 cum
3570 639 3664 694 illo
3681 631 3836 710 post-

2251 748 2270 782 ι
2311 747 2474 801 quam
2505 733 2804 788 resurrexit
2832 747 2862 784 a
2885 731 3135 796 mortuis,
3162 738 3219 786 et
3236 731 3493 800 praecepit
3522 732 3679 788 nobis
3701 729 3848 802 prati

2251 839 2270 874 ι
2317 822 2498 878 dicare
2520 823 2720 894 populo
2749 833 2805 878 et
2832 821 3145 887 testiﬁcari,
3171 822 3298 891 quia
3324 821 3441 892 ipse
3465 830 3549 880 est
3579 823 3672 892 qui
3700 839 3836 880 con-

2250 932 2269 966 t
2317 917 2539 972 stitutus
2578 927 2663 972 est
2697 933 2728 972 a
2763 918 2871 973 Deo
2901 919 3066 990 judex
3095 917 3340 972 vivorum
3376 925 3433 971 et
3466 925 3831 974 mortuorum.

2248 1022 2268 1056 ι
2315 1005 2451 1061 Huic
2487 1023 2675 1064 omnes
2696 1011 2970 1080 prophetae
2996 1009 3364 1065 testimonium
3393 1009 3706 1078 perhibent,
3746 1026 3829 1067 ro-

2247 1114 2266 1148 ι
2313 1096 2626 1153 missionem
2657 1109 3004 1168 peccatorum
3043 1099 3288 1169 accipere
3317 1112 3416 1170 per
3456 1114 3656 1157 nomen
3687 1099 3823 1170 ejus,

2248 1206 2266 1240 ‹
2315 1204 2504 1245 omnes
2527 1191 2619 1260 qui
2646 1193 2874 1248 credunt
2903 1194 2956 1249 in
2984 1207 3126 1248 eum.
3173 1212 3194 1244 ι

2325 1278 2548 1334 Verbum
2573 1282 2710 1336 misit
2736 1281 2993 1337 Dominus
3012 1282 3140 1352 ﬁliis
3169 1280 3362 1348 Israel,
3391 1284 3715 1338 annuntians
3735 1301 3825 1354 pa-

2240 1390 2348 1428 cem
2376 1391 2469 1443 per
2485 1374 2669 1428 Iesum
2689 1374 2978 1429 Christum.
3010 1375 3245 1430 Verbum
3274 1375 3362 1429 hic
3390 1375 3615 1428 missum
3647 1374 3825 1427 Evan-

2240 1467 2438 1538 gelium
2465 1466 2617 1532 dicit,
2647 1468 2759 1524 sive
2791 1468 2967 1539 ipsum
2991 1468 3274 1523 Dominum
3302 1466 3485 1523 Iesum
3518 1466 3819 1532 Christum,

2237 1560 2366 1628 quia
2400 1558 2673 1629 Apostolis
2713 1561 2790 1614 ait
2823 1575 2837 1614 :
2869 1557 3063 1613 Pacem
3105 1576 3271 1614 meam
3311 1559 3378 1612 do
3422 1558 3585 1624 vobis,
3632 1576 3818 1629 pacem

2240 1669 2410 1706 meam
2450 1653 2753 1706 commendo
2785 1653 2946 1708 vobis.
2995 1651 3098 1720 Qui
3130 1661 3212 1709 est
3248 1652 3491 1708 omnium
3520 1653 3782 1709 Dominus
3801 1692 3817 1718 ,

2241 1743 2295 1796 in
2324 1742 2428 1797 hoc
2458 1752 2703 1814 apparet,
2740 1745 2945 1814 inquit,
2983 1745 3150 1801 Deum
3180 1753 3519 1814 acceptorem
3559 1760 3669 1800 non
3699 1761 3822 1801 esse

620 1805 727 1893 Sed
753 1838 842 1903 ite,
873 1835 1028 1890 dicite
1062 1834 1334 1906 discipulis
1363 1835 1478 1905 ejus
1507 1843 1554 1888 et
1581 1829 1761 1900 Petro,
1782 1835 1907 1904 quia
1937 1849 2130 1903 pra'ce-
2160 1805 2206 1866 Β
2232 1805 2608 1902 personarum,
2651 1805 2780 1905 quia
2809 1805 3003 1888 Silium
3045 1849 3202 1889 suum
3244 1805 3584 1904 unigenitum
3623 1834 3717 1905 qui
3760 1843 3818 1890 et

546 1929 628 1983 det
657 1946 742 1984 vos
779 1929 834 1982 in
859 1925 1159 1982 Galilwam.
1201 1925 1559 1992 Quzerendum
1585 1925 1742 1980 nobis
1775 1931 1888 1988 est,
1918 1939 2016 1978 cur
2041 1939 2133 1979 no-

546 2019 767 2074 minatis
797 2017 1070 2087 discipulis
1100 2014 1296 2071 Petrus
1323 2015 1636 2086 designatur
1666 2029 1732 2068 ex
1762 2013 2002 2078 nomine,
2036 2013 2129 2068 sed

545 2111 591 2165 si
624 2111 768 2164 hunc
788 2107 1009 2179 angelus
1039 2103 1358 2162 nominatim
1387 2120 1492 2161 non
1525 2105 1872 2176 eXprimeret,
1897 2103 1990 2174 qui
2015 2119 2129 2159 ma-

547 2201 777 2271 gistrum
809 2205 1101 2268 negaverat
1137 2197 1323 2252 venire
1370 2197 1512 2251 inter
1561 2195 1852 2266 discipulos
1897 2211 2006 2251 non
2034 2211 2130 2250 au-

543 2289 716 2344 deret.
752 2287 986 2343 Vocatur
1012 2301 1140 2358 ergo
1165 2300 1229 2339 ex
1259 2285 1498 2352 nomine,
1526 2301 1592 2340 ne
1619 2285 1922 2356 desperarit
1941 2301 2006 2340 ex
2036 2300 2130 2341 ne-

540 2380 776 2451 gatione,
827 2395 934 2449 qua
979 2379 1034 2433 in
1078 2394 1138 2434 re
1181 2376 1632 2434 considerandum
1671 2377 1828 2433 nobis
1877 2386 1980 2445 est,
2031 2393 2130 2433 cur

539 2471 885 2540 omnipotens
914 2468 1056 2525 Deus
1089 2483 1213 2523 eum
1253 2483 1414 2539 quem
1457 2476 1667 2524 cunctae
1694 2467 1950 2525 Ecclesia:
1987 2484 2128 2538 pra:-

543 2559 685 2614 t'erre
731 2559 1094 2629 disposuerat,
1141 2557 1350 2613 ancillae
1384 2572 1571 2612 vocem
1609 2559 2018 2628 pertimescere,
2073 2567 2130 2613 et

540 2650 778 2720 seipsum
833 2664 1034 2721 negare
1080 2648 1342 2720 permisit.
1401 2647 1555 2716 Quod
1609 2649 1866 2704 nimirum
1915 2663 2125 2720 magna:

539 2749 721 2794 actum
747 2739 961 2809 pietatis
995 2736 1397 2809 dispensatione
1423 2738 1832 2808 cognoscimus,
1872 2747 1933 2793 ut
1961 2739 2008 2794 is
2032 2740 2125 2810 qui

538 2829 753 2886 futurus
775 2838 894 2904 erat
932 2840 1120 2902 pastor
1147 2829 1401 2885 Ecclesiae
1424 2870 1439 2895 ,
1480 2830 1533 2884 in
1564 2844 1660 2884 sua
1686 2829 1840 2900 culpa
1866 2830 2122 2895 disceret,
2155 2854 2158 2859 ’

536 2924 771 2994 qualiter
796 2923 916 2978 aliis
946 2924 1192 2980 misereri
1223 2923 1516 2981 debuisset.
1549 2924 1708 2980 Prius
1736 2926 1921 2997 itaque
1943 2935 2124 2982 osten-

536 3009 613 3069 dit
638 3029 760 3068 eum
789 3014 922 3080 sibi,
965 3023 1020 3068 et
1049 3023 1173 3070 tunc
1201 3016 1494 3086 prazposuit
1536 3016 1782 3081 caeteris,
1830 3024 1890 3070 ut
1917 3032 1987 3072 ex
2023 3033 2120 3073 sua

534 3103 847 3168 inﬁrmitate
873 3115 1241 3176 cognosceret,
1290 3121 1452 3176 quam
1482 3105 1910 3162 misericorditer
1939 3107 2112 3164 aliena

533 3193 748 3248 inﬁrma
776 3193 1051 3250 toleraret.
1077 3194 1222 3250 Bene
1247 3205 1428 3251 autem
1451 3196 1516 3252 de
1546 3196 1908 3268 Rcdemptore
1933 3208 2118 3256 nostro

533 3283 734 3338 dicitur
767 3301 780 3336 :

603 3371 873 3427 Pra’cedet
913 3390 998 3427 vos
1025 3374 1082 3427 in
1117 3371 1414 3441 Galilrram,
1451 3375 1523 3430 ibi
1563 3393 1680 3430 eum
1705 3376 1958 3447 videbitis,
1982 3382 2116 3436 sicut

492 3453 499 3458 ’
531 3464 668 3518 dixit
711 3464 870 3519 vobis.
912 3463 1132 3520 Galilzea
1155 3481 1390 3537 namque
1428 3469 1832 3540 transmigratio
1867 3472 2009 3529 facta
2036 3475 2117 3529 in-

532 3563 880 3625 terpretatur.
914 3553 1034 3609 Iam
1069 3555 1265 3626 quippe
1303 3557 1631 3630 Redemptor
1674 3570 1861 3618 noster
1907 3580 1938 3620 a
1986 3581 2114 3636 pas-

531 3645 684 3700 sione
713 3645 780 3699 ad
807 3646 1284 3714 resurrectionem,
1318 3663 1348 3702 a
1375 3657 1550 3706 morte
1577 3651 1644 3706 ad
1674 3653 1862 3719 vitam,
1902 3672 1932 3710 a
1954 3671 2113 3726 paena

530 3734 596 3788 ad
627 3734 875 3805 gloriam,
918 3750 948 3788 a
981 3735 1324 3806 corruptione
1350 3739 1414 3793 ad
1446 3738 1908 3812 incorruptionem
1937 3754 2115 3800 trans-

528 3828 884 3895 migraverat,
920 3838 975 3881 et
1004 3826 1154 3897 prius
1183 3837 1305 3896 post
1333 3832 1788 3889 resurrectionem
1814 3834 1867 3888 in
1894 3834 2112 3892 Catilina

526 3935 561 3973 a
598 3919 877 3990 discipulis
902 3918 1135 3986 videtur,
1159 3921 1283 3992 quia
1305 3925 1720 3982 resurrectionis
1744 3927 1861 3998 ejus
1885 3928 2112 3999 gloriam

523 4017 650 4078 post
693 4007 798 4062 lani
823 4008 1157 4078 videbimus,
1207 4011 1250 4066 si
1288 4013 1447 4068 modo
1473 4030 1504 4069 a
1548 4015 1696 4072 vitiis
1741 4018 1810 4073 ad
1848 4019 2111 4076 virtutum

518 4098 906 4153 celsitudinem
954 4101 1422 4173 transmigramus.
1459 4103 1561 4171 Qui
1601 4121 1732 4176 ergo
1777 4107 1831 4162 in
1862 4110 2110 4180 sepulcro

527 4189 827 4252 nuntiatur,
850 4190 902 4244 in
927 4193 1402 4263 transmigratione
1432 4196 1610 4250 carnis
1630 4199 1960 4264 ostenditur,
1982 4201 2108 4271 quia

525 4277 574 4332 is
602 4280 689 4348 qui
719 4281 770 4334 in
788 4281 1202 4339 mortiﬁcatione
1224 4287 1404 4341 carnis
1420 4289 1755 4357 agnoscitur,
1781 4291 1834 4344 in
1855 4295 2109 4348 transmi-

516 4371 769 4440 gratione
804 4373 1000 4428 mentis
1027 4373 1260 4428 videtur.

850 4506 1048 4564 FERIA
1089 4507 1313 4564 SECUN
1320 4508 1406 4564 DA
1448 4509 1530 4564 PA
1539 4511 1762 4568 SCHIE.

772 4634 966 4674 LECTIO
996 4634 1209 4673 ACTUUM
1248 4635 1649 4688 APOSTOLORUII,
1689 4640 1806 4682 CAP.
1844 4645 1897 4682 Χ.

601 4745 618 4779 ι
666 4727 830 4783 Stans
871 4727 1067 4782 Petrus
1098 4728 1150 4782 in
1193 4729 1372 4783 medio
1406 4730 1578 4800 plebis
1621 4734 1799 4790 dixit:
1838 4739 1951 4795 Viri
1991 4744 2104 4797 ira-

515 4842 545 4873 ς‹
594 4833 736 4888 tres,
773 4821 1010 4877 Verbum
1043 4823 1190 4877 misit
1219 4823 1360 4880 Deus
1395 4827 1520 4884 ﬁliis
1544 4828 1740 4898 Israel,
1776 4837 2104 4892 annuntians

518 4932 545 4964 ί(
588 4927 776 4984 pacem
803 4927 900 4981 per
930 4909 1116 4965 Iesum
1140 4911 1439 4982 Christum,
1467 4917 1555 4973 hic
1577 4929 1661 4975 est
1699 4922 1960 4980 Dominus
1985 4941 2098 4980 om-

517 5023 544 5054 ~s
589 5004 760 5067 nium,
789 5016 884 5058 vos
913 5001 1064 5057 sci-tis
1090 5005 1231 5074 quod
1262 5005 1464 5064 factum
1493 5023 1577 5066 est
1596 5015 1819 5070 verbum
1844 5031 1940 5086 per
1969 5019 2093 5073 uni-

516 5112 543 5143 ‹
589 5106 798 5145 versam
818 5089 1078 5158 Iudaeam,
1113 5093 1371 5166 incipiens
1392 5101 1535 5155 enim
1557 5118 1587 5157 a
1617 5102 1837 5160 Galilzea
1867 5117 1988 5178 post
2008 5110 2100 5165 ba-

517 5205 543 5237 -σ
581 5184 867 5254 ptismum,
895 5186 1036 5256 quod
1061 5188 1374 5256 prmdicavit
1396 5191 1632 5250 Joannes
1653 5195 1838 5252 Iesum
1870 5215 1899 5253 a
1927 5200 2098 5256 Naza-

517 5292 546 5325 ‹
589 5275 727 5339 retb,
761 5276 1027 5344 quomodo
1052 5280 1267 5334 unxerit
1285 5298 1407 5338 eum
1436 5285 1575 5341 Deus
1599 5287 1803 5359 Spiritu
1827 5303 2014 5350 sancto
2041 5303 2097 5350 et

516 5382 544 5416 ‹
588 5363 807 5420 virtute.
837 5365 938 5434 Qui
973 5372 1320 5440 pertransivit
1355 5375 1745 5435 benefaciendo
1774 5389 1828 5436 et
1855 5387 2097 5443 sanando

519 5474 544 5507 ι
584 5471 774 5512 omnes
815 5474 1100 5530 oppressos
1143 5479 1173 5517 a
1212 5465 1428 5520 diabolo
1452 5506 1466 5530 ,
1504 5469 1760 5538 quoniam
1794 5471 1936 5529 Deus
1975 5487 2096 5534 erat

518 5566 544 5600 ‹
583 5563 708 5604 cum
753 5549 863 5606 illo.
901 5550 968 5605 Et
997 5568 1096 5608 nos
1135 5564 1300 5612 testes
1328 5571 1514 5612 sumus
1551 5559 1791 5616 omnium
1820 5579 1940 5633 qua:
1970 5566 2098 5625 fecit

517 5657 543 5690 4
577 5638 638 5696 in
669 5643 887 5715 regione
916 5643 1222 5701 Iudaeorum
1251 5658 1306 5702 et
1347 5647 1701 5712 Hierusalem.
1751 5671 1910 5726 quem
1948 5664 2094 5718 occi-

513 5749 541 5781 ι
587 5732 780 5788 derunt
816 5738 1203 5803 suspendentes
1249 5741 1301 5794 in
1338 5741 1503 5807 ligno.
1549 5744 1700 5801 llunc
1748 5749 1887 5805 Deus
1917 5757 2086 5810 susci-

2231 1924 2491 1981 Dominus
2526 1926 2767 1980 omnium
2804 1934 2969 1995 atque
3015 1925 3266 1981 conditor
3300 1934 3404 1992 est,
3456 1941 3580 1981 cum
3619 1941 3822 1996 genere

2230 2015 2467 2071 humano
2489 2030 2679 2086 pacem
2707 2015 2887 2072 facere
2917 2016 3088 2070 misit.

2308 2105 2413 2160 Vos
2449 2107 2594 2161 scitis
2628 2107 2768 2178 quod
2801 2108 3002 2178 factum
3034 2115 3109 2162 est
3152 2106 3364 2160 verbum
3391 2123 3486 2178 per
3516 2109 3818 2164 universam

2227 2195 2494 2253 Iudaeam.
2536 2196 2804 2265 Quoniam
2844 2199 3086 2254 Verbum
3123 2198 3219 2255 Dei
3250 2213 3378 2254 caro
3417 2198 3559 2254 facta
3586 2199 3818 2254 verbum

2227 2296 2332 2355 est,
2363 2289 2416 2344 id
2448 2298 2562 2356 est,
2595 2291 2852 2362 quonia
2876 2291 3112 2346 humana
3145 2298 3340 2345 natura
3380 2291 3500 2346 sine
3529 2289 3653 2346 ullis
3678 2305 3821 2361 prm-

2229 2382 2544 2438 cedentibus
2579 2383 2845 2439 bonorum
2885 2397 3110 2452 operum
3139 2382 3370 2445 meritis,
3405 2382 3502 2437 Dei
3530 2381 3712 2438 Verbo
3731 2393 3820 2439 est

2227 2473 2282 2528 in
2312 2481 2468 2530 utero
2490 2474 2731 2545 Virginis
2756 2473 3029 2544 cepulata,
3065 2474 3137 2527 ita
3163 2482 3224 2527 ut
3248 2488 3371 2528 cum
3399 2471 3493 2528 illo
3519 2471 3680 2528 ﬁeret
3704 2490 3814 2528 una

2225 2577 2489 2631 persona,
2522 2564 2592 2620 ob
2618 2565 2721 2620 hoc
2752 2579 2877 2620 eum
2905 2562 3230 2620 conﬁtemur
3267 2571 3454 2618 natum
3496 2563 3562 2620 de
3599 2561 3811 2637 Spiritu

2227 2663 2417 2709 sancto
2441 2663 2496 2710 et
2525 2654 2694 2710 Maria
2723 2656 2953 2728 virgine.

2301 2743 2569 2816 Incipiens
2594 2765 2626 2802 a
2653 2745 2877 2802 Galilaea
2901 2755 3018 2816 post
3041 2747 3374 2818 baptismum.
3399 2745 3534 2803 Cum
3553 2745 3814 2804 Ecclesia:

2226 2837 2410 2910 regula
2450 2839 2523 2894 sit
2553 2839 2740 2897 fideles
2768 2839 2822 2894 in
2851 2840 3070 2895 nomine
3093 2847 3294 2895 sancta:
3317 2839 3603 2896 Trinitatis
3629 2841 3810 2912 bapti-

2225 2945 2361 2997 zari,
2377 2931 2638 3000 quieritur
2659 2931 2930 3001 quomodo
2957 2931 3134 2986 Lucas
3156 2947 3254 3002 per
3271 2938 3441 2985 totum
3458 2930 3621 2999 hujus
3641 2931 3808 2987 libelli

2222 3030 2452 3088 textum,
2490 3039 2596 3078 non
2622 3023 2782 3078 aliter
2811 3038 2974 3093 quam
2996 3023 3053 3076 in
3079 3023 3294 3078 nomine
3314 3021 3440 3078 Iesu
3474 3023 3679 3079 Christi
3710 3023 3809 3078 ba-

2220 3113 2480 3180 ptismum
2494 3113 2611 3168 dari
2636 3121 2885 3178 testetur,
2907 3113 3050 3182 quod
3069 3113 3141 3166 ita
3156 3113 3345 3168 beatus
3357 3112 3680 3169 Ambrosius
3701 3114 3810 3170 sol-

2219 3203 2318 3258 vit.
2361 3202 2471 3274 (Ea:
2496 3202 2763 3275 Ambros.)
2809 3203 2962 3270 Quod
2987 3218 3086 3273 per
3113 3204 3378 3258 unitatem
3415 3204 3652 3260 nominis
3699 3205 3790 3259 im-

2219 3293 2421 3362 pletum
2447 3294 2763 3366 mysterium
2797 3295 2889 3359 sit,
2921 3295 3047 3365 quia
3079 3294 3194 3349 sive
3226 3293 3504 3349 Christum
3546 3295 3718 3362 dicas,
3751 3308 3810 3352 et

2220 3385 2389 3441 Deum
2427 3385 2679 3452 Patrem,
2713 3403 2744 3444 a
2784 3401 2891 3458 quo
2922 3395 3116 3442 unctus
3157 3395 3240 3442 est
3278 3387 3483 3453 Filius,
3528 3398 3585 3444 et
3627 3390 3808 3460 ipsum

2219 3475 2310 3545 qui
2341 3485 2539 3531 unctus
2561 3485 2646 3532 est
2673 3475 2892 3542 Filium,
2919 3485 2975 3532 et
3004 3476 3262 3547 Spiritum
3295 3493 3402 3547 quo
3439 3487 3638 3534 unctus
3663 3481 3780 3536 desi

2217 3567 2413 3638 gnasti.
2456 3567 2729 3640 Scriptum
2763 3576 2847 3624 est
2871 3567 3016 3623 enim
3046 3581 3061 3621 :
3093 3567 3277 3622 Iesum
3309 3587 3341 3623 a
3371 3567 3644 3625 Nazaretlt
3668 3589 3775 3643 quo

2217 3657 2371 3711 modo
2416 3659 2567 3712 unxit
2607 3676 2726 3713 eum
2760 3659 2902 3715 Deus
2939 3659 3142 3728 Spiritu
3187 3670 3388 3714 sancto.
3431 3658 3558 3717 Sive
3583 3661 3804 3720 Patrem

2217 3749 2364 3805 dicas
2398 3761 2453 3806 et
2490 3751 2683 3807 Filium
2709 3753 2844 3823 ejus,
2885 3761 2941 3808 et
2969 3753 3232 3824 Spiritum
3258 3755 3451 3809 horum
3481 3756 3693 3824 pariter
3719 3757 3777 3811 in

2213 3840 2426 3907 dicasti,
2459 3842 2504 3897 si
2529 3850 2706 3898 tamen
2730 3843 2783 3898 id
2804 3851 2860 3898 et
2886 3843 3048 3898 corde
3070 3844 3519 3913 comprehendas,
3541 3846 3658 3901 sive
3683 3845 3780 3918 Spi

2214 3937 2377 3993 ritum
2410 3938 2591 4004 dicas,
2622 3946 2677 3992 et
2708 3937 2877 3993 Deum
2906 3937 3144 4002 Patrem,
3182 3953 3214 3992 a
3242 3953 3350 4008 quo
3389 3938 3637 4008 procedit
3679 3938 3776 4010 Spi

2213 4027 2387 4093 ritus,
2436 4036 2490 4083 et
2537 4027 2775 4092 Filium,
2807 4029 2933 4098 quia
2962 4028 3085 4083 Filii
3130 4043 3345 4098 quoque
3393 4039 3480 4084 est
3529 4029 3802 4100 Spiritus.

2211 4117 2556 4187 nuncupasti.
2592 4117 2744 4173 Unde
2776 4126 2835 4172 ut
2863 4118 3098 4173 orationi
3145 4119 3430 4189 copuletur
3473 4122 3797 4190 auctoritas,

2210 4209 2264 4263 in
2315 4210 2508 4280 spiritu
2537 4224 2751 4281 quoque
2795 4219 2944 4265 recte
2989 4211 3256 4279 baptizari
3297 4226 3398 4266 nos
3439 4227 3601 4283 posse
3649 4212 3774 4270 Scri

2207 4308 2364 4370 ptura
2394 4299 2846 4366 indiwt,dicente
2869 4301 3098 4355 Domino
3124 4315 3138 4354 :
3176 4298 3278 4355 Vos
3298 4311 3476 4355 autem
3503 4300 3798 4373 baptizabi-

2208 4393 2336 4446 mini
2367 4393 2420 4445 in
2443 4390 2643 4461 Spiritu
2667 4401 2872 4457 sancto,
2904 4403 2958 4446 et
2984 4392 3272 4463 Apostolus
3297 4393 3374 4448 ait
3398 4410 3410 4446 :
3437 4389 3632 4448 Omnes
3654 4397 3794 4450 enim

2130 4495 2186 4554 D
2211 4483 2264 4538 in
2294 4485 2404 4553 ipso
2427 4499 2660 4552 corpore,
2687 4483 2742 4536 in
2765 4501 2869 4538 uno
2896 4485 3086 4554 spiritu
3110 4484 3366 4555 baptizati
3386 4502 3591 4541 sumus.
3619 4486 3794 4542 Aliter

2212 4575 2483 4646 praecipue
2509 4577 2758 4648 congruit
2786 4593 2885 4633 nos
2913 4578 2967 4632 in
2990 4579 3208 4635 nomine
3249 4579 3462 4635 Domini
3489 4579 3618 4637 Iesu
3639 4582 3795 4639 Chri-

2211 4665 2277 4719 sti
2308 4665 2604 4734 baptizari,
2651 4669 2777 4737 quia
2813 4669 2955 4724 sicut
2999 4667 3287 4740 Apostolus
3328 4671 3447 4725 ait:
3480 4670 3792 4746 Quicunque

2210 4755 2459 4824 baptizati
2491 4774 2670 4812 sumus
2697 4760 2752 4813 in
2784 4758 2992 4814 Christo
3023 4759 3181 4827 Iesu,
3214 4761 3267 4816 in
3294 4772 3459 4817 morte
3497 4764 3664 4834 ipsius
3701 4766 3789 4821 ba-

2205 4847 2389 4915 ptizati
2407 4865 2607 4902 sumus.

2279 4943 2434 5010 Quod
2462 4948 2765 5016 prtrdicavit
2786 4949 3018 5004 Ioannes
3045 4949 3229 5005 Iesum
3254 4969 3286 5006 a
3327 4952 3624 5019 Nazaretlt,
3654 4972 3788 5026 quo-

2207 5036 2360 5090 modo
2383 5039 2531 5091 unxit
2550 5056 2689 5106 eum,
2720 5050 2824 5095 etc.
2848 5041 3167 5098 Prmdicavit
3193 5057 3323 5115 ergo
3348 5042 3584 5102 Ioannes
3603 5045 3786 5104 Iesum

2207 5127 2347 5184 sicut
2395 5129 2548 5184 unxit
2579 5147 2700 5186 eum
2745 5132 2886 5188 Deus
2917 5133 3123 5205 Spiritu
3172 5145 3381 5202 sancto,
3428 5147 3557 5194 tunc
3598 5140 3787 5210 utique

2205 5234 2328 5273 cum
2370 5219 2573 5276 dicebat
2614 5240 2625 5275 :
2663 5222 2783 5293 Ipse
2817 5241 2904 5278 vos
2943 5226 3230 5298 baptizabit
3269 5229 3324 5284 in
3364 5228 3568 5300 Spiritu
3601 5243 3786 5288 sancto

2206 5305 2399 5379 (Marc.
2436 5310 2497 5381 ι).
2530 5312 2597 5366 Et
2617 5312 2813 5369 iterum
2848 5333 2860 5368 :
2890 5313 3028 5381 Quia
3055 5319 3158 5373 vidi
3193 5317 3446 5390 Spiritum
3467 5319 3785 5377 descenden-

2199 5405 2302 5451 tem
2329 5402 2483 5470 quasi
2507 5402 2798 5457 columbam
2824 5421 2980 5476 super
3008 5423 3126 5461 eum
3151 5407 3332 5481 (Ioan.
3375 5408 3434 5480 I).
3468 5408 3680 5467 Unctus
3704 5421 3783 5466 est

2199 5502 2327 5560 ergo
2350 5488 2526 5556 Iesus,
2556 5507 2662 5548 non
2701 5493 2820 5548 oleo
2841 5495 3062 5565 visibili,
3097 5499 3191 5553 sed
3222 5499 3364 5554 dono
3389 5501 3601 5570 gratim,
3639 5506 3780 5575 quod

2197 5579 2392 5670 visibili
2423 5582 2764 5652 signiﬁcatur
2801 5601 3106 5659 unguento,
3149 5605 3256 5662 quo
3285 5593 3592 5664 baptizatos
3633 5597 3782 5670 ungit

2196 5669 2456 5725 Ecclesia.
2490 5671 2600 5728 Nec
2634 5682 2813 5732 tamen
2839 5686 2966 5734 tunc
2999 5688 3192 5736 unctus
3220 5691 3303 5738 est
3331 5683 3537 5756 Spiritu
3566 5669 3778 5753 sancto,

2195 5762 2446 5828 quoniam
2483 5779 2644 5834 super
2681 5783 2801 5820 eum
2839 5769 3170 5839 baptizatum
3208 5773 3350 5827 velut
3395 5777 3647 5834 columba
3685 5781 3774 5833 (ιε’
