  <div class='ocr_page' id='page_1' title='image "/cluster/home/n/w/nwhite01/storage/ocr_20150623/102/umn.31951002477395f/122.png"; bbox 0 0 3978 6432; ppageno 0'>
   <div class='ocr_carea' id='block_1_1' title="bbox 201 331 295 387">
    <p class='ocr_par' dir='ltr' id='par_1_1' title="bbox 201 331 295 387">
     <span class='ocr_line' id='line_1_1' title="bbox 201 331 295 387; baseline 0 0"><span class='ocrx_word' id='word_1_1' title='bbox 201 331 295 387; x_wconf 68' lang='lat'><strong>229</strong></span> 
     </span>
    </p>
   </div>
   <div class='ocr_carea' id='block_1_2' title="bbox 987 317 2613 384">
    <p class='ocr_par' dir='ltr' id='par_1_2' title="bbox 987 317 2613 384">
     <span class='ocr_line' id='line_1_2' title="bbox 987 317 2613 384; baseline 0 -3"><span class='ocrx_word' id='word_1_2' title='bbox 987 323 1504 384; x_wconf 80' lang='lat' dir='ltr'><strong>COLLECTIONES</strong></span> <span class='ocrx_word' id='word_1_3' title='bbox 1540 323 1608 380; x_wconf 79' lang='grc' dir='ltr'><strong>ΙΝ</strong></span> <span class='ocrx_word' id='word_1_4' title='bbox 1647 317 2037 380; x_wconf 72' lang='lat' dir='ltr'><strong>EPiSTOLAS</strong></span> <span class='ocrx_word' id='word_1_5' title='bbox 2077 323 2162 378; x_wconf 82' lang='lat' dir='ltr'><strong>ET</strong></span> <span class='ocrx_word' id='word_1_6' title='bbox 2206 321 2613 381; x_wconf 69' lang='lat' dir='ltr'><strong>EVANGELIA.</strong></span> 
     </span>
    </p>
   </div>
   <div class='ocr_carea' id='block_1_3' title="bbox 3348 333 3455 394">
    <p class='ocr_par' dir='ltr' id='par_1_3' title="bbox 3348 333 3455 394">
     <span class='ocr_line' id='line_1_3' title="bbox 3348 333 3455 394; baseline 0.047 -5"><span class='ocrx_word' id='word_1_7' title='bbox 3348 333 3455 394; x_wconf 71' lang='lat'><strong>230</strong></span> 
     </span>
    </p>
   </div>
   <div class='ocr_carea' id='block_1_4' title="bbox 199 432 3451 515">
    <p class='ocr_par' dir='ltr' id='par_1_4' title="bbox 199 432 3451 515">
     <span class='ocr_line' id='line_1_4' title="bbox 199 432 3451 515; baseline 0.003 -20"><span class='ocrx_word' id='word_1_8' title='bbox 199 439 415 501; x_wconf 82' lang='lat' dir='ltr'><strong>scendit.</strong></span> <span class='ocrx_word' id='word_1_9' title='bbox 447 435 600 492; x_wconf 87' lang='lat' dir='ltr'><strong>Tunc</strong></span> <span class='ocrx_word' id='word_1_10' title='bbox 639 437 784 493; x_wconf 89' lang='lat' dir='ltr'><strong>enim</strong></span> <span class='ocrx_word' id='word_1_11' title='bbox 807 450 1005 513; x_wconf 86' lang='lat' dir='ltr'><strong>corpus</strong></span> <span class='ocrx_word' id='word_1_12' title='bbox 1032 452 1213 503; x_wconf 87' lang='lat' dir='ltr'><strong>suum,</strong></span> <span class='ocrx_word' id='word_1_13' title='bbox 1244 438 1297 493; x_wconf 99' lang='lat' dir='ltr'><strong>id</strong></span> <span class='ocrx_word' id='word_1_14' title='bbox 1328 448 1434 504; x_wconf 86' lang='lat' dir='ltr'><strong>est,</strong></span> <span class='ocrx_word' id='word_1_15' title='bbox 1463 436 1762 493; x_wconf 75' lang='lat' dir='ltr'><strong>Ecclesium</strong></span> <span class='ocrx_word' id='word_1_16' title='bbox 1791 440 1837 499; x_wconf 81' lang='grc' dir='ltr'><strong>Α</strong></span> <span class='ocrx_word' id='word_1_17' title='bbox 1869 432 2049 504; x_wconf 83' lang='lat' dir='ltr'><strong>(Joan.</strong></span> <span class='ocrx_word' id='word_1_18' title='bbox 2085 432 2161 504; x_wconf 71' lang='grc' dir='ltr'><strong>ν).</strong></span> <span class='ocrx_word' id='word_1_19' title='bbox 2190 434 2322 490; x_wconf 86' lang='lat' dir='ltr'><strong>item</strong></span> <span class='ocrx_word' id='word_1_20' title='bbox 2360 436 2475 506; x_wconf 87' lang='lat' dir='ltr'><strong>ipse</strong></span> <span class='ocrx_word' id='word_1_21' title='bbox 2498 447 2555 509; x_wconf 89' lang='lat' dir='ltr'><strong>ct</strong></span> <span class='ocrx_word' id='word_1_22' title='bbox 2594 446 2915 509; x_wconf 85' lang='lat' dir='ltr'><strong>potestatem</strong></span> <span class='ocrx_word' id='word_1_23' title='bbox 2946 439 3095 497; x_wconf 85' lang='lat' dir='ltr'><strong>dedit</strong></span> <span class='ocrx_word' id='word_1_24' title='bbox 3115 442 3164 498; x_wconf 91' lang='lat' dir='ltr'><strong>ei</strong></span> <span class='ocrx_word' id='word_1_25' title='bbox 3184 440 3451 515; x_wconf 76' lang='lat' dir='ltr'><strong>judicium</strong></span> 
     </span>
    </p>
   </div>
   <div class='ocr_carea' id='block_1_5' title="bbox 200 527 1765 601">
    <p class='ocr_par' dir='ltr' id='par_1_5' title="bbox 200 527 1765 601">
     <span class='ocr_line' id='line_1_5' title="bbox 200 527 1765 601; baseline -0.004 -10"><span class='ocrx_word' id='word_1_26' title='bbox 200 548 339 591; x_wconf 86' lang='lat' dir='ltr'><strong>suam</strong></span> <span class='ocrx_word' id='word_1_27' title='bbox 367 527 714 601; x_wconf 68' lang='lat' dir='ltr'><strong>prmiigurare</strong></span> <span class='ocrx_word' id='word_1_28' title='bbox 736 527 992 599; x_wconf 83' lang='lat' dir='ltr'><strong>dignatus</strong></span> <span class='ocrx_word' id='word_1_29' title='bbox 1018 535 1136 595; x_wconf 90' lang='lat' dir='ltr'><strong>est,</strong></span> <span class='ocrx_word' id='word_1_30' title='bbox 1164 529 1218 584; x_wconf 92' lang='lat' dir='ltr'><strong>in</strong></span> <span class='ocrx_word' id='word_1_31' title='bbox 1242 544 1350 599; x_wconf 85' lang='lat' dir='ltr'><strong>qua</strong></span> <span class='ocrx_word' id='word_1_32' title='bbox 1377 528 1648 601; x_wconf 66' lang='lat' dir='ltr'><strong>pracipne</strong></span> <span class='ocrx_word' id='word_1_33' title='bbox 1664 529 1765 584; x_wconf 85' lang='lat' dir='ltr'><strong>ba-</strong></span> 
     </span>
    </p>
   </div>
   <div class='ocr_carea' id='block_1_6' title="bbox 199 617 1765 697">
    <p class='ocr_par' dir='ltr' id='par_1_6' title="bbox 199 617 1765 697">
     <span class='ocr_line' id='line_1_6' title="bbox 199 617 1765 697; baseline -0.003 -18"><span class='ocrx_word' id='word_1_34' title='bbox 199 622 373 697; x_wconf 81' lang='lat' dir='ltr'><strong>ptizati</strong></span> <span class='ocrx_word' id='word_1_35' title='bbox 398 619 673 690; x_wconf 84' lang='lat' dir='ltr'><strong>accipiunt</strong></span> <span class='ocrx_word' id='word_1_36' title='bbox 689 617 952 689; x_wconf 83' lang='lat' dir='ltr'><strong>Spiritum</strong></span> <span class='ocrx_word' id='word_1_37' title='bbox 982 629 1255 685; x_wconf 84' lang='lat' dir='ltr'><strong>sanctum,</strong></span> <span class='ocrx_word' id='word_1_38' title='bbox 1281 619 1377 676; x_wconf 84' lang='lat' dir='ltr'><strong>sed</strong></span> <span class='ocrx_word' id='word_1_39' title='bbox 1400 621 1508 676; x_wconf 84' lang='lat' dir='ltr'><strong>ista</strong></span> <span class='ocrx_word' id='word_1_40' title='bbox 1535 620 1765 692; x_wconf 82' lang='lat' dir='ltr'><strong>mystica</strong></span> 
     </span>
    </p>
   </div>
   <div class='ocr_carea' id='block_1_7' title="bbox 198 711 809 777">
    <p class='ocr_par' dir='ltr' id='par_1_7' title="bbox 198 711 809 777">
     <span class='ocr_line' id='line_1_7' title="bbox 198 711 809 777; baseline -0.01 -6"><span class='ocrx_word' id='word_1_41' title='bbox 198 726 248 772; x_wconf 91' lang='lat' dir='ltr'><strong>ct</strong></span> <span class='ocrx_word' id='word_1_42' title='bbox 267 712 513 770; x_wconf 82' lang='lat' dir='ltr'><strong>invisibili</strong></span> <span class='ocrx_word' id='word_1_43' title='bbox 539 711 809 777; x_wconf 82' lang='lat' dir='ltr'><strong>unctione.</strong></span> 
     </span>
    </p>
   </div>
   <div class='ocr_carea' id='block_1_8' title="bbox 263 800 1767 875">
    <p class='ocr_par' dir='ltr' id='par_1_8' title="bbox 263 800 1767 875">
     <span class='ocr_line' id='line_1_8' title="bbox 263 800 1767 875; baseline -0.001 -17"><span class='ocrx_word' id='word_1_44' title='bbox 263 804 361 871; x_wconf 78' lang='lat' dir='ltr'><strong>Qui</strong></span> <span class='ocrx_word' id='word_1_45' title='bbox 387 802 693 875; x_wconf 71' lang='lat' dir='ltr'><strong>pertransiit</strong></span> <span class='ocrx_word' id='word_1_46' title='bbox 727 800 1097 872; x_wconf 73' lang='lat' dir='ltr'><strong>benefaciendo</strong></span> <span class='ocrx_word' id='word_1_47' title='bbox 1131 810 1180 856; x_wconf 89' lang='lat' dir='ltr'><strong>et</strong></span> <span class='ocrx_word' id='word_1_48' title='bbox 1208 800 1449 857; x_wconf 81' lang='lat' dir='ltr'><strong>sanando</strong></span> <span class='ocrx_word' id='word_1_49' title='bbox 1471 817 1647 856; x_wconf 84' lang='lat' dir='ltr'><strong>omnes</strong></span> <span class='ocrx_word' id='word_1_50' title='bbox 1673 817 1767 872; x_wconf 81' lang='lat' dir='ltr'><strong>op—</strong></span> 
     </span>
    </p>
   </div>
   <div class='ocr_carea' id='block_1_9' title="bbox 196 891 1766 969">
    <p class='ocr_par' dir='ltr' id='par_1_9' title="bbox 196 891 1766 969">
     <span class='ocr_line' id='line_1_9' title="bbox 196 891 1766 969; baseline -0.002 -19"><span class='ocrx_word' id='word_1_51' title='bbox 196 912 386 969; x_wconf 84' lang='lat' dir='ltr'><strong>pressos</strong></span> <span class='ocrx_word' id='word_1_52' title='bbox 405 912 438 949; x_wconf 91' lang='lat' dir='ltr'><strong>a</strong></span> <span class='ocrx_word' id='word_1_53' title='bbox 455 891 689 959; x_wconf 80' lang='lat' dir='ltr'><strong>diabolo,</strong></span> <span class='ocrx_word' id='word_1_54' title='bbox 717 900 822 950; x_wconf 86' lang='lat' dir='ltr'><strong>etc.</strong></span> <span class='ocrx_word' id='word_1_55' title='bbox 842 892 902 948; x_wconf 93' lang='lat' dir='ltr'><strong>ld</strong></span> <span class='ocrx_word' id='word_1_56' title='bbox 922 900 1028 959; x_wconf 89' lang='lat' dir='ltr'><strong>est,</strong></span> <span class='ocrx_word' id='word_1_57' title='bbox 1052 892 1217 950; x_wconf 76' lang='lat' dir='ltr'><strong>Pater</strong></span> <span class='ocrx_word' id='word_1_58' title='bbox 1239 907 1362 949; x_wconf 87' lang='lat' dir='ltr'><strong>cum</strong></span> <span class='ocrx_word' id='word_1_59' title='bbox 1389 891 1547 958; x_wconf 85' lang='lat' dir='ltr'><strong>Filio,</strong></span> <span class='ocrx_word' id='word_1_60' title='bbox 1573 891 1766 948; x_wconf 84' lang='lat' dir='ltr'><strong>melius</strong></span> 
     </span>
    </p>
   </div>
   <div class='ocr_carea' id='block_1_10' title="bbox 196 980 1764 1055">
    <p class='ocr_par' dir='ltr' id='par_1_10' title="bbox 196 980 1764 1055">
     <span class='ocr_line' id='line_1_10' title="bbox 196 980 1764 1055; baseline -0.006 -12"><span class='ocrx_word' id='word_1_61' title='bbox 196 994 273 1043; x_wconf 89' lang='lat' dir='ltr'><strong>est</strong></span> <span class='ocrx_word' id='word_1_62' title='bbox 298 986 435 1042; x_wconf 86' lang='lat' dir='ltr'><strong>enim</strong></span> <span class='ocrx_word' id='word_1_63' title='bbox 476 983 560 1043; x_wconf 87' lang='lat' dir='ltr'><strong>sic</strong></span> <span class='ocrx_word' id='word_1_64' title='bbox 584 982 885 1055; x_wconf 74' lang='lat' dir='ltr'><strong>intelligere</strong></span> <span class='ocrx_word' id='word_1_65' title='bbox 918 996 1081 1053; x_wconf 81' lang='lat' dir='ltr'><strong>quam</strong></span> <span class='ocrx_word' id='word_1_66' title='bbox 1111 982 1455 1038; x_wconf 81' lang='lat' dir='ltr'><strong>divinitatem</strong></span> <span class='ocrx_word' id='word_1_67' title='bbox 1481 980 1606 1036; x_wconf 84' lang='lat' dir='ltr'><strong>Filii</strong></span> <span class='ocrx_word' id='word_1_68' title='bbox 1639 995 1764 1036; x_wconf 87' lang='lat' dir='ltr'><strong>cum</strong></span> 
     </span>
    </p>
   </div>
   <div class='ocr_carea' id='block_1_11' title="bbox 197 1072 1762 1145">
    <p class='ocr_par' dir='ltr' id='par_1_11' title="bbox 197 1072 1762 1145">
     <span class='ocr_line' id='line_1_11' title="bbox 197 1072 1762 1145; baseline -0.003 -14"><span class='ocrx_word' id='word_1_69' title='bbox 197 1076 400 1132; x_wconf 86' lang='lat' dir='ltr'><strong>homine</strong></span> <span class='ocrx_word' id='word_1_70' title='bbox 441 1090 603 1145; x_wconf 87' lang='lat' dir='ltr'><strong>quam</strong></span> <span class='ocrx_word' id='word_1_71' title='bbox 636 1073 945 1144; x_wconf 68' lang='lat' dir='ltr'><strong>misumpsit</strong></span> <span class='ocrx_word' id='word_1_72' title='bbox 985 1073 1387 1130; x_wconf 84' lang='lat' dir='ltr'><strong>cohabitantem</strong></span> <span class='ocrx_word' id='word_1_73' title='bbox 1425 1072 1722 1145; x_wconf 77' lang='lat' dir='ltr'><strong>signiﬁcari</strong></span> <span class='ocrx_word' id='word_1_74' title='bbox 1744 1112 1762 1139; x_wconf 91' lang='lat'><strong>,</strong></span> 
     </span>
    </p>
   </div>
   <div class='ocr_carea' id='block_1_12' title="bbox 194 1162 1766 1236">
    <p class='ocr_par' dir='ltr' id='par_1_12' title="bbox 194 1162 1766 1236">
     <span class='ocr_line' id='line_1_12' title="bbox 194 1162 1766 1236; baseline -0.001 -15"><span class='ocrx_word' id='word_1_75' title='bbox 194 1181 359 1236; x_wconf 88' lang='lat' dir='ltr'><strong>neque</strong></span> <span class='ocrx_word' id='word_1_76' title='bbox 381 1164 582 1221; x_wconf 87' lang='lat' dir='ltr'><strong>Christi</strong></span> <span class='ocrx_word' id='word_1_77' title='bbox 606 1178 896 1234; x_wconf 79' lang='lat' dir='ltr'><strong>personam</strong></span> <span class='ocrx_word' id='word_1_78' title='bbox 920 1163 1221 1233; x_wconf 77' lang='lat' dir='ltr'><strong>geminare,</strong></span> <span class='ocrx_word' id='word_1_79' title='bbox 1250 1164 1388 1219; x_wconf 83' lang='lat' dir='ltr'><strong>etin</strong></span> <span class='ocrx_word' id='word_1_80' title='bbox 1410 1162 1647 1221; x_wconf 87' lang='lat' dir='ltr'><strong>Nestorii</strong></span> <span class='ocrx_word' id='word_1_81' title='bbox 1670 1164 1766 1220; x_wconf 90' lang='lat' dir='ltr'><strong>do-</strong></span> 
     </span>
    </p>
   </div>
   <div class='ocr_carea' id='block_1_13' title="bbox 194 1256 862 1330">
    <p class='ocr_par' dir='ltr' id='par_1_13' title="bbox 194 1256 862 1330">
     <span class='ocr_line' id='line_1_13' title="bbox 194 1256 862 1330; baseline -0.001 -19"><span class='ocrx_word' id='word_1_82' title='bbox 194 1272 308 1330; x_wconf 87' lang='lat' dir='ltr'><strong>gma</strong></span> <span class='ocrx_word' id='word_1_83' title='bbox 343 1257 537 1313; x_wconf 80' lang='lat' dir='ltr'><strong>cadere</strong></span> <span class='ocrx_word' id='word_1_84' title='bbox 560 1256 862 1312; x_wconf 78' lang='lat' dir='ltr'><strong>videamur.</strong></span> 
     </span>
    </p>
   </div>
   <div class='ocr_carea' id='block_1_14' title="bbox 261 1346 1765 1419">
    <p class='ocr_par' dir='ltr' id='par_1_14' title="bbox 261 1346 1765 1419">
     <span class='ocr_line' id='line_1_14' title="bbox 261 1346 1765 1419; baseline 0.001 -17"><span class='ocrx_word' id='word_1_85' title='bbox 261 1347 418 1414; x_wconf 84' lang='lat' dir='ltr'><strong>Quem</strong></span> <span class='ocrx_word' id='word_1_86' title='bbox 470 1346 770 1402; x_wconf 84' lang='lat' dir='ltr'><strong>occiderunt</strong></span> <span class='ocrx_word' id='word_1_87' title='bbox 810 1347 1180 1418; x_wconf 74' lang='lat' dir='ltr'><strong>suspendentes</strong></span> <span class='ocrx_word' id='word_1_88' title='bbox 1219 1348 1273 1402; x_wconf 85' lang='lat' dir='ltr'><strong>in</strong></span> <span class='ocrx_word' id='word_1_89' title='bbox 1311 1348 1474 1419; x_wconf 85' lang='lat' dir='ltr'><strong>ligno.</strong></span> <span class='ocrx_word' id='word_1_90' title='bbox 1514 1346 1765 1405; x_wconf 72' lang='lat' dir='ltr'><strong>Christus</strong></span> 
     </span>
    </p>
   </div>
   <div class='ocr_carea' id='block_1_15' title="bbox 192 1436 1760 1511">
    <p class='ocr_par' dir='ltr' id='par_1_15' title="bbox 192 1436 1760 1511">
     <span class='ocr_line' id='line_1_15' title="bbox 192 1436 1760 1511; baseline -0.002 -16"><span class='ocrx_word' id='word_1_91' title='bbox 192 1453 370 1511; x_wconf 85' lang='lat' dir='ltr'><strong>passus</strong></span> <span class='ocrx_word' id='word_1_92' title='bbox 392 1446 475 1494; x_wconf 87' lang='lat' dir='ltr'><strong>est</strong></span> <span class='ocrx_word' id='word_1_93' title='bbox 493 1477 510 1501; x_wconf 87' lang='lat'><strong>,</strong></span> <span class='ocrx_word' id='word_1_94' title='bbox 549 1437 845 1493; x_wconf 78' lang='lat' dir='ltr'><strong>moriamur</strong></span> <span class='ocrx_word' id='word_1_95' title='bbox 868 1444 1114 1507; x_wconf 85' lang='lat' dir='ltr'><strong>peccato,</strong></span> <span class='ocrx_word' id='word_1_96' title='bbox 1143 1436 1395 1494; x_wconf 76' lang='lat' dir='ltr'><strong>Christus</strong></span> <span class='ocrx_word' id='word_1_97' title='bbox 1423 1439 1760 1504; x_wconf 78' lang='lat' dir='ltr'><strong>resurrexit,</strong></span> 
     </span>
    </p>
   </div>
   <div class='ocr_carea' id='block_1_16' title="bbox 193 1528 1766 1594">
    <p class='ocr_par' dir='ltr' id='par_1_16' title="bbox 193 1528 1766 1594">
     <span class='ocr_line' id='line_1_16' title="bbox 193 1528 1766 1594; baseline -0.001 -8"><span class='ocrx_word' id='word_1_98' title='bbox 193 1533 423 1587; x_wconf 77' lang='lat' dir='ltr'><strong>vivamus</strong></span> <span class='ocrx_word' id='word_1_99' title='bbox 472 1529 586 1585; x_wconf 91' lang='lat' dir='ltr'><strong>Deo</strong></span> <span class='ocrx_word' id='word_1_100' title='bbox 612 1569 628 1594; x_wconf 89' lang='lat'><strong>,</strong></span> <span class='ocrx_word' id='word_1_101' title='bbox 688 1528 939 1584; x_wconf 83' lang='lat' dir='ltr'><strong>Christus</strong></span> <span class='ocrx_word' id='word_1_102' title='bbox 1006 1529 1224 1585; x_wconf 82' lang='lat' dir='ltr'><strong>transiit</strong></span> <span class='ocrx_word' id='word_1_103' title='bbox 1273 1529 1340 1586; x_wconf 91' lang='lat' dir='ltr'><strong>de</strong></span> <span class='ocrx_word' id='word_1_104' title='bbox 1397 1529 1502 1585; x_wconf 88' lang='lat' dir='ltr'><strong>hoc</strong></span> <span class='ocrx_word' id='word_1_105' title='bbox 1562 1529 1766 1585; x_wconf 80' lang='lat' dir='ltr'><strong>mlmdo</strong></span> 
     </span>
    </p>
   </div>
   <div class='ocr_carea' id='block_1_17' title="bbox 188 1603 1763 1690">
    <p class='ocr_par' dir='ltr' id='par_1_17' title="bbox 188 1603 1763 1690">
     <span class='ocr_line' id='line_1_17' title="bbox 188 1603 1763 1690; baseline -0.001 -11"><span class='ocrx_word' id='word_1_106' title='bbox 188 1624 254 1680; x_wconf 86' lang='lat' dir='ltr'><strong>ad</strong></span> <span class='ocrx_word' id='word_1_107' title='bbox 295 1603 508 1677; x_wconf 71' lang='lat' dir='ltr'><strong>Patrem</strong></span> <span class='ocrx_word' id='word_1_108' title='bbox 535 1661 552 1688; x_wconf 88' lang='lat'><strong>,</strong></span> <span class='ocrx_word' id='word_1_109' title='bbox 596 1635 705 1676; x_wconf 87' lang='lat' dir='ltr'><strong>non</strong></span> <span class='ocrx_word' id='word_1_110' title='bbox 742 1619 831 1675; x_wconf 89' lang='lat' dir='ltr'><strong>hic</strong></span> <span class='ocrx_word' id='word_1_111' title='bbox 863 1620 1067 1676; x_wconf 65' lang='lat' dir='ltr'><strong>haereat</strong></span> <span class='ocrx_word' id='word_1_112' title='bbox 1105 1635 1207 1676; x_wconf 88' lang='lat' dir='ltr'><strong>cor</strong></span> <span class='ocrx_word' id='word_1_113' title='bbox 1251 1627 1522 1690; x_wconf 87' lang='lat' dir='ltr'><strong>nostrum,</strong></span> <span class='ocrx_word' id='word_1_114' title='bbox 1559 1621 1658 1678; x_wconf 88' lang='lat' dir='ltr'><strong>sed</strong></span> <span class='ocrx_word' id='word_1_115' title='bbox 1694 1620 1763 1677; x_wconf 86' lang='lat' dir='ltr'><strong>ad</strong></span> 
     </span>
    </p>
   </div>
   <div class='ocr_carea' id='block_1_18' title="bbox 190 1712 1760 1785">
    <p class='ocr_par' dir='ltr' id='par_1_18' title="bbox 190 1712 1760 1785">
     <span class='ocr_line' id='line_1_18' title="bbox 190 1712 1760 1785; baseline -0.001 -14"><span class='ocrx_word' id='word_1_116' title='bbox 190 1729 407 1785; x_wconf 85' lang='lat' dir='ltr'><strong>superna</strong></span> <span class='ocrx_word' id='word_1_117' title='bbox 445 1720 706 1783; x_wconf 84' lang='lat' dir='ltr'><strong>sequatur</strong></span> <span class='ocrx_word' id='word_1_118' title='bbox 748 1719 909 1782; x_wconf 83' lang='lat' dir='ltr'><strong>caput</strong></span> <span class='ocrx_word' id='word_1_119' title='bbox 933 1718 1199 1777; x_wconf 83' lang='lat' dir='ltr'><strong>nostrum,</strong></span> <span class='ocrx_word' id='word_1_120' title='bbox 1229 1712 1488 1783; x_wconf 84' lang='lat' dir='ltr'><strong>pependit</strong></span> <span class='ocrx_word' id='word_1_121' title='bbox 1510 1712 1565 1770; x_wconf 91' lang='lat' dir='ltr'><strong>in</strong></span> <span class='ocrx_word' id='word_1_122' title='bbox 1594 1712 1760 1783; x_wconf 86' lang='lat' dir='ltr'><strong>ligno,</strong></span> 
     </span>
    </p>
   </div>
   <div class='ocr_carea' id='block_1_19' title="bbox 189 1801 1312 1874">
    <p class='ocr_par' dir='ltr' id='par_1_19' title="bbox 189 1801 1312 1874">
     <span class='ocr_line' id='line_1_19' title="bbox 189 1801 1312 1874; baseline -0.005 -12"><span class='ocrx_word' id='word_1_123' title='bbox 189 1803 671 1874; x_wconf 80' lang='lat' dir='ltr'><strong>concupiscentiam</strong></span> <span class='ocrx_word' id='word_1_124' title='bbox 699 1802 883 1858; x_wconf 86' lang='lat' dir='ltr'><strong>carnis</strong></span> <span class='ocrx_word' id='word_1_125' title='bbox 906 1801 1312 1874; x_wconf 80' lang='lat' dir='ltr'><strong>cruciﬁgamus.</strong></span> 
     </span>
    </p>
   </div>
   <div class='ocr_carea' id='block_1_20' title="bbox 253 1892 1758 1961">
    <p class='ocr_par' dir='ltr' id='par_1_20' title="bbox 253 1892 1758 1961">
     <span class='ocr_line' id='line_1_20' title="bbox 253 1892 1758 1961; baseline 0.001 -11"><span class='ocrx_word' id='word_1_126' title='bbox 253 1894 402 1950; x_wconf 80' lang='lat' dir='ltr'><strong>Hunc</strong></span> <span class='ocrx_word' id='word_1_127' title='bbox 417 1893 563 1949; x_wconf 84' lang='lat' dir='ltr'><strong>Deus</strong></span> <span class='ocrx_word' id='word_1_128' title='bbox 576 1893 845 1949; x_wconf 78' lang='lat' dir='ltr'><strong>suscitavit</strong></span> <span class='ocrx_word' id='word_1_129' title='bbox 867 1893 1023 1949; x_wconf 77' lang='lat' dir='ltr'><strong>tertia</strong></span> <span class='ocrx_word' id='word_1_130' title='bbox 1044 1892 1153 1948; x_wconf 82' lang='lat' dir='ltr'><strong>die.</strong></span> <span class='ocrx_word' id='word_1_131' title='bbox 1174 1892 1310 1961; x_wconf 83' lang='lat' dir='ltr'><strong>Quis</strong></span> <span class='ocrx_word' id='word_1_132' title='bbox 1328 1892 1615 1950; x_wconf 80' lang='lat' dir='ltr'><strong>suscitavit</strong></span> <span class='ocrx_word' id='word_1_133' title='bbox 1631 1908 1758 1951; x_wconf 85' lang='lat' dir='ltr'><strong>eum</strong></span> 
     </span>
    </p>
   </div>
   <div class='ocr_carea' id='block_1_21' title="bbox 188 1982 1758 2043">
    <p class='ocr_par' dir='ltr' id='par_1_21' title="bbox 188 1982 1758 2043">
     <span class='ocr_line' id='line_1_21' title="bbox 188 1982 1758 2043; baseline 0.002 -3"><span class='ocrx_word' id='word_1_134' title='bbox 188 1985 285 2041; x_wconf 87' lang='lat' dir='ltr'><strong>nisi</strong></span> <span class='ocrx_word' id='word_1_135' title='bbox 312 1984 602 2040; x_wconf 72' lang='lat' dir='ltr'><strong>invisibilis</strong></span> <span class='ocrx_word' id='word_1_136' title='bbox 628 1984 801 2039; x_wconf 88' lang='lat' dir='ltr'><strong>Deus?</strong></span> <span class='ocrx_word' id='word_1_137' title='bbox 831 1982 1098 2040; x_wconf 87' lang='lat' dir='ltr'><strong>Dormivit</strong></span> <span class='ocrx_word' id='word_1_138' title='bbox 1124 1984 1270 2040; x_wconf 85' lang='lat' dir='ltr'><strong>enim</strong></span> <span class='ocrx_word' id='word_1_139' title='bbox 1292 1994 1348 2040; x_wconf 87' lang='lat' dir='ltr'><strong>et</strong></span> <span class='ocrx_word' id='word_1_140' title='bbox 1373 1999 1621 2041; x_wconf 71' lang='lat' dir='ltr'><strong>solutum</strong></span> <span class='ocrx_word' id='word_1_141' title='bbox 1643 2000 1758 2043; x_wconf 65' lang='lat' dir='ltr'><strong>cte-</strong></span> 
     </span>
    </p>
   </div>
   <div class='ocr_carea' id='block_1_22' title="bbox 186 2074 1756 2146">
    <p class='ocr_par' dir='ltr' id='par_1_22' title="bbox 186 2074 1756 2146">
     <span class='ocr_line' id='line_1_22' title="bbox 186 2074 1756 2146; baseline 0.003 -18"><span class='ocrx_word' id='word_1_142' title='bbox 186 2076 260 2146; x_wconf 90' lang='lat' dir='ltr'><strong>pit</strong></span> <span class='ocrx_word' id='word_1_143' title='bbox 293 2082 347 2129; x_wconf 90' lang='lat' dir='ltr'><strong>et</strong></span> <span class='ocrx_word' id='word_1_144' title='bbox 379 2074 704 2138; x_wconf 75' lang='lat' dir='ltr'><strong>exsurrexit,</strong></span> <span class='ocrx_word' id='word_1_145' title='bbox 748 2074 1006 2145; x_wconf 87' lang='lat' dir='ltr'><strong>quoniam</strong></span> <span class='ocrx_word' id='word_1_146' title='bbox 1040 2075 1303 2130; x_wconf 88' lang='lat' dir='ltr'><strong>Dominus</strong></span> <span class='ocrx_word' id='word_1_147' title='bbox 1330 2076 1570 2145; x_wconf 85' lang='lat' dir='ltr'><strong>suscepit</strong></span> <span class='ocrx_word' id='word_1_148' title='bbox 1594 2092 1756 2145; x_wconf 85' lang='lat' dir='ltr'><strong>eum,</strong></span> 
     </span>
    </p>
   </div>
   <div class='ocr_carea' id='block_1_23' title="bbox 186 2162 1749 2243">
    <p class='ocr_par' dir='ltr' id='par_1_23' title="bbox 186 2162 1749 2243">
     <span class='ocr_line' id='line_1_23' title="bbox 186 2162 1749 2243; baseline 0.004 -22"><span class='ocrx_word' id='word_1_149' title='bbox 186 2166 265 2221; x_wconf 92' lang='lat' dir='ltr'><strong>cui</strong></span> <span class='ocrx_word' id='word_1_150' title='bbox 300 2165 554 2221; x_wconf 78' lang='lat' dir='ltr'><strong>dixerat:</strong></span> <span class='ocrx_word' id='word_1_151' title='bbox 587 2162 796 2220; x_wconf 80' lang='lat' dir='ltr'><strong>Suscita</strong></span> <span class='ocrx_word' id='word_1_152' title='bbox 835 2182 917 2220; x_wconf 76' lang='lat' dir='ltr'><strong>me</strong></span> <span class='ocrx_word' id='word_1_153' title='bbox 957 2174 1005 2220; x_wconf 89' lang='lat' dir='ltr'><strong>et</strong></span> <span class='ocrx_word' id='word_1_154' title='bbox 1044 2165 1261 2220; x_wconf 81' lang='lat' dir='ltr'><strong>reddam</strong></span> <span class='ocrx_word' id='word_1_155' title='bbox 1302 2168 1378 2222; x_wconf 82' lang='lat' dir='ltr'><strong>eis</strong></span> <span class='ocrx_word' id='word_1_156' title='bbox 1419 2166 1600 2241; x_wconf 79' lang='lat' dir='ltr'><strong>(Psal.</strong></span> <span class='ocrx_word' id='word_1_157' title='bbox 1633 2167 1749 2243; x_wconf 74' lang='grc' dir='ltr'><strong>η).</strong></span> 
     </span>
    </p>
   </div>
   <div class='ocr_carea' id='block_1_24' title="bbox 189 2257 1758 2335">
    <p class='ocr_par' dir='ltr' id='par_1_24' title="bbox 189 2257 1758 2335">
     <span class='ocr_line' id='line_1_24' title="bbox 189 2257 1758 2335; baseline 0.004 -22"><span class='ocrx_word' id='word_1_158' title='bbox 189 2258 420 2314; x_wconf 79' lang='lat' dir='ltr'><strong>Traditus</strong></span> <span class='ocrx_word' id='word_1_159' title='bbox 458 2268 537 2313; x_wconf 82' lang='lat' dir='ltr'><strong>est</strong></span> <span class='ocrx_word' id='word_1_160' title='bbox 562 2267 763 2329; x_wconf 79' lang='lat' dir='ltr'><strong>propter</strong></span> <span class='ocrx_word' id='word_1_161' title='bbox 790 2257 984 2313; x_wconf 77' lang='lat' dir='ltr'><strong>delicta</strong></span> <span class='ocrx_word' id='word_1_162' title='bbox 1011 2269 1214 2327; x_wconf 80' lang='lat' dir='ltr'><strong>nostra,</strong></span> <span class='ocrx_word' id='word_1_163' title='bbox 1243 2272 1293 2316; x_wconf 85' lang='lat' dir='ltr'><strong>et</strong></span> <span class='ocrx_word' id='word_1_164' title='bbox 1330 2266 1615 2319; x_wconf 65' lang='lat' dir='ltr'><strong>resurrexit</strong></span> <span class='ocrx_word' id='word_1_165' title='bbox 1635 2281 1758 2335; x_wconf 83' lang='lat' dir='ltr'><strong>pro-</strong></span> 
     </span>
    </p>
   </div>
   <div class='ocr_carea' id='block_1_25' title="bbox 182 2349 1759 2425">
    <p class='ocr_par' dir='ltr' id='par_1_25' title="bbox 182 2349 1759 2425">
     <span class='ocr_line' id='line_1_25' title="bbox 182 2349 1759 2425; baseline 0.006 -20"><span class='ocrx_word' id='word_1_166' title='bbox 182 2360 288 2422; x_wconf 88' lang='lat' dir='ltr'><strong>pter</strong></span> <span class='ocrx_word' id='word_1_167' title='bbox 314 2349 751 2420; x_wconf 66' lang='lat' dir='ltr'><strong>justi/irationem</strong></span> <span class='ocrx_word' id='word_1_168' title='bbox 781 2358 1013 2404; x_wconf 76' lang='lat' dir='ltr'><strong>nostram</strong></span> <span class='ocrx_word' id='word_1_169' title='bbox 1047 2349 1337 2425; x_wconf 71' lang='lat' dir='ltr'><strong>(Rova).</strong></span> <span class='ocrx_word' id='word_1_170' title='bbox 1375 2353 1494 2409; x_wconf 84' lang='lat' dir='ltr'><strong>Erit</strong></span> <span class='ocrx_word' id='word_1_171' title='bbox 1519 2356 1666 2411; x_wconf 87' lang='lat' dir='ltr'><strong>enim</strong></span> <span class='ocrx_word' id='word_1_172' title='bbox 1698 2364 1759 2414; x_wconf 82' lang='lat' dir='ltr'><strong>et</strong></span> 
     </span>
    </p>
   </div>
   <div class='ocr_carea' id='block_1_26' title="bbox 183 2440 1757 2511">
    <p class='ocr_par' dir='ltr' id='par_1_26' title="bbox 183 2440 1757 2511">
     <span class='ocr_line' id='line_1_26' title="bbox 183 2440 1757 2511; baseline 0.006 -14"><span class='ocrx_word' id='word_1_173' title='bbox 183 2442 329 2498; x_wconf 87' lang='lat' dir='ltr'><strong>nobis</strong></span> <span class='ocrx_word' id='word_1_174' title='bbox 352 2441 516 2511; x_wconf 77' lang='lat' dir='ltr'><strong>huius</strong></span> <span class='ocrx_word' id='word_1_175' title='bbox 543 2440 725 2496; x_wconf 75' lang='lat' dir='ltr'><strong>saeculi</strong></span> <span class='ocrx_word' id='word_1_176' title='bbox 745 2448 903 2497; x_wconf 89' lang='lat' dir='ltr'><strong>nocte</strong></span> <span class='ocrx_word' id='word_1_177' title='bbox 926 2442 1187 2499; x_wconf 89' lang='lat' dir='ltr'><strong>translata</strong></span> <span class='ocrx_word' id='word_1_178' title='bbox 1221 2448 1553 2504; x_wconf 84' lang='lat' dir='ltr'><strong>resurrectio</strong></span> <span class='ocrx_word' id='word_1_179' title='bbox 1573 2451 1757 2507; x_wconf 89' lang='lat' dir='ltr'><strong>carnis</strong></span> 
     </span>
    </p>
   </div>
   <div class='ocr_carea' id='block_1_27' title="bbox 182 2530 1754 2607">
    <p class='ocr_par' dir='ltr' id='par_1_27' title="bbox 182 2530 1754 2607">
     <span class='ocr_line' id='line_1_27' title="bbox 182 2530 1754 2607; baseline 0.005 -18"><span class='ocrx_word' id='word_1_180' title='bbox 182 2534 247 2589; x_wconf 84' lang='lat' dir='ltr'><strong>ad</strong></span> <span class='ocrx_word' id='word_1_181' title='bbox 278 2547 525 2607; x_wconf 82' lang='lat' dir='ltr'><strong>regnum,</strong></span> <span class='ocrx_word' id='word_1_182' title='bbox 564 2530 723 2602; x_wconf 83' lang='lat' dir='ltr'><strong>cujus</strong></span> <span class='ocrx_word' id='word_1_183' title='bbox 760 2532 816 2589; x_wconf 92' lang='lat' dir='ltr'><strong>in</strong></span> <span class='ocrx_word' id='word_1_184' title='bbox 845 2532 1024 2603; x_wconf 84' lang='lat' dir='ltr'><strong>capite</strong></span> <span class='ocrx_word' id='word_1_185' title='bbox 1048 2544 1239 2591; x_wconf 86' lang='lat' dir='ltr'><strong>nostro</strong></span> <span class='ocrx_word' id='word_1_186' title='bbox 1261 2538 1541 2607; x_wconf 69' lang='lat' dir='ltr'><strong>prmeessit</strong></span> <span class='ocrx_word' id='word_1_187' title='bbox 1563 2553 1754 2599; x_wconf 82' lang='lat' dir='ltr'><strong>exem-</strong></span> 
     </span>
    </p>
   </div>
   <div class='ocr_carea' id='block_1_28' title="bbox 182 2624 1757 2701">
    <p class='ocr_par' dir='ltr' id='par_1_28' title="bbox 182 2624 1757 2701">
     <span class='ocr_line' id='line_1_28' title="bbox 182 2624 1757 2701; baseline 0.006 -21"><span class='ocrx_word' id='word_1_188' title='bbox 182 2624 336 2696; x_wconf 85' lang='lat' dir='ltr'><strong>plum.</strong></span> <span class='ocrx_word' id='word_1_189' title='bbox 378 2624 631 2682; x_wconf 77' lang='lat' dir='ltr'><strong>Surrexit</strong></span> <span class='ocrx_word' id='word_1_190' title='bbox 671 2632 729 2682; x_wconf 89' lang='lat' dir='ltr'><strong>et</strong></span> <span class='ocrx_word' id='word_1_191' title='bbox 763 2625 963 2682; x_wconf 79' lang='lat' dir='ltr'><strong>volavit</strong></span> <span class='ocrx_word' id='word_1_192' title='bbox 1003 2626 1060 2683; x_wconf 93' lang='lat' dir='ltr'><strong>in</strong></span> <span class='ocrx_word' id='word_1_193' title='bbox 1103 2627 1271 2684; x_wconf 78' lang='lat' dir='ltr'><strong>altum</strong></span> <span class='ocrx_word' id='word_1_194' title='bbox 1298 2668 1316 2696; x_wconf 90' lang='lat'><strong>,</strong></span> <span class='ocrx_word' id='word_1_195' title='bbox 1360 2638 1418 2685; x_wconf 92' lang='lat' dir='ltr'><strong>et</strong></span> <span class='ocrx_word' id='word_1_196' title='bbox 1456 2645 1558 2701; x_wconf 90' lang='lat' dir='ltr'><strong>pro</strong></span> <span class='ocrx_word' id='word_1_197' title='bbox 1597 2632 1757 2690; x_wconf 84' lang='lat' dir='ltr'><strong>nobis</strong></span> 
     </span>
    </p>
   </div>
   <div class='ocr_carea' id='block_1_29' title="bbox 182 2717 1757 2796">
    <p class='ocr_par' dir='ltr' id='par_1_29' title="bbox 182 2717 1757 2796">
     <span class='ocr_line' id='line_1_29' title="bbox 182 2717 1757 2796; baseline 0.006 -23"><span class='ocrx_word' id='word_1_198' title='bbox 182 2718 360 2775; x_wconf 82' lang='lat' dir='ltr'><strong>unicus</strong></span> <span class='ocrx_word' id='word_1_199' title='bbox 378 2717 704 2791; x_wconf 72' lang='lat' dir='ltr'><strong>interpellat</strong></span> <span class='ocrx_word' id='word_1_200' title='bbox 724 2718 782 2774; x_wconf 83' lang='lat' dir='ltr'><strong>in</strong></span> <span class='ocrx_word' id='word_1_201' title='bbox 810 2718 969 2776; x_wconf 67' lang='lat' dir='ltr'><strong>oculo.</strong></span> <span class='ocrx_word' id='word_1_202' title='bbox 995 2719 1228 2776; x_wconf 72' lang='lat' dir='ltr'><strong>Praestat</strong></span> <span class='ocrx_word' id='word_1_203' title='bbox 1249 2736 1379 2778; x_wconf 84' lang='lat' dir='ltr'><strong>cum</strong></span> <span class='ocrx_word' id='word_1_204' title='bbox 1402 2721 1585 2792; x_wconf 80' lang='lat' dir='ltr'><strong>Patre,</strong></span> <span class='ocrx_word' id='word_1_205' title='bbox 1609 2725 1757 2796; x_wconf 81' lang='lat' dir='ltr'><strong>quod</strong></span> 
     </span>
    </p>
   </div>
   <div class='ocr_carea' id='block_1_30' title="bbox 181 2809 1752 2882">
    <p class='ocr_par' dir='ltr' id='par_1_30' title="bbox 181 2809 1752 2882">
     <span class='ocr_line' id='line_1_30' title="bbox 181 2809 1752 2882; baseline 0.006 -18"><span class='ocrx_word' id='word_1_206' title='bbox 181 2810 471 2880; x_wconf 79' lang='lat' dir='ltr'><strong>postularat</strong></span> <span class='ocrx_word' id='word_1_207' title='bbox 517 2825 551 2866; x_wconf 83' lang='lat' dir='ltr'><strong>a</strong></span> <span class='ocrx_word' id='word_1_208' title='bbox 579 2809 775 2878; x_wconf 80' lang='lat' dir='ltr'><strong>Patre,</strong></span> <span class='ocrx_word' id='word_1_209' title='bbox 819 2812 947 2882; x_wconf 84' lang='lat' dir='ltr'><strong>quia</strong></span> <span class='ocrx_word' id='word_1_210' title='bbox 990 2812 1261 2869; x_wconf 80' lang='lat' dir='ltr'><strong>mediator</strong></span> <span class='ocrx_word' id='word_1_211' title='bbox 1298 2824 1385 2871; x_wconf 84' lang='lat' dir='ltr'><strong>est</strong></span> <span class='ocrx_word' id='word_1_212' title='bbox 1419 2824 1477 2873; x_wconf 88' lang='lat' dir='ltr'><strong>et</strong></span> <span class='ocrx_word' id='word_1_213' title='bbox 1518 2828 1752 2874; x_wconf 77' lang='lat' dir='ltr'><strong>creator.</strong></span> 
     </span>
    </p>
   </div>
   <div class='ocr_carea' id='block_1_31' title="bbox 181 2901 1756 2975">
    <p class='ocr_par' dir='ltr' id='par_1_31' title="bbox 181 2901 1756 2975">
     <span class='ocr_line' id='line_1_31' title="bbox 181 2901 1756 2975; baseline 0.006 -19"><span class='ocrx_word' id='word_1_214' title='bbox 181 2901 427 2959; x_wconf 73' lang='lat' dir='ltr'><strong>Mediator</strong></span> <span class='ocrx_word' id='word_1_215' title='bbox 456 2911 521 2958; x_wconf 92' lang='lat' dir='ltr'><strong>ut</strong></span> <span class='ocrx_word' id='word_1_216' title='bbox 558 2912 767 2975; x_wconf 88' lang='lat' dir='ltr'><strong>poscat,</strong></span> <span class='ocrx_word' id='word_1_217' title='bbox 795 2913 1013 2961; x_wconf 84' lang='lat' dir='ltr'><strong>creator</strong></span> <span class='ocrx_word' id='word_1_218' title='bbox 1054 2914 1115 2961; x_wconf 93' lang='lat' dir='ltr'><strong>ut</strong></span> <span class='ocrx_word' id='word_1_219' title='bbox 1155 2906 1382 2963; x_wconf 85' lang='lat' dir='ltr'><strong>tribuat.</strong></span> <span class='ocrx_word' id='word_1_220' title='bbox 1414 2907 1756 2967; x_wconf 82' lang='lat' dir='ltr'><strong>Fidelissime</strong></span> 
     </span>
    </p>
   </div>
   <div class='ocr_carea' id='block_1_32' title="bbox 180 2992 1756 3069">
    <p class='ocr_par' dir='ltr' id='par_1_32' title="bbox 180 2992 1756 3069">
     <span class='ocr_line' id='line_1_32' title="bbox 180 2992 1756 3069; baseline 0.006 -22"><span class='ocrx_word' id='word_1_221' title='bbox 180 2992 333 3064; x_wconf 77' lang='lat' dir='ltr'><strong>igitur</strong></span> <span class='ocrx_word' id='word_1_222' title='bbox 356 3005 411 3051; x_wconf 83' lang='lat' dir='ltr'><strong>et</strong></span> <span class='ocrx_word' id='word_1_223' title='bbox 439 2994 713 3051; x_wconf 71' lang='lat' dir='ltr'><strong>ﬁdissimo</strong></span> <span class='ocrx_word' id='word_1_224' title='bbox 743 2993 938 3051; x_wconf 80' lang='lat' dir='ltr'><strong>affectu</strong></span> <span class='ocrx_word' id='word_1_225' title='bbox 966 2996 1020 3051; x_wconf 89' lang='lat' dir='ltr'><strong>ei</strong></span> <span class='ocrx_word' id='word_1_226' title='bbox 1052 2997 1353 3053; x_wconf 87' lang='lat' dir='ltr'><strong>orationem</strong></span> <span class='ocrx_word' id='word_1_227' title='bbox 1382 3013 1547 3069; x_wconf 87' lang='lat' dir='ltr'><strong>quam</strong></span> <span class='ocrx_word' id='word_1_228' title='bbox 1572 3000 1756 3058; x_wconf 87' lang='lat' dir='ltr'><strong>docuit</strong></span> 
     </span>
    </p>
   </div>
   <div class='ocr_carea' id='block_1_33' title="bbox 174 3084 1750 3161">
    <p class='ocr_par' dir='ltr' id='par_1_33' title="bbox 174 3084 1750 3161">
     <span class='ocr_line' id='line_1_33' title="bbox 174 3084 1750 3161; baseline 0.006 -22"><span class='ocrx_word' id='word_1_229' title='bbox 174 3084 487 3156; x_wconf 73' lang='lat' dir='ltr'><strong>allegemus,</strong></span> <span class='ocrx_word' id='word_1_230' title='bbox 508 3092 569 3139; x_wconf 87' lang='lat' dir='ltr'><strong>ut</strong></span> <span class='ocrx_word' id='word_1_231' title='bbox 590 3085 734 3156; x_wconf 76' lang='lat' dir='ltr'><strong>quod</strong></span> <span class='ocrx_word' id='word_1_232' title='bbox 767 3085 1069 3142; x_wconf 78' lang='lat' dir='ltr'><strong>faciendum</strong></span> <span class='ocrx_word' id='word_1_233' title='bbox 1088 3085 1271 3158; x_wconf 80' lang='lat' dir='ltr'><strong>jussit,</strong></span> <span class='ocrx_word' id='word_1_234' title='bbox 1300 3089 1420 3160; x_wconf 84' lang='lat' dir='ltr'><strong>ipso</strong></span> <span class='ocrx_word' id='word_1_235' title='bbox 1443 3088 1750 3161; x_wconf 77' lang='lat' dir='ltr'><strong>adjuvante,</strong></span> 
     </span>
    </p>
   </div>
   <div class='ocr_carea' id='block_1_34' title="bbox 1868 526 3453 607">
    <p class='ocr_par' dir='ltr' id='par_1_34' title="bbox 1868 526 3453 607">
     <span class='ocr_line' id='line_1_34' title="bbox 1868 526 3453 607; baseline 0.011 -28"><span class='ocrx_word' id='word_1_236' title='bbox 1868 526 2071 592; x_wconf 75' lang='lat' dir='ltr'><strong>tacere,</strong></span> <span class='ocrx_word' id='word_1_237' title='bbox 2107 526 2236 595; x_wconf 82' lang='lat' dir='ltr'><strong>quia</strong></span> <span class='ocrx_word' id='word_1_238' title='bbox 2260 526 2431 583; x_wconf 88' lang='lat' dir='ltr'><strong>Filius</strong></span> <span class='ocrx_word' id='word_1_239' title='bbox 2462 529 2698 588; x_wconf 86' lang='lat' dir='ltr'><strong>hominis</strong></span> <span class='ocrx_word' id='word_1_240' title='bbox 2735 540 2839 588; x_wconf 89' lang='lat' dir='ltr'><strong>est.</strong></span> <span class='ocrx_word' id='word_1_241' title='bbox 2879 531 3014 600; x_wconf 82' lang='lat' dir='ltr'><strong>Quis</strong></span> <span class='ocrx_word' id='word_1_242' title='bbox 3044 533 3225 591; x_wconf 85' lang='lat' dir='ltr'><strong>dedit?</strong></span> <span class='ocrx_word' id='word_1_243' title='bbox 3267 536 3453 607; x_wconf 88' lang='lat' dir='ltr'><strong>Pater,</strong></span> 
     </span>
    </p>
   </div>
   <div class='ocr_carea' id='block_1_35' title="bbox 1866 616 3451 688">
    <p class='ocr_par' dir='ltr' id='par_1_35' title="bbox 1866 616 3451 688">
     <span class='ocr_line' id='line_1_35' title="bbox 1866 616 3451 688; baseline 0.011 -18"><span class='ocrx_word' id='word_1_244' title='bbox 1866 616 1952 670; x_wconf 91' lang='lat' dir='ltr'><strong>cui</strong></span> <span class='ocrx_word' id='word_1_245' title='bbox 1976 616 2155 672; x_wconf 84' lang='lat' dir='ltr'><strong>dedit?</strong></span> <span class='ocrx_word' id='word_1_246' title='bbox 2184 616 2343 683; x_wconf 85' lang='lat' dir='ltr'><strong>Filio,</strong></span> <span class='ocrx_word' id='word_1_247' title='bbox 2378 619 2470 674; x_wconf 91' lang='lat' dir='ltr'><strong>cui</strong></span> <span class='ocrx_word' id='word_1_248' title='bbox 2493 622 2643 677; x_wconf 88' lang='lat' dir='ltr'><strong>enim</strong></span> <span class='ocrx_word' id='word_1_249' title='bbox 2668 622 2820 678; x_wconf 87' lang='lat' dir='ltr'><strong>dedit</strong></span> <span class='ocrx_word' id='word_1_250' title='bbox 2847 625 3014 680; x_wconf 89' lang='lat' dir='ltr'><strong>vitam</strong></span> <span class='ocrx_word' id='word_1_251' title='bbox 3037 626 3238 683; x_wconf 74' lang='lat' dir='ltr'><strong>habere</strong></span> <span class='ocrx_word' id='word_1_252' title='bbox 3269 628 3323 684; x_wconf 86' lang='lat' dir='ltr'><strong>in</strong></span> <span class='ocrx_word' id='word_1_253' title='bbox 3361 646 3451 688; x_wconf 85' lang='lat' dir='ltr'><strong>se-</strong></span> 
     </span>
    </p>
   </div>
   <div class='ocr_carea' id='block_1_36' title="bbox 1865 704 3448 776">
    <p class='ocr_par' dir='ltr' id='par_1_36' title="bbox 1865 704 3448 776">
     <span class='ocr_line' id='line_1_36' title="bbox 1865 704 3448 776; baseline 0.011 -18"><span class='ocrx_word' id='word_1_254' title='bbox 1865 704 2120 775; x_wconf 89' lang='lat' dir='ltr'><strong>metipso,</strong></span> <span class='ocrx_word' id='word_1_255' title='bbox 2152 706 2257 761; x_wconf 89' lang='lat' dir='ltr'><strong>iste</strong></span> <span class='ocrx_word' id='word_1_256' title='bbox 2284 705 2556 774; x_wconf 83' lang='lat' dir='ltr'><strong>Christus,</strong></span> <span class='ocrx_word' id='word_1_257' title='bbox 2584 718 2640 765; x_wconf 93' lang='lat' dir='ltr'><strong>et</strong></span> <span class='ocrx_word' id='word_1_258' title='bbox 2663 710 2830 768; x_wconf 85' lang='lat' dir='ltr'><strong>Filius</strong></span> <span class='ocrx_word' id='word_1_259' title='bbox 2852 712 2948 769; x_wconf 87' lang='lat' dir='ltr'><strong>Dei</strong></span> <span class='ocrx_word' id='word_1_260' title='bbox 2980 724 3035 770; x_wconf 90' lang='lat' dir='ltr'><strong>et</strong></span> <span class='ocrx_word' id='word_1_261' title='bbox 3066 715 3234 773; x_wconf 85' lang='lat' dir='ltr'><strong>Filius</strong></span> <span class='ocrx_word' id='word_1_262' title='bbox 3271 720 3448 776; x_wconf 88' lang='lat' dir='ltr'><strong>homi-</strong></span> 
     </span>
    </p>
   </div>
   <div class='ocr_carea' id='block_1_37' title="bbox 1864 796 3455 881">
    <p class='ocr_par' dir='ltr' id='par_1_37' title="bbox 1864 796 3455 881">
     <span class='ocr_line' id='line_1_37' title="bbox 1864 796 3455 881; baseline 0.011 -32"><span class='ocrx_word' id='word_1_263' title='bbox 1864 796 1952 851; x_wconf 86' lang='lat' dir='ltr'><strong>nis</strong></span> <span class='ocrx_word' id='word_1_264' title='bbox 1976 804 2078 863; x_wconf 83' lang='lat' dir='ltr'><strong>est,</strong></span> <span class='ocrx_word' id='word_1_265' title='bbox 2113 797 2339 866; x_wconf 88' lang='lat' dir='ltr'><strong>proinde</strong></span> <span class='ocrx_word' id='word_1_266' title='bbox 2364 798 2492 868; x_wconf 83' lang='lat' dir='ltr'><strong>quia</strong></span> <span class='ocrx_word' id='word_1_267' title='bbox 2530 799 2699 857; x_wconf 86' lang='lat' dir='ltr'><strong>Filius</strong></span> <span class='ocrx_word' id='word_1_268' title='bbox 2727 803 2964 860; x_wconf 85' lang='lat' dir='ltr'><strong>hominis</strong></span> <span class='ocrx_word' id='word_1_269' title='bbox 2983 814 3089 873; x_wconf 88' lang='lat' dir='ltr'><strong>est,</strong></span> <span class='ocrx_word' id='word_1_270' title='bbox 3120 810 3331 879; x_wconf 87' lang='lat' dir='ltr'><strong>accepit</strong></span> <span class='ocrx_word' id='word_1_271' title='bbox 3356 827 3455 881; x_wconf 89' lang='lat' dir='ltr'><strong>po-</strong></span> 
     </span>
    </p>
   </div>
   <div class='ocr_carea' id='block_1_38' title="bbox 1866 888 3453 963">
    <p class='ocr_par' dir='ltr' id='par_1_38' title="bbox 1866 888 3453 963">
     <span class='ocr_line' id='line_1_38' title="bbox 1866 888 3453 963; baseline 0.01 -22"><span class='ocrx_word' id='word_1_272' title='bbox 1866 893 2118 943; x_wconf 88' lang='lat' dir='ltr'><strong>testatem</strong></span> <span class='ocrx_word' id='word_1_273' title='bbox 2157 896 2213 943; x_wconf 90' lang='lat' dir='ltr'><strong>et</strong></span> <span class='ocrx_word' id='word_1_274' title='bbox 2239 888 2505 959; x_wconf 85' lang='lat' dir='ltr'><strong>judicium</strong></span> <span class='ocrx_word' id='word_1_275' title='bbox 2545 889 2748 957; x_wconf 78' lang='lat' dir='ltr'><strong>facere,</strong></span> <span class='ocrx_word' id='word_1_276' title='bbox 2792 894 2936 963; x_wconf 84' lang='lat' dir='ltr'><strong>quod</strong></span> <span class='ocrx_word' id='word_1_277' title='bbox 2967 892 3230 963; x_wconf 89' lang='lat' dir='ltr'><strong>judicium</strong></span> <span class='ocrx_word' id='word_1_278' title='bbox 3257 899 3312 953; x_wconf 92' lang='lat' dir='ltr'><strong>in</strong></span> <span class='ocrx_word' id='word_1_279' title='bbox 3344 901 3453 958; x_wconf 83' lang='lat' dir='ltr'><strong>ﬁne</strong></span> 
     </span>
    </p>
   </div>
   <div class='ocr_carea' id='block_1_39' title="bbox 1864 976 3449 1051">
    <p class='ocr_par' dir='ltr' id='par_1_39' title="bbox 1864 976 3449 1051">
     <span class='ocr_line' id='line_1_39' title="bbox 1864 976 3449 1051; baseline 0.008 -20"><span class='ocrx_word' id='word_1_280' title='bbox 1864 976 2047 1032; x_wconf 62' lang='lat' dir='ltr'><strong>saeculi</strong></span> <span class='ocrx_word' id='word_1_281' title='bbox 2078 977 2201 1032; x_wconf 88' lang='lat' dir='ltr'><strong>erit.</strong></span> <span class='ocrx_word' id='word_1_282' title='bbox 2234 978 2352 1049; x_wconf 85' lang='lat' dir='ltr'><strong>ipse</strong></span> <span class='ocrx_word' id='word_1_283' title='bbox 2384 979 2531 1034; x_wconf 87' lang='lat' dir='ltr'><strong>enim</strong></span> <span class='ocrx_word' id='word_1_284' title='bbox 2553 980 2798 1036; x_wconf 84' lang='lat' dir='ltr'><strong>ascendit</strong></span> <span class='ocrx_word' id='word_1_285' title='bbox 2820 982 2877 1036; x_wconf 92' lang='lat' dir='ltr'><strong>in</strong></span> <span class='ocrx_word' id='word_1_286' title='bbox 2906 984 3097 1051; x_wconf 80' lang='lat' dir='ltr'><strong>cmlos,</strong></span> <span class='ocrx_word' id='word_1_287' title='bbox 3126 994 3181 1041; x_wconf 91' lang='lat' dir='ltr'><strong>et</strong></span> <span class='ocrx_word' id='word_1_288' title='bbox 3213 989 3355 1043; x_wconf 90' lang='lat' dir='ltr'><strong>sedit</strong></span> <span class='ocrx_word' id='word_1_289' title='bbox 3380 990 3449 1045; x_wconf 88' lang='lat' dir='ltr'><strong>ad</strong></span> 
     </span>
    </p>
   </div>
   <div class='ocr_carea' id='block_1_40' title="bbox 1864 1068 3456 1143">
    <p class='ocr_par' dir='ltr' id='par_1_40' title="bbox 1864 1068 3456 1143">
     <span class='ocr_line' id='line_1_40' title="bbox 1864 1068 3456 1143; baseline 0.009 -21"><span class='ocrx_word' id='word_1_290' title='bbox 1864 1068 2146 1123; x_wconf 80' lang='lat' dir='ltr'><strong>dexteram</strong></span> <span class='ocrx_word' id='word_1_291' title='bbox 2184 1068 2395 1138; x_wconf 85' lang='lat' dir='ltr'><strong>Patris,</strong></span> <span class='ocrx_word' id='word_1_292' title='bbox 2446 1070 2574 1128; x_wconf 88' lang='lat' dir='ltr'><strong>inde</strong></span> <span class='ocrx_word' id='word_1_293' title='bbox 2621 1082 2883 1129; x_wconf 84' lang='lat' dir='ltr'><strong>venturus</strong></span> <span class='ocrx_word' id='word_1_294' title='bbox 2915 1072 3166 1143; x_wconf 86' lang='lat' dir='ltr'><strong>judicare</strong></span> <span class='ocrx_word' id='word_1_295' title='bbox 3210 1080 3362 1136; x_wconf 87' lang='lat' dir='ltr'><strong>vivos</strong></span> <span class='ocrx_word' id='word_1_296' title='bbox 3397 1089 3456 1135; x_wconf 88' lang='lat' dir='ltr'><strong>ct</strong></span> 
     </span>
    </p>
   </div>
   <div class='ocr_carea' id='block_1_41' title="bbox 1864 1173 2128 1218">
    <p class='ocr_par' dir='ltr' id='par_1_41' title="bbox 1864 1173 2128 1218">
     <span class='ocr_line' id='line_1_41' title="bbox 1864 1173 2128 1218; baseline 0 -2"><span class='ocrx_word' id='word_1_297' title='bbox 1864 1173 2128 1218; x_wconf 71' lang='grc' dir='ltr'><strong>ωοτιυοε.</strong></span> 
     </span>
    </p>
   </div>
   <div class='ocr_carea' id='block_1_42' title="bbox 1932 1251 3451 1329">
    <p class='ocr_par' dir='ltr' id='par_1_42' title="bbox 1932 1251 3451 1329">
     <span class='ocr_line' id='line_1_42' title="bbox 1932 1251 3451 1329; baseline 0.007 -23"><span class='ocrx_word' id='word_1_298' title='bbox 1932 1251 2073 1307; x_wconf 82' lang='lat' dir='ltr'><strong>Huic</strong></span> <span class='ocrx_word' id='word_1_299' title='bbox 2100 1269 2280 1308; x_wconf 81' lang='lat' dir='ltr'><strong>omnes</strong></span> <span class='ocrx_word' id='word_1_300' title='bbox 2312 1256 2576 1326; x_wconf 72' lang='lat' dir='ltr'><strong>propheta:</strong></span> <span class='ocrx_word' id='word_1_301' title='bbox 2594 1258 2950 1312; x_wconf 77' lang='lat' dir='ltr'><strong>testimonium</strong></span> <span class='ocrx_word' id='word_1_302' title='bbox 2972 1256 3271 1329; x_wconf 67' lang='lat' dir='ltr'><strong>perhibent.</strong></span> <span class='ocrx_word' id='word_1_303' title='bbox 3294 1260 3451 1328; x_wconf 74' lang='lat' dir='ltr'><strong>Qum-</strong></span> 
     </span>
    </p>
   </div>
   <div class='ocr_carea' id='block_1_43' title="bbox 1862 1345 3451 1423">
    <p class='ocr_par' dir='ltr' id='par_1_43' title="bbox 1862 1345 3451 1423">
     <span class='ocr_line' id='line_1_43' title="bbox 1862 1345 3451 1423; baseline 0.004 -23"><span class='ocrx_word' id='word_1_304' title='bbox 1862 1359 2076 1414; x_wconf 83' lang='lat' dir='ltr'><strong>cunque</strong></span> <span class='ocrx_word' id='word_1_305' title='bbox 2100 1352 2327 1416; x_wconf 70' lang='lat' dir='ltr'><strong>promer</strong></span> <span class='ocrx_word' id='word_1_306' title='bbox 2348 1345 2653 1402; x_wconf 83' lang='lat' dir='ltr'><strong>faciendam</strong></span> <span class='ocrx_word' id='word_1_307' title='bbox 2684 1348 2844 1404; x_wconf 83' lang='lat' dir='ltr'><strong>iidem</strong></span> <span class='ocrx_word' id='word_1_308' title='bbox 2882 1350 3261 1420; x_wconf 86' lang='lat' dir='ltr'><strong>temporaliter</strong></span> <span class='ocrx_word' id='word_1_309' title='bbox 3296 1361 3451 1423; x_wconf 82' lang='lat' dir='ltr'><strong>gesta</strong></span> 
     </span>
    </p>
   </div>
   <div class='ocr_carea' id='block_1_44' title="bbox 1862 1438 3445 1514">
    <p class='ocr_par' dir='ltr' id='par_1_44' title="bbox 1862 1438 3445 1514">
     <span class='ocr_line' id='line_1_44' title="bbox 1862 1438 3445 1514; baseline 0.004 -21"><span class='ocrx_word' id='word_1_310' title='bbox 1862 1446 1988 1493; x_wconf 85' lang='lat' dir='ltr'><strong>sunt</strong></span> <span class='ocrx_word' id='word_1_311' title='bbox 2015 1445 2109 1491; x_wconf 85' lang='lat' dir='ltr'><strong>aut</strong></span> <span class='ocrx_word' id='word_1_312' title='bbox 2136 1438 2443 1494; x_wconf 84' lang='lat' dir='ltr'><strong>testimonia</strong></span> <span class='ocrx_word' id='word_1_313' title='bbox 2474 1440 2754 1497; x_wconf 82' lang='lat' dir='ltr'><strong>missionis</strong></span> <span class='ocrx_word' id='word_1_314' title='bbox 2784 1441 2945 1512; x_wconf 76' lang='lat' dir='ltr'><strong>hujus</strong></span> <span class='ocrx_word' id='word_1_315' title='bbox 2971 1439 3212 1509; x_wconf 81' lang='lat' dir='ltr'><strong>fuerunt,</strong></span> <span class='ocrx_word' id='word_1_316' title='bbox 3242 1453 3336 1498; x_wconf 87' lang='lat' dir='ltr'><strong>aut</strong></span> <span class='ocrx_word' id='word_1_317' title='bbox 3366 1442 3445 1514; x_wconf 90' lang='lat' dir='ltr'><strong>ip-</strong></span> 
     </span>
    </p>
   </div>
   <div class='ocr_carea' id='block_1_45' title="bbox 1863 1528 3114 1602">
    <p class='ocr_par' dir='ltr' id='par_1_45' title="bbox 1863 1528 3114 1602">
     <span class='ocr_line' id='line_1_45' title="bbox 1863 1528 3114 1602; baseline 0.003 -20"><span class='ocrx_word' id='word_1_318' title='bbox 1863 1542 1978 1583; x_wconf 82' lang='lat' dir='ltr'><strong>sam</strong></span> <span class='ocrx_word' id='word_1_319' title='bbox 2002 1529 2315 1585; x_wconf 82' lang='lat' dir='ltr'><strong>missionem</strong></span> <span class='ocrx_word' id='word_1_320' title='bbox 2340 1528 2461 1584; x_wconf 78' lang='lat' dir='ltr'><strong>Filii</strong></span> <span class='ocrx_word' id='word_1_321' title='bbox 2491 1531 2586 1586; x_wconf 89' lang='lat' dir='ltr'><strong>Dei</strong></span> <span class='ocrx_word' id='word_1_322' title='bbox 2609 1533 3114 1602; x_wconf 81' lang='lat' dir='ltr'><strong>pronuntiaverunt.</strong></span> 
     </span>
    </p>
   </div>
   <div class='ocr_carea' id='block_1_46' title="bbox 1932 1618 3449 1694">
    <p class='ocr_par' dir='ltr' id='par_1_46' title="bbox 1932 1618 3449 1694">
     <span class='ocr_line' id='line_1_46' title="bbox 1932 1618 3449 1694; baseline 0.005 -21"><span class='ocrx_word' id='word_1_323' title='bbox 1932 1618 2309 1674; x_wconf 76' lang='lat' dir='ltr'><strong>Remissionetn</strong></span> <span class='ocrx_word' id='word_1_324' title='bbox 2332 1630 2664 1691; x_wconf 78' lang='lat' dir='ltr'><strong>peccatorum</strong></span> <span class='ocrx_word' id='word_1_325' title='bbox 2690 1624 2944 1693; x_wconf 81' lang='lat' dir='ltr'><strong>accipere.</strong></span> <span class='ocrx_word' id='word_1_326' title='bbox 2968 1622 3149 1694; x_wconf 82' lang='lat' dir='ltr'><strong>Ipsum</strong></span> <span class='ocrx_word' id='word_1_327' title='bbox 3171 1624 3317 1681; x_wconf 87' lang='lat' dir='ltr'><strong>enim</strong></span> <span class='ocrx_word' id='word_1_328' title='bbox 3346 1626 3449 1681; x_wconf 84' lang='lat' dir='ltr'><strong>Da-</strong></span> 
     </span>
    </p>
   </div>
   <div class='ocr_carea' id='block_1_47' title="bbox 1870 1709 3445 1786">
    <p class='ocr_par' dir='ltr' id='par_1_47' title="bbox 1870 1709 3445 1786">
     <span class='ocr_line' id='line_1_47' title="bbox 1870 1709 3445 1786; baseline 0.004 -21"><span class='ocrx_word' id='word_1_329' title='bbox 1870 1709 1953 1765; x_wconf 64' lang='lat' dir='ltr'><strong>vid</strong></span> <span class='ocrx_word' id='word_1_330' title='bbox 1996 1711 2315 1777; x_wconf 76' lang='lat' dir='ltr'><strong>exhortans,</strong></span> <span class='ocrx_word' id='word_1_331' title='bbox 2344 1711 2421 1765; x_wconf 90' lang='lat' dir='ltr'><strong>ait</strong></span> <span class='ocrx_word' id='word_1_332' title='bbox 2458 1728 2471 1765; x_wconf 90' lang='lat'>:</span> <span class='ocrx_word' id='word_1_333' title='bbox 2501 1710 2741 1783; x_wconf 78' lang='lat' dir='ltr'><strong>Ampiius</strong></span> <span class='ocrx_word' id='word_1_334' title='bbox 2783 1710 2903 1767; x_wconf 76' lang='lat' dir='ltr'><strong>lava</strong></span> <span class='ocrx_word' id='word_1_335' title='bbox 2938 1729 3021 1767; x_wconf 81' lang='lat' dir='ltr'><strong>me</strong></span> <span class='ocrx_word' id='word_1_336' title='bbox 3063 1714 3128 1768; x_wconf 84' lang='lat' dir='ltr'><strong>ab</strong></span> <span class='ocrx_word' id='word_1_337' title='bbox 3168 1715 3445 1786; x_wconf 81' lang='lat' dir='ltr'><strong>iniquitate</strong></span> 
     </span>
    </p>
   </div>
   <div class='ocr_carea' id='block_1_48' title="bbox 1787 1803 3447 1875">
    <p class='ocr_par' dir='ltr' id='par_1_48' title="bbox 1787 1803 3447 1875">
     <span class='ocr_line' id='line_1_48' title="bbox 1787 1803 3447 1875; baseline 0.005 -20"><span class='ocrx_word' id='word_1_338' title='bbox 1787 1810 1835 1871; x_wconf 75' lang='grc' dir='ltr'><strong>Β</strong></span> <span class='ocrx_word' id='word_1_339' title='bbox 1862 1818 2001 1869; x_wconf 85' lang='lat' dir='ltr'><strong>mea,</strong></span> <span class='ocrx_word' id='word_1_340' title='bbox 2016 1813 2064 1856; x_wconf 89' lang='lat' dir='ltr'><strong>et</strong></span> <span class='ocrx_word' id='word_1_341' title='bbox 2077 1820 2109 1856; x_wconf 84' lang='grc' dir='ltr'><em>α</em></span> <span class='ocrx_word' id='word_1_342' title='bbox 2120 1813 2332 1874; x_wconf 87' lang='lat' dir='ltr'><strong>peccato</strong></span> <span class='ocrx_word' id='word_1_343' title='bbox 2349 1819 2462 1858; x_wconf 90' lang='lat' dir='ltr'><strong>meo</strong></span> <span class='ocrx_word' id='word_1_344' title='bbox 2476 1803 2673 1857; x_wconf 83' lang='lat' dir='ltr'><strong>munda</strong></span> <span class='ocrx_word' id='word_1_345' title='bbox 2687 1808 2862 1875; x_wconf 75' lang='lat' dir='ltr'><strong>nte.Et</strong></span> <span class='ocrx_word' id='word_1_346' title='bbox 2875 1820 2890 1861; x_wconf 84' lang='lat'><strong>:</strong></span> <span class='ocrx_word' id='word_1_347' title='bbox 2902 1804 3277 1875; x_wconf 74' lang='lat' dir='ltr'><strong>Auertefaciem</strong></span> <span class='ocrx_word' id='word_1_348' title='bbox 3298 1817 3447 1864; x_wconf 79' lang='lat' dir='ltr'><strong>tuum</strong></span> 
     </span>
    </p>
   </div>
   <div class='ocr_carea' id='block_1_49' title="bbox 1859 1895 3445 1973">
    <p class='ocr_par' dir='ltr' id='par_1_49' title="bbox 1859 1895 3445 1973">
     <span class='ocr_line' id='line_1_49' title="bbox 1859 1895 3445 1973; baseline 0.006 -26"><span class='ocrx_word' id='word_1_349' title='bbox 1859 1910 1892 1947; x_wconf 90' lang='lat' dir='ltr'><strong>a</strong></span> <span class='ocrx_word' id='word_1_350' title='bbox 1905 1895 2129 1965; x_wconf 80' lang='lat' dir='ltr'><strong>peccatis</strong></span> <span class='ocrx_word' id='word_1_351' title='bbox 2143 1895 2295 1961; x_wconf 85' lang='lat' dir='ltr'><strong>meis,</strong></span> <span class='ocrx_word' id='word_1_352' title='bbox 2308 1904 2358 1950; x_wconf 91' lang='lat' dir='ltr'><strong>et</strong></span> <span class='ocrx_word' id='word_1_353' title='bbox 2375 1911 2550 1950; x_wconf 88' lang='lat' dir='ltr'><strong>omnes</strong></span> <span class='ocrx_word' id='word_1_354' title='bbox 2568 1896 2872 1967; x_wconf 83' lang='lat' dir='ltr'><strong>iniquitates</strong></span> <span class='ocrx_word' id='word_1_355' title='bbox 2884 1913 3025 1952; x_wconf 89' lang='lat' dir='ltr'><strong>meas</strong></span> <span class='ocrx_word' id='word_1_356' title='bbox 3047 1899 3161 1953; x_wconf 88' lang='lat' dir='ltr'><strong>dele</strong></span> <span class='ocrx_word' id='word_1_357' title='bbox 3174 1899 3346 1972; x_wconf 89' lang='lat' dir='ltr'><strong>(Psal.</strong></span> <span class='ocrx_word' id='word_1_358' title='bbox 3366 1902 3445 1973; x_wconf 83' lang='grc' dir='ltr'><strong>ι).</strong></span> 
     </span>
    </p>
   </div>
   <div class='ocr_carea' id='block_1_50' title="bbox 1857 1982 3448 2058">
    <p class='ocr_par' dir='ltr' id='par_1_50' title="bbox 1857 1982 3448 2058">
     <span class='ocr_line' id='line_1_50' title="bbox 1857 1982 3448 2058; baseline 0.006 -20"><span class='ocrx_word' id='word_1_359' title='bbox 1857 1982 1925 2038; x_wconf 83' lang='grc' dir='ltr'>Ει</span> <span class='ocrx_word' id='word_1_360' title='bbox 1948 1985 2066 2054; x_wconf 89' lang='lat' dir='ltr'><strong>ipse</strong></span> <span class='ocrx_word' id='word_1_361' title='bbox 2093 1984 2148 2039; x_wconf 90' lang='lat' dir='ltr'><strong>in</strong></span> <span class='ocrx_word' id='word_1_362' title='bbox 2171 1984 2461 2058; x_wconf 80' lang='lat' dir='ltr'><strong>Evangelia</strong></span> <span class='ocrx_word' id='word_1_363' title='bbox 2480 1986 2873 2057; x_wconf 82' lang='lat' dir='ltr'><strong>potentialiter,</strong></span> <span class='ocrx_word' id='word_1_364' title='bbox 2890 1990 2976 2044; x_wconf 92' lang='lat' dir='ltr'><strong>cui</strong></span> <span class='ocrx_word' id='word_1_365' title='bbox 2995 1989 3240 2047; x_wconf 86' lang='lat' dir='ltr'><strong>volebat:</strong></span> <span class='ocrx_word' id='word_1_366' title='bbox 3259 1990 3448 2047; x_wconf 86' lang='lat' dir='ltr'><strong>Dimit-</strong></span> 
     </span>
    </p>
   </div>
   <div class='ocr_carea' id='block_1_51' title="bbox 1856 2075 2802 2147">
    <p class='ocr_par' dir='ltr' id='par_1_51' title="bbox 1856 2075 2802 2147">
     <span class='ocr_line' id='line_1_51' title="bbox 1856 2075 2802 2147; baseline 0.003 -18"><span class='ocrx_word' id='word_1_367' title='bbox 1856 2082 2043 2129; x_wconf 85' lang='lat' dir='ltr'><strong>tuntur</strong></span> <span class='ocrx_word' id='word_1_368' title='bbox 2071 2075 2166 2128; x_wconf 81' lang='lat' dir='ltr'><strong>tibi</strong></span> <span class='ocrx_word' id='word_1_369' title='bbox 2193 2085 2407 2147; x_wconf 86' lang='lat' dir='ltr'><strong>peccata</strong></span> <span class='ocrx_word' id='word_1_370' title='bbox 2431 2084 2544 2143; x_wconf 89' lang='lat' dir='ltr'><strong>tua,</strong></span> <span class='ocrx_word' id='word_1_371' title='bbox 2569 2076 2802 2132; x_wconf 86' lang='lat' dir='ltr'><strong>dicebat.</strong></span> 
     </span>
    </p>
   </div>
   <div class='ocr_carea' id='block_1_52' title="bbox 1927 2163 3445 2239">
    <p class='ocr_par' dir='ltr' id='par_1_52' title="bbox 1927 2163 3445 2239">
     <span class='ocr_line' id='line_1_52' title="bbox 1927 2163 3445 2239; baseline 0.007 -21"><span class='ocrx_word' id='word_1_372' title='bbox 1927 2163 2036 2219; x_wconf 87' lang='lat' dir='ltr'><strong>Per</strong></span> <span class='ocrx_word' id='word_1_373' title='bbox 2055 2181 2244 2221; x_wconf 85' lang='lat' dir='ltr'><strong>nomen</strong></span> <span class='ocrx_word' id='word_1_374' title='bbox 2273 2166 2388 2237; x_wconf 84' lang='lat' dir='ltr'><strong>ejus</strong></span> <span class='ocrx_word' id='word_1_375' title='bbox 2416 2178 2592 2221; x_wconf 77' lang='lat' dir='ltr'><strong>omnes</strong></span> <span class='ocrx_word' id='word_1_376' title='bbox 2619 2167 2710 2239; x_wconf 81' lang='lat' dir='ltr'><strong>qui</strong></span> <span class='ocrx_word' id='word_1_377' title='bbox 2735 2166 2953 2224; x_wconf 79' lang='lat' dir='ltr'><strong>credunt</strong></span> <span class='ocrx_word' id='word_1_378' title='bbox 2979 2170 3035 2226; x_wconf 89' lang='lat' dir='ltr'><strong>in</strong></span> <span class='ocrx_word' id='word_1_379' title='bbox 3076 2186 3213 2226; x_wconf 74' lang='lat' dir='ltr'><strong>eum.</strong></span> <span class='ocrx_word' id='word_1_380' title='bbox 3240 2171 3445 2228; x_wconf 85' lang='lat' dir='ltr'><strong>Nomen</strong></span> 
     </span>
    </p>
   </div>
   <div class='ocr_carea' id='block_1_53' title="bbox 1855 2257 3446 2330">
    <p class='ocr_par' dir='ltr' id='par_1_53' title="bbox 1855 2257 3446 2330">
     <span class='ocr_line' id='line_1_53' title="bbox 1855 2257 3446 2330; baseline 0.004 -17"><span class='ocrx_word' id='word_1_381' title='bbox 1855 2257 1973 2329; x_wconf 86' lang='lat' dir='ltr'><strong>ejus</strong></span> <span class='ocrx_word' id='word_1_382' title='bbox 2013 2257 2080 2313; x_wconf 85' lang='lat' dir='ltr'><strong>ab</strong></span> <span class='ocrx_word' id='word_1_383' title='bbox 2123 2257 2314 2330; x_wconf 87' lang='lat' dir='ltr'><strong>angelo</strong></span> <span class='ocrx_word' id='word_1_384' title='bbox 2355 2258 2674 2330; x_wconf 88' lang='lat' dir='ltr'><strong>priusquam</strong></span> <span class='ocrx_word' id='word_1_385' title='bbox 2719 2269 3037 2318; x_wconf 87' lang='lat' dir='ltr'><strong>nasceretur</strong></span> <span class='ocrx_word' id='word_1_386' title='bbox 3077 2272 3331 2319; x_wconf 86' lang='lat' dir='ltr'><strong>vocatum</strong></span> <span class='ocrx_word' id='word_1_387' title='bbox 3361 2274 3446 2320; x_wconf 89' lang='lat' dir='ltr'><strong>est</strong></span> 
     </span>
    </p>
   </div>
   <div class='ocr_carea' id='block_1_54' title="bbox 1854 2345 3445 2424">
    <p class='ocr_par' dir='ltr' id='par_1_54' title="bbox 1854 2345 3445 2424">
     <span class='ocr_line' id='line_1_54' title="bbox 1854 2345 3445 2424; baseline 0.006 -21"><span class='ocrx_word' id='word_1_388' title='bbox 1854 2345 2033 2414; x_wconf 69' lang='lat' dir='ltr'><strong>Iesus,</strong></span> <span class='ocrx_word' id='word_1_389' title='bbox 2063 2347 2216 2419; x_wconf 87' lang='lat' dir='ltr'><strong>cujus</strong></span> <span class='ocrx_word' id='word_1_390' title='bbox 2256 2348 2664 2421; x_wconf 83' lang='lat' dir='ltr'><strong>etymologiam,</strong></span> <span class='ocrx_word' id='word_1_391' title='bbox 2702 2351 2846 2407; x_wconf 89' lang='lat' dir='ltr'><strong>idem</strong></span> <span class='ocrx_word' id='word_1_392' title='bbox 2889 2352 3114 2424; x_wconf 86' lang='lat' dir='ltr'><strong>angelus</strong></span> <span class='ocrx_word' id='word_1_393' title='bbox 3153 2366 3445 2413; x_wconf 83' lang='lat' dir='ltr'><strong>exsecutus</strong></span> 
     </span>
    </p>
   </div>
   <div class='ocr_carea' id='block_1_55' title="bbox 1855 2439 3444 2517">
    <p class='ocr_par' dir='ltr' id='par_1_55' title="bbox 1855 2439 3444 2517">
     <span class='ocr_line' id='line_1_55' title="bbox 1855 2439 3444 2517; baseline 0.006 -24"><span class='ocrx_word' id='word_1_394' title='bbox 1855 2439 2120 2512; x_wconf 87' lang='lat' dir='ltr'><strong>adjunxit,</strong></span> <span class='ocrx_word' id='word_1_395' title='bbox 2151 2440 2517 2513; x_wconf 79' lang='lat' dir='ltr'><strong>dicenszlpse</strong></span> <span class='ocrx_word' id='word_1_396' title='bbox 2558 2442 2703 2497; x_wconf 86' lang='lat' dir='ltr'><strong>enim</strong></span> <span class='ocrx_word' id='word_1_397' title='bbox 2733 2442 2941 2498; x_wconf 81' lang='lat' dir='ltr'><strong>salvum</strong></span> <span class='ocrx_word' id='word_1_398' title='bbox 2981 2443 3147 2501; x_wconf 83' lang='lat' dir='ltr'><strong>faciet</strong></span> <span class='ocrx_word' id='word_1_399' title='bbox 3187 2447 3444 2517; x_wconf 85' lang='lat' dir='ltr'><strong>populum</strong></span> 
     </span>
    </p>
   </div>
   <div class='ocr_carea' id='block_1_56' title="bbox 1854 2536 3446 2612">
    <p class='ocr_par' dir='ltr' id='par_1_56' title="bbox 1854 2536 3446 2612">
     <span class='ocr_line' id='line_1_56' title="bbox 1854 2536 3446 2612; baseline 0.003 -21"><span class='ocrx_word' id='word_1_400' title='bbox 1854 2548 2014 2591; x_wconf 89' lang='lat' dir='ltr'><strong>suum</strong></span> <span class='ocrx_word' id='word_1_401' title='bbox 2042 2550 2074 2589; x_wconf 87' lang='lat' dir='ltr'><strong>a</strong></span> <span class='ocrx_word' id='word_1_402' title='bbox 2097 2536 2336 2606; x_wconf 85' lang='lat' dir='ltr'><strong>peccatis</strong></span> <span class='ocrx_word' id='word_1_403' title='bbox 2370 2552 2579 2593; x_wconf 88' lang='lat' dir='ltr'><strong>eorum.</strong></span> <span class='ocrx_word' id='word_1_404' title='bbox 2604 2536 2665 2592; x_wconf 82' lang='lat' dir='ltr'><strong>in</strong></span> <span class='ocrx_word' id='word_1_405' title='bbox 2705 2539 2861 2610; x_wconf 84' lang='lat' dir='ltr'><strong>cujus</strong></span> <span class='ocrx_word' id='word_1_406' title='bbox 2894 2541 3115 2595; x_wconf 84' lang='lat' dir='ltr'><strong>nomine</strong></span> <span class='ocrx_word' id='word_1_407' title='bbox 3163 2540 3446 2612; x_wconf 90' lang='lat' dir='ltr'><strong>prophetis</strong></span> 
     </span>
    </p>
   </div>
   <div class='ocr_carea' id='block_1_57' title="bbox 1854 2626 3445 2701">
    <p class='ocr_par' dir='ltr' id='par_1_57' title="bbox 1854 2626 3445 2701">
     <span class='ocr_line' id='line_1_57' title="bbox 1854 2626 3445 2701; baseline 0.003 -20"><span class='ocrx_word' id='word_1_408' title='bbox 1854 2626 2237 2683; x_wconf 85' lang='lat' dir='ltr'><strong>attestantibus</strong></span> <span class='ocrx_word' id='word_1_409' title='bbox 2286 2628 2662 2685; x_wconf 86' lang='lat' dir='ltr'><strong>remissionem</strong></span> <span class='ocrx_word' id='word_1_410' title='bbox 2706 2640 3056 2701; x_wconf 85' lang='lat' dir='ltr'><strong>peccatorum</strong></span> <span class='ocrx_word' id='word_1_411' title='bbox 3074 2672 3090 2700; x_wconf 90' lang='lat'><strong>,</strong></span> <span class='ocrx_word' id='word_1_412' title='bbox 3124 2646 3233 2688; x_wconf 90' lang='lat' dir='ltr'><strong>non</strong></span> <span class='ocrx_word' id='word_1_413' title='bbox 3274 2630 3445 2687; x_wconf 65' lang='lat' dir='ltr'><strong>Iudaei</strong></span> 
     </span>
    </p>
   </div>
   <div class='ocr_carea' id='block_1_58' title="bbox 1854 2716 3136 2793">
    <p class='ocr_par' dir='ltr' id='par_1_58' title="bbox 1854 2716 3136 2793">
     <span class='ocr_line' id='line_1_58' title="bbox 1854 2716 3136 2793; baseline 0.006 -22"><span class='ocrx_word' id='word_1_414' title='bbox 1854 2724 2086 2784; x_wconf 85' lang='lat' dir='ltr'><strong>tantum,</strong></span> <span class='ocrx_word' id='word_1_415' title='bbox 2115 2716 2211 2773; x_wconf 86' lang='lat' dir='ltr'><strong>sed</strong></span> <span class='ocrx_word' id='word_1_416' title='bbox 2236 2733 2426 2774; x_wconf 87' lang='lat' dir='ltr'><strong>omnes</strong></span> <span class='ocrx_word' id='word_1_417' title='bbox 2449 2720 2542 2789; x_wconf 85' lang='lat' dir='ltr'><strong>qui</strong></span> <span class='ocrx_word' id='word_1_418' title='bbox 2564 2721 2816 2787; x_wconf 78' lang='lat' dir='ltr'><strong>credunt,</strong></span> <span class='ocrx_word' id='word_1_419' title='bbox 2842 2722 3136 2793; x_wconf 85' lang='lat' dir='ltr'><strong>accipiunt.</strong></span> 
     </span>
    </p>
   </div>
   <div class='ocr_carea' id='block_1_59' title="bbox 2166 2822 3134 2878">
    <p class='ocr_par' dir='ltr' id='par_1_59' title="bbox 2166 2822 3134 2878">
     <span class='ocr_line' id='line_1_59' title="bbox 2166 2822 3134 2878; baseline 0.008 -17"><span class='ocrx_word' id='word_1_420' title='bbox 2166 2822 2506 2864; x_wconf 72' lang='lat' dir='ltr'><strong>EVANGBLIUI</strong></span> <span class='ocrx_word' id='word_1_421' title='bbox 2543 2825 2726 2878; x_wconf 72' lang='grc' dir='ltr'>ιυοιιί,</span> <span class='ocrx_word' id='word_1_422' title='bbox 2756 2826 2878 2867; x_wconf 69' lang='lat' dir='ltr'><strong>CAP.</strong></span> <span class='ocrx_word' id='word_1_423' title='bbox 2909 2828 3134 2871; x_wconf 78' lang='grc' dir='ltr'>υιτιιο.</span> 
     </span>
    </p>
   </div>
   <div class='ocr_carea' id='block_1_60' title="bbox 1931 2896 3441 2978">
    <p class='ocr_par' dir='ltr' id='par_1_60' title="bbox 1931 2896 3441 2978">
     <span class='ocr_line' id='line_1_60' title="bbox 1931 2896 3441 2978; baseline 0.007 -25"><span class='ocrx_word' id='word_1_424' title='bbox 1931 2917 1951 2953; x_wconf 79' lang='grc' dir='ltr'><strong>ι</strong></span> <span class='ocrx_word' id='word_1_425' title='bbox 1986 2896 2260 2957; x_wconf 81' lang='lat' dir='ltr'><strong>Excuntes</strong></span> <span class='ocrx_word' id='word_1_426' title='bbox 2290 2901 2397 2957; x_wconf 89' lang='lat' dir='ltr'><strong>duo</strong></span> <span class='ocrx_word' id='word_1_427' title='bbox 2421 2915 2490 2957; x_wconf 82' lang='lat' dir='ltr'><strong>ex</strong></span> <span class='ocrx_word' id='word_1_428' title='bbox 2534 2902 2812 2973; x_wconf 89' lang='lat' dir='ltr'><strong>discipulis</strong></span> <span class='ocrx_word' id='word_1_429' title='bbox 2837 2902 2969 2961; x_wconf 76' lang='lat' dir='ltr'><strong>Jcsu</strong></span> <span class='ocrx_word' id='word_1_430' title='bbox 2997 2907 3155 2961; x_wconf 87' lang='lat' dir='ltr'><strong>ibant</strong></span> <span class='ocrx_word' id='word_1_431' title='bbox 3194 2905 3309 2978; x_wconf 89' lang='lat' dir='ltr'><strong>ipsa</strong></span> <span class='ocrx_word' id='word_1_432' title='bbox 3352 2906 3441 2963; x_wconf 88' lang='lat' dir='ltr'><strong>die</strong></span> 
     </span>
    </p>
   </div>
   <div class='ocr_carea' id='block_1_61' title="bbox 1861 2993 3440 3067">
    <p class='ocr_par' dir='ltr' id='par_1_61' title="bbox 1861 2993 3440 3067">
     <span class='ocr_line' id='line_1_61' title="bbox 1861 2993 3440 3067; baseline 0.006 -22"><span class='ocrx_word' id='word_1_433' title='bbox 1861 3009 1880 3045; x_wconf 75' lang='grc' dir='ltr'><strong>ι</strong></span> <span class='ocrx_word' id='word_1_434' title='bbox 1916 2993 1971 3048; x_wconf 86' lang='lat' dir='ltr'><strong>in</strong></span> <span class='ocrx_word' id='word_1_435' title='bbox 2000 2993 2282 3049; x_wconf 84' lang='lat' dir='ltr'><strong>castellum</strong></span> <span class='ocrx_word' id='word_1_436' title='bbox 2315 2995 2459 3063; x_wconf 86' lang='lat' dir='ltr'><strong>quod</strong></span> <span class='ocrx_word' id='word_1_437' title='bbox 2488 3003 2606 3049; x_wconf 88' lang='lat' dir='ltr'><strong>erat</strong></span> <span class='ocrx_word' id='word_1_438' title='bbox 2633 2995 2688 3049; x_wconf 93' lang='lat' dir='ltr'><strong>in</strong></span> <span class='ocrx_word' id='word_1_439' title='bbox 2735 2997 2911 3067; x_wconf 85' lang='lat' dir='ltr'><strong>spatio</strong></span> <span class='ocrx_word' id='word_1_440' title='bbox 2938 2998 3237 3053; x_wconf 86' lang='lat' dir='ltr'><strong>stadiorum</strong></span> <span class='ocrx_word' id='word_1_441' title='bbox 3278 3012 3440 3054; x_wconf 78' lang='lat' dir='ltr'><strong>sesa-</strong></span> 
     </span>
    </p>
   </div>
   <div class='ocr_carea' id='block_1_62' title="bbox 1861 3081 3444 3162">
    <p class='ocr_par' dir='ltr' id='par_1_62' title="bbox 1861 3081 3444 3162">
     <span class='ocr_line' id='line_1_62' title="bbox 1861 3081 3444 3162; baseline 0.008 -27"><span class='ocrx_word' id='word_1_442' title='bbox 1861 3102 1880 3135; x_wconf 75' lang='lat' dir='ltr'><strong>i</strong></span> <span class='ocrx_word' id='word_1_443' title='bbox 1914 3083 2060 3157; x_wconf 81' lang='lat' dir='ltr'><strong>ginta</strong></span> <span class='ocrx_word' id='word_1_444' title='bbox 2086 3085 2155 3140; x_wconf 88' lang='lat' dir='ltr'><strong>ab</strong></span> <span class='ocrx_word' id='word_1_445' title='bbox 2178 3081 2513 3140; x_wconf 80' lang='lat' dir='ltr'><strong>Hierusalem</strong></span> <span class='ocrx_word' id='word_1_446' title='bbox 2544 3086 2762 3142; x_wconf 89' lang='lat' dir='ltr'><strong>nomine</strong></span> <span class='ocrx_word' id='word_1_447' title='bbox 2776 3086 3444 3162; x_wconf 80' lang='lat' dir='ltr'><strong>Emmaus.Etipsiloque-</strong></span> 
     </span>
    </p>
   </div>
   <div class='ocr_carea' id='block_1_63' title="bbox 176 3166 3438 3256">
    <p class='ocr_par' dir='ltr' id='par_1_63' title="bbox 176 3166 3438 3256">
     <span class='ocr_line' id='line_1_63' title="bbox 176 3166 3438 3256; baseline 0.003 -26"><span class='ocrx_word' id='word_1_448' title='bbox 176 3171 347 3230; x_wconf 65' lang='lat' dir='ltr'><strong>facem</strong></span> <span class='ocrx_word' id='word_1_449' title='bbox 390 3175 704 3244; x_wconf 78' lang='lat' dir='ltr'><strong>valeamus,</strong></span> <span class='ocrx_word' id='word_1_450' title='bbox 738 3178 882 3248; x_wconf 85' lang='lat' dir='ltr'><strong>quod</strong></span> <span class='ocrx_word' id='word_1_451' title='bbox 914 3177 1292 3249; x_wconf 83' lang='lat' dir='ltr'><strong>accipiendum</strong></span> <span class='ocrx_word' id='word_1_452' title='bbox 1328 3181 1597 3252; x_wconf 76' lang='lat' dir='ltr'><strong>promisit,</strong></span> <span class='ocrx_word' id='word_1_453' title='bbox 1628 3183 1750 3256; x_wconf 77' lang='lat' dir='ltr'><strong>ipso</strong></span> <span class='ocrx_word' id='word_1_454' title='bbox 1776 3166 1821 3231; x_wconf 87' lang='lat' dir='ltr'><strong>C</strong></span> <span class='ocrx_word' id='word_1_455' title='bbox 1857 3192 1879 3229; x_wconf 82' lang='lat' dir='ltr'><strong>r</strong></span> <span class='ocrx_word' id='word_1_456' title='bbox 1914 3177 2111 3233; x_wconf 86' lang='lat' dir='ltr'><strong>bantur</strong></span> <span class='ocrx_word' id='word_1_457' title='bbox 2134 3176 2200 3232; x_wconf 89' lang='lat' dir='ltr'><strong>ad</strong></span> <span class='ocrx_word' id='word_1_458' title='bbox 2229 3176 2463 3233; x_wconf 90' lang='lat' dir='ltr'><strong>invicem</strong></span> <span class='ocrx_word' id='word_1_459' title='bbox 2489 3177 2556 3233; x_wconf 91' lang='lat' dir='ltr'><strong>de</strong></span> <span class='ocrx_word' id='word_1_460' title='bbox 2583 3178 2668 3234; x_wconf 90' lang='lat' dir='ltr'><strong>his</strong></span> <span class='ocrx_word' id='word_1_461' title='bbox 2687 3179 2936 3234; x_wconf 87' lang='lat' dir='ltr'><strong>omnibus</strong></span> <span class='ocrx_word' id='word_1_462' title='bbox 2955 3196 3076 3250; x_wconf 75' lang='lat' dir='ltr'><strong>qua:</strong></span> <span class='ocrx_word' id='word_1_463' title='bbox 3100 3182 3438 3240; x_wconf 87' lang='lat' dir='ltr'><strong>acciderant.</strong></span> 
     </span>
    </p>
   </div>
   <div class='ocr_carea' id='block_1_64' title="bbox 176 3262 687 3331">
    <p class='ocr_par' dir='ltr' id='par_1_64' title="bbox 176 3262 687 3331">
     <span class='ocr_line' id='line_1_64' title="bbox 176 3262 687 3331; baseline 0 -12"><span class='ocrx_word' id='word_1_464' title='bbox 176 3262 349 3331; x_wconf 82' lang='lat' dir='ltr'><strong>dante,</strong></span> <span class='ocrx_word' id='word_1_465' title='bbox 374 3279 687 3321; x_wconf 80' lang='lat' dir='ltr'><strong>sumamus.</strong></span> 
     </span>
    </p>
   </div>
   <div class='ocr_carea' id='block_1_65' title="bbox 246 3356 1749 3435">
    <p class='ocr_par' dir='ltr' id='par_1_65' title="bbox 246 3356 1749 3435">
     <span class='ocr_line' id='line_1_65' title="bbox 246 3356 1749 3435; baseline 0.005 -24"><span class='ocrx_word' id='word_1_466' title='bbox 246 3356 309 3411; x_wconf 81' lang='lat' dir='ltr'><strong>Et</strong></span> <span class='ocrx_word' id='word_1_467' title='bbox 344 3357 495 3414; x_wconf 83' lang='lat' dir='ltr'><strong>dedit</strong></span> <span class='ocrx_word' id='word_1_468' title='bbox 532 3373 652 3412; x_wconf 84' lang='lat' dir='ltr'><strong>eum</strong></span> <span class='ocrx_word' id='word_1_469' title='bbox 684 3357 1023 3429; x_wconf 69' lang='lat' dir='ltr'><strong>manifestum</strong></span> <span class='ocrx_word' id='word_1_470' title='bbox 1061 3360 1181 3430; x_wconf 75' lang='lat' dir='ltr'><strong>ﬁeri</strong></span> <span class='ocrx_word' id='word_1_471' title='bbox 1213 3376 1323 3416; x_wconf 77' lang='lat' dir='ltr'><strong>non</strong></span> <span class='ocrx_word' id='word_1_472' title='bbox 1354 3363 1498 3417; x_wconf 83' lang='lat' dir='ltr'><strong>omni</strong></span> <span class='ocrx_word' id='word_1_473' title='bbox 1531 3362 1749 3435; x_wconf 70' lang='lat' dir='ltr'><strong>paputo,</strong></span> 
     </span>
    </p>
   </div>
   <div class='ocr_carea' id='block_1_66' title="bbox 168 3449 1755 3526">
    <p class='ocr_par' dir='ltr' id='par_1_66' title="bbox 168 3449 1755 3526">
     <span class='ocr_line' id='line_1_66' title="bbox 168 3449 1755 3526; baseline 0.004 -22"><span class='ocrx_word' id='word_1_474' title='bbox 168 3456 275 3504; x_wconf 85' lang='lat' dir='ltr'><strong>etc.</strong></span> <span class='ocrx_word' id='word_1_475' title='bbox 297 3449 609 3507; x_wconf 64' lang='lat' dir='ltr'><strong>invenimus</strong></span> <span class='ocrx_word' id='word_1_476' title='bbox 631 3450 816 3521; x_wconf 86' lang='lat' dir='ltr'><strong>itaque</strong></span> <span class='ocrx_word' id='word_1_477' title='bbox 842 3452 985 3523; x_wconf 85' lang='lat' dir='ltr'><strong>apud</strong></span> <span class='ocrx_word' id='word_1_478' title='bbox 1006 3459 1240 3524; x_wconf 85' lang='lat' dir='ltr'><strong>quatuor</strong></span> <span class='ocrx_word' id='word_1_479' title='bbox 1263 3454 1636 3526; x_wconf 78' lang='lat' dir='ltr'><strong>Evangelistas</strong></span> <span class='ocrx_word' id='word_1_480' title='bbox 1657 3453 1755 3511; x_wconf 88' lang='lat' dir='ltr'><strong>de-</strong></span> 
     </span>
    </p>
   </div>
   <div class='ocr_carea' id='block_1_67' title="bbox 176 3541 1752 3602">
    <p class='ocr_par' dir='ltr' id='par_1_67' title="bbox 176 3541 1752 3602">
     <span class='ocr_line' id='line_1_67' title="bbox 176 3541 1752 3602; baseline 0.003 -5"><span class='ocrx_word' id='word_1_481' title='bbox 176 3541 281 3597; x_wconf 78' lang='lat' dir='ltr'><strong>cies</strong></span> <span class='ocrx_word' id='word_1_482' title='bbox 298 3549 790 3598; x_wconf 82' lang='lat' dir='ltr'><strong>commemoratum</strong></span> <span class='ocrx_word' id='word_1_483' title='bbox 821 3542 1108 3599; x_wconf 85' lang='lat' dir='ltr'><strong>Dominum</strong></span> <span class='ocrx_word' id='word_1_484' title='bbox 1131 3544 1309 3601; x_wconf 80' lang='lat' dir='ltr'><strong>visum</strong></span> <span class='ocrx_word' id='word_1_485' title='bbox 1320 3546 1457 3601; x_wconf 77' lang='lat' dir='ltr'><strong>esse</strong></span> <span class='ocrx_word' id='word_1_486' title='bbox 1477 3545 1551 3602; x_wconf 87' lang='lat' dir='ltr'><strong>ah</strong></span> <span class='ocrx_word' id='word_1_487' title='bbox 1579 3546 1752 3602; x_wconf 89' lang='lat' dir='ltr'><strong>homi-</strong></span> 
     </span>
    </p>
   </div>
   <div class='ocr_carea' id='block_1_68' title="bbox 177 3631 1752 3701">
    <p class='ocr_par' dir='ltr' id='par_1_68' title="bbox 177 3631 1752 3701">
     <span class='ocr_line' id='line_1_68' title="bbox 177 3631 1752 3701; baseline 0.004 -17"><span class='ocrx_word' id='word_1_488' title='bbox 177 3631 326 3686; x_wconf 80' lang='lat' dir='ltr'><strong>nibus</strong></span> <span class='ocrx_word' id='word_1_489' title='bbox 359 3639 494 3701; x_wconf 83' lang='lat' dir='ltr'><strong>post</strong></span> <span class='ocrx_word' id='word_1_490' title='bbox 518 3632 995 3689; x_wconf 82' lang='lat' dir='ltr'><strong>resurrectionem.</strong></span> <span class='ocrx_word' id='word_1_491' title='bbox 1028 3632 1208 3690; x_wconf 82' lang='lat' dir='ltr'><strong>Semel</strong></span> <span class='ocrx_word' id='word_1_492' title='bbox 1231 3632 1301 3689; x_wconf 82' lang='lat' dir='ltr'><strong>ad</strong></span> <span class='ocrx_word' id='word_1_493' title='bbox 1339 3644 1752 3691; x_wconf 85' lang='lat' dir='ltr'><strong>monumentum</strong></span> 
     </span>
    </p>
   </div>
   <div class='ocr_carea' id='block_1_69' title="bbox 177 3721 1753 3798">
    <p class='ocr_par' dir='ltr' id='par_1_69' title="bbox 177 3721 1753 3798">
     <span class='ocr_line' id='line_1_69' title="bbox 177 3721 1753 3798; baseline 0.005 -22"><span class='ocrx_word' id='word_1_494' title='bbox 177 3721 509 3779; x_wconf 82' lang='lat' dir='ltr'><strong>mulieribus.</strong></span> <span class='ocrx_word' id='word_1_495' title='bbox 558 3723 759 3779; x_wconf 75' lang='lat' dir='ltr'><strong>item</strong></span> <span class='ocrx_word' id='word_1_496' title='bbox 782 3724 993 3780; x_wconf 83' lang='lat' dir='ltr'><strong>eisdem</strong></span> <span class='ocrx_word' id='word_1_497' title='bbox 1035 3726 1467 3798; x_wconf 74' lang='lat' dir='ltr'><strong>regredientibus</strong></span> <span class='ocrx_word' id='word_1_498' title='bbox 1503 3743 1537 3783; x_wconf 87' lang='lat' dir='ltr'><strong>a</strong></span> <span class='ocrx_word' id='word_1_499' title='bbox 1567 3743 1753 3784; x_wconf 81' lang='lat' dir='ltr'><strong>monu-</strong></span> 
     </span>
    </p>
   </div>
   <div class='ocr_carea' id='block_1_70' title="bbox 175 3816 1752 3889">
    <p class='ocr_par' dir='ltr' id='par_1_70' title="bbox 175 3816 1752 3889">
     <span class='ocr_line' id='line_1_70' title="bbox 175 3816 1752 3889; baseline 0.008 -21"><span class='ocrx_word' id='word_1_500' title='bbox 175 3825 350 3871; x_wconf 90' lang='lat' dir='ltr'><strong>mento</strong></span> <span class='ocrx_word' id='word_1_501' title='bbox 375 3817 428 3871; x_wconf 90' lang='lat' dir='ltr'><strong>in</strong></span> <span class='ocrx_word' id='word_1_502' title='bbox 460 3816 681 3874; x_wconf 89' lang='lat' dir='ltr'><strong>itinere.</strong></span> <span class='ocrx_word' id='word_1_503' title='bbox 714 3818 899 3875; x_wconf 91' lang='lat' dir='ltr'><strong>Tertio</strong></span> <span class='ocrx_word' id='word_1_504' title='bbox 925 3819 1111 3876; x_wconf 85' lang='lat' dir='ltr'><strong>Petro.</strong></span> <span class='ocrx_word' id='word_1_505' title='bbox 1150 3821 1358 3889; x_wconf 79' lang='lat' dir='ltr'><strong>Quarto</strong></span> <span class='ocrx_word' id='word_1_506' title='bbox 1383 3823 1593 3879; x_wconf 87' lang='lat' dir='ltr'><strong>duobus</strong></span> <span class='ocrx_word' id='word_1_507' title='bbox 1616 3838 1752 3880; x_wconf 86' lang='lat' dir='ltr'><strong>eun-</strong></span> 
     </span>
    </p>
   </div>
   <div class='ocr_carea' id='block_1_71' title="bbox 175 3906 1750 3983">
    <p class='ocr_par' dir='ltr' id='par_1_71' title="bbox 175 3906 1750 3983">
     <span class='ocr_line' id='line_1_71' title="bbox 175 3906 1750 3983; baseline 0.006 -21"><span class='ocrx_word' id='word_1_508' title='bbox 175 3906 316 3964; x_wconf 86' lang='lat' dir='ltr'><strong>tibus</strong></span> <span class='ocrx_word' id='word_1_509' title='bbox 349 3909 404 3964; x_wconf 90' lang='lat' dir='ltr'><strong>in</strong></span> <span class='ocrx_word' id='word_1_510' title='bbox 432 3909 747 3965; x_wconf 76' lang='lat' dir='ltr'><strong>castellum.</strong></span> <span class='ocrx_word' id='word_1_511' title='bbox 779 3910 980 3978; x_wconf 85' lang='lat' dir='ltr'><strong>Quinto</strong></span> <span class='ocrx_word' id='word_1_512' title='bbox 1016 3912 1262 3983; x_wconf 80' lang='lat' dir='ltr'><strong>pluribus</strong></span> <span class='ocrx_word' id='word_1_513' title='bbox 1288 3914 1348 3969; x_wconf 90' lang='lat' dir='ltr'><strong>in</strong></span> <span class='ocrx_word' id='word_1_514' title='bbox 1386 3914 1750 3983; x_wconf 82' lang='lat' dir='ltr'><strong>Hierusalem,</strong></span> 
     </span>
    </p>
   </div>
   <div class='ocr_carea' id='block_1_72' title="bbox 175 3998 1748 4063">
    <p class='ocr_par' dir='ltr' id='par_1_72' title="bbox 175 3998 1748 4063">
     <span class='ocr_line' id='line_1_72' title="bbox 175 3998 1748 4063; baseline 0.008 -12"><span class='ocrx_word' id='word_1_515' title='bbox 175 3998 261 4053; x_wconf 86' lang='lat' dir='ltr'><strong>ubi</strong></span> <span class='ocrx_word' id='word_1_516' title='bbox 284 4014 388 4056; x_wconf 87' lang='lat' dir='ltr'><strong>non</strong></span> <span class='ocrx_word' id='word_1_517' title='bbox 406 4008 539 4057; x_wconf 82' lang='lat' dir='ltr'><strong>erat</strong></span> <span class='ocrx_word' id='word_1_518' title='bbox 563 4000 814 4058; x_wconf 82' lang='lat' dir='ltr'><strong>Thomas.</strong></span> <span class='ocrx_word' id='word_1_519' title='bbox 856 4000 1025 4059; x_wconf 84' lang='lat' dir='ltr'><strong>Sexto</strong></span> <span class='ocrx_word' id='word_1_520' title='bbox 1056 4003 1148 4059; x_wconf 89' lang='lat' dir='ltr'><strong>ubi</strong></span> <span class='ocrx_word' id='word_1_521' title='bbox 1179 4019 1307 4061; x_wconf 89' lang='lat' dir='ltr'><strong>eum</strong></span> <span class='ocrx_word' id='word_1_522' title='bbox 1334 4005 1470 4062; x_wconf 84' lang='lat' dir='ltr'><strong>vidit</strong></span> <span class='ocrx_word' id='word_1_523' title='bbox 1490 4005 1748 4063; x_wconf 83' lang='lat' dir='ltr'><strong>Thomas.</strong></span> 
     </span>
    </p>
   </div>
   <div class='ocr_carea' id='block_1_73' title="bbox 177 4087 1747 4159">
    <p class='ocr_par' dir='ltr' id='par_1_73' title="bbox 177 4087 1747 4159">
     <span class='ocr_line' id='line_1_73' title="bbox 177 4087 1747 4159; baseline 0.006 -16"><span class='ocrx_word' id='word_1_524' title='bbox 177 4087 407 4159; x_wconf 85' lang='lat' dir='ltr'><strong>Septimo</strong></span> <span class='ocrx_word' id='word_1_525' title='bbox 428 4090 508 4146; x_wconf 86' lang='lat' dir='ltr'><strong>ad</strong></span> <span class='ocrx_word' id='word_1_526' title='bbox 538 4104 690 4146; x_wconf 87' lang='lat' dir='ltr'><strong>mare</strong></span> <span class='ocrx_word' id='word_1_527' title='bbox 718 4092 1040 4150; x_wconf 86' lang='lat' dir='ltr'><strong>Tiberiadis.</strong></span> <span class='ocrx_word' id='word_1_528' title='bbox 1070 4093 1273 4151; x_wconf 81' lang='lat' dir='ltr'><strong>Octavo</strong></span> <span class='ocrx_word' id='word_1_529' title='bbox 1296 4095 1357 4151; x_wconf 87' lang='lat' dir='ltr'><strong>in</strong></span> <span class='ocrx_word' id='word_1_530' title='bbox 1380 4105 1565 4154; x_wconf 77' lang='lat' dir='ltr'><strong>monte</strong></span> <span class='ocrx_word' id='word_1_531' title='bbox 1594 4097 1747 4154; x_wconf 87' lang='lat' dir='ltr'><strong>Gali-</strong></span> 
     </span>
    </p>
   </div>
   <div class='ocr_carea' id='block_1_74' title="bbox 171 4180 1751 4259">
    <p class='ocr_par' dir='ltr' id='par_1_74' title="bbox 171 4180 1751 4259">
     <span class='ocr_line' id='line_1_74' title="bbox 171 4180 1751 4259; baseline 0.007 -22"><span class='ocrx_word' id='word_1_532' title='bbox 171 4180 277 4237; x_wconf 64' lang='grc' dir='ltr'>ιω</span> <span class='ocrx_word' id='word_1_533' title='bbox 324 4183 624 4240; x_wconf 80' lang='lat' dir='ltr'><strong>secundum</strong></span> <span class='ocrx_word' id='word_1_534' title='bbox 659 4183 993 4243; x_wconf 65' lang='lat' dir='ltr'><strong>Mattheum.</strong></span> <span class='ocrx_word' id='word_1_535' title='bbox 1026 4186 1306 4259; x_wconf 82' lang='lat' dir='ltr'><strong>Nonoque,</strong></span> <span class='ocrx_word' id='word_1_536' title='bbox 1354 4189 1487 4247; x_wconf 87' lang='lat' dir='ltr'><strong>dicit</strong></span> <span class='ocrx_word' id='word_1_537' title='bbox 1515 4191 1751 4259; x_wconf 70' lang='lat' dir='ltr'><strong>Marcus,</strong></span> 
     </span>
    </p>
   </div>
   <div class='ocr_carea' id='block_1_75' title="bbox 173 4276 1753 4349">
    <p class='ocr_par' dir='ltr' id='par_1_75' title="bbox 173 4276 1753 4349">
     <span class='ocr_line' id='line_1_75' title="bbox 173 4276 1753 4349; baseline 0.005 -16"><span class='ocrx_word' id='word_1_538' title='bbox 173 4276 459 4333; x_wconf 76' lang='lat' dir='ltr'><strong>novissime</strong></span> <span class='ocrx_word' id='word_1_539' title='bbox 506 4277 977 4343; x_wconf 79' lang='lat' dir='ltr'><strong>recumbentibus,</strong></span> <span class='ocrx_word' id='word_1_540' title='bbox 1020 4278 1147 4349; x_wconf 90' lang='lat' dir='ltr'><strong>quia</strong></span> <span class='ocrx_word' id='word_1_541' title='bbox 1183 4278 1297 4348; x_wconf 87' lang='lat' dir='ltr'><strong>jam</strong></span> <span class='ocrx_word' id='word_1_542' title='bbox 1327 4292 1439 4337; x_wconf 79' lang='lat' dir='ltr'><strong>non</strong></span> <span class='ocrx_word' id='word_1_543' title='bbox 1490 4290 1650 4338; x_wconf 68' lang='lat' dir='ltr'><strong>erant</strong></span> <span class='ocrx_word' id='word_1_544' title='bbox 1695 4283 1753 4341; x_wconf 86' lang='lat' dir='ltr'><strong>in</strong></span> 
     </span>
    </p>
   </div>
   <div class='ocr_carea' id='block_1_76' title="bbox 170 4368 1752 4444">
    <p class='ocr_par' dir='ltr' id='par_1_76' title="bbox 170 4368 1752 4444">
     <span class='ocr_line' id='line_1_76' title="bbox 170 4368 1752 4444; baseline 0.005 -21"><span class='ocrx_word' id='word_1_545' title='bbox 170 4376 311 4423; x_wconf 87' lang='lat' dir='ltr'><strong>terra</strong></span> <span class='ocrx_word' id='word_1_546' title='bbox 341 4385 467 4425; x_wconf 79' lang='lat' dir='ltr'><strong>cum</strong></span> <span class='ocrx_word' id='word_1_547' title='bbox 496 4368 591 4425; x_wconf 81' lang='lat' dir='ltr'><strong>illo</strong></span> <span class='ocrx_word' id='word_1_548' title='bbox 611 4370 968 4425; x_wconf 80' lang='lat' dir='ltr'><strong>convivatori.</strong></span> <span class='ocrx_word' id='word_1_549' title='bbox 1012 4371 1233 4427; x_wconf 87' lang='lat' dir='ltr'><strong>Decimo</strong></span> <span class='ocrx_word' id='word_1_550' title='bbox 1254 4372 1310 4427; x_wconf 86' lang='lat' dir='ltr'><strong>in</strong></span> <span class='ocrx_word' id='word_1_551' title='bbox 1342 4372 1461 4444; x_wconf 84' lang='lat' dir='ltr'><strong>ipso</strong></span> <span class='ocrx_word' id='word_1_552' title='bbox 1495 4373 1612 4441; x_wconf 85' lang='lat' dir='ltr'><strong>die,</strong></span> <span class='ocrx_word' id='word_1_553' title='bbox 1642 4389 1752 4431; x_wconf 88' lang='lat' dir='ltr'><strong>non</strong></span> 
     </span>
    </p>
   </div>
   <div class='ocr_carea' id='block_1_77' title="bbox 171 4457 1750 4528">
    <p class='ocr_par' dir='ltr' id='par_1_77' title="bbox 171 4457 1750 4528">
     <span class='ocr_line' id='line_1_77' title="bbox 171 4457 1750 4528; baseline 0.005 -14"><span class='ocrx_word' id='word_1_554' title='bbox 171 4458 274 4528; x_wconf 70' lang='lat' dir='ltr'><strong>iam</strong></span> <span class='ocrx_word' id='word_1_555' title='bbox 311 4460 365 4515; x_wconf 85' lang='lat' dir='ltr'><strong>in</strong></span> <span class='ocrx_word' id='word_1_556' title='bbox 411 4469 596 4526; x_wconf 79' lang='lat' dir='ltr'><strong>terra,</strong></span> <span class='ocrx_word' id='word_1_557' title='bbox 634 4459 728 4516; x_wconf 87' lang='lat' dir='ltr'><strong>sed</strong></span> <span class='ocrx_word' id='word_1_558' title='bbox 770 4457 1043 4515; x_wconf 81' lang='lat' dir='ltr'><strong>elevetum</strong></span> <span class='ocrx_word' id='word_1_559' title='bbox 1079 4460 1133 4517; x_wconf 91' lang='lat' dir='ltr'><strong>in</strong></span> <span class='ocrx_word' id='word_1_560' title='bbox 1176 4462 1339 4519; x_wconf 77' lang='lat' dir='ltr'><strong>nube.</strong></span> <span class='ocrx_word' id='word_1_561' title='bbox 1371 4462 1574 4520; x_wconf 82' lang='lat' dir='ltr'><strong>Crebra</strong></span> <span class='ocrx_word' id='word_1_562' title='bbox 1604 4465 1750 4521; x_wconf 81' lang='lat' dir='ltr'><strong>enim</strong></span> 
     </span>
    </p>
   </div>
   <div class='ocr_carea' id='block_1_78' title="bbox 172 4552 1748 4629">
    <p class='ocr_par' dir='ltr' id='par_1_78' title="bbox 172 4552 1748 4629">
     <span class='ocr_line' id='line_1_78' title="bbox 172 4552 1748 4629; baseline 0.004 -23"><span class='ocrx_word' id='word_1_563' title='bbox 172 4561 286 4607; x_wconf 86' lang='lat' dir='ltr'><strong>erat</strong></span> <span class='ocrx_word' id='word_1_564' title='bbox 311 4570 436 4609; x_wconf 90' lang='lat' dir='ltr'><strong>cum</strong></span> <span class='ocrx_word' id='word_1_565' title='bbox 456 4554 570 4609; x_wconf 89' lang='lat' dir='ltr'><strong>illis</strong></span> <span class='ocrx_word' id='word_1_566' title='bbox 589 4552 705 4623; x_wconf 88' lang='lat' dir='ltr'><strong>ejus</strong></span> <span class='ocrx_word' id='word_1_567' title='bbox 723 4553 1084 4625; x_wconf 74' lang='lat' dir='ltr'><strong>cpnversatio,</strong></span> <span class='ocrx_word' id='word_1_568' title='bbox 1112 4568 1211 4624; x_wconf 87' lang='lat' dir='ltr'><strong>per</strong></span> <span class='ocrx_word' id='word_1_569' title='bbox 1233 4555 1349 4612; x_wconf 90' lang='lat' dir='ltr'><strong>dies</strong></span> <span class='ocrx_word' id='word_1_570' title='bbox 1368 4557 1748 4629; x_wconf 81' lang='lat' dir='ltr'><strong>quadraginta,</strong></span> 
     </span>
    </p>
   </div>
   <div class='ocr_carea' id='block_1_79' title="bbox 172 4641 1752 4718">
    <p class='ocr_par' dir='ltr' id='par_1_79' title="bbox 172 4641 1752 4718">
     <span class='ocr_line' id='line_1_79' title="bbox 172 4641 1752 4718; baseline 0.002 -20"><span class='ocrx_word' id='word_1_571' title='bbox 172 4643 487 4714; x_wconf 80' lang='lat' dir='ltr'><strong>priusquam</strong></span> <span class='ocrx_word' id='word_1_572' title='bbox 508 4644 845 4700; x_wconf 82' lang='lat' dir='ltr'><strong>ascendisset</strong></span> <span class='ocrx_word' id='word_1_573' title='bbox 865 4644 923 4699; x_wconf 91' lang='lat' dir='ltr'><strong>in</strong></span> <span class='ocrx_word' id='word_1_574' title='bbox 947 4641 1164 4700; x_wconf 76' lang='lat' dir='ltr'><strong>omium.</strong></span> <span class='ocrx_word' id='word_1_575' title='bbox 1192 4644 1310 4701; x_wconf 80' lang='lat' dir='ltr'><strong>Non</strong></span> <span class='ocrx_word' id='word_1_576' title='bbox 1340 4654 1521 4703; x_wconf 83' lang='lat' dir='ltr'><strong>tamen</strong></span> <span class='ocrx_word' id='word_1_577' title='bbox 1546 4647 1630 4703; x_wconf 89' lang='lat' dir='ltr'><strong>eis</strong></span> <span class='ocrx_word' id='word_1_578' title='bbox 1651 4662 1752 4718; x_wconf 91' lang='lat' dir='ltr'><strong>per</strong></span> 
     </span>
    </p>
   </div>
   <div class='ocr_carea' id='block_1_80' title="bbox 170 4734 1751 4808">
    <p class='ocr_par' dir='ltr' id='par_1_80' title="bbox 170 4734 1751 4808">
     <span class='ocr_line' id='line_1_80' title="bbox 170 4734 1751 4808; baseline 0.003 -20"><span class='ocrx_word' id='word_1_579' title='bbox 170 4748 357 4790; x_wconf 87' lang='lat' dir='ltr'><strong>omnes</strong></span> <span class='ocrx_word' id='word_1_580' title='bbox 403 4734 690 4791; x_wconf 85' lang='lat' dir='ltr'><strong>continuos</strong></span> <span class='ocrx_word' id='word_1_581' title='bbox 730 4741 1075 4806; x_wconf 85' lang='lat' dir='ltr'><strong>apparuerat.</strong></span> <span class='ocrx_word' id='word_1_582' title='bbox 1121 4734 1229 4790; x_wconf 91' lang='lat' dir='ltr'><strong>Per</strong></span> <span class='ocrx_word' id='word_1_583' title='bbox 1271 4735 1395 4792; x_wconf 86' lang='lat' dir='ltr'><strong>illos</strong></span> <span class='ocrx_word' id='word_1_584' title='bbox 1428 4736 1576 4793; x_wconf 89' lang='lat' dir='ltr'><strong>enim</strong></span> <span class='ocrx_word' id='word_1_585' title='bbox 1614 4752 1751 4808; x_wconf 85' lang='lat' dir='ltr'><strong>qua-</strong></span> 
     </span>
    </p>
   </div>
   <div class='ocr_carea' id='block_1_81' title="bbox 169 4824 1751 4898">
    <p class='ocr_par' dir='ltr' id='par_1_81' title="bbox 169 4824 1751 4898">
     <span class='ocr_line' id='line_1_81' title="bbox 169 4824 1751 4898; baseline 0.003 -18"><span class='ocrx_word' id='word_1_586' title='bbox 169 4824 418 4897; x_wconf 88' lang='lat' dir='ltr'><strong>draginta</strong></span> <span class='ocrx_word' id='word_1_587' title='bbox 452 4826 573 4883; x_wconf 88' lang='lat' dir='ltr'><strong>dies</strong></span> <span class='ocrx_word' id='word_1_588' title='bbox 611 4826 826 4897; x_wconf 82' lang='lat' dir='ltr'><strong>quoties</strong></span> <span class='ocrx_word' id='word_1_589' title='bbox 864 4825 1063 4893; x_wconf 86' lang='lat' dir='ltr'><strong>voluit,</strong></span> <span class='ocrx_word' id='word_1_590' title='bbox 1091 4826 1287 4898; x_wconf 84' lang='lat' dir='ltr'><strong>quibus</strong></span> <span class='ocrx_word' id='word_1_591' title='bbox 1324 4827 1514 4895; x_wconf 87' lang='lat' dir='ltr'><strong>voluit,</strong></span> <span class='ocrx_word' id='word_1_592' title='bbox 1560 4843 1751 4898; x_wconf 84' lang='lat' dir='ltr'><strong>quem—</strong></span> 
     </span>
    </p>
   </div>
   <div class='ocr_carea' id='block_1_82' title="bbox 170 4917 989 4989">
    <p class='ocr_par' dir='ltr' id='par_1_82' title="bbox 170 4917 989 4989">
     <span class='ocr_line' id='line_1_82' title="bbox 170 4917 989 4989; baseline 0.002 -17"><span class='ocrx_word' id='word_1_593' title='bbox 170 4918 460 4975; x_wconf 81' lang='lat' dir='ltr'><strong>admodum</strong></span> <span class='ocrx_word' id='word_1_594' title='bbox 497 4917 691 4986; x_wconf 90' lang='lat' dir='ltr'><strong>voluit,</strong></span> <span class='ocrx_word' id='word_1_595' title='bbox 719 4919 989 4989; x_wconf 86' lang='lat' dir='ltr'><strong>apparuit.</strong></span> 
     </span>
    </p>
   </div>
   <div class='ocr_carea' id='block_1_83' title="bbox 241 5008 1745 5081">
    <p class='ocr_par' dir='ltr' id='par_1_83' title="bbox 241 5008 1745 5081">
     <span class='ocr_line' id='line_1_83' title="bbox 241 5008 1745 5081; baseline 0.003 -18"><span class='ocrx_word' id='word_1_596' title='bbox 241 5008 410 5065; x_wconf 76' lang='lat' dir='ltr'><strong>Nobis</strong></span> <span class='ocrx_word' id='word_1_597' title='bbox 437 5010 532 5081; x_wconf 75' lang='lat' dir='ltr'><strong>qui</strong></span> <span class='ocrx_word' id='word_1_598' title='bbox 556 5009 986 5066; x_wconf 76' lang='lat' dir='ltr'><strong>manducaciutus</strong></span> <span class='ocrx_word' id='word_1_599' title='bbox 1013 5019 1061 5066; x_wconf 89' lang='lat' dir='ltr'><strong>et</strong></span> <span class='ocrx_word' id='word_1_600' title='bbox 1084 5009 1309 5065; x_wconf 75' lang='lat' dir='ltr'><strong>bibimus</strong></span> <span class='ocrx_word' id='word_1_601' title='bbox 1335 5026 1455 5066; x_wconf 71' lang='lat' dir='ltr'><strong>cum</strong></span> <span class='ocrx_word' id='word_1_602' title='bbox 1482 5008 1608 5076; x_wconf 77' lang='lat' dir='ltr'><strong>illa,</strong></span> <span class='ocrx_word' id='word_1_603' title='bbox 1637 5018 1745 5067; x_wconf 90' lang='lat' dir='ltr'><strong>etc.</strong></span> 
     </span>
    </p>
   </div>
   <div class='ocr_carea' id='block_1_84' title="bbox 168 5096 1752 5170">
    <p class='ocr_par' dir='ltr' id='par_1_84' title="bbox 168 5096 1752 5170">
     <span class='ocr_line' id='line_1_84' title="bbox 168 5096 1752 5170; baseline 0.001 -18"><span class='ocrx_word' id='word_1_604' title='bbox 168 5096 267 5154; x_wconf 82' lang='lat' dir='ltr'><strong>llic</strong></span> <span class='ocrx_word' id='word_1_605' title='bbox 294 5098 495 5156; x_wconf 82' lang='lat' dir='ltr'><strong>beatus</strong></span> <span class='ocrx_word' id='word_1_606' title='bbox 527 5098 723 5156; x_wconf 85' lang='lat' dir='ltr'><strong>Petrus</strong></span> <span class='ocrx_word' id='word_1_607' title='bbox 743 5100 890 5170; x_wconf 82' lang='lat' dir='ltr'><strong>quod</strong></span> <span class='ocrx_word' id='word_1_608' title='bbox 926 5099 986 5156; x_wconf 86' lang='lat' dir='ltr'><strong>in</strong></span> <span class='ocrx_word' id='word_1_609' title='bbox 1008 5099 1302 5170; x_wconf 79' lang='lat' dir='ltr'><strong>Evangelio</strong></span> <span class='ocrx_word' id='word_1_610' title='bbox 1332 5099 1630 5167; x_wconf 75' lang='lat' dir='ltr'><strong>recitatur,</strong></span> <span class='ocrx_word' id='word_1_611' title='bbox 1655 5114 1752 5155; x_wconf 89' lang='lat' dir='ltr'><strong>ex-</strong></span> 
     </span>
    </p>
   </div>
   <div class='ocr_carea' id='block_1_85' title="bbox 168 5190 1751 5260">
    <p class='ocr_par' dir='ltr' id='par_1_85' title="bbox 168 5190 1751 5260">
     <span class='ocr_line' id='line_1_85' title="bbox 168 5190 1751 5260; baseline 0.003 -16"><span class='ocrx_word' id='word_1_612' title='bbox 168 5190 337 5257; x_wconf 82' lang='lat' dir='ltr'><strong>ponit,</strong></span> <span class='ocrx_word' id='word_1_613' title='bbox 367 5197 496 5260; x_wconf 86' lang='lat' dir='ltr'><strong>post</strong></span> <span class='ocrx_word' id='word_1_614' title='bbox 537 5191 990 5247; x_wconf 80' lang='lat' dir='ltr'><strong>resurrectionem</strong></span> <span class='ocrx_word' id='word_1_615' title='bbox 1030 5190 1241 5247; x_wconf 86' lang='lat' dir='ltr'><strong>scilicet</strong></span> <span class='ocrx_word' id='word_1_616' title='bbox 1281 5206 1343 5248; x_wconf 87' lang='lat' dir='ltr'><strong>se</strong></span> <span class='ocrx_word' id='word_1_617' title='bbox 1382 5192 1587 5248; x_wconf 80' lang='lat' dir='ltr'><strong>bibisse</strong></span> <span class='ocrx_word' id='word_1_618' title='bbox 1626 5207 1751 5248; x_wconf 88' lang='lat' dir='ltr'><strong>eum</strong></span> 
     </span>
    </p>
   </div>
   <div class='ocr_carea' id='block_1_86' title="bbox 170 5279 1748 5350">
    <p class='ocr_par' dir='ltr' id='par_1_86' title="bbox 170 5279 1748 5350">
     <span class='ocr_line' id='line_1_86' title="bbox 170 5279 1748 5350; baseline 0.001 -14"><span class='ocrx_word' id='word_1_619' title='bbox 170 5279 419 5348; x_wconf 73' lang='lat' dir='ltr'><strong>Domino,</strong></span> <span class='ocrx_word' id='word_1_620' title='bbox 448 5282 556 5339; x_wconf 81' lang='lat' dir='ltr'><strong>nisi</strong></span> <span class='ocrx_word' id='word_1_621' title='bbox 579 5280 719 5339; x_wconf 72' lang='lat' dir='ltr'><strong>forte</strong></span> <span class='ocrx_word' id='word_1_622' title='bbox 739 5281 849 5341; x_wconf 89' lang='lat' dir='ltr'><strong>illic</strong></span> <span class='ocrx_word' id='word_1_623' title='bbox 864 5282 1153 5340; x_wconf 84' lang='lat' dir='ltr'><strong>credamus</strong></span> <span class='ocrx_word' id='word_1_624' title='bbox 1178 5282 1498 5350; x_wconf 84' lang='lat' dir='ltr'><strong>indicatum,</strong></span> <span class='ocrx_word' id='word_1_625' title='bbox 1518 5283 1612 5340; x_wconf 78' lang='lat' dir='ltr'><strong>ubi</strong></span> <span class='ocrx_word' id='word_1_626' title='bbox 1632 5283 1748 5338; x_wconf 90' lang='lat' dir='ltr'><strong>ait:</strong></span> 
     </span>
    </p>
   </div>
   <div class='ocr_carea' id='block_1_87' title="bbox 169 5368 1751 5444">
    <p class='ocr_par' dir='ltr' id='par_1_87' title="bbox 169 5368 1751 5444">
     <span class='ocr_line' id='line_1_87' title="bbox 169 5368 1751 5444; baseline 0.004 -21"><span class='ocrx_word' id='word_1_627' title='bbox 169 5368 341 5425; x_wconf 77' lang='lat' dir='ltr'><strong>Donec</strong></span> <span class='ocrx_word' id='word_1_628' title='bbox 385 5369 523 5427; x_wconf 71' lang='lat' dir='ltr'><strong>illud</strong></span> <span class='ocrx_word' id='word_1_629' title='bbox 550 5371 724 5427; x_wconf 74' lang='lat' dir='ltr'><strong>bibant</strong></span> <span class='ocrx_word' id='word_1_630' title='bbox 751 5371 1011 5429; x_wconf 76' lang='lat' dir='ltr'><strong>vobiscum</strong></span> <span class='ocrx_word' id='word_1_631' title='bbox 1049 5389 1238 5428; x_wconf 73' lang='lat' dir='ltr'><strong>novum</strong></span> <span class='ocrx_word' id='word_1_632' title='bbox 1276 5374 1333 5428; x_wconf 83' lang='lat' dir='ltr'><strong>in</strong></span> <span class='ocrx_word' id='word_1_633' title='bbox 1368 5389 1527 5444; x_wconf 68' lang='lat' dir='ltr'><strong>regno</strong></span> <span class='ocrx_word' id='word_1_634' title='bbox 1569 5371 1751 5430; x_wconf 72' lang='lat' dir='ltr'><strong>Patris</strong></span> 
     </span>
    </p>
   </div>
   <div class='ocr_carea' id='block_1_88' title="bbox 167 5460 720 5534">
    <p class='ocr_par' dir='ltr' id='par_1_88' title="bbox 167 5460 720 5534">
     <span class='ocr_line' id='line_1_88' title="bbox 167 5460 720 5534; baseline 0.005 -19"><span class='ocrx_word' id='word_1_635' title='bbox 167 5461 264 5515; x_wconf 81' lang='lat' dir='ltr'><strong>mei</strong></span> <span class='ocrx_word' id='word_1_636' title='bbox 292 5460 517 5532; x_wconf 69' lang='lat' dir='ltr'><strong>(Matth.</strong></span> <span class='ocrx_word' id='word_1_637' title='bbox 548 5462 720 5534; x_wconf 81' lang='lat' dir='ltr'><strong>xm).</strong></span> 
     </span>
    </p>
   </div>
   <div class='ocr_carea' id='block_1_89' title="bbox 235 5549 1750 5629">
    <p class='ocr_par' dir='ltr' id='par_1_89' title="bbox 235 5549 1750 5629">
     <span class='ocr_line' id='line_1_89' title="bbox 235 5549 1750 5629; baseline 0.007 -26"><span class='ocrx_word' id='word_1_638' title='bbox 235 5549 305 5604; x_wconf 80' lang='lat' dir='ltr'><strong>Et</strong></span> <span class='ocrx_word' id='word_1_639' title='bbox 339 5552 591 5624; x_wconf 73' lang='lat' dir='ltr'><strong>pracepit</strong></span> <span class='ocrx_word' id='word_1_640' title='bbox 626 5552 777 5611; x_wconf 76' lang='lat' dir='ltr'><strong>nobis</strong></span> <span class='ocrx_word' id='word_1_641' title='bbox 803 5554 1088 5624; x_wconf 64' lang='lat' dir='ltr'><strong>medicari</strong></span> <span class='ocrx_word' id='word_1_642' title='bbox 1121 5555 1336 5629; x_wconf 68' lang='lat' dir='ltr'><strong>populo,</strong></span> <span class='ocrx_word' id='word_1_643' title='bbox 1377 5566 1428 5615; x_wconf 78' lang='lat' dir='ltr'><strong>et</strong></span> <span class='ocrx_word' id='word_1_644' title='bbox 1476 5557 1750 5628; x_wconf 71' lang='lat' dir='ltr'><strong>testiﬁcari</strong></span> 
     </span>
    </p>
   </div>
   <div class='ocr_carea' id='block_1_90' title="bbox 165 5643 1752 5720">
    <p class='ocr_par' dir='ltr' id='par_1_90' title="bbox 165 5643 1752 5720">
     <span class='ocr_line' id='line_1_90' title="bbox 165 5643 1752 5720; baseline 0.005 -22"><span class='ocrx_word' id='word_1_645' title='bbox 165 5643 287 5713; x_wconf 70' lang='lat' dir='ltr'><strong>quia</strong></span> <span class='ocrx_word' id='word_1_646' title='bbox 324 5644 439 5716; x_wconf 81' lang='lat' dir='ltr'><strong>ipse</strong></span> <span class='ocrx_word' id='word_1_647' title='bbox 471 5652 701 5711; x_wconf 82' lang='lat' dir='ltr'><strong>est,etc.</strong></span> <span class='ocrx_word' id='word_1_648' title='bbox 728 5645 1411 5720; x_wconf 17' lang='lat' dir='ltr'><strong>lpeeenim‘inﬂvangelio</strong></span> <span class='ocrx_word' id='word_1_649' title='bbox 1431 5650 1511 5707; x_wconf 74' lang='lat' dir='ltr'><strong>Iit</strong></span> <span class='ocrx_word' id='word_1_650' title='bbox 1541 5668 1555 5704; x_wconf 91' lang='lat'><strong>:</strong></span> <span class='ocrx_word' id='word_1_651' title='bbox 1587 5647 1752 5706; x_wconf 75' lang='lat' dir='ltr'><strong>Pater</strong></span> 
     </span>
    </p>
   </div>
   <div class='ocr_carea' id='block_1_91' title="bbox 171 5734 1748 5809">
    <p class='ocr_par' dir='ltr' id='par_1_91' title="bbox 171 5734 1748 5809">
     <span class='ocr_line' id='line_1_91' title="bbox 171 5734 1748 5809; baseline 0.007 -25"><span class='ocrx_word' id='word_1_652' title='bbox 171 5748 271 5786; x_wconf 86' lang='lat' dir='ltr'><strong>non</strong></span> <span class='ocrx_word' id='word_1_653' title='bbox 286 5734 507 5805; x_wconf 82' lang='lat' dir='ltr'><strong>judicat</strong></span> <span class='ocrx_word' id='word_1_654' title='bbox 526 5751 862 5809; x_wconf 79' lang='lat' dir='ltr'><strong>quemquam,</strong></span> <span class='ocrx_word' id='word_1_655' title='bbox 887 5737 976 5793; x_wconf 75' lang='lat' dir='ltr'><strong>sed</strong></span> <span class='ocrx_word' id='word_1_656' title='bbox 995 5754 1150 5794; x_wconf 77' lang='lat' dir='ltr'><strong>omne</strong></span> <span class='ocrx_word' id='word_1_657' title='bbox 1163 5738 1428 5809; x_wconf 69' lang='lat' dir='ltr'><strong>judicium</strong></span> <span class='ocrx_word' id='word_1_658' title='bbox 1444 5739 1588 5795; x_wconf 77' lang='lat' dir='ltr'><strong>dedit</strong></span> <span class='ocrx_word' id='word_1_659' title='bbox 1607 5738 1748 5795; x_wconf 81' lang='lat' dir='ltr'><strong>Filio</strong></span> 
     </span>
    </p>
   </div>
   <div class='ocr_carea' id='block_1_92' title="bbox 1774 4516 1829 4577">
    <p class='ocr_par' dir='ltr' id='par_1_92' title="bbox 1774 4516 1829 4577">
     <span class='ocr_line' id='line_1_92' title="bbox 1774 4516 1829 4577; baseline 0 0"><span class='ocrx_word' id='word_1_660' title='bbox 1774 4516 1829 4577; x_wconf 84' lang='lat' dir='ltr'><strong>D</strong></span> 
     </span>
    </p>
   </div>
   <div class='ocr_carea' id='block_1_93' title="bbox 1858 3266 3434 3345">
    <p class='ocr_par' dir='ltr' id='par_1_93' title="bbox 1858 3266 3434 3345">
     <span class='ocr_line' id='line_1_93' title="bbox 1858 3266 3434 3345; baseline 0.007 -26"><span class='ocrx_word' id='word_1_661' title='bbox 1858 3285 1877 3319; x_wconf 74' lang='grc' dir='ltr'><strong>ε</strong></span> <span class='ocrx_word' id='word_1_662' title='bbox 1912 3267 1980 3323; x_wconf 84' lang='grc' dir='ltr'>Ει</span> <span class='ocrx_word' id='word_1_663' title='bbox 2006 3266 2209 3322; x_wconf 80' lang='lat' dir='ltr'><strong>factum</strong></span> <span class='ocrx_word' id='word_1_664' title='bbox 2251 3275 2364 3335; x_wconf 86' lang='lat' dir='ltr'><strong>est,</strong></span> <span class='ocrx_word' id='word_1_665' title='bbox 2411 3267 2536 3324; x_wconf 84' lang='lat' dir='ltr'><strong>dum</strong></span> <span class='ocrx_word' id='word_1_666' title='bbox 2574 3267 2963 3338; x_wconf 83' lang='lat' dir='ltr'><strong>fabularentur,</strong></span> <span class='ocrx_word' id='word_1_667' title='bbox 2993 3280 3048 3326; x_wconf 90' lang='lat' dir='ltr'><strong>et</strong></span> <span class='ocrx_word' id='word_1_668' title='bbox 3075 3287 3258 3328; x_wconf 84' lang='lat' dir='ltr'><strong>secum</strong></span> <span class='ocrx_word' id='word_1_669' title='bbox 3288 3289 3434 3345; x_wconf 71' lang='lat' dir='ltr'><strong>qum-</strong></span> 
     </span>
    </p>
   </div>
   <div class='ocr_carea' id='block_1_94' title="bbox 1857 3358 3433 3438">
    <p class='ocr_par' dir='ltr' id='par_1_94' title="bbox 1857 3358 3433 3438">
     <span class='ocr_line' id='line_1_94' title="bbox 1857 3358 3433 3438; baseline 0.006 -29"><span class='ocrx_word' id='word_1_670' title='bbox 1857 3377 1876 3409; x_wconf 71' lang='grc' dir='ltr'><strong>α</strong></span> <span class='ocrx_word' id='word_1_671' title='bbox 1913 3369 2117 3423; x_wconf 84' lang='lat' dir='ltr'><strong>rerent,</strong></span> <span class='ocrx_word' id='word_1_672' title='bbox 2151 3369 2207 3414; x_wconf 85' lang='lat' dir='ltr'><strong>et</strong></span> <span class='ocrx_word' id='word_1_673' title='bbox 2230 3359 2342 3429; x_wconf 89' lang='lat' dir='ltr'><strong>ipse</strong></span> <span class='ocrx_word' id='word_1_674' title='bbox 2361 3358 2980 3438; x_wconf 71' lang='lat' dir='ltr'><strong>Jesuspppropinquans</strong></span> <span class='ocrx_word' id='word_1_675' title='bbox 3010 3362 3123 3419; x_wconf 86' lang='lat' dir='ltr'><strong>ibat</strong></span> <span class='ocrx_word' id='word_1_676' title='bbox 3148 3378 3274 3419; x_wconf 90' lang='lat' dir='ltr'><strong>cum</strong></span> <span class='ocrx_word' id='word_1_677' title='bbox 3305 3365 3433 3421; x_wconf 86' lang='lat' dir='ltr'><strong>illis.</strong></span> 
     </span>
    </p>
   </div>
   <div class='ocr_carea' id='block_1_95' title="bbox 1857 3450 3440 3527">
    <p class='ocr_par' dir='ltr' id='par_1_95' title="bbox 1857 3450 3440 3527">
     <span class='ocr_line' id='line_1_95' title="bbox 1857 3450 3440 3527; baseline 0.005 -23"><span class='ocrx_word' id='word_1_678' title='bbox 1857 3469 1876 3504; x_wconf 71' lang='grc' dir='ltr'><strong>ι</strong></span> <span class='ocrx_word' id='word_1_679' title='bbox 1914 3450 2068 3508; x_wconf 86' lang='lat' dir='ltr'><strong>Oculi</strong></span> <span class='ocrx_word' id='word_1_680' title='bbox 2104 3459 2284 3507; x_wconf 89' lang='lat' dir='ltr'><strong>autem</strong></span> <span class='ocrx_word' id='word_1_681' title='bbox 2311 3451 2525 3508; x_wconf 88' lang='lat' dir='ltr'><strong>illorum</strong></span> <span class='ocrx_word' id='word_1_682' title='bbox 2557 3454 2902 3520; x_wconf 84' lang='lat' dir='ltr'><strong>tenebantur,</strong></span> <span class='ocrx_word' id='word_1_683' title='bbox 2932 3469 3000 3509; x_wconf 89' lang='lat' dir='ltr'><strong>ne</strong></span> <span class='ocrx_word' id='word_1_684' title='bbox 3023 3469 3147 3510; x_wconf 89' lang='lat' dir='ltr'><strong>cum</strong></span> <span class='ocrx_word' id='word_1_685' title='bbox 3178 3470 3440 3527; x_wconf 86' lang='lat' dir='ltr'><strong>agnosce-</strong></span> 
     </span>
    </p>
   </div>
   <div class='ocr_carea' id='block_1_96' title="bbox 1857 3544 3440 3620">
    <p class='ocr_par' dir='ltr' id='par_1_96' title="bbox 1857 3544 3440 3620">
     <span class='ocr_line' id='line_1_96' title="bbox 1857 3544 3440 3620; baseline 0.004 -23"><span class='ocrx_word' id='word_1_686' title='bbox 1857 3561 1876 3597; x_wconf 72' lang='grc' dir='ltr'><strong>ι</strong></span> <span class='ocrx_word' id='word_1_687' title='bbox 1914 3552 2054 3600; x_wconf 89' lang='lat' dir='ltr'><strong>rent.</strong></span> <span class='ocrx_word' id='word_1_688' title='bbox 2081 3544 2148 3599; x_wconf 85' lang='lat' dir='ltr'><strong>Et</strong></span> <span class='ocrx_word' id='word_1_689' title='bbox 2191 3545 2271 3600; x_wconf 88' lang='lat' dir='ltr'><strong>ait</strong></span> <span class='ocrx_word' id='word_1_690' title='bbox 2300 3545 2369 3601; x_wconf 89' lang='lat' dir='ltr'><strong>ad</strong></span> <span class='ocrx_word' id='word_1_691' title='bbox 2401 3545 2522 3601; x_wconf 88' lang='lat' dir='ltr'><strong>illos</strong></span> <span class='ocrx_word' id='word_1_692' title='bbox 2567 3566 2579 3599; x_wconf 85' lang='lat'><strong>:</strong></span> <span class='ocrx_word' id='word_1_693' title='bbox 2610 3544 2712 3613; x_wconf 86' lang='lat' dir='ltr'><strong>Qui</strong></span> <span class='ocrx_word' id='word_1_694' title='bbox 2759 3553 2886 3601; x_wconf 90' lang='lat' dir='ltr'><strong>sunt</strong></span> <span class='ocrx_word' id='word_1_695' title='bbox 2906 3546 2967 3603; x_wconf 74' lang='lat' dir='ltr'><strong>‘hi</strong></span> <span class='ocrx_word' id='word_1_696' title='bbox 2998 3562 3276 3604; x_wconf 88' lang='lat' dir='ltr'><strong>sermones</strong></span> <span class='ocrx_word' id='word_1_697' title='bbox 3303 3564 3440 3620; x_wconf 91' lang='lat' dir='ltr'><strong>quos</strong></span> 
     </span>
    </p>
   </div>
   <div class='ocr_carea' id='block_1_97' title="bbox 1858 3634 3437 3703">
    <p class='ocr_par' dir='ltr' id='par_1_97' title="bbox 1858 3634 3437 3703">
     <span class='ocr_line' id='line_1_97' title="bbox 1858 3634 3437 3703; baseline 0.004 -14"><span class='ocrx_word' id='word_1_698' title='bbox 1858 3655 1877 3689; x_wconf 71' lang='grc' dir='ltr'><strong>ι</strong></span> <span class='ocrx_word' id='word_1_699' title='bbox 1914 3634 2172 3697; x_wconf 79' lang='lat' dir='ltr'><strong>confertis</strong></span> <span class='ocrx_word' id='word_1_700' title='bbox 2197 3637 2265 3691; x_wconf 89' lang='lat' dir='ltr'><strong>ad</strong></span> <span class='ocrx_word' id='word_1_701' title='bbox 2296 3637 2528 3693; x_wconf 87' lang='lat' dir='ltr'><strong>invicem</strong></span> <span class='ocrx_word' id='word_1_702' title='bbox 2570 3636 2934 3703; x_wconf 83' lang='lat' dir='ltr'><strong>ambulantes,</strong></span> <span class='ocrx_word' id='word_1_703' title='bbox 2970 3646 3025 3694; x_wconf 88' lang='lat' dir='ltr'><strong>et</strong></span> <span class='ocrx_word' id='word_1_704' title='bbox 3055 3640 3189 3695; x_wconf 88' lang='lat' dir='ltr'><strong>estis</strong></span> <span class='ocrx_word' id='word_1_705' title='bbox 3218 3640 3437 3697; x_wconf 81' lang='lat' dir='ltr'><strong>tristes?</strong></span> 
     </span>
    </p>
   </div>
   <div class='ocr_carea' id='block_1_98' title="bbox 1857 3729 3441 3803">
    <p class='ocr_par' dir='ltr' id='par_1_98' title="bbox 1857 3729 3441 3803">
     <span class='ocr_line' id='line_1_98' title="bbox 1857 3729 3441 3803; baseline 0.003 -19"><span class='ocrx_word' id='word_1_706' title='bbox 1857 3746 1876 3783; x_wconf 70' lang='grc' dir='ltr'><strong>ι</strong></span> <span class='ocrx_word' id='word_1_707' title='bbox 1914 3729 1982 3785; x_wconf 85' lang='lat' dir='ltr'><strong>Et</strong></span> <span class='ocrx_word' id='word_1_708' title='bbox 2027 3730 2364 3801; x_wconf 88' lang='lat' dir='ltr'><strong>respondens</strong></span> <span class='ocrx_word' id='word_1_709' title='bbox 2397 3745 2566 3797; x_wconf 90' lang='lat' dir='ltr'><strong>unus,</strong></span> <span class='ocrx_word' id='word_1_710' title='bbox 2610 3732 2695 3786; x_wconf 89' lang='lat' dir='ltr'><strong>cui</strong></span> <span class='ocrx_word' id='word_1_711' title='bbox 2734 3746 2932 3786; x_wconf 88' lang='lat' dir='ltr'><strong>nomen</strong></span> <span class='ocrx_word' id='word_1_712' title='bbox 2978 3731 3265 3803; x_wconf 87' lang='lat' dir='ltr'><strong>Cleophas,</strong></span> <span class='ocrx_word' id='word_1_713' title='bbox 3303 3733 3441 3789; x_wconf 83' lang='lat' dir='ltr'><strong>dixit</strong></span> 
     </span>
    </p>
   </div>
   <div class='ocr_carea' id='block_1_99' title="bbox 1858 3821 3440 3894">
    <p class='ocr_par' dir='ltr' id='par_1_99' title="bbox 1858 3821 3440 3894">
     <span class='ocr_line' id='line_1_99' title="bbox 1858 3821 3440 3894; baseline 0.003 -21"><span class='ocrx_word' id='word_1_714' title='bbox 1858 3839 1878 3873; x_wconf 74' lang='grc' dir='ltr'><strong>ι</strong></span> <span class='ocrx_word' id='word_1_715' title='bbox 1913 3821 1964 3878; x_wconf 89' lang='lat' dir='ltr'><strong>ei</strong></span> <span class='ocrx_word' id='word_1_716' title='bbox 1991 3840 2004 3876; x_wconf 94' lang='lat'>:</span> <span class='ocrx_word' id='word_1_717' title='bbox 2034 3821 2115 3878; x_wconf 84' lang='lat' dir='ltr'><strong>Tu</strong></span> <span class='ocrx_word' id='word_1_718' title='bbox 2145 3821 2290 3879; x_wconf 88' lang='lat' dir='ltr'><strong>solus</strong></span> <span class='ocrx_word' id='word_1_719' title='bbox 2320 3823 2638 3894; x_wconf 84' lang='lat' dir='ltr'><strong>peregrinus</strong></span> <span class='ocrx_word' id='word_1_720' title='bbox 2668 3837 2727 3877; x_wconf 91' lang='lat' dir='ltr'><strong>es</strong></span> <span class='ocrx_word' id='word_1_721' title='bbox 2756 3823 2808 3876; x_wconf 89' lang='lat' dir='ltr'><strong>in</strong></span> <span class='ocrx_word' id='word_1_722' title='bbox 2847 3822 3206 3889; x_wconf 76' lang='lat' dir='ltr'><strong>Hierusalem,</strong></span> <span class='ocrx_word' id='word_1_723' title='bbox 3237 3833 3292 3878; x_wconf 88' lang='lat' dir='ltr'><strong>et</strong></span> <span class='ocrx_word' id='word_1_724' title='bbox 3330 3839 3440 3879; x_wconf 87' lang='lat' dir='ltr'><strong>non</strong></span> 
     </span>
    </p>
   </div>
   <div class='ocr_carea' id='block_1_100' title="bbox 1858 3913 3440 3988">
    <p class='ocr_par' dir='ltr' id='par_1_100' title="bbox 1858 3913 3440 3988">
     <span class='ocr_line' id='line_1_100' title="bbox 1858 3913 3440 3988; baseline 0.003 -23"><span class='ocrx_word' id='word_1_725' title='bbox 1858 3935 1876 3965; x_wconf 77' lang='grc' dir='ltr'><strong>ι</strong></span> <span class='ocrx_word' id='word_1_726' title='bbox 1916 3913 2213 3988; x_wconf 83' lang='lat' dir='ltr'><strong>cognovisti</strong></span> <span class='ocrx_word' id='word_1_727' title='bbox 2242 3929 2364 3986; x_wconf 79' lang='lat' dir='ltr'><strong>quae</strong></span> <span class='ocrx_word' id='word_1_728' title='bbox 2388 3913 2532 3970; x_wconf 81' lang='lat' dir='ltr'><strong>facta</strong></span> <span class='ocrx_word' id='word_1_729' title='bbox 2570 3922 2696 3970; x_wconf 92' lang='lat' dir='ltr'><strong>sunt</strong></span> <span class='ocrx_word' id='word_1_730' title='bbox 2724 3915 2778 3969; x_wconf 90' lang='lat' dir='ltr'><strong>in</strong></span> <span class='ocrx_word' id='word_1_731' title='bbox 2809 3913 2899 3970; x_wconf 87' lang='lat' dir='ltr'><strong>illa</strong></span> <span class='ocrx_word' id='word_1_732' title='bbox 2945 3915 3032 3970; x_wconf 89' lang='lat' dir='ltr'><strong>his</strong></span> <span class='ocrx_word' id='word_1_733' title='bbox 3057 3914 3281 3970; x_wconf 81' lang='lat' dir='ltr'><strong>diebus?</strong></span> <span class='ocrx_word' id='word_1_734' title='bbox 3308 3915 3440 3983; x_wconf 87' lang='lat' dir='ltr'><strong>Qui-</strong></span> 
     </span>
    </p>
   </div>
   <div class='ocr_carea' id='block_1_101' title="bbox 1858 4004 3438 4074">
    <p class='ocr_par' dir='ltr' id='par_1_101' title="bbox 1858 4004 3438 4074">
     <span class='ocr_line' id='line_1_101' title="bbox 1858 4004 3438 4074; baseline 0.003 -17"><span class='ocrx_word' id='word_1_735' title='bbox 1858 4022 1877 4057; x_wconf 74' lang='grc' dir='ltr'><strong>ι</strong></span> <span class='ocrx_word' id='word_1_736' title='bbox 1913 4005 2016 4061; x_wconf 89' lang='lat' dir='ltr'><strong>hus</strong></span> <span class='ocrx_word' id='word_1_737' title='bbox 2052 4004 2143 4060; x_wconf 90' lang='lat' dir='ltr'><strong>ille</strong></span> <span class='ocrx_word' id='word_1_738' title='bbox 2169 4004 2344 4060; x_wconf 81' lang='lat' dir='ltr'><strong>dixit:</strong></span> <span class='ocrx_word' id='word_1_739' title='bbox 2383 4004 2551 4074; x_wconf 72' lang='lat' dir='ltr'><strong>Quae?</strong></span> <span class='ocrx_word' id='word_1_740' title='bbox 2577 4005 2646 4061; x_wconf 86' lang='lat' dir='ltr'><strong>Et</strong></span> <span class='ocrx_word' id='word_1_741' title='bbox 2682 4006 2970 4061; x_wconf 85' lang='lat' dir='ltr'><strong>dixerunt:</strong></span> <span class='ocrx_word' id='word_1_742' title='bbox 3000 4005 3080 4061; x_wconf 86' lang='lat' dir='ltr'><strong>De</strong></span> <span class='ocrx_word' id='word_1_743' title='bbox 3105 4004 3235 4062; x_wconf 86' lang='lat' dir='ltr'><strong>Jesu</strong></span> <span class='ocrx_word' id='word_1_744' title='bbox 3262 4005 3438 4063; x_wconf 84' lang='lat' dir='ltr'><strong>Naza-</strong></span> 
     </span>
    </p>
   </div>
   <div class='ocr_carea' id='block_1_102' title="bbox 1859 4094 3440 4167">
    <p class='ocr_par' dir='ltr' id='par_1_102' title="bbox 1859 4094 3440 4167">
     <span class='ocr_line' id='line_1_102' title="bbox 1859 4094 3440 4167; baseline 0.003 -18"><span class='ocrx_word' id='word_1_745' title='bbox 1859 4115 1877 4149; x_wconf 71' lang='grc' dir='ltr'><strong>ι</strong></span> <span class='ocrx_word' id='word_1_746' title='bbox 1918 4112 2080 4164; x_wconf 91' lang='lat' dir='ltr'><strong>reno,</strong></span> <span class='ocrx_word' id='word_1_747' title='bbox 2122 4098 2215 4167; x_wconf 88' lang='lat' dir='ltr'><strong>qui</strong></span> <span class='ocrx_word' id='word_1_748' title='bbox 2255 4094 2359 4151; x_wconf 80' lang='lat' dir='ltr'><strong>fuit</strong></span> <span class='ocrx_word' id='word_1_749' title='bbox 2399 4097 2484 4151; x_wconf 92' lang='lat' dir='ltr'><strong>vir</strong></span> <span class='ocrx_word' id='word_1_750' title='bbox 2530 4098 2810 4167; x_wconf 84' lang='lat' dir='ltr'><strong>propheta,</strong></span> <span class='ocrx_word' id='word_1_751' title='bbox 2844 4104 3036 4167; x_wconf 89' lang='lat' dir='ltr'><strong>potens</strong></span> <span class='ocrx_word' id='word_1_752' title='bbox 3080 4098 3136 4152; x_wconf 90' lang='lat' dir='ltr'><strong>in</strong></span> <span class='ocrx_word' id='word_1_753' title='bbox 3177 4111 3343 4166; x_wconf 89' lang='lat' dir='ltr'><strong>opere</strong></span> <span class='ocrx_word' id='word_1_754' title='bbox 3381 4110 3440 4155; x_wconf 89' lang='lat' dir='ltr'><strong>et</strong></span> 
     </span>
    </p>
   </div>
   <div class='ocr_carea' id='block_1_103' title="bbox 1858 4186 3437 4257">
    <p class='ocr_par' dir='ltr' id='par_1_103' title="bbox 1858 4186 3437 4257">
     <span class='ocr_line' id='line_1_103' title="bbox 1858 4186 3437 4257; baseline 0.003 -17"><span class='ocrx_word' id='word_1_755' title='bbox 1858 4206 1878 4240; x_wconf 78' lang='grc' dir='ltr'><strong>ι</strong></span> <span class='ocrx_word' id='word_1_756' title='bbox 1919 4203 2169 4244; x_wconf 79' lang='lat' dir='ltr'><strong>sermone</strong></span> <span class='ocrx_word' id='word_1_757' title='bbox 2188 4203 2379 4244; x_wconf 84' lang='lat' dir='ltr'><strong>coram</strong></span> <span class='ocrx_word' id='word_1_758' title='bbox 2406 4186 2519 4243; x_wconf 86' lang='lat' dir='ltr'><strong>Deo</strong></span> <span class='ocrx_word' id='word_1_759' title='bbox 2545 4194 2600 4242; x_wconf 91' lang='lat' dir='ltr'><strong>et</strong></span> <span class='ocrx_word' id='word_1_760' title='bbox 2627 4188 2777 4242; x_wconf 85' lang='lat' dir='ltr'><strong>omni</strong></span> <span class='ocrx_word' id='word_1_761' title='bbox 2804 4186 3020 4257; x_wconf 87' lang='lat' dir='ltr'><strong>populo.</strong></span> <span class='ocrx_word' id='word_1_762' title='bbox 3071 4187 3140 4241; x_wconf 85' lang='lat' dir='ltr'><strong>Et</strong></span> <span class='ocrx_word' id='word_1_763' title='bbox 3167 4189 3437 4256; x_wconf 89' lang='lat' dir='ltr'><strong>quomodo</strong></span> 
     </span>
    </p>
   </div>
   <div class='ocr_carea' id='block_1_104' title="bbox 1859 4276 3438 4347">
    <p class='ocr_par' dir='ltr' id='par_1_104' title="bbox 1859 4276 3438 4347">
     <span class='ocr_line' id='line_1_104' title="bbox 1859 4276 3438 4347; baseline 0.002 -16"><span class='ocrx_word' id='word_1_764' title='bbox 1859 4297 1878 4331; x_wconf 75' lang='grc' dir='ltr'><strong>ι</strong></span> <span class='ocrx_word' id='word_1_765' title='bbox 1916 4278 2255 4334; x_wconf 85' lang='lat' dir='ltr'><strong>tradiderunt</strong></span> <span class='ocrx_word' id='word_1_766' title='bbox 2298 4292 2426 4332; x_wconf 88' lang='lat' dir='ltr'><strong>eum</strong></span> <span class='ocrx_word' id='word_1_767' title='bbox 2472 4278 2669 4332; x_wconf 86' lang='lat' dir='ltr'><strong>summi</strong></span> <span class='ocrx_word' id='word_1_768' title='bbox 2702 4277 3017 4332; x_wconf 84' lang='lat' dir='ltr'><strong>sacerdotes</strong></span> <span class='ocrx_word' id='word_1_769' title='bbox 3061 4284 3117 4332; x_wconf 87' lang='lat' dir='ltr'><strong>et</strong></span> <span class='ocrx_word' id='word_1_770' title='bbox 3165 4276 3438 4347; x_wconf 89' lang='lat' dir='ltr'><strong>principes</strong></span> 
     </span>
    </p>
   </div>
   <div class='ocr_carea' id='block_1_105' title="bbox 1860 4366 3442 4432">
    <p class='ocr_par' dir='ltr' id='par_1_105' title="bbox 1860 4366 3442 4432">
     <span class='ocr_line' id='line_1_105' title="bbox 1860 4366 3442 4432; baseline 0 -8"><span class='ocrx_word' id='word_1_771' title='bbox 1860 4384 1879 4422; x_wconf 80' lang='lat' dir='ltr'><strong>t</strong></span> <span class='ocrx_word' id='word_1_772' title='bbox 1915 4368 2090 4425; x_wconf 87' lang='lat' dir='ltr'><strong>nostri</strong></span> <span class='ocrx_word' id='word_1_773' title='bbox 2136 4369 2190 4424; x_wconf 89' lang='lat' dir='ltr'><strong>in</strong></span> <span class='ocrx_word' id='word_1_774' title='bbox 2237 4368 2636 4427; x_wconf 85' lang='lat' dir='ltr'><strong>damnationem</strong></span> <span class='ocrx_word' id='word_1_775' title='bbox 2681 4368 2900 4432; x_wconf 86' lang='lat' dir='ltr'><strong>mortis,</strong></span> <span class='ocrx_word' id='word_1_776' title='bbox 2949 4376 3006 4423; x_wconf 89' lang='lat' dir='ltr'><strong>et</strong></span> <span class='ocrx_word' id='word_1_777' title='bbox 3050 4366 3442 4425; x_wconf 80' lang='lat' dir='ltr'><strong>cruciﬁxerunt</strong></span> 
     </span>
    </p>
   </div>
   <div class='ocr_carea' id='block_1_106' title="bbox 1858 4458 3440 4530">
    <p class='ocr_par' dir='ltr' id='par_1_106' title="bbox 1858 4458 3440 4530">
     <span class='ocr_line' id='line_1_106' title="bbox 1858 4458 3440 4530; baseline 0.002 -18"><span class='ocrx_word' id='word_1_778' title='bbox 1858 4478 1879 4512; x_wconf 78' lang='grc' dir='ltr'><strong>ι</strong></span> <span class='ocrx_word' id='word_1_779' title='bbox 1914 4474 2061 4516; x_wconf 80' lang='lat' dir='ltr'><strong>eum.</strong></span> <span class='ocrx_word' id='word_1_780' title='bbox 2091 4458 2201 4515; x_wconf 80' lang='lat' dir='ltr'><strong>Nos</strong></span> <span class='ocrx_word' id='word_1_781' title='bbox 2239 4466 2420 4514; x_wconf 85' lang='lat' dir='ltr'><strong>autem</strong></span> <span class='ocrx_word' id='word_1_782' title='bbox 2454 4459 2824 4530; x_wconf 84' lang='lat' dir='ltr'><strong>sperabamus,</strong></span> <span class='ocrx_word' id='word_1_783' title='bbox 2852 4459 2977 4529; x_wconf 84' lang='lat' dir='ltr'><strong>quia</strong></span> <span class='ocrx_word' id='word_1_784' title='bbox 3036 4458 3150 4529; x_wconf 87' lang='lat' dir='ltr'><strong>ipse</strong></span> <span class='ocrx_word' id='word_1_785' title='bbox 3173 4467 3318 4514; x_wconf 88' lang='lat' dir='ltr'><strong>esset</strong></span> <span class='ocrx_word' id='word_1_786' title='bbox 3354 4475 3440 4515; x_wconf 84' lang='lat' dir='ltr'><strong>re-</strong></span> 
     </span>
    </p>
   </div>
   <div class='ocr_carea' id='block_1_107' title="bbox 1860 4548 3439 4621">
    <p class='ocr_par' dir='ltr' id='par_1_107' title="bbox 1860 4548 3439 4621">
     <span class='ocr_line' id='line_1_107' title="bbox 1860 4548 3439 4621; baseline 0.001 -18"><span class='ocrx_word' id='word_1_787' title='bbox 1860 4568 1879 4603; x_wconf 72' lang='lat' dir='ltr'><strong>i</strong></span> <span class='ocrx_word' id='word_1_788' title='bbox 1914 4551 2230 4621; x_wconf 72' lang='lat' dir='ltr'><strong>dempturos</strong></span> <span class='ocrx_word' id='word_1_789' title='bbox 2258 4550 2446 4606; x_wconf 87' lang='lat' dir='ltr'><strong>lsrael.</strong></span> <span class='ocrx_word' id='word_1_790' title='bbox 2489 4549 2557 4604; x_wconf 85' lang='lat' dir='ltr'><strong>Et</strong></span> <span class='ocrx_word' id='word_1_791' title='bbox 2584 4564 2729 4605; x_wconf 91' lang='lat' dir='ltr'><strong>nunc</strong></span> <span class='ocrx_word' id='word_1_792' title='bbox 2764 4564 2928 4620; x_wconf 88' lang='lat' dir='ltr'><strong>super</strong></span> <span class='ocrx_word' id='word_1_793' title='bbox 2954 4550 3069 4606; x_wconf 77' lang='lat' dir='ltr'><strong>haec</strong></span> <span class='ocrx_word' id='word_1_794' title='bbox 3097 4548 3300 4616; x_wconf 84' lang='lat' dir='ltr'><strong>omnia,</strong></span> <span class='ocrx_word' id='word_1_795' title='bbox 3329 4558 3439 4605; x_wconf 86' lang='lat' dir='ltr'><strong>ter-</strong></span> 
     </span>
    </p>
   </div>
   <div class='ocr_carea' id='block_1_108' title="bbox 1858 4641 3445 4713">
    <p class='ocr_par' dir='ltr' id='par_1_108' title="bbox 1858 4641 3445 4713">
     <span class='ocr_line' id='line_1_108' title="bbox 1858 4641 3445 4713; baseline 0.001 -18"><span class='ocrx_word' id='word_1_796' title='bbox 1858 4660 1878 4694; x_wconf 71' lang='lat' dir='ltr'><strong>r</strong></span> <span class='ocrx_word' id='word_1_797' title='bbox 1915 4643 1990 4697; x_wconf 91' lang='lat' dir='ltr'><strong>tia</strong></span> <span class='ocrx_word' id='word_1_798' title='bbox 2017 4642 2133 4698; x_wconf 89' lang='lat' dir='ltr'><strong>dies</strong></span> <span class='ocrx_word' id='word_1_799' title='bbox 2154 4649 2239 4699; x_wconf 86' lang='lat' dir='ltr'><strong>est</strong></span> <span class='ocrx_word' id='word_1_800' title='bbox 2263 4642 2444 4709; x_wconf 81' lang='lat' dir='ltr'><strong>hodie,</strong></span> <span class='ocrx_word' id='word_1_801' title='bbox 2467 4642 2611 4713; x_wconf 89' lang='lat' dir='ltr'><strong>quod</strong></span> <span class='ocrx_word' id='word_1_802' title='bbox 2634 4641 2752 4697; x_wconf 64' lang='lat' dir='ltr'><strong>haec</strong></span> <span class='ocrx_word' id='word_1_803' title='bbox 2778 4641 2919 4698; x_wconf 80' lang='lat' dir='ltr'><strong>facta</strong></span> <span class='ocrx_word' id='word_1_804' title='bbox 2941 4650 3084 4698; x_wconf 86' lang='lat' dir='ltr'><strong>sunt.</strong></span> <span class='ocrx_word' id='word_1_805' title='bbox 3112 4641 3218 4698; x_wconf 87' lang='lat' dir='ltr'><strong>Sed</strong></span> <span class='ocrx_word' id='word_1_806' title='bbox 3243 4650 3300 4696; x_wconf 90' lang='lat' dir='ltr'><strong>ct</strong></span> <span class='ocrx_word' id='word_1_807' title='bbox 3324 4657 3445 4697; x_wconf 55' lang='lat' dir='ltr'><strong>mur</strong></span> 
     </span>
    </p>
   </div>
   <div class='ocr_carea' id='block_1_109' title="bbox 1857 4733 3447 4804">
    <p class='ocr_par' dir='ltr' id='par_1_109' title="bbox 1857 4733 3447 4804">
     <span class='ocr_line' id='line_1_109' title="bbox 1857 4733 3447 4804; baseline 0.003 -20"><span class='ocrx_word' id='word_1_808' title='bbox 1857 4750 1877 4784; x_wconf 72' lang='grc' dir='ltr'><strong>α</strong></span> <span class='ocrx_word' id='word_1_809' title='bbox 1913 4733 2074 4790; x_wconf 89' lang='lat' dir='ltr'><strong>lieres</strong></span> <span class='ocrx_word' id='word_1_810' title='bbox 2095 4734 2339 4803; x_wconf 64' lang='lat' dir='ltr'><strong>quaedam</strong></span> <span class='ocrx_word' id='word_1_811' title='bbox 2360 4749 2428 4789; x_wconf 77' lang='lat' dir='ltr'><strong>ex</strong></span> <span class='ocrx_word' id='word_1_812' title='bbox 2453 4734 2655 4790; x_wconf 85' lang='lat' dir='ltr'><strong>nostris</strong></span> <span class='ocrx_word' id='word_1_813' title='bbox 2684 4742 2997 4790; x_wconf 88' lang='lat' dir='ltr'><strong>terruerunt</strong></span> <span class='ocrx_word' id='word_1_814' title='bbox 3022 4748 3138 4799; x_wconf 89' lang='lat' dir='ltr'><strong>nos,</strong></span> <span class='ocrx_word' id='word_1_815' title='bbox 3166 4742 3447 4804; x_wconf 69' lang='lat' dir='ltr'><strong>qum-ante</strong></span> 
     </span>
    </p>
   </div>
   <div class='ocr_carea' id='block_1_110' title="bbox 1858 4821 3449 4890">
    <p class='ocr_par' dir='ltr' id='par_1_110' title="bbox 1858 4821 3449 4890">
     <span class='ocr_line' id='line_1_110' title="bbox 1858 4821 3449 4890; baseline 0.003 -16"><span class='ocrx_word' id='word_1_816' title='bbox 1858 4840 1877 4873; x_wconf 78' lang='grc' dir='ltr'><strong>ι</strong></span> <span class='ocrx_word' id='word_1_817' title='bbox 1911 4821 2086 4878; x_wconf 89' lang='lat' dir='ltr'><strong>lucem</strong></span> <span class='ocrx_word' id='word_1_818' title='bbox 2120 4822 2337 4878; x_wconf 80' lang='lat' dir='ltr'><strong>fuerunt</strong></span> <span class='ocrx_word' id='word_1_819' title='bbox 2372 4824 2440 4879; x_wconf 90' lang='lat' dir='ltr'><strong>ad</strong></span> <span class='ocrx_word' id='word_1_820' title='bbox 2483 4833 2922 4890; x_wconf 87' lang='lat' dir='ltr'><strong>monumentum,</strong></span> <span class='ocrx_word' id='word_1_821' title='bbox 2970 4831 3028 4879; x_wconf 87' lang='lat' dir='ltr'><strong>et</strong></span> <span class='ocrx_word' id='word_1_822' title='bbox 3058 4839 3169 4878; x_wconf 89' lang='lat' dir='ltr'><strong>non</strong></span> <span class='ocrx_word' id='word_1_823' title='bbox 3216 4823 3449 4879; x_wconf 72' lang='lat' dir='ltr'><strong>invento</strong></span> 
     </span>
    </p>
   </div>
   <div class='ocr_carea' id='block_1_111' title="bbox 1859 4914 3444 4985">
    <p class='ocr_par' dir='ltr' id='par_1_111' title="bbox 1859 4914 3444 4985">
     <span class='ocr_line' id='line_1_111' title="bbox 1859 4914 3444 4985; baseline 0.002 -19"><span class='ocrx_word' id='word_1_824' title='bbox 1859 4930 1878 4965; x_wconf 74' lang='grc' dir='ltr'><strong>ι</strong></span> <span class='ocrx_word' id='word_1_825' title='bbox 1912 4928 2141 4983; x_wconf 85' lang='lat' dir='ltr'><strong>corpore</strong></span> <span class='ocrx_word' id='word_1_826' title='bbox 2176 4915 2314 4985; x_wconf 79' lang='lat' dir='ltr'><strong>ejus,</strong></span> <span class='ocrx_word' id='word_1_827' title='bbox 2358 4922 2622 4970; x_wconf 84' lang='lat' dir='ltr'><strong>venerunt</strong></span> <span class='ocrx_word' id='word_1_828' title='bbox 2661 4914 2903 4970; x_wconf 89' lang='lat' dir='ltr'><strong>dicentes</strong></span> <span class='ocrx_word' id='word_1_829' title='bbox 2970 4930 3029 4970; x_wconf 89' lang='lat' dir='ltr'><strong>se</strong></span> <span class='ocrx_word' id='word_1_830' title='bbox 3066 4915 3234 4970; x_wconf 82' lang='lat' dir='ltr'><strong>etiam</strong></span> <span class='ocrx_word' id='word_1_831' title='bbox 3272 4914 3444 4970; x_wconf 77' lang='lat' dir='ltr'><strong>visio-</strong></span> 
     </span>
    </p>
   </div>
   <div class='ocr_carea' id='block_1_112' title="bbox 1857 5003 3443 5076">
    <p class='ocr_par' dir='ltr' id='par_1_112' title="bbox 1857 5003 3443 5076">
     <span class='ocr_line' id='line_1_112' title="bbox 1857 5003 3443 5076; baseline 0.003 -20"><span class='ocrx_word' id='word_1_832' title='bbox 1857 5021 1876 5055; x_wconf 75' lang='grc' dir='ltr'><strong>ι</strong></span> <span class='ocrx_word' id='word_1_833' title='bbox 1913 5019 2039 5059; x_wconf 86' lang='lat' dir='ltr'><strong>nem</strong></span> <span class='ocrx_word' id='word_1_834' title='bbox 2063 5003 2378 5076; x_wconf 82' lang='lat' dir='ltr'><strong>angelorum</strong></span> <span class='ocrx_word' id='word_1_835' title='bbox 2417 5004 2637 5071; x_wconf 87' lang='lat' dir='ltr'><strong>vidisse,</strong></span> <span class='ocrx_word' id='word_1_836' title='bbox 2663 5006 2754 5074; x_wconf 82' lang='lat' dir='ltr'><strong>qui</strong></span> <span class='ocrx_word' id='word_1_837' title='bbox 2781 5006 2968 5061; x_wconf 87' lang='lat' dir='ltr'><strong>dicunt</strong></span> <span class='ocrx_word' id='word_1_838' title='bbox 2989 5019 3116 5060; x_wconf 86' lang='lat' dir='ltr'><strong>eum</strong></span> <span class='ocrx_word' id='word_1_839' title='bbox 3134 5004 3339 5061; x_wconf 81' lang='lat' dir='ltr'><strong>vivere.</strong></span> <span class='ocrx_word' id='word_1_840' title='bbox 3367 5004 3443 5060; x_wconf 83' lang='lat' dir='ltr'><strong>Et</strong></span> 
     </span>
    </p>
   </div>
   <div class='ocr_carea' id='block_1_113' title="bbox 1858 5097 3439 5167">
    <p class='ocr_par' dir='ltr' id='par_1_113' title="bbox 1858 5097 3439 5167">
     <span class='ocr_line' id='line_1_113' title="bbox 1858 5097 3439 5167; baseline 0.004 -19"><span class='ocrx_word' id='word_1_841' title='bbox 1858 5114 1878 5148; x_wconf 76' lang='grc' dir='ltr'><strong>ι</strong></span> <span class='ocrx_word' id='word_1_842' title='bbox 1914 5097 2167 5153; x_wconf 78' lang='lat' dir='ltr'><strong>abierunt</strong></span> <span class='ocrx_word' id='word_1_843' title='bbox 2208 5097 2427 5167; x_wconf 88' lang='lat' dir='ltr'><strong>quidam</strong></span> <span class='ocrx_word' id='word_1_844' title='bbox 2464 5112 2531 5153; x_wconf 86' lang='lat' dir='ltr'><strong>ex</strong></span> <span class='ocrx_word' id='word_1_845' title='bbox 2577 5099 2778 5154; x_wconf 87' lang='lat' dir='ltr'><strong>nostris</strong></span> <span class='ocrx_word' id='word_1_846' title='bbox 2803 5099 2871 5154; x_wconf 89' lang='lat' dir='ltr'><strong>ad</strong></span> <span class='ocrx_word' id='word_1_847' title='bbox 2910 5107 3345 5166; x_wconf 85' lang='lat' dir='ltr'><strong>monumentum,</strong></span> <span class='ocrx_word' id='word_1_848' title='bbox 3380 5107 3439 5154; x_wconf 87' lang='lat' dir='ltr'><strong>et</strong></span> 
     </span>
    </p>
   </div>
   <div class='ocr_carea' id='block_1_114' title="bbox 1856 5188 3442 5262">
    <p class='ocr_par' dir='ltr' id='par_1_114' title="bbox 1856 5188 3442 5262">
     <span class='ocr_line' id='line_1_114' title="bbox 1856 5188 3442 5262; baseline 0.004 -20"><span class='ocrx_word' id='word_1_849' title='bbox 1856 5207 1877 5242; x_wconf 77' lang='grc' dir='ltr'><strong>ι</strong></span> <span class='ocrx_word' id='word_1_850' title='bbox 1914 5188 1989 5244; x_wconf 89' lang='lat' dir='ltr'><strong>ita</strong></span> <span class='ocrx_word' id='word_1_851' title='bbox 2016 5188 2340 5245; x_wconf 87' lang='lat' dir='ltr'><strong>invenerunt</strong></span> <span class='ocrx_word' id='word_1_852' title='bbox 2356 5189 2507 5244; x_wconf 81' lang='lat' dir='ltr'><strong>sicut</strong></span> <span class='ocrx_word' id='word_1_853' title='bbox 2527 5189 2779 5246; x_wconf 78' lang='lat' dir='ltr'><strong>mulieres</strong></span> <span class='ocrx_word' id='word_1_854' title='bbox 2804 5188 3079 5257; x_wconf 85' lang='lat' dir='ltr'><strong>dixerunt,</strong></span> <span class='ocrx_word' id='word_1_855' title='bbox 3104 5190 3281 5262; x_wconf 88' lang='lat' dir='ltr'><strong>ipsum</strong></span> <span class='ocrx_word' id='word_1_856' title='bbox 3304 5205 3442 5248; x_wconf 85' lang='lat' dir='ltr'><strong>vero</strong></span> 
     </span>
    </p>
   </div>
   <div class='ocr_carea' id='block_1_115' title="bbox 1856 5282 3439 5354">
    <p class='ocr_par' dir='ltr' id='par_1_115' title="bbox 1856 5282 3439 5354">
     <span class='ocr_line' id='line_1_115' title="bbox 1856 5282 3439 5354; baseline 0.002 -19"><span class='ocrx_word' id='word_1_857' title='bbox 1856 5302 1876 5335; x_wconf 79' lang='grc' dir='ltr'><strong>ι</strong></span> <span class='ocrx_word' id='word_1_858' title='bbox 1914 5298 2023 5339; x_wconf 86' lang='lat' dir='ltr'><strong>non</strong></span> <span class='ocrx_word' id='word_1_859' title='bbox 2064 5283 2407 5338; x_wconf 79' lang='lat' dir='ltr'><strong>invenerunt.</strong></span> <span class='ocrx_word' id='word_1_860' title='bbox 2455 5282 2523 5337; x_wconf 82' lang='lat' dir='ltr'><strong>Et</strong></span> <span class='ocrx_word' id='word_1_861' title='bbox 2553 5283 2669 5354; x_wconf 79' lang='lat' dir='ltr'><strong>ipse</strong></span> <span class='ocrx_word' id='word_1_862' title='bbox 2699 5282 2841 5339; x_wconf 87' lang='lat' dir='ltr'><strong>dixit</strong></span> <span class='ocrx_word' id='word_1_863' title='bbox 2882 5283 2951 5339; x_wconf 88' lang='lat' dir='ltr'><strong>ad</strong></span> <span class='ocrx_word' id='word_1_864' title='bbox 2982 5297 3097 5341; x_wconf 84' lang='lat' dir='ltr'><strong>eos.</strong></span> <span class='ocrx_word' id='word_1_865' title='bbox 3128 5282 3176 5340; x_wconf 89' lang='lat'><strong>0</strong></span> <span class='ocrx_word' id='word_1_866' title='bbox 3202 5283 3352 5339; x_wconf 86' lang='lat' dir='ltr'><strong>stulti</strong></span> <span class='ocrx_word' id='word_1_867' title='bbox 3382 5289 3439 5338; x_wconf 89' lang='lat' dir='ltr'><strong>et</strong></span> 
     </span>
    </p>
   </div>
   <div class='ocr_carea' id='block_1_116' title="bbox 1859 5372 3437 5446">
    <p class='ocr_par' dir='ltr' id='par_1_116' title="bbox 1859 5372 3437 5446">
     <span class='ocr_line' id='line_1_116' title="bbox 1859 5372 3437 5446; baseline -0.001 -20"><span class='ocrx_word' id='word_1_868' title='bbox 1859 5391 1881 5426; x_wconf 72' lang='grc' dir='ltr'><strong>ι</strong></span> <span class='ocrx_word' id='word_1_869' title='bbox 1918 5372 2059 5429; x_wconf 87' lang='lat' dir='ltr'><strong>tardi</strong></span> <span class='ocrx_word' id='word_1_870' title='bbox 2085 5374 2248 5429; x_wconf 85' lang='lat' dir='ltr'><strong>corde</strong></span> <span class='ocrx_word' id='word_1_871' title='bbox 2276 5372 2345 5428; x_wconf 85' lang='lat' dir='ltr'><strong>ad</strong></span> <span class='ocrx_word' id='word_1_872' title='bbox 2367 5372 2717 5439; x_wconf 83' lang='lat' dir='ltr'><strong>credendum,</strong></span> <span class='ocrx_word' id='word_1_873' title='bbox 2745 5374 2801 5428; x_wconf 91' lang='lat' dir='ltr'><strong>in</strong></span> <span class='ocrx_word' id='word_1_874' title='bbox 2829 5374 3084 5430; x_wconf 84' lang='lat' dir='ltr'><strong>omnibus</strong></span> <span class='ocrx_word' id='word_1_875' title='bbox 3108 5388 3231 5446; x_wconf 71' lang='lat' dir='ltr'><strong>qua:</strong></span> <span class='ocrx_word' id='word_1_876' title='bbox 3271 5373 3437 5426; x_wconf 88' lang='lat' dir='ltr'><strong>locuti</strong></span> 
     </span>
    </p>
   </div>
   <div class='ocr_carea' id='block_1_117' title="bbox 1802 5461 3436 5535">
    <p class='ocr_par' dir='ltr' id='par_1_117' title="bbox 1802 5461 3436 5535">
     <span class='ocr_line' id='line_1_117' title="bbox 1802 5461 3436 5535; baseline -0.002 -18"><span class='ocrx_word' id='word_1_877' title='bbox 1802 5498 1807 5511; x_wconf 78' lang='grc' dir='ltr'><strong>ι</strong></span> <span class='ocrx_word' id='word_1_878' title='bbox 1859 5483 1880 5517; x_wconf 69' lang='grc' dir='ltr'><strong>ι</strong></span> <span class='ocrx_word' id='word_1_879' title='bbox 1918 5472 2045 5521; x_wconf 84' lang='lat' dir='ltr'><strong>sunt</strong></span> <span class='ocrx_word' id='word_1_880' title='bbox 2067 5465 2366 5535; x_wconf 61' lang='lat' dir='ltr'><strong>prophetia.</strong></span> <span class='ocrx_word' id='word_1_881' title='bbox 2380 5461 2575 5519; x_wconf 78' lang='lat' dir='ltr'><strong>Nonne</strong></span> <span class='ocrx_word' id='word_1_882' title='bbox 2598 5462 2716 5518; x_wconf 67' lang='lat' dir='ltr'><strong>huic</strong></span> <span class='ocrx_word' id='word_1_883' title='bbox 2741 5464 2980 5533; x_wconf 83' lang='lat' dir='ltr'><strong>oportuit</strong></span> <span class='ocrx_word' id='word_1_884' title='bbox 2999 5463 3113 5533; x_wconf 84' lang='lat' dir='ltr'><strong>pati</strong></span> <span class='ocrx_word' id='word_1_885' title='bbox 3157 5461 3436 5518; x_wconf 82' lang='lat' dir='ltr'><strong>Christum</strong></span> 
     </span>
    </p>
   </div>
   <div class='ocr_carea' id='block_1_118' title="bbox 1858 5552 3434 5627">
    <p class='ocr_par' dir='ltr' id='par_1_118' title="bbox 1858 5552 3434 5627">
     <span class='ocr_line' id='line_1_118' title="bbox 1858 5552 3434 5627; baseline -0.003 -18"><span class='ocrx_word' id='word_1_886' title='bbox 1858 5575 1880 5609; x_wconf 76' lang='grc' dir='ltr'><strong>ι</strong></span> <span class='ocrx_word' id='word_1_887' title='bbox 1914 5565 1973 5612; x_wconf 90' lang='lat' dir='ltr'><strong>et</strong></span> <span class='ocrx_word' id='word_1_888' title='bbox 2016 5556 2088 5611; x_wconf 87' lang='lat' dir='ltr'><strong>ita</strong></span> <span class='ocrx_word' id='word_1_889' title='bbox 2135 5556 2341 5611; x_wconf 90' lang='lat' dir='ltr'><strong>intrare</strong></span> <span class='ocrx_word' id='word_1_890' title='bbox 2380 5554 2436 5611; x_wconf 88' lang='lat' dir='ltr'><strong>in</strong></span> <span class='ocrx_word' id='word_1_891' title='bbox 2482 5554 2712 5627; x_wconf 87' lang='lat' dir='ltr'><strong>gloriam</strong></span> <span class='ocrx_word' id='word_1_892' title='bbox 2756 5553 2950 5609; x_wconf 81' lang='lat' dir='ltr'><strong>suam?</strong></span> <span class='ocrx_word' id='word_1_893' title='bbox 2990 5552 3061 5608; x_wconf 83' lang='lat' dir='ltr'><strong>Et</strong></span> <span class='ocrx_word' id='word_1_894' title='bbox 3108 5552 3373 5621; x_wconf 84' lang='lat' dir='ltr'><strong>incipiens</strong></span> <span class='ocrx_word' id='word_1_895' title='bbox 3401 5566 3434 5605; x_wconf 86' lang='lat' dir='ltr'><strong>a</strong></span> 
     </span>
    </p>
   </div>
   <div class='ocr_carea' id='block_1_119' title="bbox 1857 5639 3434 5717">
    <p class='ocr_par' dir='ltr' id='par_1_119' title="bbox 1857 5639 3434 5717">
     <span class='ocr_line' id='line_1_119' title="bbox 1857 5639 3434 5717; baseline -0.004 -15"><span class='ocrx_word' id='word_1_896' title='bbox 1857 5668 1877 5702; x_wconf 73' lang='grc' dir='ltr'><strong>ι</strong></span> <span class='ocrx_word' id='word_1_897' title='bbox 1914 5649 2061 5706; x_wconf 65' lang='lat' dir='ltr'><strong>Diosc</strong></span> <span class='ocrx_word' id='word_1_898' title='bbox 2101 5656 2156 5704; x_wconf 90' lang='lat' dir='ltr'><strong>et</strong></span> <span class='ocrx_word' id='word_1_899' title='bbox 2192 5647 2444 5703; x_wconf 83' lang='lat' dir='ltr'><strong>omnibus</strong></span> <span class='ocrx_word' id='word_1_900' title='bbox 2475 5645 2775 5717; x_wconf 84' lang='lat' dir='ltr'><strong>prophetis,</strong></span> <span class='ocrx_word' id='word_1_901' title='bbox 2816 5642 3278 5713; x_wconf 82' lang='lat' dir='ltr'><strong>interpretabatur</strong></span> <span class='ocrx_word' id='word_1_902' title='bbox 3324 5639 3434 5696; x_wconf 89' lang='lat' dir='ltr'><strong>illis</strong></span> 
     </span>
    </p>
   </div>
   <div class='ocr_carea' id='block_1_120' title="bbox 1857 5732 3435 5809">
    <p class='ocr_par' dir='ltr' id='par_1_120' title="bbox 1857 5732 3435 5809">
     <span class='ocr_line' id='line_1_120' title="bbox 1857 5732 3435 5809; baseline -0.004 -15"><span class='ocrx_word' id='word_1_903' title='bbox 1857 5761 1876 5794; x_wconf 79' lang='grc' dir='ltr'><strong>ι</strong></span> <span class='ocrx_word' id='word_1_904' title='bbox 1912 5742 1967 5796; x_wconf 88' lang='lat' dir='ltr'><strong>in</strong></span> <span class='ocrx_word' id='word_1_905' title='bbox 2014 5743 2267 5798; x_wconf 74' lang='lat' dir='ltr'><strong>erunibus</strong></span> <span class='ocrx_word' id='word_1_906' title='bbox 2292 5739 2595 5809; x_wconf 85' lang='lat' dir='ltr'><strong>Scripturis</strong></span> <span class='ocrx_word' id='word_1_907' title='bbox 2627 5750 2748 5807; x_wconf 72' lang='lat' dir='ltr'><strong>qua:</strong></span> <span class='ocrx_word' id='word_1_908' title='bbox 2777 5735 2847 5791; x_wconf 88' lang='lat' dir='ltr'><strong>de</strong></span> <span class='ocrx_word' id='word_1_909' title='bbox 2890 5737 3009 5805; x_wconf 86' lang='lat' dir='ltr'><strong>ipso</strong></span> <span class='ocrx_word' id='word_1_910' title='bbox 3036 5742 3212 5790; x_wconf 87' lang='lat' dir='ltr'><strong>erant.</strong></span> <span class='ocrx_word' id='word_1_911' title='bbox 3244 5732 3314 5790; x_wconf 78' lang='lat' dir='ltr'><strong>Et</strong></span> <span class='ocrx_word' id='word_1_912' title='bbox 3341 5748 3435 5804; x_wconf 88' lang='lat' dir='ltr'><strong>ap-</strong></span> 
     </span>
    </p>
   </div>
  </div>
