3978 6478
195 313 290 370 ,⁵5

982 308 1502 368 COLLECTIONES
1540 308 1610 366 IN
1647 304 2029 366 EPlSTOLAS
2065 302 2153 359 ET
2192 300 2606 359 EVANGELIA.

195 425 320 481 rium
363 435 580 478 suarum
619 419 911 486 modulum,
943 431 1120 491 neque
1162 421 1480 491 scripturas,
1520 420 1754 490 qualiter
1780 428 1831 486 Α
1855 417 1980 472 lus:
2014 413 2156 481 Quia
2200 411 2433 482 sepultus
2461 421 2569 474 est,
2600 419 2648 466 et
2675 411 2799 482 quia
2846 410 3130 465 resurrexit
3161 409 3316 462 tertia
3357 407 3445 462 die

194 517 255 572 ad
281 513 544 571 Christum
573 512 912 584 pertineant,
958 511 1304 583 intrestigare,
1339 526 1514 582 neque
1543 511 1610 566 ad
1640 511 1752 581 glo-

194 607 337 673 riam,
359 621 517 676 quam
540 620 665 660 cum
688 603 906 660 Christo
933 603 1132 659 habere
1158 603 1402 674 cupiunt,
1435 617 1532 674 per
1556 604 1756 676 passio-

193 714 282 756 nes
304 697 702 754 tribulationum
727 695 1042 752 desiderant
1061 695 1360 767 attingeret

256 789 320 845 Et
355 789 894 859 appropinquaverant
935 785 1171 852 castello,
1212 801 1314 858 quo
1356 786 1537 851 ibant,
1563 797 1612 841 et
1650 788 1758 856 ipse

190 901 242 940 se
275 881 421 951 ﬁnxit
449 879 654 951 longius
699 881 794 946 ire,
843 889 894 936 et
936 889 1212 950 coegerunt
1261 878 1444 944 illum,
1487 879 1756 934 dicentes:

193 974 338 1030 Hane
365 969 662 1035 nobiscum,
688 977 798 1025 etc.
840 968 985 1026 Nihil
1019 968 1247 1040 simplex
1277 968 1478 1024 veritas
1515 983 1614 1039 per
1663 968 1759 1022 du-

191 1064 470 1136 plicitatem
498 1059 646 1115 fecit.
677 1060 784 1116 Sed
812 1058 958 1131 quod
983 1059 1181 1115 dicitur
1210 1075 1222 1110 :
1256 1055 1440 1112 Finxit
1468 1073 1523 1111 se
1552 1056 1759 1127 longius

187 1152 280 1214 ire,
319 1151 476 1207 talem
516 1166 576 1207 se
615 1151 858 1206 exhibuit
901 1149 1182 1220 discipulis
1225 1149 1280 1204 in
1309 1164 1540 1220 corpore
1587 1147 1759 1216 qualis

188 1243 320 1312 apud
344 1241 462 1296 illos
492 1241 546 1296 in
580 1248 760 1295 mente
783 1248 923 1295 erat.
952 1239 1222 1294 Probandi
1249 1248 1430 1294 autem
1450 1246 1608 1292 erant
1633 1237 1754 1300 sibi,

187 1335 270 1404 qui
301 1348 418 1388 eum
457 1335 561 1389 etsi
599 1334 828 1388 necdum
857 1341 918 1388 ut
957 1333 1128 1389 Deum
1157 1333 1462 1405 diligerent,
1493 1332 1669 1387 saltim
1700 1341 1761 1386 ut

188 1424 514 1495 peregrinum
546 1438 730 1478 amare
755 1424 1074 1493 potuissent.
1111 1423 1217 1478 Sed
1251 1424 1378 1494 quia
1418 1438 1540 1478 esse
1579 1430 1759 1477 extra-

187 1516 266 1570 nei
295 1529 324 1568 a
354 1515 621 1569 charitate
648 1529 754 1568 non
783 1522 1056 1584 poterant,
1092 1514 1147 1569 hi
1177 1530 1298 1569 cum
1336 1513 1530 1585 quibus
1560 1513 1760 1568 veritas

185 1601 544 1677 gradiebatnr,
576 1621 698 1660 eum
725 1607 793 1660 ad
840 1606 1168 1676 hospitium,
1213 1606 1366 1677 quasi
1413 1606 1757 1675 peregrinum

187 1704 386 1751 vocant.
431 1695 544 1752 Cur
579 1707 760 1751 autem
789 1696 1038 1762 dicimus,
1068 1705 1284 1761 vocant,
1313 1711 1435 1750 cum
1482 1696 1594 1751 illic
1623 1696 1759 1751 scri-

1851 507 2136 564 secundum
2147 500 2472 573 Scripturas,
2487 512 2538 556 et
2562 503 2685 573 quia
2711 503 2958 573 apparuit
2981 498 3169 571 Caplla:
3190 509 3240 558 et
3263 508 3444 569 postea

1855 598 2121 652 undecim.
2493 656 2498 659 _

1927 690 1995 745 Et
2038 689 2137 760 ipsi
2167 687 2455 744 narrabant
2484 702 2602 757 qua:
2639 693 2783 760 gesta
2820 694 2966 739 erant
3005 686 3063 740 in
3100 685 3202 748 via,
3239 692 3289 738 et
3315 698 3446 754 que-

1858 782 2012 837 modo
2050 789 2401 853 cognoverunt
2445 794 2592 842 eum,
2641 784 2746 832 etc.
2782 776 2988 832 Praeter
3022 777 3127 833 hoc
3159 775 3305 847 quod
3350 789 3448 844 pro

1859 871 2054 929 merito
2083 871 2284 927 mentis
2305 883 2516 929 eorum,
2545 867 2722 922 adhuc
2748 867 3082 936 ignorantes,
3113 866 3256 938 quod
3283 879 3447 936 opor-

1860 965 2008 1020 tebat
2046 962 2326 1018 Christum
2375 960 2514 1016 mori
2555 967 2609 1014 et
2659 972 2964 1026 resurgere,
3013 956 3189 1012 simile
3247 956 3464 1034 aliquid

1859 1069 2048 1111 eorum
2093 1053 2236 1110 oculi
2265 1051 2413 1124 passi
2456 1057 2617 1114 sunt,
2657 1064 2763 1104 non
2804 1049 3034 1103 veritate
3080 1047 3318 1112 fallente,
3354 1049 3449 1102 sed

1861 1145 1993 1216 ipsis
2033 1144 2317 1200 veritatem
2363 1142 2646 1212 percipere
2688 1156 2794 1195 non
2841 1140 3170 1206 valentibus,
3204 1149 3259 1195 et
3306 1140 3450 1194 aliud

1859 1253 2019 1308 quam
2047 1253 2132 1291 res
2155 1244 2238 1290 est
2265 1233 2631 1305 opinantibus,
2660 1231 2796 1286 certi
2826 1231 2989 1285 etiam
3018 1231 3258 1300 mysterii
3282 1245 3448 1286 causa

1861 1328 2061 1382 factum
2092 1336 2195 1391 est,
2230 1335 2288 1380 ut
2312 1325 2391 1380 eis
2436 1324 2488 1378 in
2526 1323 2615 1378 illo
2647 1323 2750 1375 alia
2799 1322 3182 1376 ostenderetur
3223 1321 3450 1391 etligies,

1858 1427 1914 1472 et
1941 1417 2022 1472 sic
2049 1432 2174 1472 eum
2210 1415 2422 1472 nonnisi
2465 1414 2518 1468 in
2564 1413 2831 1468 l‘ractione
2875 1413 3030 1482 panis
3071 1421 3448 1483 agnoscerent.

1860 1509 1938 1564 Ne
1981 1510 2269 1580 quisquam
2311 1523 2371 1564 se
2415 1507 2693 1563 Christum
2724 1505 3010 1575 agnovisse
3041 1506 3358 1570 arbitretur,
3405 1507 3451 1561 si

1859 1601 1978 1670 ejus
2003 1601 2254 1672 corporis
2276 1599 2548 1670 particeps
2579 1613 2682 1652 non
2713 1607 2816 1661 est,
2852 1597 2903 1653 id
2940 1606 3022 1653 est
3052 1597 3326 1658 Ecclesia).
3354 1615 3454 1653 cu-

1854 1689 1943 1759 jus
1985 1691 2252 1745 unitatem
2282 1690 2335 1743 in
2373 1694 2720 1742 sacramento
2748 1688 2905 1756 panis
2932 1689 3277 1743 commendat
3302 1688 3450 1758 Apo-

184 1795 324 1856 ptum
354 1786 445 1851 sit,
469 1793 526 1841 et
555 1794 847 1857 coegerunt
869 1785 1056 1840 illum?
1079 1801 1146 1840 ex
1171 1801 1280 1856 quo
1305 1785 1559 1840 nimirum
1585 1800 1763 1840 exem-
1791 1792 1837 1849 Β
1865 1783 2054 1848 stolus,
2078 1782 2265 1837 dicens
2296 1800 2307 1834 :
2343 1779 2488 1835 Unus
2529 1781 2704 1850 panis,
2742 1795 2904 1832 unum
2944 1795 3134 1847 corpus
3176 1779 3329 1833 mulli
3362 1797 3452 1834 s-u-
3526 1835 3539 1846 ,

182 1876 265 1946 plo
286 1876 572 1946 colligitur,
601 1877 726 1945 quia
748 1877 1018 1946 peregrini
1045 1892 1151 1930 non
1174 1875 1347 1930 solum
1370 1876 1438 1930 ad
1470 1874 1764 1944 hospitium

183 1963 434 2018 invitandi
467 1973 616 2030 sunt,
645 1965 740 2020 sed
763 1964 932 2019 etiam
960 1965 1228 2019 trahendi.

249 2054 313 2108 Et
347 2054 552 2124 factum
597 2065 673 2110 est
716 2056 841 2111 dum
886 2056 1201 2110 recumberet
1237 2073 1355 2110 cum
1398 2055 1526 2119 illis,
1568 2057 1765 2124 accepit

178 2163 358 2217 panem
389 2156 438 2200 et
479 2147 769 2210 benedixit,
815 2156 922 2203 etc.
955 2147 1126 2214 Quem
1167 2148 1220 2202 in
1249 2144 1549 2217 Scriptura:
1595 2163 1767 2203 sacra:

180 2237 514 2301 expositione
542 2252 649 2291 non
676 2245 1071 2307 cognoverunt,
1101 2238 1154 2291 in
1202 2237 1356 2306 panis
1388 2237 1651 2292 fractione
1677 2252 1769 2292 co-

179 2335 454 2398 gnoscunt.
509 2326 790 2383 Audiendo
855 2337 1122 2398 praecepta
1171 2329 1264 2383 Dei
1314 2328 1598 2383 illuminati
1658 2345 1764 2384 non

181 2424 318 2481 sntit,
355 2416 611 2472 faciendo
638 2416 924 2470 illuminati
972 2424 1115 2471 sunt.
1147 2415 1283 2482 Quia
1327 2417 1590 2487 scriptum
1639 2431 1760 2472 θείς

181 2508 298 2562 Non
323 2509 598 2562 auditores
623 2507 747 2578 legis
770 2508 906 2578 justi
933 2517 1054 2562 sunt
1093 2507 1234 2578 apud
1274 2507 1458 2572 Deum,
1486 2507 1577 2562 sed
1605 2508 1767 2578 facto-

180 2613 256 2651 res
283 2597 408 2668 legis
428 2597 868 2668 justiﬁcabuntur
895 2597 1073 2670 (Rom.
1102 2597 1183 2668 ll).
1217 2598 1475 2667 Quisquis
1498 2614 1629 2670 ergo
1652 2599 1766 2653 vult

179 2689 352 2742 audita
399 2689 729 2760 intelligere,
777 2689 993 2744 festinet
1031 2703 1097 2743 ca
1143 2704 1264 2759 quae
1305 2686 1416 2757 jam
1467 2689 1766 2759 intelligere

176 2781 366 2849 potuit,
393 2797 565 2852 opere
590 2783 838 2851 implere.

243 2869 310 2924 Et
331 2869 441 2941 ipse
469 2871 679 2925 evanuit
708 2887 772 2925 ex
793 2869 956 2925 oculis
984 2887 1162 2924 eorum
1182 2881 1232 2926 et
1259 2870 1506 2926 dixerunt
1530 2885 1547 2923 :
1576 2871 1765 2925 Nonne

176 2972 263 3011 cor
301 2968 547 3013 nostrum
591 2959 779 3014 ardens
825 2969 937 3013 erat
982 2961 1037 3013 in
1073 2960 1240 3016 nobis.
1294 2961 1505 3032 Ignem,
1557 2962 1762 3033 inquit,

174 3049 284 3102 ueni
307 3049 519 3103 mittere
555 3050 610 3102 in
651 3059 872 3112 terram,
913 3058 962 3103 et
1001 3050 1128 3120 quid
1159 3049 1297 3110 uolo,
1338 3051 1440 3104 nisi
1481 3061 1538 3104 ut
1575 3051 1763 3106 ardeat

1867 1888 2004 1936 mus,
2039 1879 2099 1925 ut
2139 1885 2263 1926 cum
2306 1869 2424 1937 ejus
2469 1868 2813 1923 benedictum
2868 1883 3061 1936 panem
3113 1867 3450 1938 porrigeret,

1867 1961 2210 2030 aperirentur
2235 1960 2379 2015 oculi
2424 1974 2612 2014 eorum
2651 1965 2704 2012 et
2742 1967 3100 2027 agnoscerent
3129 1973 3281 2013 eum.
3312 1959 3453 2027 Ape-

1868 2055 2082 2108 riuntur
2111 2054 2300 2122 utique
2326 2052 2392 2107 ad
2426 2049 2543 2119 ejus
2572 2051 2956 2120 cognitionem.
3007 2059 3216 2106 remoto
3243 2051 3455 2107 scilicet

1869 2142 2277 2212 impedimento,
2301 2157 2410 2213 quo
2438 2142 2786 2202 tenebantur,
2817 2157 2886 2195 ne
2914 2147 3288 2212 agnoscerent.
3334 2139 3452 2195 Non

1867 2242 2048 2288 autem
2081 2233 2502 2305 incongruenter
2528 2232 2858 2302 accipiamus
2884 2232 2988 2286 hoc
3009 2231 3452 2302 impedimentum

1869 2323 1923 2378 in
1969 2324 2146 2380 oculis
2188 2340 2378 2380 eorum
2419 2340 2450 2379 a
2490 2324 2692 2378 Satana
2741 2322 2930 2388 fuisse,
2964 2339 3033 2378 ne
3071 2333 3456 2394 agnosceretur

1864 2411 2044 2480 Jesus,
2073 2415 2171 2469 sed
2201 2425 2380 2470 tamen
2406 2429 2437 2468 a
2487 2415 2706 2470 Christo
2737 2413 2880 2469 facta
2919 2422 3003 2470 est
3042 2415 3327 2478 permissio
3365 2431 3456 2471 us-

1867 2520 1971 2574 que
1998 2506 2065 2560 ad
2095 2517 2499 2562 sacramentum
2527 2506 2702 2576 panis,
2730 2513 2792 2560 ut
2820 2508 3028 2561 unitate
3060 2506 3308 2576 carporis
3338 2505 3458 2575 ejus

1866 2599 2186 2669 participat:
2215 2599 2482 2654 removeri
2516 2598 2849 2669 intelligatur
2883 2598 3328 2668 impedimentum
3354 2599 3457 2654 ini-

1868 2689 2018 2754 mici,
2042 2697 2102 2743 ut
2127 2689 2379 2745 Christus
2403 2689 2574 2762 possit
2595 2689 2835 2776 agnosci.
2862 2689 3055 2746 Amen.

2238 2825 2444 2881 FERIA
2479 2823 2732 2892 TEllfl'lA
2771 2825 3084 2880 PASCHJE.

2223 2958 2351 2998 LEC’I
2367 2959 2418 2999 ιο
2445 2958 2660 2998 Αετυωι
2690 2958 3098 2999 Αροετοιοιιυυ.

1946 3083 1963 3117 ι
2002 3065 2242 3136 Surgens
2265 3064 2466 3119 l'aulns
2482 3072 2540 3118 et
2571 3079 2733 3118 manu
2765 3061 3039 3118 silentium
3072 3064 3316 3120 indicens
3341 3067 3455 3122 ait:

175 3141 323 3209 (Luc.
349 3144 512 3214 xm)?
540 3143 720 3214 lenem
753 3144 950 3214 quippe
979 3145 1240 3199 Dominus
1267 3146 1320 3199 in
1353 3154 1554 3199 terram
1591 3146 1760 3211 misit.
1792 3154 1836 3216 C
1875 3179 1893 3212 ι
1932 3160 2047 3216 Viri
2072 3157 2293 3223 fratres,
2324 3158 2419 3213 mn
2447 3157 2666 3230 generis
2691 3156 2985 3220 Abraham,
3015 3165 3071 3211 et
3094 3156 3186 3226 qui
3213 3157 3268 3210 in
3303 3159 3459 3214 vobis

170 3252 290 3292 cum
321 3236 514 3291 alllatu
533 3235 769 3305 Spiritus
805 3237 978 3292 sancti
1020 3252 1117 3292 cor
1160 3237 1457 3293 carnalium
1509 3236 1765 3303 incendit,

172 3339 226 3387 et
258 3339 406 3388 terra
435 3330 618 3396 ardet,
655 3345 775 3386 cum
813 3345 908 3386 cor
945 3331 1244 3386 carnalium
1271 3331 1326 3385 in
1363 3331 1474 3386 suis
1501 3331 1652 3401 prius
1681 3345 1772 3386 vo-

172 3423 474 3492 luptatibus
519 3421 777 3492 frigidum
833 3422 1092 3493 relinquit
1136 3422 1604 3492 concupiscentias
1633 3437 1775 3492 pras-

173 3515 342 3569 sentis
384 3513 578 3570 saeculi
606 3522 663 3568 et
699 3513 1006 3570 incenditur
1031 3515 1099 3570 ad
1140 3530 1381 3570 amorem
1414 3514 1549 3570 Dei:
1582 3514 1774 3569 Nonne

172 3621 260 3658 cor
285 3614 558 3670 nostrum,
589 3604 861 3674 inquiunt,
895 3605 1088 3660 ardens
1116 3615 1228 3660 erat
1257 3606 1314 3659 in
1352 3605 1499 3658 nobis
1545 3604 1673 3658 dum
1699 3603 1776 3658 lo-

172 3705 418 3763 queretur
445 3696 506 3749 irs
537 3695 638 3760 uia,
664 3703 716 3748 et
734 3696 956 3764 aperiret
981 3693 1456 3765 uobisScripturas.
1484 3695 1562 3748 Ex
1587 3695 1774 3749 audito

175 3784 376 3856 quippe
405 3799 668 3841 sermone
718 3785 1013 3840 inardescit
1051 3784 1266 3840 animus
1310 3784 1572 3855 corporis,
1604 3783 1776 3855 frigus

175 3875 403 3940 recedit,
441 3875 508 3928 lit
536 3889 690 3930 mens
728 3875 782 3928 in
814 3889 1047 3945 superno
1071 3875 1344 3930 desiderio
1378 3875 1557 3939 anxia,
1587 3890 1617 3928 a
1646 3890 1776 3931 con-

172 3965 536 4034 cupiscentiis
575 3967 807 4022 terrenis
847 3966 1043 4022 aliena.
1082 3967 1251 4022 Amor
1279 3982 1461 4032 verus,
1498 3967 1589 4037 qui
1634 3969 1774 4022 hanc

172 4055 486 4125 repleverit,
525 4057 578 4112 in
620 4057 834 4114 ﬂetibus
877 4059 1108 4115 cruciat.
1143 4057 1251 4114 Sed
1290 4060 1416 4114 dum
1450 4059 1541 4112 tali
1581 4059 1774 4112 ardore

172 4151 474 4216 cruciatur,
513 4150 645 4220 ipsis
676 4151 791 4205 suis
831 4151 1164 4206 cruciatibus
1206 4151 1468 4221 pascitur,
1511 4151 1699 4204 audire
1724 4150 1774 4204 ei

172 4239 304 4295 libet
323 4248 606 4310 praecepta
627 4240 886 4296 coelestia.
914 4242 982 4296 Et
1005 4242 1149 4313 quod
1173 4242 1446 4296 mandatis
1467 4241 1774 4306 instruitur,

172 4332 328 4400 quasi
358 4339 442 4386 tot
473 4329 686 4387 facibus
713 4332 1108 4389 inﬂammatur.

244 4422 316 4476 Et
353 4433 639 4494 surgentes
677 4424 857 4479 eadem
895 4413 1030 4479 horti
1071 4424 1292 4494 regressi
1322 4433 1445 4478 sunt
1484 4424 1540 4478 in
1580 4421 1775 4477 Hieru-

1881 3269 1900 3302 ι
1941 3251 2132 3304 timent
2157 3249 2348 3315 Deum,
2376 3248 2531 3303 vobis
2556 3247 2781 3302 verbum
2809 3246 3001 3302 salutis
3029 3247 3189 3318 hujus
3231 3248 3460 3303 missum

1882 3362 1900 3394 ‹
1938 3350 2022 3399 est
2045 3357 2060 3396 :
2083 3342 2184 3409 Qui
2215 3342 2360 3397 enim
2393 3341 2713 3412 habitabant
2739 3339 3076 3395 Hierusalem
3105 3349 3161 3395 et
3187 3341 3462 3412 principes

1881 3455 1900 3487 ι
1940 3434 2079 3504 ejus,
2129 3435 2443 3504 ignorantes
2491 3407 2674 3488 legum
2715 3439 2776 3486 et
2818 3445 2982 3486 voces
3028 3429 3461 3501 Prophetarum,

1883 3547 1900 3579 ‹
1940 3542 2060 3599 qua:
2087 3541 2185 3598 per
2209 3542 2368 3582 onme
2398 3525 2683 3580 sabbatum
2713 3524 2984 3596 leguntur,
3027 3524 3334 3595 judicantes
3363 3526 3463 3580 im-

1883 3639 1901 3671 ι
1941 3621 2242 3690 plevernnt.
2288 3618 2356 3672 Et
2388 3617 2590 3674 nullam
2618 3625 2840 3672 causam
2887 3617 3082 3671 mortis
3130 3617 3464 3672 invenientes

1882 3728 1902 3761 ‹
1942 3710 1997 3764 in
2035 3725 2122 3775 eo,
2158 3708 2433 3779 petierunt
2472 3723 2503 3762 a
2551 3706 2758 3772 Pilato,
2808 3714 2869 3761 ut
2902 3706 3275 3763 interﬁcerent
3315 3722 3462 3763 eum.

1884 3819 1902 3852 σ
1941 3800 2187 3870 Cumque
2210 3805 2680 3856 consummassent
2708 3798 2912 3864 omnia,
2937 3813 3058 3868 qum
3077 3797 3144 3853 de
3172 3814 3238 3854 eo
3262 3801 3466 3870 scripta

1883 3908 1902 3942 ‹
1942 3899 2116 3955 erant,
2162 3891 2491 3960 deponentes
2537 3903 2662 3943 cum
2726 3887 2792 3943 de
2839 3887 3004 3959 ligno,
3054 3897 3355 3958 posuerunt
3412 3889 3466 3944 in

1884 3999 1902 4031 ι
1940 3989 2309 4035 monumento.
2341 3980 2483 4034 Dens
2511 3995 2642 4034 vero
2681 3979 2963 4035 suscitavit
3003 3993 3126 4032 eum
3154 3995 3184 4032 a
3213 3980 3464 4034 mortuis.

1884 4089 1902 4120 ε
1942 4070 2042 4136 Qui
2076 4069 2221 4124 visus
2251 4078 2334 4124 est
2377 4084 2476 4139 per
2505 4069 2622 4124 dies
2657 4069 2854 4123 multos
2908 4069 2993 4123 his
3033 4070 3128 4138 qui
3175 4069 3334 4122 simul
3382 4085 3468 4124 as-

1886 4181 1903 4213 ‹
1940 4160 2236 4217 cenderant
2263 4176 2385 4216 cum
2428 4175 2494 4217 eo
2520 4161 2586 4215 de
2612 4160 2831 4216 Calilaea
2859 4161 2913 4214 in
2963 4159 3334 4224 Hierusalem,
3375 4163 3468 4232 qui

1886 4272 1902 4304 ι
1941 4267 2110 4324 usque
2131 4267 2273 4306 nunc
2291 4258 2416 4306 sunt
2439 4259 2603 4305 testes
2623 4249 2740 4320 ejus
2757 4251 2824 4305 ad
2844 4251 3076 4321 plebem.
3103 4251 3169 4304 Et
3191 4266 3291 4306 nos
3313 4253 3470 4308 vobis

1886 4363 1904 4396 α
1944 4344 2327 4399 annuntiamus
2352 4358 2494 4408 eam,
2536 4357 2657 4412 quae
2698 4342 2765 4396 ad
2801 4349 2984 4410 patres
3025 4348 3243 4396 nostros
3272 4357 3465 4412 repro-

1887 4453 1906 4486 ‹
1944 4435 2132 4489 missio
2159 4431 2301 4488 facta
2332 4441 2444 4497 est,
2476 4431 2734 4503 quoniam
2783 4432 2924 4487 hanc
2966 4431 3108 4486 Deus
3152 4433 3468 4503 adimplevit

169 4515 337 4569 salem
359 4558 374 4582 ,
419 4527 538 4572 etc.
584 4515 706 4572 iam
743 4525 863 4572 erat
893 4515 1060 4581 fama,
1089 4517 1230 4586 quod
1259 4526 1573 4572 surrexerat
1595 4514 1775 4580 Jesus,
1803 4510 1856 4570 Ι)
1888 4543 1906 4576 ι
1947 4522 2072 4578 ﬁliis
2101 4523 2317 4578 vestris.
2352 4521 2701 4576 Resuscitans
2742 4519 2926 4574 lesum
2965 4520 3241 4576 Christum
3278 4523 3464 4577 Domi-

173 4605 240 4658 ab
269 4605 379 4660 illis
408 4605 736 4660 mulieribus
761 4605 926 4670 facta,
951 4614 1006 4660 et
1031 4621 1063 4661 a
1091 4606 1314 4661 Simone
1341 4605 1525 4672 Petro,
1554 4605 1640 4660 cui
1662 4605 1776 4676 jam

170 4703 540 4766 apparuerat,
570 4697 674 4752 hoc
697 4697 842 4752 enim
869 4698 958 4752 isti
992 4698 1098 4753 duo
1123 4698 1449 4753 invenerunt
1473 4698 1776 4769 loquentes,

168 4789 240 4844 ad
269 4803 418 4860 quos
469 4789 530 4844 in
576 4787 912 4845 Hierusalem
951 4799 1236 4846 venerunt.
1279 4789 1424 4846 Fieri
1469 4791 1650 4860 itaque
1682 4807 1779 4861 po-

173 4891 305 4949 test,
347 4891 415 4937 ut
459 4883 661 4938 timore
691 4884 844 4954 prius
887 4883 940 4939 in
969 4885 1056 4940 via
1102 4885 1376 4940 noluerint
1414 4884 1594 4939 dicere
1636 4882 1780 4952 quod

169 4991 300 5030 eum
349 4974 650 5030 audierant
695 4978 1090 5043 resurrexisse,
1140 4977 1356 5047 quando
1406 4976 1778 5030 tantummodo

170 5064 404 5134 angdos
429 5063 695 5120 dixerunt
724 5067 873 5122 visos
917 5081 1038 5123 esse
1082 5067 1419 5123 mulieribus.
1462 5067 1779 5138 lgnorantes

168 5156 321 5210 erum
352 5171 491 5211 cum
520 5167 626 5223 quo
655 5155 1022 5227 loquerentur,
1052 5159 1248 5212 merito
1276 5165 1500 5228 possent
1522 5171 1646 5212 esse
1678 5157 1783 5212 sol-

170 5243 332 5310 liciti,
361 5260 443 5301 ne
492 5247 625 5315 quid
665 5249 869 5318 passim
907 5249 976 5304 de
1013 5247 1215 5304 Christi
1259 5249 1658 5304 resurrectione
1695 5246 1782 5316 ja-

166 5347 421 5404 ctantes,
472 5339 536 5394 in
565 5355 756 5396 manus
808 5341 1112 5396 inciderent
1148 5338 1478 5396 indatur-um.
1527 5340 1781 5396 Omnium

166 5444 306 5500 ergo
334 5428 600 5485 virorum
622 5431 798 5500 primo
825 5431 1084 5486 Dominus
1114 5431 1427 5502 apparuisse
1452 5430 1672 5502 legitur,
1705 5431 1785 5484 in-

166 5522 452 5594 telligitur
486 5520 673 5589 Petro,
700 5536 768 5578 ex
792 5523 880 5578 his
904 5523 1170 5577 duntaxat
1194 5520 1448 5576 omnibus
1467 5522 1784 5590 quos'evan-

165 5613 387 5683 gelistz
429 5620 690 5683 quatuor,
717 5622 774 5669 et
796 5613 994 5668 Paulus
1025 5611 1298 5682 apostolus
1323 5623 1783 5665 commemorave-

166 5716 320 5766 runt.
370 5703 652 5774 Loquitnr
677 5704 822 5759 enim
851 5705 920 5758 ad
945 5703 1255 5758 Corinthios
1281 5703 1346 5757 de
1383 5701 1612 5755 Domino
1642 5699 1780 5755 Pau-

638 5797 905 5860 Paruon.
939 5796 1072 5858 Cll.
1155 5832 1162 5837 -

1886 4631 1907 4665 ί
1947 4629 2077 4668 num
2103 4622 2371 4668 nostrum.
2387 4633 2406 4664 ι

1954 4704 2184 4776 Surgens
2219 4702 2425 4758 Paulus
2470 4713 2517 4758 et
2554 4719 2716 4758 manu
2760 4703 3028 4758 silentium
3074 4704 3311 4758 indicens
3349 4705 3467 4759 ait:

1890 4794 2002 4849 Viri
2029 4794 2242 4865 fratres,
2265 4794 2362 4864 filii
2379 4795 2584 4864 generis
2608 4794 2892 4860 Abraham,
2916 4804 3022 4851 etc.
3049 4795 3250 4850 Omnes
3271 4797 3470 4866 quibus

1882 4886 1984 4942 ista
2036 4884 2359 4955 loquebatur
2402 4884 2714 4956 Apostolus,
2758 4889 3056 4942 secundum
3100 4899 3321 4943 carnem
3373 4889 3470 4943 lilii

1882 4977 2116 5034 Abrahte
2154 4987 2342 5044 erant,
2371 4980 2514 5034 sicut
2540 4988 2595 5034 et
2623 4979 2724 5049 ipsi
2758 4981 2824 5035 de
2854 4995 2914 5037 se
2950 4981 3080 5052 ipsis
3109 4982 3212 5037 hoc
3254 4983 3308 5036 in
3351 4983 3472 5039 loco

1882 5067 2169 5122 dixerunt:
2202 5067 2391 5123 Semen
2431 5069 2653 5123 Abrahae
2676 5085 2882 5134 sumus,
2911 5078 2960 5124 et
3000 5069 3133 5123 nulli
3167 5072 3472 5126 seruiuimus

1883 5175 2137 5230 armant,
2165 5168 2220 5214 et
2247 5161 2413 5215 item:
2443 5157 2608 5214 Pater
2646 5169 2824 5214 noster
2849 5157 3115 5214 Abraham
3155 5171 3253 5225 est,
3286 5170 3340 5216 et
3368 5163 3475 5217 Do-

1887 5252 2064 5306 minus
2109 5250 2215 5328 illis
2241 5268 2254 5304 :
2283 5250 2405 5309 Scio
2432 5251 2555 5323 quia
2584 5251 2685 5321 filii
2711 5252 2938 5308 Abrahte
2983 5258 3125 5308 estis.
3166 5253 3474 5308 imitatione

1885 5343 2031 5398 enim
2074 5357 2180 5397 non
2220 5341 2315 5397 lilii
2356 5342 2590 5398 Abrahae
2630 5352 2788 5400 erant
2826 5345 2936 5412 illi,
2967 5346 3163 5416 quibus
3211 5345 3474 5402 Dominus

1886 5434 2256 5503 loquebatur:
2299 5432 2402 5488 Vos
2431 5450 2496 5489 ea:
2528 5444 2680 5504 patre
2717 5436 2928 5491 diabolo
2957 5438 3118 5502 estis;
3157 5436 3299 5491 unde
3341 5449 3475 5505 ergo

1883 5524 2053 5580 Judati
2083 5524 2177 5579 lilii
2202 5524 2436 5581 diaboli?
2455 5541 2562 5580 non
2585 5527 2859 5582 nascendo
2884 5527 2980 5583 sed
3010 5527 3305 5583 imitando:
3349 5521 3473 5589 Vos,

1888 5613 2065 5684 inquit
2102 5611 2380 5682 Dominus,
2407 5631 2473 5669 ea:
2510 5627 2660 5684 patre
2700 5615 2911 5670 diabolo
2953 5619 3077 5672 estis
3119 5625 3169 5670 et
3211 5612 3474 5668 desideria

1883 5705 2053 5772 patris
2090 5705 2248 5760 vestri
2287 5703 2460 5772 [arere
2481 5694 2688 5773 (cultis.
2734 5703 2872 5759 Ecce
2918 5704 3062 5759 unde
3095 5703 3192 5759 ﬁlii
3233 5701 3474 5756 diaboli!

2423 5775 2611 5908 Vah,
2995 5798 3037 5856 8

3335 296 3539 351 943411⁴
