3978 6454
213 276 314 332 257

1043 251 1562 329 conserimus
1603 272 1670 328 ιιι
1711 270 2091 328 EPISTOLAS
2129 272 2218 328 ετ
2257 273 2666 330 ειτιικςιίιιιει.

213 407 236 440 ί
269 386 556 460 oportebat
597 387 710 459 pati
757 386 1031 443 Christum
1070 396 1128 442 et
1167 401 1449 458 resurgere
1493 403 1524 441 a
1554 387 1782 441 mortuis
1812 390 1856 446 Λ
1887 399 2118 454 nemque
2134 386 2521 442 dubitationem
2545 388 2609 442 de
2625 401 2720 442 sua
2745 388 3144 443 resurrectione
3158 387 3469 446 tollendam.

215 497 235 530 ‹
270 477 356 535 die
402 479 596 542 tertia,
641 487 697 532 et
749 478 1030 548 praedicari
1082 478 1135 532 in
1181 480 1399 534 nomine
1451 477 1568 546 ejus
1614 478 1786 549 poeni-

216 587 235 622 ι
274 573 496 627 tentiam
547 579 603 626 et
661 571 1059 628 remissionem.
1100 581 1441 641 peccatorum
1492 573 1548 626 in
1599 585 1786 626 omnes

217 678 237 712 ί
271 668 478 732 gentes.
501 681 521 713 s

278 750 429 807 Stetit
450 753 608 807 Iesus
631 753 688 806 in
717 753 887 807 medio
912 753 1292 824 discipulorum
1323 772 1539 811 suorum
1570 767 1625 812 et
1655 758 1788 811 dixit

211 843 312 898 illis
335 860 354 898 :
387 841 502 897 Pax
525 843 690 909 vobis,
724 858 818 914 ego
841 857 982 908 sum,
1011 843 1171 900 nolite
1199 847 1400 900 timere.
1430 845 1582 902 Hauc
1607 855 1788 902 osten-

212 935 416 992 sionem
436 934 650 992 Domini
680 943 802 1006 post
819 938 1620 1002 resurrectionemetionnnes
1643 954 1789 996 com-

211 1034 488 1088 memorat,
517 1026 743 1082 dicens:
773 1023 904 1080 Cum
944 1037 1076 1082 esset
1098 1041 1216 1083 sero
1242 1029 1444 1084 dieillo
1470 1046 1576 1084 una
1601 1031 1788 1085 sabba-

209 1123 377 1168 torum
403 1124 451 1168 et
486 1114 626 1184 fores
661 1123 850 1168 essent
871 1114 1068 1170 clausis
1095 1116 1182 1170 ubi
1210 1127 1364 1171 erant
1386 1117 1636 1187 discipuli
1665 1133 1790 1174 oon-

209 1205 404 1274 gregati
431 1214 640 1274 propter
664 1211 858 1258 metum
883 1205 920 1260 J
924 1206 1216 1270 admoram,
1247 1208 1381 1262 venit
1405 1205 1587 1270 Iesus,
1614 1219 1662 1263 et
1689 1217 1790 1263 ste—

208 1295 268 1347 tit
292 1295 346 1348 in
377 1294 546 1348 taedio
569 1303 616 1346 et
642 1293 770 1347 dicit
797 1294 874 1348 eis
899 1309 918 1346 :
945 1291 1066 1349 Pax
1100 1296 1241 1350 vobis
1271 1296 1454 1365 (Joan.
1479 1298 1622 1368 utt.).
1651 1298 1788 1366 Quid

207 1385 400 1439 mirum
428 1385 472 1439 si
501 1385 699 1440 clausis
715 1383 900 1452 januis
923 1395 1046 1455 post
1074 1389 1529 1444 resurrectionem
1551 1405 1707 1445 suam
1736 1392 1788 1445 in

207 1482 464 1528 aeternum
490 1473 604 1544 jam
651 1475 890 1530 victurus
937 1476 1192 1541 intravit,
1222 1478 1316 1546 qui
1359 1479 1658 1533 moriturus
1698 1495 1790 1534 ve-

210 1564 380 1628 niens,
412 1580 518 1618 non
547 1574 736 1634 aperto
764 1573 918 1621 utero
951 1567 1174 1638 virginis
1213 1569 1399 1624 exivit.
1428 1569 1580 1637 Quod
1609 1579 1788 1625 autem

209 1656 336 1711 dicit
361 1655 616 1721 Joannes,
660 1675 767 1713 non
810 1675 936 1714 cum
967 1661 1074 1715 illis
1114 1661 1282 1718 fuisse
1318 1672 1445 1717 tunc
1485 1665 1787 1732 apostolum

1891 471 2092 527 Parum
2125 471 2226 528 fuit
2245 474 2416 530 oculis
2439 491 2497 531 se
2525 475 2808 532 videndqu
2830 477 3096 545 praebere,
3123 479 3170 534 si
3196 495 3302 535 non
3338 495 3476 550 prae-

1887 559 2044 614 beret
2071 561 2233 616 etiam
2273 563 2522 618 manibus
2567 566 3034 623 contrectandum.
3069 567 3171 636 Qui
3210 569 3336 624 dum
3368 569 3478 642 pal-

1888 649 2064 718 panda
2085 650 2365 722 discipulis
2378 666 2500 706 ossa
2521 667 2850 724 carnemque
2869 663 3268 725 praemonstrat,
3291 666 3478 729 aperte

1887 745 2092 793 statum
2122 753 2263 795 vorm
2292 742 2728 806 resurrectionis,
2754 758 2876 814 quae
2895 754 2956 799 et
2983 745 3038 800 in
3066 759 3124 801 se
3162 763 3306 802 nunc
3332 748 3472 802 facta

1888 837 1944 882 et
1977 829 2030 883 in
2068 829 2225 886 nonis
2246 839 2330 886 est
2381 829 2561 887 futura
2589 831 2882 903 signiﬁcat,
2916 835 3043 905 quia
3070 852 3178 892 non
3201 837 3344 894 sicut
3370 838 3477 893 Eu-

1891 919 2104 988 tycbius
2152 919 2768 992 Constantinopolitanae
2824 925 2972 980 urbis
3016 927 3303 997 episcopus
3343 929 3477 984 scri—

1891 1010 2038 1078 psit.
2073 1027 2092 1062 ι
2118 1012 2328 1081 Corpus
2358 1020 2606 1069 nostrum
2643 1013 2696 1070 in
2731 1013 2822 1069 ilia
2853 1016 3271 1074 resurrectionis
3305 1019 3478 1090 gloria

1889 1100 1997 1155 erit
2043 1101 2414 1173 iinpalpabile,
2458 1104 2635 1162 ventis
2680 1119 2916 1177 aereque
2973 1107 3243 1164 subtilius.
3286 1110 3345 1166 In
3388 1111 3477 1164 illa

1887 1191 2033 1246 enim
2062 1193 2479 1251 resurrectionis
2503 1195 2672 1265 gloria
2697 1198 2802 1252 erit
2833 1213 3032 1269 corpus
3064 1209 3311 1257 nostrum
3353 1205 3480 1258 sub—

1891 1281 1983 1338 tile
2022 1284 2239 1353 Qnizleni
2288 1298 2384 1355 per
2421 1285 2672 1341 edoctum
2725 1287 3023 1357 spiritualis
3060 1293 3340 1359 potentim,
3386 1295 3481 1348 sed

1891 1374 2155 1444 pilpabile
2189 1391 2286 1446 per
2310 1378 2596 1434 veritatem
2640 1387 2903 1437 naturae.»
2933 1381 3119 1454 Neque
3147 1385 3272 1440 huic
3303 1402 3484 1442 asser-

1892 1466 2022 1520 tioni
2054 1476 2276 1536 putetur
2312 1467 2553 1539 Apostoli
2597 1463 2779 1528 sermo
2806 1486 3107 1545 repugnare
3133 1493 3153 1529 :
3188 1476 3328 1543 Quia
3357 1495 3483 1533 caro

1889 1567 1938 1611 et
1981 1561 2199 1630 sanguis
2241 1578 2456 1632 regnum
2488 1563 2583 1617 Dei
2613 1581 2716 1618 non
2755 1566 3090 1635 possidebunt
3134 1567 3185 1639 (Ι
3213 1567 3335 1622 Cor.
3367 1571 3480 1638 xv).

1892 1651 2007 1707 l—loc
2029 1653 2174 1708 enim
2199 1653 2322 1710 loco
2348 1655 2638 1724 Apostolus
2661 1658 2841 1730 carnis
2869 1666 2922 1712 et
2944 1660 3222 1728 sanguinis
3244 1660 3483 1725 nomine,

210 1747 487 1811 Thomam,
515 1764 657 1814 cum,
685 1750 983 1805 secundum
1009 1751 1241 1816 Lucam,
1281 1753 1390 1806 duo
1429 1753 1524 1816 illi,
1555 1768 1784 1823 quorum
1815 1742 1862 1800 B
1891 1761 2001 1799 non
2047 1746 2405 1801 substantiam
2458 1748 2572 1802 veri
2621 1749 2898 1818 corporis,
2939 1751 3036 1804 sed
3080 1751 3484 1820 corruptionem

206 1846 325 1892 erat
353 1853 490 1892 unus
518 1837 802 1908 Cleopbas,
827 1841 1056 1910 regressi
1084 1841 1425 1898 Hierusalem
1471 1843 1793 1899 invenerunt

204 1941 562 1998 congregatos
607 1930 858 1984 undecim
891 1940 946 1985 et
990 1946 1085 1986 eos
1129 1933 1220 2002 qui
1266 1949 1390 1988 cum
1422 1935 1554 2004 ipsis
1598 1943 1791 1999 cram,

208 2019 583 2088 proculdubio
618 2019 1023 2092 intelligendum
1063 2033 1177 2088 est,
1222 2025 1366 2095 quod
1396 2025 1520 2080 inde
1557 2025 1794 2081 Thomas

210 2109 402 2164 exierit
429 2117 716 2180 antequam
750 2111 831 2166 eis
867 2111 1127 2168 Dominus
1165 2114 1281 2169 haec
1321 2113 1666 2183 loquentibus
1693 2130 1791 2184 ap-

211 2207 446 2270 pareret.

281 2290 588 2346 Conturbati
629 2309 744 2348 uero
790 2302 839 2347 et
887 2296 1159 2349 conterriti
1189 2295 1558 2350 existimabant
1591 2312 1646 2350 se
1685 2295 1793 2365 spi-

214 2382 370 2435 ritum
407 2381 599 2436 ridere.
641 2382 796 2450 Quod
845 2384 1084 2440 haretici
1137 2385 1420 2441 Manicbaai
1463 2387 1529 2442 de
1574 2386 1793 2442 Christo

212 2471 553 2540 suspicantur
593 2479 651 2526 et
674 2472 942 2540 credant,
975 2476 1104 2544 quia
1151 2490 1258 2530 non
1309 2484 1429 2530 erat
1471 2490 1602 2532 vera
1640 2492 1788 2540 caro,

207 2562 306 2616 sed
345 2562 567 2631 spiritus
606 2571 744 2630 erat,
792 2565 908 2620 haec
943 2566 1116 2635 prima
1161 2566 1420 2638 cogitatio
1461 2568 1696 2622 surrexit
1737 2567 1792 2622 iu

206 2651 463 2708 cordibus
489 2653 876 2722 apostolorum.
905 2655 973 2710 Et
998 2656 1073 2710 illi
1099 2657 1318 2727 quidem
1348 2651 1623 2713 Ma'niclnei
1655 2675 1793 2714 nuu-

207 2755 373 2810 quam
411 2741 640 2798 credunt
663 2741 846 2798 Jesnm
875 2743 1042 2800 tuisse
1069 2745 1378 2811 hominem,
1419 2747 1666 2818 discipuli
1693 2765 1792 2804 au-

213 2843 320 2888 tem
347 2843 608 2889 noverant
635 2835 926 2900 hominem,
956 2851 1082 2891 cum
1109 2853 1218 2908 quo
1254 2848 1536 2910 tantopere
1575 2839 1793 2895 fuerant

211 2925 534 2980 conversati.
577 2922 685 2980 Sed
727 2933 1080 2995 posteaquam
1117 2935 1366 2983 mortuus
1393 2935 1496 2994 est,
1527 2928 1670 2999 quod
1699 2945 1793 2985 ιιι)⁴

1894 1835 2241 1891 mortalitatis
2285 1837 2571 1907 signiﬁcat.
2605 1838 2756 1894 Sicut
2795 1841 2909 1910 ipse
2949 1850 3348 1912 consequenter
3391 1857 3487 1898 ex-

1890 1929 2095 1997 posuit,
2127 1929 2349 1984 dicens:
2390 1929 2573 2001 Neque
2613 1933 2881 2001 corruptio
2908 1933 3318 2003 incorruptelam
3365 1951 3487 2004 pos-

1897 2018 2106 2073 sidebit.
2151 2018 2326 2074 Aliter
2371 2035 2604 2088 namque
2647 2035 2775 2076 caro
2821 2021 3105 2092 Scriptura
3146 2039 3299 2078 sacra
3329 2023 3484 2094 juxta

1896 2115 2182 2173 naturam,
2227 2107 2387 2164 aliter
2423 2109 2577 2178 juxta
2623 2110 2862 2180 culpam,
2910 2111 3070 2167 aliter
3099 2113 3256 2182 juxta
3299 2132 3489 2170 θοι-ιιι-

1896 2196 2134 2264 ptionem
2166 2197 2539 2260 mortalitatis,
2564 2213 2684 2266 qua:
2722 2215 2792 2253 ex
2819 2198 2974 2271 culpa
2998 2202 3227 2272 contigit
3255 2205 3491 2274 appelln-

1897 2293 2006 2349 tur,
2036 2287 2194 2356 juxta
2242 2297 2490 2342 naturam
2525 2288 2772 2358 quidem,
2810 2305 2935 2344 cum
2979 2291 3184 2346 dictum
3213 2299 3337 2346 est:
3371 2293 3490 2349 Hoc

1897 2391 2034 2432 nunc
2063 2395 2128 2432 ea:
2152 2379 2356 2434 ossibus
2395 2380 2520 2434 meis
2543 2389 2593 2434 et
2618 2396 2748 2434 caro
2779 2381 2843 2436 de
2867 2399 3027 2437 carne
3051 2400 3167 2437 utea
3196 2382 3351 2454 (Gen.
3378 2386 3440 2457 ιι)
3472 2404 3484 2438 :

1895 2468 1966 2523 Et
2023 2467 2246 2524 Verbum
2287 2487 2413 2525 caro
2459 2471 2657 2540 factum
2701 2481 2810 2536 est,
2855 2480 2904 2527 et
2939 2473 3192 2528 habitavit
3241 2476 3298 2530 in
3340 2477 3488 2530 nobis

1896 2559 2079 2631 (Joau.
2106 2559 2172 2632 ι).
2199 2560 2360 2616 Juxta
2387 2562 2601 2633 culpam
2643 2577 2773 2618 vero
2801 2563 3001 2618 dicitur
3024 2585 3037 2618 :
3065 2563 3203 2620 Caro
3237 2567 3487 2636 concupi-

1893 2653 1989 2706 scit
2030 2653 2282 2707 adversus
2307 2654 2580 2722 spiritum,
2627 2663 2676 2707 et
2717 2655 2935 2725 spiritus
2973 2655 3223 2712 adversus
3253 2674 3484 2712 carnem.

1891 2740 2055 2798 Juxta
2081 2743 2592 2812 conruptibilitatem
2619 2752 2799 2800 autem
2829 2760 2950 2800 cum
2980 2747 3242 2817 scriptum
3271 2757 3356 2804 est
3381 2768 3392 2803 :
3417 2749 3488 2805 Et

1894 2835 2168 2888 "temerati
2195 2841 2339 2900 sunt,
2366 2835 2493 2904 quia
2530 2851 2656 2889 caro
2680 2845 2828 2899 sunt,
2852 2837 2974 2893 ideo
2999 2837 3219 2908 fragiles
3243 2846 3298 2894 et
3325 2841 3490 2896 mori~

1889 2921 2079 2987 hundi,
2105 2924 2209 2980 hoc
2247 2923 2392 2980 enim
2417 2925 2685 2981 se-carnis
2715 2926 2934 2982 nomine
2961 2926 3276 2997 designasse
3318 2932 3491 2986 mani-

207 3028 403 3075 rerant
435 3021 654 3090 quando
687 3021 1017 3086 crederent,
1062 3021 1165 3077 hoc
1195 3022 1435 3092 potuisse
1479 3024 1792 3080 resuscitari

1895 3011 2058 3069 festat
2095 3014 2208 3084 ipse
2236 3013 2544 3079 Psalmista,
2581 3015 2672 3084 qui
2721 3017 2968 3085 protinus
3016 3017 3168 3072 addit
3210 3035 3224 3070 :
3257 3016 3489 3090 Spiritus

207 3111 354 3181 quod
380 3113 555 3182 potuit
589 3112 748 3168 mori.
770 3110 1038 3182 Apparuit
1064 3126 1196 3184 ergo
1233 3113 1407 3168 oculis
1440 3115 1678 3184 ipsorum
1714 3123 1792 3168 ta-

1897 3104 2088 3158 vadens
2122 3113 2172 3158 et
2204 3120 2312 3163 non
2339 3105 2543 3160 rediens
2585 3104 2810 3176 (Psalm.
2835 3107 3062 3177 Lxxvtt).
3100 3106 3349 3177 Regnum
3385 3109 3490 3164 ita-

209 3201 295 3267 lis,
333 3202 546 3272 qualem
575 3202 734 3258 illum
761 3210 1047 3268 noverant,
1083 3210 1137 3257 et
1165 3219 1280 3259 non
1309 3204 1596 3259 credentes
1637 3205 1794 3259 tertia

203 3293 298 3350 die
329 3293 568 3364 potuisse
593 3309 777 3350 veram
817 3306 1037 3349 carnem
1082 3293 1148 3348 de
1192 3293 1445 3363 sepulcro
1490 3307 1794 3364 resurgere,

205 3395 534 3455 putaverunt
555 3403 614 3443 se
641 3387 893 3458 spiritum
933 3387 1140 3469 videre.
1169 3387 1336 3442 Error
1381 3387 1484 3443 iste
1526 3387 1798 3460 apostolo—

211 3495 331 3533 rum
360 3489 509 3536 secta
536 3489 623 3536 est
661 3479 1102 3536 Manichzeorum.
1133 3479 1324 3535 Solent
1365 3489 1546 3537 autem
1577 3482 1798 3552 quando

205 3570 318 3626 illis
361 3573 478 3628 hzec
522 3573 871 3643 objiciuntur,
911 3574 986 3628 ita
1029 3575 1358 3644 respondere
1397 3592 1410 3627 :
1446 3593 1465 3626 ι
1495 3572 1636 3642 Quid
1669 3575 1795 3629 mali

210 3662 500 3726 credimus,
541 3665 668 3733 quia
709 3663 986 3720 Christum
1016 3664 1186 3720 Deum
1224 3664 1520 3730 credimus,
1545 3666 1796 3736 spiritum

206 3755 382 3812 tuisse
411 3757 706 3822 credimus,
745 3772 964 3813 carnem
1004 3774 1112 3814 non
1151 3759 1454 3814 credimus.
1497 3757 1686 3815 Melior
1712 3768 1798 3815 est

210 3848 433 3917 spiritus
457 3863 618 3918 quam
639 3864 768 3905 caro
790 3867 804 3904 :
830 3851 972 3920 quod
1003 3851 1195 3906 melius
1219 3859 1304 3905 est
1332 3848 1632 3917 credimus,
1654 3852 1798 3921 quod

211 3941 453 3996 deterius
495 3949 578 3998 est
617 3943 839 3998 credere
881 3942 1188 3997 nolumus.»
1221 3941 1280 3997 Si
1311 3939 1446 3998 nihil
1476 3943 1602 3998 mali
1629 3952 1714 3998 est
1745 3943 1796 3997 in

212 4033 320 4088 isto
346 4047 616 4097 sermone,
649 4034 886 4089 dimittat
925 4032 1083 4089 Jesus
1109 4034 1400 4104 discipulos
1426 4049 1553 4089 suos
1595 4035 1649 4090 in
1694 4035 1798 4090 isto

211 4137 420 4179 errore.
445 4123 585 4190 Quid
607 4123 737 4179 mali
759 4124 1106 4180 crediderunt
1129 4133 1185 4178 et
1215 4124 1502 4194 disdpuli?
1522 4123 1795 4180 Christum

209 4215 467 4284 spiritum
489 4216 852 4272 crediderunt.
877 4216 997 4272 Non
1021 4217 1164 4272 enim
1189 4231 1310 4272 esse
1333 4223 1660 4287 putaverunt
1683 4215 1796 4270 uul-

207 4303 348 4368 lum,
377 4306 470 4360 sed
493 4306 764 4376 spiritum.
787 4305 968 4361 Parvo
995 4307 1186 4362 morbo
1207 4315 1260 4362 te
1286 4314 1446 4377 putas
1469 4305 1800 4377 periclitari?

212 4394 355 4448 Audi
383 4396 704 4450 sententiam
739 4397 955 4452 medici.

1897 3208 2002 3263 que
2027 3194 2121 3251 Dei
2155 3210 2287 3252 caro
2316 3210 2424 3250 non
2450 3194 2766 3265 possidebit,
2813 3194 2867 3250 id
2890 3203 2994 3260 est,
3021 3210 3149 3252 caro
3183 3194 3342 3264 juxta
3368 3197 3485 3252 cul-

1897 3300 2022 3355 pani
2057 3286 2142 3341 vel
2197 3286 2614 3349 mortalitatem,
2659 3293 2717 3341 et
2772 3295 2954 3342 tamen
2995 3302 3135 3344 caro
3187 3289 3489 3357 possidebit

1899 3390 2124 3448 regnum
2153 3377 2269 3434 Dei.
2297 3377 2426 3434 ideo
2459 3393 2589 3433 caro
2617 3375 2775 3446 juxta
2804 3386 3075 3445 naturam,
3103 3394 3268 3449 quam
3303 3389 3360 3435 et
3386 3380 3490 3435 Do-

1898 3470 2078 3526 minus
2108 3479 2229 3540 post
2260 3471 2712 3528 resurrectionem
2741 3470 3032 3526 videndam
3058 3470 3490 3542 palpaudamqne

1897 3561 2178 3630 discipulis
2207 3561 2474 3618 exhibuit.
2512 3561 2581 3616 Et
2606 3563 2673 3618 de
2701 3577 2806 3633 qua
2849 3561 3040 3618 beatus
3063 3561 3185 3627 Job,
3213 3579 3337 3620 cum
3371 3565 3490 3634 glo-

1896 3650 2037 3706 riam
2089 3652 2505 3707 resurrectionis
2562 3653 2928 3718 describeret,
2977 3653 3108 3709 ait:
3152 3653 3223 3708 Et
3278 3670 3490 3708 rursum

1898 3742 2267 3798 circumdabor
2325 3743 2460 3815 pelle
2513 3759 2662 3808 mea,
2713 3755 2765 3798 et
2816 3746 2870 3798 in
2931 3761 3090 3800 carne
3137 3755 3255 3800 mea
3310 3743 3491 3801 uidebo

1898 3831 2064 3888 Deum
2114 3831 2258 3904 (Job.
2286 3834 2430 3905 xix).
2465 3833 2608 3906 Lege
2651 3833 2935 3904 epistolam
2988 3835 3162 3897 sancti
3204 3835 3492 3907 Augustini

1897 3924 1966 3978 ad
2005 3925 2386 3989 Consentium,
2434 3925 2502 3980 de
2544 3939 2775 3995 corpore
2825 3924 3036 3980 Domini
3074 3933 3199 3994 post
3238 3941 3490 3981 resurre-

1897 4016 2153 4072 ctionem.

1969 4106 2037 4159 Et
2065 4123 2184 4161 cum
2218 4107 2315 4161 hoc
2350 4107 2592 4173 dixisset,
2621 4109 2848 4163 ostendit
2894 4111 2969 4164 eis
2998 4127 3184 4165 manus
3229 4120 3279 4164 et
3313 4113 3490 4182 pedes.

1899 4199 2014 4256 Non
2043 4200 2216 4256 solum
2247 4215 2441 4256 manus
2480 4208 2535 4256 et
2565 4199 2751 4272 pedes,
2782 4201 2978 4269 quibus
3009 4201 3179 4254 indita
3212 4200 3491 4258 clavorum

1899 4295 2143 4351 claruere
2172 4294 2416 4365 vestigia,
2453 4294 2548 4349 sed
2573 4300 2864 4348 attestante
2889 4291 3120 4359 Joanne,
3147 4295 3310 4349 etiam
3350 4293 3492 4352 latus

1903 4387 2048 4459 quod
2093 4385 2281 4441 lancea
2325 4384 2562 4440 foratum
2610 4382 2786 4439 fuerat
2825 4384 3098 4448 ostendit,
3142 4393 3203 4439 ut
3242 4385 3495 4444 videlicet

286 4483 355 4538 Et
384 4486 518 4540 dixit
543 4487 642 4550 eis,
665 4486 791 4557 quid
820 4487 1017 4541 turbati
1035 4488 1160 4542 estis
1187 4496 1237 4542 et
1257 4487 1596 4558 cogitationes
1619 4501 1800 4542 ascen-
1823 4477 1877 4498 ν
1905 4491 2125 4537 ostensa
2155 4479 2435 4534 vulnerum
2460 4493 2682 4534 suorum
2713 4478 2982 4541 cicatrice,
3015 4477 3306 4536 dubietatis
3329 4488 3494 4548 atque

213 4575 349 4630 dunt
381 4578 445 4631 in
491 4577 663 4632 corda
703 4578 902 4632 ucstra?
937 4578 1136 4644 Quales
1183 4577 1372 4648 utique
1407 4578 1802 4653 cogitationes?
1906 4570 2242 4626 inﬁdelitatis
2265 4585 2455 4624 eorum
2484 4568 2678 4624 vulnus
2707 4575 2942 4624 sanaret.
2975 4566 3177 4623 Verum
3219 4571 3494 4638 quomodo

214 4667 324 4722 nisi
360 4666 525 4734 falsae,
576 4668 853 4734 morbidis,
895 4671 1236 4739 perniciosa).
1269 4668 1608 4726 Perdidisset
1655 4671 1800 4727 enim
1906 4673 2030 4736 post
2057 4665 2510 4719 resurrectionem
2550 4663 2830 4718 Clavorum
2859 4662 2944 4717 νει
2969 4663 3168 4719 lancea
3209 4664 3326 4719 Ῐοεο
3354 4681 3488 4736 Pan‘

214 4757 471 4814 Christus
497 4761 730 4816 tractum
753 4760 1047 4828 passionis,
1075 4760 1122 4815 si
1148 4773 1257 4814 non
1285 4767 1432 4816 esset
1473 4761 1675 4816 veritas
1712 4776 1799 4815 re-
1905 4757 2082 4812 dendo
2137 4755 2522 4826 discipulorum
2545 4755 2824 4826 'dignatus
2863 4763 2950 4811 est
2995 4754 3189 4823 ﬁdem,
3233 4772 3494 4829 spemque

211 4851 575 4906 surrectionis
605 4869 622 4904 ς
657 4850 799 4917 Quid
832 4851 1026 4906 turbati
1072 4851 1216 4916 estis,
1243 4861 1291 4905 et
1337 4851 1679 4921 cogitationes
1716 4869 1804 4905 as-
1906 4847 2186 4910 roborare,
2208 4845 2283 4900 ita
2300 4845 2354 4899 in
2377 4846 2467 4900 die
2481 4844 2675 4914 judicii
2696 4852 2757 4901 et
2779 4845 2972 4901 eadem
2993 4861 3105 4902 suae
3124 4849 3391 4918 passionis
3412 4851 3498 4906 in-

206 4941 446 4996 eradunt
485 4942 539 4997 in
581 4943 741 4998 corda
788 4943 990 4998 uestra?
1026 4942 1308 5013 Tanquam
1353 4940 1530 4999 bonus
1566 4943 1803 5014 agricola
1907 4937 2072 5003 dicia,
2099 4946 2158 4993 et
2184 4937 2357 5008 ipsam
2378 4937 2589 5007 pariter
2605 4951 2828 4992 crucem
2857 4937 3210 4994 monstrando
3235 4947 3498 4997 venturus

213 5033 464 5089 diceret:
497 5034 649 5102 Quod
677 5034 749 5089 ibi
778 5035 1016 5106 plantavi
1037 5075 1054 5100 ,
1087 5035 1162 5090 ibi
1199 5034 1511 5100 inveniam,
1551 5050 1659 5091 non
1694 5035 1803 5104 spi-
1905 5035 1994 5083 est
2020 5027 2357 5098 impietatem
2382 5027 2737 5100 superborum
2765 5026 3250 5101 inﬁdelitatemun
3277 5031 3500 5088 confun-

212 5139 343 5188 nas,
380 5139 519 5194 quas
557 5139 664 5180 non
699 5123 942 5195 plannivi
974 5126 1028 5179 in
1055 5126 1228 5181 corde
1269 5133 1469 5182 vestro.
1518 5125 1808 5182 Descendit
1909 5121 2062 5187 dere,
2091 5121 2302 5177 scilicet
2327 5128 2388 5175 ut
2407 5121 2592 5192 ipsum
2616 5135 2680 5176 se
2706 5135 2850 5184 esse,
2892 5121 2983 5192 qui
3009 5121 3079 5177 ab
3103 5123 3291 5196 impiis
3315 5134 3371 5181 et
3397 5143 3498 5198 pro

213 5213 378 5281 ﬁdes,
403 5213 532 5286 quia
553 5215 784 5286 desuper
809 5222 916 5270 est.
946 5215 1319 5287 Cogitationes
1341 5224 1522 5271 autem
1549 5216 1668 5273 istae
1698 5231 1806 5272 nou
1911 5212 2094 5283 impiis
2118 5220 2370 5268 mortuus
2395 5219 2503 5277 est,
2541 5211 2755 5268 cuneus
2783 5211 2965 5284 palam
3001 5215 3209 5286 angelis
3239 5225 3296 5270 et
3325 5218 3498 5272 homi-

212 5305 456 5377 desuper
480 5306 894 5373 descenderunt,
917 5307 1015 5362 sed
1051 5306 1105 5362 in
1136 5307 1256 5376 ipso
1275 5305 1450 5362 corde
1473 5305 1614 5362 sicut
1638 5306 1805 5363 herba
1907 5307 2072 5362 nibus
2093 5302 2368 5371 ostendat,
2389 5303 2714 5376 videamque
2736 5312 2795 5360 ut
2823 5305 3082 5376 scriptum
3109 5316 3228 5364 est:
3258 5307 3325 5362 In
3345 5325 3496 5379 quem

210 5400 363 5456 mala
395 5399 778 5456 ascenderunt.
1912 5407 2241 5470 paruerunt,
2268 5407 2320 5451 et
2366 5395 2618 5468 plangant
2661 5413 2718 5452 se
2753 5413 2915 5468 super
2951 5413 3073 5452 eum
3111 5413 3290 5453 omnes
3332 5397 3498 5451 tribus

303 5491 484 5549 Videte
518 5509 708 5547 manus
747 5508 890 5548 meas
930 5503 979 5548 et
1019 5493 1174 5564 pedes
1214 5510 1376 5559 meos,
1419 5493 1544 5565 quia
1580 5493 1692 5562 ipse
1717 5510 1810 5564 ego
1915 5499 2090 5544 terrte.
2115 5487 2260 5544 Sane
2287 5488 2580 5543 notandum
2607 5487 2750 5558 quod
2795 5487 2972 5543 solent
3000 5488 3054 5541 in
3087 5488 3188 5542 hoc
3217 5487 3334 5541 loco
3369 5502 3500 5557 geu-

207 5600 358 5650 sum,
385 5594 495 5640 etc.
526 5581 1002 5638 Resurrectionem
1048 5599 1204 5638 suam
1257 5592 1465 5640 certam
1519 5592 1576 5638 et
1626 5599 1812 5638 veram
1918 5581 2042 5636 tiles
2082 5581 2411 5636 calumniam
2451 5589 2686 5647 struere,
2727 5586 2783 5634 et
2819 5577 2979 5633 ﬁdem
3014 5588 3254 5650 speratae
3284 5593 3313 5631 a
3341 5578 3498 5633 nobis

212 5679 407 5735 multis
429 5687 485 5733 et
506 5675 672 5731 variis
691 5675 1032 5732 documentis
1049 5678 1361 5746 persuadet,
1389 5676 1671 5746 perﬁdiam
1693 5691 1807 5730 om-
1921 5672 2333 5728 resurrectionis
2363 5671 2526 5726 stulta
2548 5669 2869 5744 garrulitate
2905 5668 3169 5722 deridere.
3208 5685 3225 5717 ο
3257 5666 3314 5736 Si
3353 5668 3497 5722 enim
