3978 6456
521 269 650 346 959,

1775 262 2074 321 ςεΜΑωδ
2084 263 2148 317 Dl
2186 262 2478 319 ABBATIS

3669 273 3767 327 240

525 400 638 457 ipse
666 386 809 440 Deus
837 394 1031 445 vester,
1061 381 1325 451 inquiunt,
1360 394 1459 434 nec
1487 379 1589 434 sibi
1613 376 1814 432 inﬂicta
1839 392 1870 431 a
1897 376 2096 432 Judaeis
2122 377 2170 435 Α
2198 376 2355 428 sum?
2378 375 2494 444 Ipse
2518 376 2659 430 enim
2689 383 2858 430 latere
2889 374 3139 444 dignatus
3170 380 3224 430 in
3251 377 3406 446 aquis
3433 380 3651 449 generis
3679 382 3769 438 bu-

523 481 745 537 vulnera
790 492 980 533 curare
1024 474 1327 545 praevaluit,
1375 474 1469 529 sed
1503 472 1817 527 cicatricum
1869 469 2094 539 vestigia

522 571 681 636 coelo,
704 582 888 623 secum
908 565 1187 628 ut'dicitis,
1206 563 1429 628 invexit,
1446 577 1552 632 qua
1574 562 1878 617 temeritate
1894 559 2096 629 putatis

522 676 644 716 eum
684 666 864 713 vestra
904 657 973 712 de
1012 655 1233 727 pulvere
1276 653 1518 709 membra
1555 651 1624 706 ad
1668 652 1936 721 integrum
1977 661 2098 704 esse

524 744 995 804 restauratumm?
1033 743 1239 812 Quibus
1283 741 1738 812 respondendum,
1780 738 1907 809 quia
1956 737 2098 792 Dens

526 849 732 906 noster,
758 840 851 911 qui
874 853 1027 894 suam
1047 846 1303 908 perpetua
1329 833 1441 904 jam
1470 832 1871 888 immortalitate
1895 827 2098 900 gloriﬁ-

521 940 701 987 catam
721 931 790 986 de
814 928 1061 1000 sepulcro
1076 941 1295 982 carnem
1319 923 1647 980 resuscitare
1668 920 1887 991 quando
1905 917 2092 981 voluit,

518 1034 576 1079 et
595 1022 866 1093 quomodo
891 1020 1079 1085 voluit,
1108 1017 1281 1090 potuit
1319 1017 1483 1073 etiam
1503 1014 1715 1087 qualem
1738 1010 1906 1067 voluit
1927 1011 2097 1067 susci-

520 1114 677 1169 tavit.
724 1111 910 1183 Neque
934 1111 1077 1165 enim
1107 1121 1442 1178 consequens
1463 1116 1568 1171 est,
1594 1113 1653 1159 ut
1677 1104 1767 1173 qui
1790 1100 1993 1171 majora
2013 1100 2097 1156 fe-

523 1205 662 1261 cisse
683 1205 965 1276 probatur,
998 1202 1209 1256 minora
1253 1200 1434 1255 facere
1460 1197 1783 1269 nequiverit,
1813 1196 1908 1251 sed
1950 1202 2099 1251 certe

523 1293 937 1365 dispensationis
978 1289 1176 1361 gratia,
1215 1288 1306 1359 qui
1342 1285 1514 1355 majus
1537 1285 1685 1351 fecit,
1713 1285 1893 1338 minus
1917 1281 2098 1337 facere

522 1383 847 1456 supersedit,
872 1384 974 1439 hoc
994 1390 1097 1447 est,
1120 1381 1213 1451 qui
1237 1378 1429 1434 mortis
1447 1391 1613 1449 regna
1634 1374 1918 1439 destruxit,
1944 1375 2096 1445 signa

520 1474 714 1529 mortis
731 1471 1048 1527 oblitterare
1073 1468 1263 1524 noluit.
1287 1468 1471 1522 Primo
1491 1465 1761 1529 videlicet,
1787 1472 1848 1519 ut
1863 1476 1964 1533 per
1983 1464 2096 1518 haec

521 1561 797 1633 discipulis
819 1561 977 1617 ﬁdem
999 1574 1111 1614 suae
1131 1557 1542 1613 resurrectionis
1567 1564 1853 1610 astrueret.
1871 1554 2095 1619 Deinde,

520 1663 582 1707 ut
599 1652 737 1725 patri
766 1666 865 1721 pro
879 1650 1036 1705 nobis
1054 1648 1375 1719 supplicans,
1403 1647 1562 1716 quale
1592 1662 1762 1717 genus
1788 1646 1981 1701 mortis
1998 1660 2096 1715 pro

2197 468 2363 532 mani,
2393 467 2512 537 capi
2541 466 2707 522 voluit
2734 466 2925 536 laqueo
2950 469 3140 523 mortis
3167 479 3385 535 nostra»,
3414 479 3469 524 et
3493 474 3648 541 quasi
3677 477 3769 529 tri-

2196 556 2473 613 bulatione
2502 569 2718 614 assatus
2757 568 2858 623 est,
2905 570 3143 630 tempore
3179 563 3448 630 passionis
3489 579 3624 620 suae.
3670 565 3770 621 Sed

2196 649 2289 717 qui
2321 649 2484 719 piscis
2509 665 2665 705 assus
2693 650 2807 705 ﬁeri
2846 650 3099 721 dignatus
3125 662 3211 708 est
3240 654 3293 708 in
3320 655 3595 724 passione,
3625 656 3772 714 favus

2196 738 2372 794 mellis
2396 740 2553 796 nobis
2571 741 2783 795 exstitit
2807 741 2863 796 in
2890 743 3305 798 resurrectione.
3330 744 3401 797 At
3432 745 3525 814 qui
3549 746 3604 800 in
3630 747 3772 815 pisce

2196 844 2324 886 asso
2356 830 2578 901 ﬁgurari
2618 831 2787 888 voluit
2815 832 3217 890 tribulationem
3250 836 3517 903 passionis
3558 850 3690 904 sum,
3719 839 3769 894 in

2194 919 2322 977 favo
2350 920 2524 977 mellis
2550 931 2838 993 utramque
2856 931 3111 979 naturam
3134 926 3441 996 exprimere
3468 927 3638 983 voluit
3660 943 3776 1000 per-

2197 1024 2344 1066 sona
2369 1026 2502 1068 suae.
2539 1012 2717 1068 Favus
2743 1014 2941 1085 quippe
2981 1014 3087 1069 mel
3126 1016 3182 1070 in
3214 1030 3339 1071 cera
3367 1025 3472 1083 est,
3517 1018 3627 1075 mel
3650 1034 3771 1075 vero

2196 1101 2252 1157 in
2280 1117 2406 1159 cera
2434 1113 2535 1168 est,
2564 1104 2821 1160 divinitas
2858 1106 2914 1161 in
2943 1106 3299 1162 humanitate.
3349 1106 3443 1163 Sic
3470 1116 3657 1165 autem
3680 1126 3769 1166 sua

2187 1188 2508 1264 Redemptor
2556 1194 2792 1261 indicat,
2820 1205 2882 1250 ut
2932 1195 3253 1252 imitationis
3298 1198 3446 1253 viam
3493 1199 3653 1255 nobis
3694 1214 3772 1256 se-

2197 1285 2494 1354 quentibus
2518 1293 2744 1342 sternat.
2784 1286 2926 1342 Ecce
2952 1288 3099 1342 enim
3124 1288 3181 1343 in
3213 1287 3336 1343 cibo
3369 1304 3471 1344 suo
3494 1289 3630 1358 pisci
3657 1305 3773 1346 asse

2196 1376 2523 1448 conjungere
2546 1376 2731 1432 favum
2759 1377 2946 1442 voluit,
2971 1378 3099 1448 quia
3145 1374 3397 1434 videlicet
3438 1380 3561 1436 illos
3594 1381 3649 1435 in
3680 1396 3775 1437 suo

2198 1479 2425 1535 corpore
2452 1466 2521 1521 ad
2565 1474 2822 1522 eternium
2851 1466 3086 1537 quietem
3117 1469 3366 1539 suscipit,
3392 1470 3485 1538 qui
3527 1485 3654 1525 cum
3692 1472 3774 1527 hic

2199 1554 2571 1612 tribulationes
2613 1572 2714 1627 pro
2756 1557 2866 1612 Deo
2909 1558 3170 1624 sentiunt,
3213 1559 3284 1614 ab
3325 1575 3511 1616 amore
3554 1562 3775 1618 intem

2198 1646 2500 1704 dulcedinis
2530 1663 2637 1705 non
2665 1648 2940 1706 recedunt.
2976 1647 3112 1705 Cum
3140 1665 3266 1706 asso
3307 1651 3457 1722 pisce
3500 1653 3658 1710 favus
3686 1669 3774 1710 su-

519 1742 828 1798 mortalium
853 1740 964 1795 vita
992 1738 1294 1810 pertulerit,
1324 1752 1487 1807 super
1507 1737 1777 1793 ostendat.
1803 1736 2009 1802 Tertio,
2034 1746 2094 1791 ut
2122 1732 2169 1792 B
2196 1741 2383 1807 mitur,
2406 1741 2534 1812 quia
2559 1740 2653 1811 qui
2691 1740 2781 1796 hic
2817 1738 3160 1797 aﬁlictionem
3187 1757 3288 1812 pro
3333 1743 3563 1799 veritate
3609 1745 3753 1802 susci

519 1847 616 1887 sua
629 1840 802 1888 morte
825 1829 1134 1900 redemptis.
1152 1843 1316 1898 quam
1337 1828 1762 1884 misericorditer
1779 1829 1891 1883 sint
1907 1828 2091 1899 adjuti,

516 1923 808 1996 prepositis
835 1936 1051 1990 semper
1092 1919 1332 1991 ejusdem
1375 1920 1567 1975 mortis
1610 1920 1830 1974 innovet
1862 1918 2093 1975 indiciis.

516 2017 750 2087 ideoque
795 2011 1195 2067 misericordias
1241 2010 1455 2064 Domini
1488 2009 1545 2063 in
1573 2019 1835 2063 aeternum
1880 2016 2099 2063 cantare

518 2123 628 2163 non
647 2112 884 2168 cessent,
906 2102 1000 2157 sed
1022 2102 1203 2157 dicant
1227 2100 1319 2170 qui
1349 2099 1614 2169 redempti
1640 2109 1765 2154 sunt
1784 2116 1815 2153 a
1837 2098 2093 2153 Domino:

516 2199 786 2264 Quoniam
830 2194 1015 2260 bonus,
1049 2192 1297 2264 quoniam
1341 2191 1394 2244 in
1437 2199 1687 2244 (etei-num
1737 2188 2098 2243 misericordia

511 2290 634 2358 ejus
663 2287 836 2360 (Psal.
859 2282 1244 2350 cxvn,c.vsxv).
1284 2281 1564 2336 Postremo
1590 2289 1649 2334 ut
1685 2280 1851 2335 etiam
1880 2278 2098 2349 perﬁdis

520 2383 575 2434 in
615 2378 819 2451 judicio
847 2389 1009 2446 quam
1033 2372 1548 2445 jusle'damuentur,
1576 2378 1793 2425 ostensa
1822 2371 1965 2425 inter
1992 2368 2095 2424 alia

507 2470 745 2540 .ﬁagitia,
799 2468 962 2522 etiam
1012 2464 1295 2518 vulnerum
1343 2478 1465 2532 qua:
1511 2462 1582 2516 ab
1614 2462 1694 2516 eis
1738 2461 1978 2530 suscepit
2020 2461 2097 2515 ci-

430 2586 433 2589 ν
518 2560 748 2614 ratriees
791 2556 1101 2619 denuntiet,
1138 2554 1304 2608 veluti
1348 2556 1392 2606 si
1439 2552 1592 2608 miles
1631 2553 1825 2623 aliquis
1865 2551 2097 2607 fortissi-

518 2667 659 2717 tuus,
686 2651 910 2721 jubente
938 2663 1036 2702 suo
1065 2662 1211 2717 rege,
1239 2662 1340 2716 pro
1370 2647 1535 2701 totius
1557 2647 1737 2715 gentis
1758 2644 1951 2711 salute,
1985 2646 2095 2699 sin-

506 2740 1017 2815 ~gelari-certamine
1046 2738 1337 2801 desudans,
1376 2736 1560 2791 multis
1599 2737 1813 2806 quidem
1852 2736 2093 2791 mineri-

518 2833 620 2888 bus
652 2830 912 2902 exceptis,
943 2830 1154 2885 hostem
1200 2835 1377 2882 tamen
1423 2827 1729 2891 interﬁciat,
1771 2827 1940 2897 spolia
1974 2826 2095 2896 ejus

494 2926 766 2997 'diripiat,
814 2921 1095 2980 victoriam
1138 2936 1249 2978 suae
1286 2922 1433 2991 genti
1475 2928 1737 2989 reportet,
1764 2927 1819 2976 et
1853 2919 2090 2974 interro-

498 3026 674 3085 ‘gatus
724 3030 755 3069 a
794 3013 1003 3069 medico
1044 3013 1131 3069 cui
1174 3012 1444 3069 curandus
1475 3010 1862 3075 committitur.
1905 3012 1978 3066 ita
2024 3025 2091 3066 ne

2196 1831 2371 1901 piunt,
2397 1831 2506 1888 illic
2529 1833 2812 1889 dulcedine
2833 1848 2959 1891 vera
2986 1833 3277 1889 satiantur.

2268 1920 2339 1974 Et
2366 1921 2501 1976 dixit
2524 1922 2596 1976 ad
2616 1921 2735 1978 illos
2763 1939 2782 1977 :
2809 1921 2941 1990 liae
2960 1933 3082 1978 sunt
3111 1924 3265 1979 verba
3287 1940 3408 1994 qua
3432 1924 3639 1981 locutus
3665 1943 3776 1981 sum

2196 2010 2267 2064 ad
2306 2026 2413 2074 vos,
2458 2027 2577 2066 cum
2607 2011 2780 2066 adhuc
2818 2029 2982 2067 essem
3015 2013 3292 2068 uobiscum.
3341 2014 3455 2070 Hoc
3496 2025 3617 2085 est,
3658 2033 3776 2073 cum

2197 2101 2372 2158 adhuc
2404 2115 2581 2158 essem
2621 2103 2675 2156 in
2703 2118 2868 2158 carne
2908 2102 3158 2168 mortali,
3202 2105 3257 2159 in
3287 2119 3394 2175 qua
3421 2106 3553 2160 estis
3577 2116 3636 2160 et
3664 2122 3779 2161 vos.

2198 2191 2349 2247 Tunc
2378 2179 2523 2246 enim
2565 2192 2618 2247 in
2644 2193 2833 2249 eadem
2861 2209 3047 2258 carne,
3082 2196 3178 2249 sed
3207 2210 3330 2250 cum
3360 2195 3469 2251 illis
3492 2196 3547 2251 in
3587 2197 3775 2252 eadem

2198 2281 2530 2338 mortalitate
2566 2299 2673 2339 non
2712 2293 2859 2349 erat,
2889 2295 2944 2342 et
2986 2303 3112 2342 cum
3154 2287 3262 2343 illis
3289 2287 3532 2357 quidem,
3562 2298 3782 2359 postea-

2194 2387 2359 2441 quam
2389 2376 2705 2440 resurrexit,
2735 2375 2836 2431 fuit
2858 2377 3215 2449 quadraginta
3240 2378 3451 2439 diebus.
3470 2387 3531 2434 ut
3557 2379 3778 2450 legitur,

2196 2464 2527 2521 exhibitione
2548 2466 2849 2535 corporalis
2885 2468 3203 2537 presentius,
3235 2470 3330 2522 sed
3372 2482 3481 2523 non
3516 2483 3643 2524 cum
3678 2468 3781 2524 illis

2194 2550 2299 2605 fuit
2322 2555 2596 2629 consortio
2621 2554 2955 2611 inﬁrmitatis
2986 2557 3254 2612 humanae.

2268 2644 2529 2721 Quoniam
2560 2663 2782 2712 necesse,
2811 2658 2869 2702 ut
2898 2648 3215 2719 impleantur
3236 2651 3414 2705 omnia
3434 2667 3555 2722 quae
3581 2653 3780 2723 scripta

2195 2749 2317 2793 sunt
2341 2740 2397 2793 in
2427 2738 2537 2809 lege
2561 2738 2719 2804 Mosi,
2744 2748 2793 2794 et
2822 2741 3087 2811 prophetis
3125 2751 3175 2795 et
3202 2743 3417 2812 psalmis
3442 2742 3509 2797 de
3541 2758 3646 2796 sne.
3681 2744 3775 2814 (El

2194 2829 2383 2903 Beda.)
2426 2831 2559 2887 Vide
2604 2832 2872 2901 quomodo
2912 2832 3033 2886 tulit
3076 2846 3267 2888 omnes
3306 2834 3582 2903 ambages,
3629 2835 3779 2889 visus

2194 2928 2300 2985 est,
2331 2929 2508 2977 tactus
2530 2933 2636 2988 est,
2677 2923 3045 2989 manducavit,
3073 2923 3188 2993 ipse
3212 2932 3361 2979 certe
3401 2933 3538 2979 erat.
3568 2924 3776 2980 Tamen

2195 3025 2266 3065 ne
2296 3012 2371 3066 in.
2393 3012 2576 3083 aliquo
2604 3026 2799 3067 sensus
2828 3013 3094 3068 humanos
3138 3012 3449 3068 ludiﬁcasse
3476 3013 3776 3077 videretur,

496 3079 648 3161 velit
670 3103 871 3169 curari,
896 3109 955 3157 ut
976 3115 1077 3157 nec
1099 3101 1321 3169 vestigia
1345 3099 1629 3154 vulnerum
1651 3099 1758 3153 ulla
1784 3099 2087 3164 resedeant,
2120 3079 2163 3139 Ο
2195 3101 2344 3154 misit
2383 3079 2574 3156 manus
2601 3101 2668 3155 ad
2690 3097 3017 3172 Scripturas.
3065 3102 3259 3163 Dicant
3282 3104 3481 3173 pagani
3510 3103 3778 3175 quidquid

498 3212 582 3252 an
628 3196 801 3267 magis
829 3196 935 3260 ita,
974 3202 1034 3248 ut
1074 3192 1361 3249 cicatrices
1385 3190 1587 3246 eaedem
1627 3197 1963 3254 remaneant,
1994 3190 2088 3245 de-

498 3288 761 3344 formitas
784 3298 917 3340 vero
942 3296 1166 3354 prorsus
1195 3282 1434 3337 hominis
1468 3291 1526 3335 et
1561 3279 1778 3336 foeditas
1815 3280 1975 3345 absit,
2005 3295 2088 3334 re-

514 3379 779 3452 spondeat
817 3391 877 3432 se
906 3376 1084 3446 potius
1124 3375 1197 3428 ita
1228 3374 1366 3428 velle
1407 3374 1622 3439 sanari,
1651 3382 1712 3427 ut
1748 3380 1861 3428 toto
1901 3373 2090 3428 salutis

494 3470 833 3539 decorisque
857 3467 1070 3538 pristini
1091 3472 1236 3520 statu
1264 3472 1601 3534 recuperato,
1627 3473 1883 3535 perpetua
1905 3480 2088 3521 secum

511 3562 650 3616 tanti
689 3556 1040 3615 circumferat
1078 3556 1232 3626 signa
1263 3553 1541 3623 triumphi.
1572 3552 1664 3609 Sic
1700 3551 1944 3624 profecto
1983 3553 2088 3609 Βοα

511 3655 693 3709 minus
724 3650 963 3723 perpetis
984 3647 1058 3705 ob
1092 3648 1306 3716 signum
1340 3645 1582 3701 victoria:
1603 3660 1710 3700 non
1737 3657 1959 3717 excepta
1990 3659 2089 3717 pro

504 3745 671 3802 nobis
694 3743 915 3798 vulnera
942 3740 1230 3812 passionis,
1259 3739 1353 3796 sed
1379 3739 1617 3809 ipsorum
1637 3739 1925 3795 cicatrices
1951 3740 2089 3794 casio

511 3851 694 3893 secum
720 3835 924 3890 inferre
960 3846 1122 3904 quam
1163 3831 1379 3887 abolere
1413 3830 1635 3895 maluit,
1673 3844 1774 3886 nec
1805 3839 1984 3886 tamen
2021 3846 2087 3885 ex

509 3930 596 3984 his
621 3925 898 3999 quippiam
931 3925 1051 3981 ﬁdei
1084 3934 1281 3979 nostra:
1309 3924 1723 3980 resurrectionis
1751 3923 2084 3995 praeiudicat.

510 4020 586 4076 De
626 4035 731 4090 qua
760 4017 939 4073 veraci
983 4016 1339 4087 promissione
1382 4015 1729 4085 praedicitur:
1758 4015 1826 4068 Et
1863 4014 2087 4085 capillus

508 4113 573 4167 tle
600 4112 768 4183 capite
792 4119 958 4166 vestro
984 4126 1087 4164 non
1114 4108 1296 4179 peribit
1328 4107 1478 4179 (Luc.
1503 4106 1637 4178 ut).
1990 4108 1995 4115 '

577 4202 775 4257 Adhuc
804 4210 979 4256 autem
1023 4215 1126 4253 non
1171 4199 1496 4252 credentibus
1537 4209 1586 4252 et
1627 4198 1939 4253 mirantibus
1976 4214 2086 4268 pra:

497 4294 723 4363 gaudio,
747 4291 880 4346 dixit
902 4304 921 4342 :
951 4289 1170 4344 Habetis
1198 4291 1283 4343 hic
1310 4288 1510 4360 aliquid
1534 4288 1672 4359 quod
1702 4288 2087 4343 mandantur?

505 4382 589 4438 Ad
617 4380 992 4437 insinuandam
1036 4378 1451 4434 resurrectionis
1476 4392 1587 4433 sua:
1613 4379 1929 4443 veritatem,
1970 4393 2078 4434 non

506 4473 682 4528 solum
712 4470 861 4541 tangi
904 4486 936 4525 a
974 4469 1272 4536 discipulis.
1314 4469 1408 4524 sed
1453 4468 1617 4523 etiam
1656 4469 1907 4524 convcsci
1953 4484 2101 4523 cum.

507 4562 613 4617 illis
653 4561 926 4633 dignatur,
968 4575 1074 4614 non
1110 4559 1266 4629 quasi
1313 4558 1531 4628 quidem
1565 4565 1689 4626 post
1720 4546 2077 4614 resurrectio-

503 4666 631 4707 nem
654 4652 777 4707 cibo
816 4651 1083 4720 indigens,
1125 4665 1227 4705 nec
1252 4651 1408 4720 quasi
1438 4664 1537 4705 nos
1583 4650 1638 4703 in
1681 4650 2080 4708 resurrectione

504 4756 670 4812 quam
704 4749 1099 4810 exspectamus,
1128 4741 1265 4796 cibis
1307 4753 1468 4811 egere
1511 4738 1842 4809 signiﬁcans,
1883 4742 1977 4796 sed
2021 4751 2081 4797 ut

500 4848 570 4887 eo
596 4832 758 4888 modo
783 4841 1031 4887 naturam
1054 4832 1300 4901 corporis
1330 4828 1666 4901 resurgentis
1687 4836 1976 4895 astrueret,
2008 4847 2077 4888 ne

502 4924 635 4979 illud
661 4939 767 4979 non
791 4938 1005 4995 corpus,
1031 4926 1125 4979 sed
1152 4924 1403 4992 spiritum
1428 4935 1551 4977 esse
1575 4921 1992 4989 arbitrarentur,
2019 4931 2075 4978 et

503 5013 606 5069 sibi
636 5028 745 5069 non
770 5013 958 5079 solide,
988 5013 1084 5069 sed
1128 5011 1491 5082 imaginaliter
1528 5023 1809 5078 apparere.
1844 5010 2072 5067 Mande-

502 5102 645 5156 cavit
665 5109 948 5172 potestate,
972 5117 1077 5158 non
1101 5100 1440 5156 necessitate.
1462 5098 1641 5155 Aliter
1656 5099 1800 5154 enim
1820 5099 2074 5159 absorbet

502 5208 699 5263 aquam
731 5204 876 5251 terra
894 5194 1111 5259 sitiens,
1128 5192 1289 5246 aliter
1313 5189 1443 5245 solis
1467 5191 1648 5247 radius
1676 5191 1950 5250 candens:
1984 5197 2072 5253 ille

501 5285 818 5355 indigentia.
847 5285 950 5340 iste
978 5282 1237 5355 potentia.

569 5379 638 5433 At
674 5378 754 5433 illi
799 5375 1095 5432 obtulerunt
1134 5373 1183 5428 ei
1230 5381 1429 5444 partem
1455 5374 1613 5446 piscis
1655 5377 1761 5430 assi
1805 5388 1855 5432 et
1894 5379 2071 5449 fucum

498 5466 768 5533 mellis,et
797 5481 916 5521 cum
952 5461 1326 5517 manducasset
1362 5480 1546 5520 coram
1582 5467 1656 5521 eis
1699 5483 1909 5522 sumens
1953 5469 2074 5523 reli—

498 5560 650 5626 quias
698 5557 838 5612 dedit
876 5555 973 5607 eis.
1018 5552 1159 5619 Quid
1204 5551 1507 5621 signiﬁcare
1552 5557 1823 5612 credimus
1867 5559 2070 5627 piscem

498 5662 703 5715 assum,
734 5645 835 5700 nisi
862 5643 1037 5713 ipsum
1065 5643 1419 5717 mediatorum
1443 5647 1616 5729 Dei'et
1645 5649 1922 5705 hominum
1949 5667 2075 5720 pas-

2191 3190 2413 3257 volunt,
2452 3205 2643 3262 magus
2685 3191 2817 3258 fuit,
2850 3193 3027 3262 potuit
3060 3193 3141 3248 sic
3177 3208 3238 3248 se
3274 3193 3583 3250 ostendere.
3628 3193 3778 3248 Nun-

2188 3282 2321 3353 quid
2361 3296 2554 3350 magus
2589 3289 2877 3353 antequam
2917 3292 3099 3349 natus,
3123 3284 3300 3354 potuit
3333 3285 3416 3339 sic
3440 3299 3500 3341 se
3538 3284 3780 3355 prophe-

2192 3372 2343 3427 tare?
2364 3370 2444 3426 Da
2461 3372 2786 3441 Scripturas,
2806 3373 2933 3442 quia
2951 3375 3095 3443 quod
3114 3374 3327 3440 videtis,
3351 3383 3478 3430 ante
3498 3375 3779 3445 provisum

2186 3474 2291 3530 est,
2315 3465 2460 3535 quod
2484 3464 2724 3529 cernitis,
2755 3473 2882 3519 ante
2911 3464 3228 3534 pmdictum
3254 3472 3339 3520 est
3366 3482 3381 3517 :
3413 3463 3557 3519 Audi
3582 3463 3699 3519 ﬁlia
3727 3474 3778 3518 et

2190 3556 2335 3622 vide,
2363 3555 2487 3611 audi
2515 3556 2795 3627 praedicta,
2819 3556 2941 3610 vide
2969 3554 3259 3624 completa.
3631 3619 3651 3636 O

2261 3646 2405 3709 Tum:
2454 3648 2656 3718 aperuit
2700 3646 2808 3702 illis
2856 3662 3100 3711 sensum,
3139 3656 3196 3700 ut
3240 3645 3585 3725 intelligerent
3623 3644 3775 3701 Scri-

2186 3748 2387 3809 pturas.
2427 3736 2497 3809 Et
2536 3739 2673 3794 dixit
2704 3738 2779 3793 eis
2801 3752 2820 3791 :
2854 3737 3116 3804 Quoniam
3153 3740 3229 3793 sic
3270 3738 3557 3809 scriptum-
3583 3750 3701 3806 est,
3729 3750 3776 3793 et

2185 3829 2262 3882 sic
2304 3828 2572 3898 oportebat
2609 3826 2875 3885 Christum
2919 3831 3028 3901 pati
3064 3840 3117 3884 et
3159 3846 3426 3900 resurgere
3466 3847 3501 3885 a
3546 3833 3773 3886 mortuis

2185 3917 2272 3971 d's
2309 3918 2485 3972 tertia.
2526 3918 2739 3975 Praebet
2779 3935 2837 3975 se
2868 3918 3154 3976 videndum
3194 3921 3390 3986 oculis,
3420 3921 3630 3991 praebet
3661 3937 3778 3978 ma-

2186 4008 2346 4064 nibus
2401 4011 2875 4075 contrectandum,
2910 4026 3101 4080 parum
3146 4021 3230 4066 est
3263 4012 3413 4084 lege?
3439 4028 3779 4070 commemo-

2188 4108 2272 4153 rat
2305 4096 2630 4170 Scripturas,
2673 4110 2730 4157 et
2765 4103 2866 4159 hoc
2898 4119 3087 4172 parum
3132 4105 3251 4159 est?
3298 4105 3775 4175 aperitsensum,

2184 4199 2245 4246 ut
2277 4193 2423 4261 quod
2456 4191 2590 4263 legis
2637 4192 2924 4266 intelligas,
2957 4196 3154 4251 deinde
3192 4212 3290 4267 per
3328 4199 3776 4256 commendatam

2184 4282 2267 4337 sui
2306 4284 2549 4354 corporis
2592 4286 2910 4353 veritatem,
2950 4290 3290 4358 commendat
3342 4289 3600 4346 Ecclesiae
3642 4292 3777 4347 uui-

2184 4381 2238 4426 ta
2245 4382 2371 4429 tem.
3022 4424 3029 4432 .
3206 4358 3245 4409 ί.

2252 4472 2322 4527 Et
2362 4475 2645 4544 medicari
2692 4477 2749 4531 in
2786 4476 2992 4533 immitis
3040 4479 3155 4548 ejus
3222 4480 3611 4551 minutiam,
3659 4491 3770 4536 etc.

2180 4562 2300 4618 Non
2345 4564 2507 4619 latret
2550 4569 2787 4634 pravitas
2834 4570 3242 4637 haereticorum,
3287 4572 3356 4627 de
3403 4572 3605 4644 angulo
3652 4583 3774 4629 toto

2180 4657 2312 4713 orbe
2359 4666 2625 4732 terrarum
2666 4660 2906 4717 Ecclesia
2951 4661 3145 4718 diﬁ'osa
3185 4671 3300 4729 est,
3340 4678 3534 4720 omnes
3576 4676 3811 4735 gentes.

2182 4748 2381 4803 habent
2418 4749 2735 4806 Ecclesium.
2785 4751 2954 4808 Nemo
2992 4768 3093 4810 nos
3135 4753 3305 4820 fallat,
3350 4756 3464 4826 ipsa
3493 4764 3581 4811 est
3609 4772 3772 4823 vera,

2182 4840 2297 4909 ipsa
2325 4848 2409 4895 est
2438 4841 2719 4904 catholica,
2750 4845 2916 4914 erepit
2943 4846 3011 4899 ab
3036 4845 3395 4914 Hierusalem,
3419 4850 3674 4918 pervenit
3701 4849 3773 4904 ad

2184 4945 2302 4996 nos,
2331 4939 2390 4987 et
2415 4932 2488 4987 ibi
2514 4942 2619 4997 est,
2647 4944 2703 4989 et
2729 4935 2835 4991 hic.
2864 4935 2978 4991 Non
3001 4938 3233 4994 enimut
3259 4939 3367 4994 huc
3389 4938 3605 4994 veniret
3635 4939 3772 4994 inde

2181 5022 2453 5091 discessit,
2482 5028 2676 5092 crevit,
2715 5042 2822 5082 non
2867 5030 3140 5099 migravit.
3176 5030 3255 5101 Et
3284 5032 3478 5086 merito
3506 5031 3587 5086 sic
3625 5033 3770 5087 scri-

2178 5121 2332 5184 ptum
2382 5125 2492 5179 est,
2544 5116 2688 5172 inter
2734 5125 2929 5172 cetera
2982 5121 3270 5177 dominicas
3305 5121 3524 5190 pietatis
3568 5136 3767 5177 sacra-

2176 5214 2359 5261 menta
2386 5224 2399 5260 :
2432 5206 2500 5262 Et
2544 5208 2625 5262 sic
2650 5211 2954 5278 oportebat,
2985 5220 3047 5265 ut
3077 5212 3309 5268 ministri
3339 5214 3633 5278 sermonis,
3665 5214 3768 5285 qui

2176 5295 2230 5348 in
2262 5296 2480 5351 nomine
2507 5295 2708 5353 Christi
2738 5298 2982 5355 cruciﬁxi
3011 5309 3068 5357 et
3097 5303 3405 5358 resuscitati
3437 5319 3468 5358 a
3496 5307 3762 5368 mortuis,

2175 5386 2547 5455 paenitentiam
2589 5397 2747 5444 erant
2791 5397 2847 5443 et
2892 5391 3265 5447 remissionem
3313 5401 3660 5465 peccatorum
3710 5394 3767 5448 in

2171 5491 2361 5531 omnes
2398 5488 2585 5548 gentes
2624 5480 2994 5549 przedicaturi,
3026 5483 3095 5538 ab
3122 5481 3511 5554 Hierosolymis
3555 5484 3767 5554 incipe-

2172 5580 2313 5636 rent,
2343 5587 2450 5627 non
2483 5573 2655 5628 solum
2675 5614 2689 5637 ,
2718 5575 2843 5644 quia
2873 5577 3078 5631 credita
3108 5586 3233 5633 sunt
3260 5578 3367 5633 illis
3391 5576 3607 5648 eloquia
3635 5578 3764 5644 Dei,

2175 5661 2298 5729 quia
2340 5677 2526 5716 eonim
2574 5663 2849 5732 adoptatio
2873 5673 2958 5720 est
2996 5664 3250 5733 ﬁliorum,
3280 5677 3333 5722 et
3363 5668 3557 5738 gloria,
3589 5677 3645 5724 et
3682 5678 3771 5725 te~
