3978 6418
226 424 323 481 ΞΗ

1068 427 1592 513 COLLECTIONES
1630 433 1697 488 IN
1736 429 2115 488 EPISTOLAS
2152 428 2240 487 ET
2280 431 2692 489 EVANGEIJA.

3390 437 3501 492 εις

227 543 524 603 stamenta,
564 544 621 594 et
650 537 937 609 legislalio,
973 547 1031 596 et
1065 542 1381 611 obsequium
1399 585 1414 609 ,
1440 553 1500 600 et
1526 547 1816 616 promissa,
1848 552 1899 607 Α
1923 559 2022 615 pro
2050 551 2235 600 nostra
2256 545 2592 608 liberatione.
2629 547 2794 603 tradit
2824 548 3177 620 semetipsum
3206 551 3373 606 Filius
3398 565 3509 623 pro-

228 628 357 700 quia
381 642 573 685 eorum
602 638 799 699 patres,
827 641 883 687 et
908 646 976 688 ex
1001 633 1086 690 his
1108 633 1354 691 Christus
1375 638 1672 695 secundum
1700 655 1819 695 car-

232 737 384 787 nem,
409 724 505 793 qui
543 733 628 779 est
660 738 824 794 super
861 727 1043 781 omnia
1077 727 1219 784 Deus
1261 728 1577 788 benedictus
1621 734 1675 789 in
1716 749 1818 790 St!!-

234 810 351 870 Cuis
381 810 564 881 (Rom.
589 811 695 884 ix).
726 814 927 869 Verum
960 817 1125 872 etiam
1165 825 1225 873 ut
1258 827 1466 890 gentes,
1499 835 1620 891 qua:
1650 822 1818 880 variis

233 912 391 960 erant
426 906 706 961 erroribus
743 914 797 962 et
831 906 1490 982 tacinoribusimpiieatte,
1517 915 1623 971 hoc
1642 918 1812 973 maxi-

235 1010 337 1051 mae
387 996 584 1053 divinae
624 999 842 1068 pietatis
876 999 1154 1068 indicium,
1182 1004 1250 1060 ad
1285 1020 1437 1076 spem
1463 1007 1813 1076 impetrandae

235 1085 406 1142 venia
435 1098 789 1157 provocaret,
827 1092 970 1162 quod
1014 1094 1095 1150 eis
1122 1108 1335 1166 quoque
1379 1102 1470 1169 qui
1488 1093 1686 1153 Filium
1716 1099 1811 1155 Dei

234 1175 624 1234 cruciﬁxerunt
649 1220 664 1244 ,
714 1195 823 1235 non
878 1189 1088 1238 tantum
1139 1186 1353 1241 veniam
1408 1196 1592 1244 reatus
1632 1203 1663 1243 a
1702 1184 1809 1243 Pa-

236 1276 338 1331 tre,
369 1265 464 1323 sed
490 1275 548 1324 et
583 1270 707 1327 vitae
729 1278 946 1329 aeterna:
982 1274 1235 1347 gaudium
1279 1276 1528 1335 viderent
1572 1294 1692 1336 esse
1717 1279 1813 1336 do-

235 1363 439 1413 natum.

690 1432 894 1490 FERIA
930 1435 999 1493 IV
1036 1435 1347 1495 PASCIIIE.

606 1540 821 1581 Αστυυι
849 1543 1230 1586 Αροετοιοιιωι
1257 1547 1377 1586 CAP.
1403 1548 1486 1588 III.

309 1649 328 1684 ι
362 1631 628 1704 Aperiens
662 1634 854 1693 Petrus
877 1654 939 1694 os
970 1654 1128 1696 suum
1172 1641 1347 1697 dixit:
1378 1643 1491 1699 Viri
1533 1645 1809 1712 Israelitac,

240 1742 260 1775 ι
293 1732 351 1779 et
380 1725 473 1795 qui
511 1726 716 1784 timetis
762 1729 961 1792 Deum,
1008 1732 1207 1787 audite.
1261 1732 1402 1790 Deu‘s
1447 1734 1717 1792 Abraham
1758 1746 1813 1793 et

240 1832 259 1867 ι
297 1813 439 1871 Deus
460 1816 611 1874 Isaac
634 1827 691 1874 et
717 1818 858 1875 Deus
880 1819 1065 1887 Jacoh,
1096 1823 1240 1879 Deus
1265 1832 1478 1895 patrum
1501 1834 1809 1884 nostrorum

1921 642 2104 692 nostra
2150 637 2458 693 dilectione.
2509 636 2584 692 De
2632 638 2803 693 Patre
2844 640 2989 695 enim
3035 640 3112 695 ait
3154 639 3493 711 Apostolus:

1921 725 2025 792 Qui
2046 728 2258 798 praprio
2285 724 2429 782 Filio
2451 743 2555 783 non
2580 730 2826 799 pepercit,
2855 731 2945 784 sed
2966 748 3060 801 pro
3085 732 3231 788 nobis
3256 734 3497 791 omnibus

1919 816 2138 872 tradidit
2156 835 2296 873 eum.
2321 813 2542 875 DeFllio
2568 829 2755 874 autem
2792 838 2804 873 :
2846 819 2950 886 Qui
2979 820 3164 876 dilexit
3193 837 3289 878 nos
3311 833 3361 879 et
3388 835 3486 879 trav

1918 906 2053 962 didit
2084 909 2416 979 semetipsum
2441 925 2542 980 pro
2561 910 2732 965 nobis.

1992 997 2060 1052 Et
2090 1000 2314 1070 negastis
2335 1009 2457 1056 ante
2471 1002 2663 1071 faciem
2684 999 2866 1057 Pilati.
2893 1003 3143 1058 Dieentes
3174 1020 3188 1057 :
3218 1003 3498 1078 Cruciﬁge,

1918 1090 2186 1161 eruciﬁge,
2228 1092 2389 1147 talem
2420 1109 2519 1149 nos
2547 1110 2653 1150 non
2682 1094 2935 1150 habemus
2972 1111 3143 1166 regem
3180 1099 3282 1152 nisi
3319 1096 3501 1153 Cma-

1918 1198 2026 1235 rem
2046 1222 2059 1247 ,
2106 1199 2199 1237 nos
2225 1182 2388 1254 legem
2425 1186 2708 1251 habemus,
2742 1197 2792 1240 et
2828 1188 3115 1242 secundum
3150 1186 3312 1257 legent
3353 1187 3508 1244 debet

1918 1273 2073 1337 mori,
2100 1269 2386 1344 quiFilium
2410 1275 2509 1330 Dei
2538 1293 2593 1331 se
2619 1277 2761 1348 fecit.

1984 1362 2269 1422 Judicante
2303 1366 2396 1421 illo
2419 1368 2631 1424 dimitti.
2658 1369 2936 1436 Quaerebat
2961 1372 3118 1434 enim,
3148 1371 3225 1426 ait
3246 1372 3498 1443 Evange-

1915 1453 2088 1523 Iium,
2142 1455 2351 1512 Pilatus
2390 1461 2830 1529 opportunitatem
2870 1470 2929 1513 ut
2977 1460 3259 1516 dimitteret
3285 1459 3495 1524 Iesum,

1918 1546 2105 1601 dicens
2134 1565 2147 1599 ε
2183 1546 2297 1618 Ego
2339 1565 2444 1603 non
2482 1550 2690 1605 invenio
2722 1551 2778 1605 in
2813 1567 2873 1605 eo
2909 1567 3150 1617 causam,
3199 1551 3294 1608 sed
3327 1566 3501 1623 neque

1918 1632 2182 1699 Herodes,
2216 1636 2421 1693 Pilatus
2447 1639 2613 1694 mittit
2639 1640 2709 1695 ad
2731 1638 3020 1704 Herodem,
3056 1640 3296 1697 Herodes
3321 1642 3504 1697 remit-

1920 1727 1983 1781 tit
2010 1727 2078 1781 ad
2105 1727 2354 1784 Pilatum.
2389 1729 2533 1785 Inter
2552 1733 2687 1786 duas
2724 1731 3030 1802 impietates
3048 1772 3062 1795 ,
3094 1732 3353 1787 discurrit
3379 1733 3499 1802 pie-

1918 1825 2019 1881 tas,
2049 1828 2104 1873 et
2124 1826 2308 1896 tamen
2335 1820 2863 1891 impietas-pietatem
2899 1837 3004 1877 non
3032 1829 3211 1893 potest
3245 1822 3502 1878 condem-

241 1922 260 1955 ι
296 1905 618 1977 gioriﬁeavit
650 1908 817 1966 ﬁlium
847 1926 1001 1967 suum
1029 1911 1233 1980 Iesum,
1265 1930 1424 1985 quem
1461 1933 1556 1973 vos
1596 1918 1813 1990 quidem

1929 1919 2068 1960 nare.
2102 1906 2346 1963 Prmsens
2384 1918 2467 1965 est
2513 1925 2674 1976 reus,
2723 1918 2781 1967 et
2822 1927 2928 1966 non
2982 1912 3259 1967 invenitur
3298 1918 3497 1967 reatus.

248 2013 267 2046 ο
308 1996 625 2062 tradidistis.
655 2006 710 2055 et
742 2003 981 2074 negastis
1030 2012 1158 2059 ante
1205 2002 1399 2061 faciem
1450 2005 1646 2074 Pilati,
1677 2009 1824 2079 judi-

246 2105 265 2137 s
305 2096 466 2143 caute
496 2089 589 2146 illo
629 2090 849 2147 dimitti.
880 2091 990 2150 Vos
1029 2102 1207 2150 autem
1227 2095 1433 2164 justum
1476 2107 1532 2153 et
1574 2108 1821 2156 sanctum

239 2197 259 2229 ε
298 2185 554 2252 negastis,
580 2191 637 2238 et
662 2184 875 2254 petistis
906 2185 1079 2241 virum
1128 2186 1452 2244 homicidam
1492 2190 1684 2246 donari
1729 2206 1822 2247 vo-

240 2285 259 2318 ι
296 2269 400 2335 bis,
430 2281 707 2330 auctorem
735 2290 865 2331 vero
898 2277 1020 2333 vitze
1061 2277 1434 2346 iuterfecistis,
1476 2295 1637 2352 quem
1681 2282 1820 2338 Deus

238 2378 259 2411 ι
296 2362 577 2419 suscitavit
605 2380 635 2418 a
681 2368 927 2430 mortuis,
958 2369 1113 2440 cujus
1157 2385 1256 2426 nos
1295 2379 1462 2428 testes
1500 2387 1707 2427 sumus.
1750 2372 1818 2427 Et

238 2475 259 2508 ς
296 2470 462 2522 nunc,
507 2455 721 2522 fratres,
755 2458 891 2525 scio,
920 2461 1045 2530 quia
1075 2475 1172 2531 per
1199 2463 1561 2535 ignorantiam
1590 2463 1815 2533 fecistis,

239 2568 256 2599 ε
294 2549 436 2604 sicut
458 2556 512 2603 et
532 2550 805 2621 principes
830 2554 1019 2609 vestri.
1046 2553 1188 2611 Deus
1217 2564 1421 2623 autem,
1447 2558 1538 2627 qui
1566 2573 1819 2629 praenun—

239 2658 257 2688 ι
299 2640 454 2694 tiavit
477 2655 576 2710 per
599 2655 661 2696 os
692 2643 933 2698 omnium
968 2642 1363 2717 Prophetarum
1394 2650 1505 2719 pati
1540 2648 1815 2707 Christum

238 2747 257 2780 α
293 2745 450 2785 suum
480 2731 718 2802 implevit
742 2732 842 2789 sic.
880 2733 1222 2792 Pmnitemini
1265 2737 1430 2810 igitur
1452 2745 1508 2795 et
1544 2743 1813 2795 convcrti-

239 2838 257 2860 ο
291 2820 449 2885 mini,
475 2828 537 2877 ut
560 2820 840 2878 deleantur
862 2835 1041 2880 vestra
1069 2835 1344 2896 peccata.)

1926 1996 2247 2054 Tradidistis
2273 2001 2403 2056 milii
2434 2002 2579 2058 hunc
2604 2002 2897 2065 hominem,
2931 2004 3135 2073 inquit,
3160 2004 3315 2074 quasi
3347 2020 3503 2059 aver-

1924 2097 2123 2144 tentem
2161 2093 2413 2161 populum
2433 2134 2446 2157 ,
2489 2101 2543 2147 et
2573 2107 2701 2149 ecce
2735 2107 2919 2149 coram
2946 2094 3099 2149 vobis
3138 2096 3498 2165 interrogans.

1923 2180 2124 2234 nullam
2155 2196 2374 2238 causam
2404 2183 2619 2239 invenio
2652 2184 2706 2239 in
2742 2199 2830 2248 eo,
2873 2185 2925 2239 in
2956 2182 3041 2239 his
3071 2184 3125 2239 in
3155 2186 3350 2255 quibus
3377 2200 3501 2242 eum

1923 2273 2209 2328 accusatis.
2253 2272 2473 2340 Dicitis,
2518 2276 2662 2345 quod
2689 2275 2969 2345 praecipiat
3005 2275 3208 2331 tributa
3232 2290 3341 2332 non
3366 2276 3501 2331 solvi

1921 2361 2119 2420 Caesari
2146 2383 2159 2418 :
2192 2367 2534 2439 comprobavi
2563 2366 2756 2425 falsum
2787 2368 3085 2438 esse,quod
3113 2368 3367 2441 objicitis.
3398 2370 3502 2425 Do-

1920 2469 2047 2511 cere
2081 2457 2225 2513 hunc
2263 2465 2452 2514 contra
2488 2457 2662 2531 legem
2691 2457 2872 2517 dicitis
2908 2478 2920 2514 :
2963 2460 3189 2529 probavi
3225 2471 3352 2515 eum
3389 2473 3499 2515 non

1920 2547 2202 2606 destruere
2225 2550 2428 2622 legem,
2459 2551 2554 2608 sed
2585 2550 2911 2622 adimplere;
2941 2550 3122 2607 omnia
3152 2563 3272 2621 qua
3300 2550 3500 2620 obieci-

1921 2641 2019 2695 stis
2055 2641 2108 2695 in
2141 2639 2416 2698 diversum
2441 2642 2661 2697 inventa
2687 2648 2832 2698 sunt.

1981 2725 2052 2779 Et
2072 2722 2280 2792 petistis
2292 2721 2467 2775 virum
2496 2719 3203 2775 homicidamdonarirobis.
3223 2717 3356 2775 Erat
3396 2736 3497 2772 au—

1911 2827 2034 2879 tem,
2055 2817 2132 2871 ait
2156 2813 2532 2884 Evangelium,
2548 2816 2638 2885 qui
2653 2813 2934 2870 dicebatur
2947 2811 3244 2878 Barrabas,
3266 2814 3493 2877 vinctus,

302 2910 550 2980 Aper-iens
595 2908 784 2969 Petrus
814 2929 871 2969 os
918 2931 1072 2970 suum
1124 2916 1278 2972 dixit,
1323 2918 1624 2977 Notandum
1669 2925 1814 2993 quod
1907 2910 2073 2981 quiin
2098 2908 2349 2963 seditione
2382 2906 2579 2977 fecerat
2614 2905 2985 2961 homicidium.
3023 2904 3290 2959 Barrabas
3323 2904 3494 2969 enim,

238 3001 379 3056 viros
404 3001 474 3058 de
518 3016 715 3072 genere
746 3004 946 3072 Israel,
979 3015 1038 3062 et
1083 3009 1339 3066 timentes
1383 3011 1553 3068 Deum
1598 3013 1665 3068 ad
1712 3029 1812 3070 au-

239 3091 488 3148 diendum
532 3095 744 3152 Domini
791 3108 1050 3169 provocat
1092 3100 1337 3156 verbum.
1377 3101 1494 3160 Viri
1541 3107 1687 3163 enim
1730 3108 1813 3163 di-

238 3191 431 3240 cuntur
459 3199 491 3242 a
532 3187 757 3253 viribus,
797 3191 888 3261 qui
932 3193 1184 3249 nesciunt
1228 3195 1511 3255 tolerando
1552 3198 1806 3269 deﬁcere,

1909 3004 2002 3074 qui
2049 3000 2193 3071 ﬁlius
2222 3001 2394 3071 patris
2434 2999 2854 3068 interpretatur,
2888 2996 3162 3067 signiﬁcat
3194 2997 3496 3059 diabolum,

1911 3095 2006 3166 qui
2037 3094 2236 3149 multas
2259 3092 2565 3148 seditiones
2582 3091 2638 3147 in
2658 3099 2774 3146 toto
2803 3088 3048 3146 concitat
3073 3088 3228 3153 orbe,
3260 3090 3500 3143 homici-

1914 3190 2005 3245 dia
2040 3187 2253 3244 scilicet
2282 3196 2337 3243 et
2370 3184 2639 3241 adulteria
2670 3193 2728 3240 et
2753 3182 2938 3238 omnia
2973 3180 3350 3248 crimina.Qui
3382 3190 3501 3238 sta-

237 3284 330 3332 aut
375 3278 428 3332 in
484 3248 757 3352 prosperis
804 3248 983 3355 aliqua
1031 3299 1090 3340 se
1145 3248 1808 3358 eiaciaas'iicdig,"§§.i
1836 3248 1881 3311 Ε
1916 3286 2013 3339 tim
2045 3289 2106 3337 ut
2129 3282 2289 3339 Jesus
2320 3278 2623 3337 cruciﬁxus
2649 3286 2758 3342 est,
2782 3274 3053 3332 Barrahas
3079 3275 3183 3331 iste
3216 3273 3498 3337 dimissus.

238 3368 418 3425 animo
462 3370 642 3427 stabili
690 3372 849 3429 deﬁxi
894 3383 951 3430 et
989 3376 1291 3433 caelestium
1340 3394 1523 3436 rerum
1571 3391 1816 3441 contem-

239 3459 472 3532 platione
514 3461 732 3529 ﬁrmati,
761 3473 979 3521 manent
1026 3481 1239 3537 semper
1282 3469 1575 3542 impavidi:
1608 3473 1713 3538 Qui
1748 3476 1815 3530 ti-

239 3550 386 3606 inetis
411 3548 713 3621 Dominum,
752 3555 954 3626 inquit,
987 3557 1184 3623 audite,
1213 3558 1268 3615 id
1292 3567 1379 3615 est
1397 3601 1413 3626 ,
1443 3562 1534 3631 qui
1562 3577 1815 3619 reveren-

239 3640 368 3695 tiam
394 3640 607 3699 habetis
632 3646 867 3702 nominis
900 3645 1037 3716 ejus,
1066 3649 1192 3717 quia
1219 3648 1337 3718 ejus
1368 3653 1533 3708 verba
1560 3669 1668 3710 non
1708 3670 1818 3712 mc-

239 3737 388 3786 retur
428 3732 636 3798 audire,
662 3734 765 3791 nisi
790 3736 883 3809 qui
925 3739 1272 3809 cognoscitur
1308 3747 1365 3796 et
1392 3742 1604 3800 timere.
1631 3743 1817 3802 Timor

239 3831 419 3879 autem
464 3824 697 3890 Domini,
726 3828 853 3898 quia
876 3828 1056 3900 justus
1087 3840 1142 3885 et
1189 3839 1371 3891 rectus
1408 3841 1511 3891 est.
1558 3834 1816 3892 Auditum

241 3923 490 3982 renovat,
528 3929 764 3974 amorem
826 3918 1012 3975 tribuit
1036 3961 1051 3981 ,
1100 3921 1351 3979 ardorem
1404 3926 1677 3983 castitatis
1726 3929 1813 3984 in-

240 4007 495 4062 ﬂammat.

307 4098 451 4154 Deus
477 4100 762 4167 Abraham,
795 4102 936 4159 Deus
974 4104 1129 4161 Isaac
1164 4117 1213 4161 et
1258 4107 1400 4164 Deus
1430 4108 1623 4178 Iacob,
1675 4111 1815 4167 Deus

239 4197 447 4259 patrum
488 4201 810 4248 nostrorum.
858 4195 1073 4250 Poterat
1118 4197 1298 4254 dicere
1338 4199 1481 4256 Deus
1514 4201 1814 4270 Abraham,

242 4279 389 4337 Isaac
424 4288 479 4337 et
517 4279 681 4339 Jacob
704 4324 719 4349 ,
769 4284 863 4341 sed
906 4295 990 4342 ter
1025 4289 1269 4344 nominat
1311 4289 1480 4347 Deum
1517 4291 1812 4361 Abraham,

241 4369 414 4426 Deum
444 4370 611 4441 Isaac,
641 4375 806 4433 Deum
831 4375 1016 4444 .Iacoh,
1051 4389 1112 4435 ut
1137 4388 1194 4436 tu
1223 4380 1495 4455 intelligas
1517 4382 1735 4441 Patrem
1762 4396 1817 4443 et

242 4460 438 4518 Filium
473 4472 529 4519 et
559 4464 820 4536 Spiritum
860 4478 1140 4537 sanctum,
1170 4480 1226 4528 et
1266 4486 1335 4529 ne
1376 4473 1473 4530 tibi
1502 4477 1815 4533 scandalum

1914 3375 2152 3434 suffocat
2178 3373 2440 3445 populum
2471 3372 2804 3429 Judrenrum.

1990 3465 2262 3533 Auctorem
2288 3479 2404 3518 rere
2426 3463 2546 3519 vitae
2570 3462 2929 3533 interfecistis,
2943 3469 3049 3517 etc.
3063 3460 3218 3516 Illum
3235 3458 3326 3529 qui
3350 3458 3500 3529 pias-

1918 3551 2088 3605 mavit
2148 3532 2425 3607 hominem
2470 3551 2538 3606 de
2583 3532 2718 3607 limo
2763 3559 2963 3617 terrai,
3011 3558 3066 3606 et
3116 3548 3398 3619 inspiravit
3441 3548 3499 3602 in

1917 3641 2111 3698 faciem
2134 3641 2252 3712 ejus
2285 3642 2610 3714 spiraculum
2639 3643 2786 3707 vitae,
2824 3650 2880 3699 et
2921 3641 3098 3698 factus
3129 3648 3214 3695 est
3240 3641 3401 3695 homo
3440 3638 3495 3692 in

1918 3735 2155 3790 animam
2200 3737 2489 3792 viventem.
2528 3733 2683 3791 Ilium
2720 3735 2812 3807 qui
2861 3736 3040 3792 dixit:
3077 3733 3189 3806 Ego
3219 3749 3337 3787 sum
3376 3732 3496 3795 eia,

1919 3828 2108 3881 veritas
2154 3837 2203 3882 et
2241 3829 2345 3882 vita
2372 3824 2553 3900 (Joan.
2583 3826 2727 3895 xxv),
2767 3827 2915 3883 etde
2949 3841 3058 3898 quo
3086 3823 3359 3881 Joannes:
3394 3821 3495 3876 Hic

1916 3926 1992 3970 est
2021 3933 2173 3972 verus
2213 3916 2354 3972 Deus
2387 3926 2436 3972 et
2465 3918 2571 3972 vita
2593 3928 2790 3973 (eterna
2825 3915 2880 3986 (I
2899 3915 3061 3970 Joan.
3114 3908 3193 3976 v).
3446 3990 3449 3993 _

1986 4010 2058 4064 Et
2087 4027 2245 4072 nunc,
2269 4010 2481 4079 fratres,
2505 4009 2630 4071 scio,
2649 4008 2772 4080 quia
2786 4024 2879 4079 per
2903 4005 3254 4078 ignorantiam
3280 4004 3497 4073 fecistis.

1919 4101 1979 4156 Si
2005 4103 2144 4157 enim
2173 4103 2547 4172 cognovissent,
2588 4101 2664 4156 ait
2689 4099 2999 4170 Apostolus.
3026 4112 3291 4167 nunquam
3312 4094 3500 4149 Domi-

1918 4211 2043 4250 num
2063 4192 2246 4264 gloria:
2267 4192 2669 4265 cruciﬁxissent.
3382 4255 3397 4265 .

1989 4285 2128 4341 Deus
2153 4293 2327 4339 autem
2364 4284 2454 4354 qui
2487 4280 2856 4353 praenuntiavit
2882 4293 2974 4349 per
3010 4293 3068 4332 os
3100 4277 3334 4332 omnium
3365 4291 3492 4343 pro-

1915 4377 2209 4448 phetarum,
2234 4375 2343 4446 pati
2372 4371 2641 4428 Christum
2667 4386 2823 4425 suum
2847 4367 3112 4439 impletum
3145 4366 3239 4420 sic.
3270 4363 3409 4419 lIinc
3439 4373 3496 4418 ct

1917 4470 2032 4538 ipse
2061 4466 2320 4522 Dominus
2347 4462 2597 4534 Cleophre
2615 4459 2801 4516 etalio
2823 4457 3085 4528 discipulo
3116 4458 3192 4511 ait
3222 4474 3235 4509 :
3273 4455 3320 4509 0
3345 4457 3496 4509 stulti

244 4564 397 4611 terna
429 4557 522 4614 Dei
555 4561 852 4618 nominatio
881 4573 1188 4634 generaret,
1213 4565 1363 4621 addit
1400 4585 1412 4622 :
1440 4567 1581 4622 Deus
1606 4577 1815 4639 patrum
1841 4598 1894 4658 D
1919 4570 1969 4615 ει
2008 4557 2148 4613 lardi
2180 4557 2337 4643 σοι’άέ
2358 4556 2437 4658 σέ.
2458 4553 2772 4658 "edentulum
2792 4594 2806 4619 υ
2835 4553 2891 4607 ίη
2920 4550 3306 4658 ξξηιηξίξιξβιξίξ
3335 4548 3503 4658 ίοευξξ

170 4696 175 4703 .
238 4657 559 4715 nostrorum,
585 4652 877 4726 prudenter
898 4656 1042 4710 enim
1078 4671 1338 4727 personas
1367 4658 1617 4716 distinxit
1636 4669 1692 4717 et
1719 4677 1815 4717 na-

246 4748 421 4795 turam
458 4742 649 4798 univit.

313 4828 636 4902 Gloriﬁcauit
653 4829 830 4890 Flium
855 4852 1010 4892 suum
1039 4836 1243 4894 Iesum.
1282 4840 1619 4899 Gloriﬁcavit
1649 4842 1814 4900 ﬁlium

1918 4657 2039 4704 sunt
2067 4638 2350 4719 prophetia.
2385 4644 2574 4700 Nonne
2593 4644 2704 4698 lucc
2727 4643 2953 4714 oportuit
2985 4642 3093 4711 pati
3122 4637 3410 4699 Christum,
3444 4647 3497 4691 et

1918 4740 1993 4791 ita
2025 4740 2225 4792 intrare
2270 4736 2329 4790 in
2357 4734 2582 4805 gloriam
2610 4733 2801 4789 suam?
2829 4731 2898 4787 Et
2924 4731 3178 4802 incipiens
3203 4747 3235 4784 a
3266 4728 3411 4783 Moss
3441 4738 3493 4783 et

1917 4828 2156 4884 omnibus
2195 4826 2457 4898 prophetis
2484 4865 2499 4890 ,
2539 4822 2981 4896 interpretabatur
3017 4821 3123 4876 illis
3162 4820 3227 4875 de
3254 4820 3497 4875 omnibus

245 4936 425 4988 suum,
446 4923 662 4993 quando
686 4934 807 4997 post
835 4929 1287 4986 resurrectionem
1314 4931 1478 4987 nimis
1512 4933 1823 4989 mirabilem:

1929 4918 2189 4990 icripturis
2206 4959 2222 4984 ,
2250 4934 2368 4990 quis
2394 4918 2461 4973 de
2483 4918 2596 4989 ipso
2637 4924 2785 4972 erant
2825 4914 2980 4988 (Luc.
3007 4913 3235 4985 ultimo).
3263 4912 3320 4968 Si
3347 4912 3494 4968 enim

244 5013 413 5069 totius
428 5014 610 5071 mundi
640 5016 1033 5082 credulitatem,
1064 5019 1203 5076 Deus
1227 5021 1277 5077 ei
1318 5023 1370 5077 in
1397 5037 1462 5078 eo
1485 5023 1627 5095 quod
1653 5025 1815 5081 homo

244 5102 419 5160 laetus
456 5114 562 5172 est,
601 5105 801 5163 habere
841 5110 1127 5165 concessit.
1170 5109 1503 5169 Gioriﬁeavit
1542 5128 1665 5170 eum
1701 5115 1816 5188 glo-

243 5197 324 5252 ria
365 5199 798 5265 resurrectionis,
825 5199 1146 5270 gloriﬁcavit
1176 5200 1342 5274 gloria
1377 5206 1728 5273 ascensionis,
1748 5202 1817 5263 et

244 5283 566 5356 gloriﬁcavit
590 5301 699 5341 sum
720 5289 922 5343 dextra:
951 5291 1209 5345 sessione.

317 5372 481 5445 Quem
502 5390 595 5428 vos
621 5375 829 5445 quidem
864 5376 1178 5432 tradidistis.
1206 5377 1343 5436 Hinc
1363 5382 1507 5436 enim
1538 5385 1817 5454 respondit

244 5458 448 5520 Pilatus
468 5463 715 5529 Domino,
747 5463 937 5521 dicens
963 5483 976 5519 :
1004 5464 1258 5535 Nunquid
1283 5484 1376 5539 ego
1403 5466 1629 5525 Judwus
1663 5475 1822 5528 sum?

245 5555 383 5611 Gens
414 5564 507 5611 tua
545 5564 594 5611 et
627 5555 899 5626 pontifices
938 5556 1271 5613 tradiderunt
1297 5568 1348 5614 te
1384 5560 1537 5626 mihi,
1577 5563 1703 5634 quid
1738 5565 1816 5633 fe-

244 5648 362 5705 cisti
413 5647 595 5719 (Joan.
628 5648 1180 5721 svur)?subauditur,
1222 5658 1283 5705 ut
1320 5650 1612 5708 tradereris
1658 5655 1813 5710 mihi.

246 5732 611 5796 Tradiderunt
654 5740 799 5795 enim
854 5741 1138 5797 Dominum
1188 5742 1497 5799 sacerdotes
1533 5758 1631 5814 per
1685 5744 1821 5800 invi-

1918 5008 2096 5066 !Ioses
2130 5016 2187 5066 et
2221 5020 2411 5067 omnes
2443 5008 2721 5078 prophetae
2752 5006 3029 5063 Christum
3064 5004 3225 5061 locuti
3254 5013 3412 5069 sunt,
3440 5013 3498 5061 et

1920 5104 2066 5161 hunc
2089 5117 2190 5175 per
2216 5102 2520 5172 angustiam
2545 5100 2815 5172 passionis
2832 5099 2887 5153 in
2911 5098 3137 5168 gloriam
3158 5111 3311 5154 suam
3328 5096 3499 5152 intra-

1924 5204 2136 5259 turum,
2169 5208 2278 5265 qua
2318 5193 2528 5249 ratione
2561 5206 2621 5248 se
2647 5190 2953 5265 gloriantur
2983 5204 3103 5245 esse
3135 5188 3492 5255 Christianos,

1922 5287 2014 5358 qui
2038 5286 2209 5354 ’juxta
2249 5284 2445 5341 virium
2490 5297 2709 5339 suarum
2760 5282 3032 5338 modulum
3060 5282 3101 5346 ,'
3132 5290 3308 5350 neque
3343 5275 3492 5334 Scri-

1922 5387 2129 5449 pturas,
2155 5374 2388 5447 qualiter
2409 5372 2478 5428 ad
2507 5372 2780 5428 Christum
2809 5371 3118 5443 pertineant
3149 5367 3491 5438 investigare.

1924 5485 2100 5542 neque
2127 5467 2194 5524 ad
2217 5465 2445 5537 gloriam
2458 5478 2640 5536 quam,
2664 5478 2786 5519 cum
2798 5460 3017 5519 Christo
3037 5462 3239 5517 habere
3252 5458 3491 5528 cupiunt,

1920 5575 2018 5630 per
2055 5558 2338 5631 passiones
2364 5553 2771 5610 tribulationum
2800 5552 3111 5608 desiderant
3137 5549 3421 5631 attingere.

2191 5662 2526 5704 εγλκῦειιωι
2554 5659 2788 5709 JOANNIS,
2817 5658 2937 5700 CAP.
2968 5655 3227 5698 υιτικυη.

1999 5762 2017 5795 r
2065 5740 2427 5797 llaniiest-avit
2463 5754 2522 5795 se
2560 5736 2716 5793 Jesus
2745 5737 2938 5791 iterum
2970 5732 3242 5805 discipulis
3281 5729 3394 5789 suis
3427 5730 3495 5785 ad

246 5835 413 5904 diam,
447 5832 669 5890 tradidit
698 5830 859 5889 ludas
882 5849 979 5903 per
1003 5826 1378 5904 Cupiditatcm,
1411 5833 1629 5889 tradidit
1660 5834 1837 5890 Pater'
1931 5852 1948 5883 ι
1995 5818 2141 5889 mare
2169 5830 2503 5903 Tyberiadis.
2534 5827 2893 5883 manifestam
2949 5832 3127 5881 amem
3162 5824 3239 5880 Sic
3273 5843 3283 5875 ⁵
3325 5823 3495 5878 Em“
