3978 6414
510 423 620 480 153

1796 410 2074 466 SMARAG
2084 410 2146 465 Dl
2181 408 2473 465 ABBATIS

3659 409 3763 466 ill

515 557 537 592 ε
577 536 740 594 simul
772 534 957 590 Simon
980 530 1173 588 Petrus
1200 541 1256 586 et
1283 531 1540 594 Thomas,
1573 528 1668 597 qui
1697 526 1896 583 dicitur
1921 524 2082 594 Didy-
2111 528 2158 585 Α
2184 523 2366 579 littore
2399 521 2550 577 stetit
2565 521 2698 590 ,qui
2724 530 2848 576 ante
2887 522 3340 578 resurrectionem
3360 537 3541 587 suam,
3576 538 3765 581 eorum

514 645 536 680 ‹
580 640 721 691 mus,
740 631 798 680 et
814 620 1134 686 Nathanael,
1149 621 1241 691 qui
1264 627 1384 677 erat
1406 634 1437 673 a
1458 617 1607 677 Cana
1624 614 1880 680 Galilazaa,
1903 623 1960 671 et
1984 612 2080 668 lilii

513 733 536 770 ς
579 713 848 780 Zebedazi,
876 721 936 770 et
960 711 1052 793 alii
1077 725 1148 766 ex
1160 708 1443 779 discipulis
1464 707 1583 776 eius
1593 706 1722 765 duo.
1740 704 1881 761 Dicit
1897 705 1982 761 eis
1996 703 2083 763 Si-

511 826 533 860 ‹
578 821 705 865 mon
724 801 1120 863 Pctrus:Vado
1146 801 1364 874 piscari.
1393 800 1589 857 Dicunt
1613 798 1666 857 ei
1700 816 1713 851 :
1749 797 2084 857 Venimuset

515 918 533 951 ‹
579 912 678 954 nos
702 905 903 953 tecum.
931 894 1000 949 Et
1025 894 1274 949 exierunt
1310 898 1365 946 et
1395 889 1755 949 ascenderunt
1788 889 1842 943 in
1879 887 2081 950 navim,

516 1010 533 1043 ε
578 998 636 1046 et
672 988 763 1045 illa
792 994 953 1043 nocte
978 985 1115 1043 nihil
1145 983 1552 1056 prendiderunt.
1584 980 1739 1039 liene
1777 990 1960 1037 autem
1998 977 2082 1035 fa-

515 1103 534 1135 ι
578 1092 668 1139 cto
693 1080 846 1137 stetit
864 1077 1021 1136 Iesus
1042 1078 1103 1133 in
1132 1078 1334 1141 littore,
1357 1090 1465 1131 non
1491 1084 1670 1129 tamen
1688 1078 2083 1143 cognoverunt,

514 1191 535 1225 ο
579 1173 708 1242 quia
740 1168 900 1227 Iesus
916 1176 1024 1227 est.
1060 1166 1208 1225 Dixit
1234 1181 1364 1236 ergo
1393 1165 1475 1219 eis
1500 1162 1662 1219 Iesus
1692 1180 1705 1216 :
1732 1162 1914 1225 Pueri,
1944 1176 2085 1219 nun-

518 1281 537 1314 t
576 1262 705 1333 quid
758 1258 1175 1331 pulmentarium
1222 1254 1477 1316 habetis?
1524 1251 1938 1322 Responderunt
1974 1254 2026 1307 ei
2066 1267 2082 1305 :

515 1371 534 1403 ι
580 1350 717 1406 Non.
750 1348 897 1407 Dixit
918 1348 1043 1409 eis:
1074 1345 1269 1403 Mittite
1305 1346 1361 1403 in
1392 1344 1671 1405 dexteram
1706 1341 1907 1412 navigii
1947 1350 2082 1407 rete,

514 1461 533 1491 ‹
579 1448 635 1497 et
663 1438 969 1499 invenietis.
1012 1435 1277 1495 Iliscrunt
1315 1448 1447 1504 ergo
1472 1443 1529 1488 et
1557 1432 1672 1505 jam
1704 1447 1813 1486 non
1834 1429 2089 1488 valebant

512 1548 533 1582 s
577 1529 708 1589 illud
735 1529 955 1589 trahere
992 1541 1105 1597 pra:
1136 1523 1481 1583 multitudine
1505 1522 1757 1592 piscium.
1791 1520 2087 1588 Dixitergo

513 1641 533 1670 ι
579 1618 877 1690 discipulus
904 1616 999 1673 ille
1022 1631 1188 1685 quem
1209 1612 1463 1683 diligebat
1487 1609 1647 1669 Iesus
1672 1610 1835 1665 Petro
1860 1624 1875 1665 :
1906 1608 2086 1665 Domi-

513 1731 533 1763 ‹
576 1725 684 1767 nus
702 1717 805 1765 est.
835 1707 1023 1769 Simon
1047 1705 1240 1761 Petrus
1258 1718 1383 1761 cum
1410 1701 1650 1759 audisset
1673 1701 1799 1771 quia
1825 1698 2088 1754 Dominus

513 1821 530 1851 ε
574 1807 679 1864 est,
709 1797 892 1859 tunica
920 1794 1188 1850 succinsit
1208 1790 1447 1871 ὠκεῖαι
1465 1791 1610 1847 enim
1635 1789 1812 1845 nudus
1857 1799 1914 1845 et
1941 1788 2089 1851 misit

2180 612 2459 683 discipulis
2482 613 2537 667 in
2559 610 2812 668 ﬂuctibus
2838 612 3010 669 maris
3037 612 3355 668 ambulavit.
3383 611 3551 681 Cuius
3574 614 3662 675 rei
3679 629 3765 670 ra-

2182 702 2257 764 tio
2276 700 2469 763 lestine
2494 701 2860 776 cognoscitur,
2884 702 2930 757 si
2954 702 3071 771 ipsa
3096 718 3221 772 qum
3238 711 3373 758 tunc
3397 704 3571 765 inerat
3596 720 3765 765 causa

2180 802 2454 863 pensetur.
2488 792 2627 860 Quid
2664 793 2809 848 enim
2835 807 3028 859 mare,
3080 793 3185 848 nisi
3225 807 3469 863 praesens
3498 794 3763 853 arculum

2182 883 2481 955 signiﬁcat,
2511 883 2653 956 quod
2686 898 2746 945 se
2782 897 3071 939 causarum
3097 883 3331 941 tumultu
3356 892 3413 939 et
3437 883 3601 943 undis
3636 885 3768 942 vitae

2182 974 2551 1045 corruptibilis
2586 972 2846 1033 illiditur?
2885 972 3025 1040 Quid
3058 987 3159 1043 per
3182 972 3515 1031 soliditatem
3541 972 3763 1042 littoris,

2183 1063 2286 1120 nisi
2322 1063 2410 1119 illa
2438 1064 2771 1133 perpetuitas
2809 1063 3007 1134 quietis
3044 1074 3259 1118 eterna:
3298 1063 3589 1134 ﬁguratur,
3634 1067 3763 1135 quia

2186 1156 2349 1225 igitur
2369 1153 2613 1223 discipuli
2641 1156 2817 1211 adhuc
2835 1154 3088 1213 lluc.ibus
3114 1154 3359 1219 mortalis
3375 1156 3501 1211 vita
3525 1157 3758 1220 inerant,

2186 1243 2240 1299 in
2265 1244 2402 1299 mari
2426 1243 2759 1306 laborabant,
2786 1244 2913 1315 quia
2933 1258 3062 1304 vero
3080 1243 3411 1314 Redemptor
3436 1254 3626 1303 noster
3642 1247 3755 1318 iatn

2185 1334 2586 1404 corruptionem
2607 1334 2787 1388 carnis
2814 1343 3141 1399 excesserat,
3162 1345 3284 1405 post
3307 1328 3760 1397 resurrectionem

2186 1439 2338 1479 suam
2371 1425 2426 1478 in
2454 1423 2635 1478 littore
2674 1424 2880 1490 stabat,
2929 1439 2995 1479 ac
3036 1424 3086 1480 si
3128 1425 3306 1494 ipsum
3348 1426 3761 1482 resurrectionis

2187 1534 2297 1577 sua:
2321 1519 2637 1589 mysterium
2680 1519 2858 1587 rcipsa
2886 1518 3164 1587 discipulis
3181 1517 3513 1588 loqueretur,
3536 1519 3720 1575 dicens
3745 1538 3761 1574 :

2186 1610 2307 1668 Iam
2345 1611 2497 1666 vobis
2544 1611 2598 1665 in
2626 1611 2768 1664 mari
2793 1625 2902 1665 non
2929 1625 3193 1681 appareo,
3230 1611 3359 1679 quia
3404 1609 3686 1666 vobiscum
3712 1611 3762 1664 in

2189 1702 2607 1771 perturbationis
2644 1699 2896 1755 ﬂuetibus
2937 1716 3043 1757 non
3088 1717 3228 1759 sum.
3272 1699 3440 1757 Facta
3473 1710 3561 1759 est
3587 1710 3767 1760 autem

2187 1794 2463 1863 discipulis
2488 1790 2803 1861 piscationis
2835 1806 3026 1861 magna
3050 1791 3343 1848 dillicultas
3363 1832 3380 1859 ,
3416 1799 3476 1848 ut
3507 1791 3768 1863 magistro

512 1910 530 1941 ς
574 1906 632 1949 se
656 1889 719 1945 in.
740 1904 910 1950 mare.
950 1885 1057 1941 Alii
1087 1893 1267 1945 autem
1286 1881 1539 1952 discipuli
1561 1880 1781 1951 navigio
1804 1887 2091 1935 venerunt.
2122 1872 2169 1931 Β
2198 1883 2445 1938 veniente
2472 1881 2629 1937 ﬁeret
2647 1882 3020 1937 admirationis
3046 1897 3253 1953 magum
3274 1883 3601 1941 sublimitas.

512 2003 529 2033 σ
577 1979 703 2035 Non.
727 1981 873 2039 enim
913 1977 1072 2048 longe
1099 1983 1258 2031 erant
1296 1990 1327 2028 a
1358 1983 1524 2039 terra,
1567 1971 1662 2029 sed
1689 1971 1846 2042 quasi
1884 1970 2092 2027 cubitis

512 2094 527 2121 ι
575 2071 845 2135 ducentis,
876 2069 1155 2124 trahentes
1182 2077 1297 2123 rete
1320 2066 1573 2136 piscium.
1614 2063 1686 2120 Ut
1712 2078 1845 2132 ergo
1870 2064 2093 2119 descen-

513 2180 531 2211 ι
577 2159 779 2216 derunt
804 2159 856 2215 in
881 2165 1117 2223 terram,
1145 2153 1401 2211 viderunt
1426 2167 1628 2223 prunas
1657 2153 1883 2223 positas,
1915 2161 1971 2207 et
2004 2152 2088 2222 pi-

511 2269 530 2301 σ
576 2262 725 2311 seem
767 2245 1164 2317 superpositum
1205 2252 1262 2300 et
1298 2258 1515 2315 panem.
1568 2242 1706 2303 Dicit
1753 2242 1837 2307 eis
1878 2239 2085 2296 Iesus:

513 2361 532 2393 ι
573 2338 775 2403 An‘erte
794 2336 1256 2410 depiscibusquos
1272 2334 1624 2406 prendidistis
1642 2348 1807 2389 nunc.
1830 2331 2089 2389 Ascendit

513 2451 541 2485 σε
575 2446 711 2503 ergo
733 2430 918 2497 Simon
956 2428 1171 2499 Petrus,
1210 2437 1267 2484 et
1294 2428 1461 2489 traxit
1487 2435 1605 2488 rete
1621 2427 1692 2491 'in
1724 2435 1944 2494 terram,
1976 2426 2089 2496 ple-

512 2544 531 2573 ι
578 2537 713 2580 nunt
732 2521 946 2593 magnis
970 2520 1209 2590 piscibus
1231 2529 1449 2585 centum
1470 2519 1863 2591 quinquaginta
1889 2519 2079 2575 tribus.

2263 1970 2412 2025 Dixit
2459 1971 2534 2025 eis
2578 1988 2595 2026 :
2642 1969 2833 2025 Mittite
2885 1971 2939 2025 in
2992 1971 3257 2026 dexteram
3312 1972 3504 2042 navigii
3561 1982 3670 2028 rete
3721 1983 3766 2028 et

2190 2064 2478 2121 invenietis.
2530 2062 2623 2119 Bis
2670 2064 2723 2117 in
2778 2072 2967 2117 sancto
3020 2061 3305 2134 Evangelia
3354 2063 3595 2134 legitur,
3646 2066 3767 2134 quia

2191 2153 2450 2209 Dominus
2480 2154 2676 2224 jussit,
2708 2164 2767 2209 ut
2794 2154 2860 2211 ad
2886 2154 3206 2223 piscantium
3236 2154 3372 2210 retia
3402 2155 3766 2211 mitterentur.

2188 2242 2329 2300 Ante
2368 2245 2676 2315 passionem
2718 2240 3006 2309 videlicet,
3035 2253 3091 2300 et
3122 2253 3248 2314 post
3284 2245 3622 2313 passionem.
3665 2242 3769 2303 Sed

2186 2333 2502 2405 priusquam
2532 2333 2860 2405 Redemptor
2885 2342 3073 2391 noster
3111 2342 3395 2406 pateretur
3420 2343 3479 2391 et
3512 2349 3767 2408 resurge-

2187 2436 2290 2492 ret,
2312 2427 2457 2483 mitti
2475 2427 2695 2499 quidem
2724 2435 2838 2483 rete
2857 2426 2926 2481 ad
2947 2427 3265 2497 piscandum
3274 2427 3450 2497 jubet,
3466 2430 3561 2484 sed
3585 2438 3771 2486 utrum

2187 2521 2242 2577 in
2290 2519 2541 2577 dextram
2584 2534 2656 2577 an
2701 2520 2757 2575 in
2801 2520 3081 2575 sinistram
3130 2520 3272 2575 mitti
3326 2519 3608 2579 debuisset
3663 2537 3768 2578 non

514 2630 532 2662 ι
581 2610 644 2669 Et
669 2624 790 2665 cum
816 2609 951 2664 tanti
972 2619 1174 2674 essent,
1198 2625 1307 2667 non
1324 2609 1658 2669 cstscissmu
1681 2617 1814 2663 rete.
1840 2607 1981 2663 Dicit
2003 2607 2085 2663 eis
2177 2607 2349 2677 jubet.
2375 2609 2501 2667 Post
2534 2612 2985 2667 resurrectionem
3018 2626 3150 2667 vero
3169 2611 3449 2683 discipulis
3478 2628 3765 2684 apparens,

514 2723 545 2757 α
576 2704 775 2761 Iesus:
799 2701 1302 2772 Venite,praudote.
1328 2700 1395 2758 Et
1419 2714 1582 2758 nemo
1596 2698 2083 2759 wdebatdisctm-

515 2814 535 2848 ‹
578 2795 821 2851 hostium
868 2795 1207 2865 interrogare
1250 2807 1375 2851 eum
1408 2811 1422 2846 :
1456 2790 1535 2847 Tu
1553 2792 1677 2862 quis
1709 2790 1803 2846 es?
1846 2792 2081 2849 scientes

514 2906 541 2940 «η
578 2888 703 2958 quia
731 2887 992 2943 Dominus
1007 2894 1111 2941 est.
1133 2884 1202 2942 Et
1224 2885 1369 2943 venit
1386 2881 1607 2943 Iosttset
1632 2883 1843 2953 accepit
1859 2897 2077 2954 penem,

513 2996 545 3031 ε
579 2988 643 3034 et
661 2977 809 3034 dedit
827 2977 974 3035 eiset
992 2977 1198 3047 piscem
1223 2973 1498 3035 similiter.
1516 2971 1630 3031 lloc
1642 2971 1759 3040 jam
1781 2972 1945 3027 tertio
1966 2988 2080 3028 ma-

515 3090 543 3121 ι
576 3068 867 3126 nilestatus
900 3076 985 3124 est
1028 3066 1189 3127 Iesus
1234 3065 1514 3136 discipulis
1551 3065 1681 3131 suis,
1713 3078 1858 3129 _cum
1899 3078 2079 3120 resur-

514 3182 535 3214 ι
580 3161 812 3220 resistet
832 3174 864 3218 a
888 3159 1135 3219 mortuis.
1181 3178 1201 3210 ι

2183 2701 2326 2756 mitti
2354 2710 2469 2757 rete
2510 2702 2565 2757 in
2606 2701 2852 2757 dextram
2887 2700 3057 2774 jubet.
3089 2701 3146 2759 lu
3186 2701 3276 2759 illa
3300 2703 3604 2773 piscatione
3641 2704 3770 2760 tanti

2181 2795 2326 2863 capti
2374 2804 2520 2859 sunt,
2574 2803 2635 2848 ut
2674 2795 2809 2851 retia
2853 2804 3268 2864 rumperentur,
3324 2795 3381 2850 in
3428 2796 3532 2853 ista
3590 2806 3771 2852 sum

2181 2892 2235 2939 et
2275 2883 2431 2941 multi
2458 2884 2610 2957 capti.
2643 2894 2811 2953 sunt,
2846 2893 2903 2941 et
2943 2884 3080 2941 netia
3112 2895 3271 2955 rupta
3310 2901 3420 2947 non
3455 2895 3604 2945 sunt.
3640 2885 3771 2955 Quis

2186 2990 2316 3031 vero
2337 2976 2546 3032 nesciat
2582 2978 2756 3032 bonos
2777 2978 2965 3032 dextra
2991 2986 3046 3032 et
3065 2976 3237 3033 malos
3262 2978 3485 3033 sinistra
3509 2976 3767 3049 ﬁgurari!

2185 3064 2278 3120 Illa
2305 3080 2436 3137 ergo
2463 3066 2692 3138 piscatio
2718 3068 2773 3122 in
2805 3081 2912 3137 qua
2941 3067 3250 3139 specialiter
3273 3068 3330 3123 iu
3356 3083 3520 3138 quam
3550 3077 3768 3138 partem

2187 3157 2330 3213 mitti
2360 3166 2475 3213 rete
2499 3156 2692 3215 debeat
2726 3173 2834 3214 non
2852 3157 3095 3230 iubetur,
3120 3168 3440 3230 praestem
3462 3159 3765 3221 Ecclesiam

580 3218 933 3325 Manifesta-it
969 3270 1027 3308 se
1057 3218 1214 3309 Iesu:
1244 3253 1313 3315 ad
1349 3269 1494 3307 utare
1540 3250 1847 3322 Tyberiadis
1867 3292 1882 3318 ,
1913 3252 2084 3304 mani-
2112 3218 2156 3279 θ
2188 3247 2509 3316 designavit,
2546 3262 2667 3322 qua
2691 3218 2874 3306 bonos.
2899 3249 3059 3306 simul
3083 3218 3165 3305 ac
3188 3249 3362 3305 malos
3383 3218 3624 3331 colligit,
3666 3265 3771 3306 nec

509 3346 713 3415 {citavit
733 3354 907 3400 autem
930 3347 1024 3399 sic.
1061 3342 1231 3403 Erant
1257 3344 1417 3399 simul
1453 3342 1635 3400 Simon
1657 3339 1849 3399 Petrus
1864 3353 1912 3399 et
1944 3341 2082 3400 Tho-

508 3452 647 3501 mas,
672 3435 762 3506 qui
789 3435 983 3495 dicitur
1010 3432 1301 3504 Didymus,
1335 3446 1383 3488 et
1424 3431 1752 3499 Natlianacl,
1783 3433 1874 3504 qui
1905 3444 2016 3489 erat
2051 3452 2082 3487 a

510 3526 658 3583 Cana
692 3522 953 3591 Calilata',
991 3534 1041 3581 et
1081 3523 1184 3593 ﬁlii
1209 3521 1475 3585 Zebedtnt',
1510 3533 1559 3577 et
1587 3521 1681 3577 alii
1714 3540 1779 3579 ex
1814 3523 2083 3595 discipulis

509 3615 625 3685 ejus
653 3615 780 3671 duo.
814 3611 955 3672 Dicit
980 3615 1055 3675 eis
1079 3612 1264 3668 Simon
1297 3607 1489 3667 Petrus
1517 3626 1535 3664 :
1576 3609 1722 3668 Vada
1752 3615 1965 3684 piscari.
1990 3613 2083 3669 Di-

510 3697 736 3763 cuntei:
772 3703 1022 3761 Venimus
1040 3713 1089 3761 et
1114 3720 1208 3761 nos
1238 3713 1429 3759 tecum.
1461 3702 1530 3757 Et
1549 3705 1792 3787 exierunt
1820 3715 1866 3759 et
1897 3722 2081 3761 ascen-

509 3799 698 3855 derunt
728 3797 784 3855 in
823 3798 1026 3861 navim,
1054 3805 1103 3851 et
1132 3795 1224 3851 illa
1259 3807 1406 3851 nocte
1442 3796 1573 3851 nihil
1601 3807 1863 3868 ceperunt.
1906 3796 2082 3865 aneri

510 3886 653 3939 enim
676 3893 854 3956 potest
874 3900 971 3942 cur
1001 3882 1216 3950 Petrus,
1242 3885 1335 3954 qui
1366 3885 1603 3955 piscator
1626 3894 1751 3940 ante
1776 3886 2085 3951 conversio-

510 3991 634 4035 nem
659 3973 790 4041 fuit,
818 3985 941 4045 post
966 3978 1372 4035 conversionem
1408 3977 1477 4035 ad
1508 3977 1865 4047 piscationem
1892 3979 2085 4034 rediit?

509 4077 565 4122 et
589 4082 711 4123 cum
733 4064 940 4129 Veritas
966 4069 1112 4127 dicat
1142 4087 1156 4123 :
1189 4067 1355 4124 Nemo
1380 4071 1585 4125 mittens
1610 4088 1825 4126 manum
1846 4088 1998 4127 suam
2026 4072 2082 4125 in

508 4169 767 4223 aratrum,
797 4169 844 4214 et
870 4161 1127 4230 aspiciens
1151 4170 1307 4224 retro,
1338 4169 1490 4231 aptus
1515 4172 1591 4225 est
1615 4180 1770 4233 regno
1796 4162 1897 4217 Dei
1925 4161 2080 4233 (Luc.

511 4250 609 4319 ts),
638 4265 737 4305 cur
759 4251 972 4319 repetiit
986 4249 1129 4321 quod
1152 4251 1464 4320 dereliquit?
1487 4251 1594 4311 Sed
1617 4253 1661 4309 si
1682 4254 1857 4308 virtus
1880 4252 2083 4309 discre-

509 4340 674 4396 tionis
698 4341 993 4401 intenditur
1021 4342 1181 4403 citius
1209 4344 1440 4408 videtur,
1472 4344 1598 4413 quia
1625 4345 1884 4403 nimirum
1917 4360 2081 4417 nego-

509 4434 646 4489 tium
673 4432 816 4501 quod
846 4441 972 4489 ante
995 4434 1405 4494 conversionem
1445 4435 1563 4489 sine
1591 4444 1814 4503 peccato
1852 4436 2081 4500 exstitit,

2184 3337 2337 3410 eligit
2360 3352 2499 3408 quos
2520 3339 2734 3404 trahat,
2764 3340 2892 3412 quia
2919 3350 2976 3395 et
3001 3355 3138 3410 quos
3172 3340 3374 3413 eligere
3396 3342 3575 3411 possit
3614 3344 3775 3415 igne--

2186 3438 2289 3487 rat.
2313 3428 2439 3487 llaec
2458 3439 2639 3487 autem
2666 3430 2894 3501 piscatio
2915 3441 3037 3503 post
3063 3431 3275 3489 Domini
3309 3433 3773 3497 resurrectionem.

2187 3522 2329 3579 facta
2353 3523 2409 3579 in
2428 3520 2600 3581 solam
2626 3519 2905 3579 dexteram
2935 3523 3100 3580 missa
3119 3534 3226 3590 est,
3248 3524 3456 3593 quiaad
3477 3523 3772 3583 videndam

2185 3611 2453 3668 claritatis
2480 3611 2598 3683 ejus
2627 3612 2854 3683 gloriam
2884 3612 2998 3669 sola
3036 3613 3332 3673 electorum
3368 3614 3617 3671 Ecclesia
3646 3631 3764 3687 pcr-

2187 3705 2373 3775 tinget,
2403 3718 2524 3778 qua:
2552 3703 2620 3761 de
2646 3704 2870 3760 sinistro
2894 3718 3059 3775 opere
3095 3704 3169 3763 nil
3199 3704 3438 3769 habebit.
3469 3703 3530 3758 in
3560 3705 3656 3767 illa
3681 3707 3762 3775 pi-

2185 3796 2423 3852 scatione
2473 3811 2586 3866 prae
2623 3794 2966 3855 multitudine
3009 3783 3240 3866 piscium
3294 3804 3411 3853 rete
3459 3798 3759 3867 rumpitur.

2184 3884 2312 3954 quia
2349 3898 2494 3940 nunc
2521 3882 2589 3939 ad
2621 3880 3021 3941 confessionem
3062 3881 3184 3939 lldei
3223 3883 3389 3939 etiam
3416 3899 3544 3940 cum
3566 3885 3755 3946 electis

2186 3973 2398 4042 reprobi
2429 3973 2561 4027 tanti
2600 3973 2831 4037 intrant,
2885 3972 2977 4042 qui
3008 3973 3178 4043 ipsam
3215 3988 3432 4044 quoque
3462 3973 3759 4037 Ecclesiam

2185 4062 2483 4125 bmresibus
2508 4062 2773 4120 scindant.
2808 4062 2866 4119 lu
2896 4063 2999 4119 ista
3022 4078 3151 4119 vero
3173 4064 3489 4135 piscatione,
3516 4075 3575 4121 et
3606 4066 3756 4120 multi

2184 4156 2360 4227 pisces
2399 4164 2454 4211 et
2505 4156 2687 4226 magni
2717 4155 3022 4226 capiuntur,
3063 4162 3120 4208 et
3161 4163 3273 4213 rete
3318 4170 3427 4211 non
3458 4157 3755 4227 rumpitur,

2184 4246 2309 4316 quia
2337 4256 2522 4303 sancta
2547 4245 2844 4303 electorum
2865 4243 3129 4311 Ecclesia,
3153 4245 3210 4301 in
3238 4246 3493 4305 continua
3522 4247 3763 4305 auctoris

2185 4339 2266 4393 sui
2295 4353 2430 4409 pace
2458 4337 2835 4409 requiescens,
2872 4334 3033 4393 nullis
3063 4333 3178 4404 iam
3217 4336 3646 4397 dissensionibus
3683 4338 3757 4392 di-

2184 4428 2436 4483 laniatur.

508 4527 613 4582 bnc
630 4494 795 4581 etiam
816 4535 936 4594 post
955 4525 1363 4583 conversionem
1382 4525 1540 4596 culpa
1565 4494 1932 4595 repeterentur
1958 4494 2079 4589 fuit,
2108 4548 2160 4609 D
2256 4518 2512 4575 Miserum
2555 4535 2677 4609 ergo
2725 4521 2885 4585 retia,
2944 4531 2992 4575 et
3030 4522 3146 4592 jam
3194 4539 3297 4577 non
3346 4494 3586 4585 ualebant
3628 4524 3757 4580 illud

507 4630 633 4671 nam
658 4614 980 4685 piscatorem
1005 4610 1245 4679 Petrum,
1270 4612 1578 4671 Manlianum
1608 4626 1739 4668 vero
1761 4612 2082 4670 telonarium

507 4705 728 4759 srimus.
760 4701 825 4756 Et
848 4712 970 4770 post
996 4704 1406 4765 conversionem
1433 4718 1586 4759 suam
1630 4702 1697 4758 ad
1725 4704 2082 4772 piscationem

506 4794 707 4852 Petrus
744 4796 933 4861 rediit,
969 4792 1256 4855 Mattbmus
1297 4810 1424 4849 vero
1465 4782 1534 4857 ad
1563 4793 1760 4849 telonei
1803 4797 2080 4865 negotium

508 4902 618 4944 non
640 4876 821 4944 rediit.
856 4882 993 4952 Quia
1019 4893 1078 4947 et
1102 4884 1246 4941 aliud
1274 4893 1359 4940 est
1384 4883 1586 4939 victum
1611 4898 1709 4953 per
1728 4882 2082 4952 piscationem

508 4992 771 5049 «ωειδνερ,
811 4976 954 5037 aliud
1206 4974 1373 5035 lucris
1398 4973 1657 5044 pecunias
1696 4987 1915 5044 augere.
1947 4973 2084 5033 Sunt

509 5072 657 5126 enim
678 5064 940 5140 pleraque
975 5069 1188 5139 negotia
1211 5107 1233 5133 ,,
1260 5080 1381 5134 qua:
1408 5065 1529 5123 sine
1554 5072 1782 5134 peccato
1807 5064 2081 5130 exhiberi,

510 5172 604 5222 aut
627 5160 736 5224 vis,
770 5169 866 5221 aut
889 5158 1196 5219 nullatenus
1219 5162 1463 5226 possunt.
1499 5153 1631 5226 Qua
1650 5168 1783 5227 ergo
1807 5154 1876 5215 ad
1893 5169 2086 5227 pecea-

509 5265 626 5313 tum
654 5249 963 5322 implicant,
989 5242 1061 5313 ad
1082 5248 1202 5311 hac
1227 5259 1452 5313 actm
1472 5253 1581 5311 est.
1617 5253 1677 5301 ut
1699 5256 1823 5319 post
1859 5261 2084 5319 convcr-

508 5343 717 5405 sionem
738 5341 955 5403 animus
970 5354 1080 5403 non
1099 5342 1375 5397 recurrat.

581 5429 739 5495 Hane
756 5438 937 5487 autem
959 5428 1079 5497 jam
1111 5426 1269 5495 farto,
1311 5426 1451 5479 stetit
1481 5422 1637 5485 Iesus
1665 5426 1719 5481 in
1746 5426 1938 5494 littore,
1973 5444 2078 5484 non

507 5532 679 5583 tamen
705 5529 1050 5591 cognouerunt
1071 5515 1336 5587 discipuli,
1355 5519 1477 5587 quia
1503 5516 1657 5572 Iesus
1683 5527 1776 5581 est.
1804 5516 1941 5575 Dicit
1954 5534 2076 5591 ergo

509 5615 581 5667 tis
603 5612 760 5666 Iesu
778 5622 800 5662 .'
824 5602 1010 5672 Pueri,
1037 5607 1270 5676 nunquid
1293 5606 1698 5676 pulmentarium
1712 5606 1955 5661 habitis?
1974 5605 2076 5662 Re-

509 5703 830 5773 sponderunt
866 5699 913 5752 ci
933 5737 946 5761 ,
989 5715 1110 5752 nocti.
1142 5696 1317 5763 Quaeri
1346 5706 1544 5768 potest,
1585 5712 1685 5753 cur
1719 5696 1994 5765 discipulis
2021 5698 2073 5751 in

509 5794 647 5851 mari
685 5790 1071 5857 Lilmranlilms,
1102 5798 1222 5860 post
1254 5792 1703 5846 TCSlll'l't't‘LlullClll
1732 5789 1987 5843 Durninus
2020 5790 2074 5844 in

2189 4610 2393 4663 trahere
2432 4626 2466 4661 a
2500 4608 2834 4665 multitudine
2863 4612 3106 4680 piscium.
3148 4610 3288 4667 Dixit
3318 4630 3440 4685 ergo
3474 4613 3756 4684 discipulus

2188 4698 2276 4752 ille
2312 4716 2463 4770 quem
2503 4699 2750 4770 diligebat
2794 4699 2949 4775 Iesus
2991 4700 3190 4756 Petro:
3234 4701 3493 4758 Dominus
3530 4715 3629 4758 est.
3675 4702 3755 4759 Si-

2187 4809 2307 4850 mon
2334 4788 2523 4847 Petrus
2558 4810 2677 4847 cum
2708 4792 2959 4859 audisset,
3001 4796 3126 4866 quia
3157 4794 3413 4850 Dominus
3440 4806 3539 4861 est,
3579 4797 3753 4851 tunica

2184 4882 2442 4936 succinxit
2481 4899 2555 4948 se,
2593 4892 2705 4939 erat
2738 4884 2874 4941 enim
2912 4884 3104 4951 nudus,
3147 4894 3194 4938 et
3235 4885 3376 4938 misit
3413 4901 3468 4939 se
3504 4886 3564 4941 in
3590 4903 3756 4951 mare;

2186 4972 2279 5031 alii
2306 4984 2479 5030 autem
2505 4974 2748 5045 discipuli
2774 4975 2981 5045 navigio
3007 4985 3275 5039 venerunt,
3318 4991 3421 5029 non
3446 4976 3584 5032 enim
3609 4977 3757 5048 longe

2186 5074 2333 5120 erant
2376 5080 2406 5118 a
2452 5074 2617 5129 terra,
2661 5064 2752 5119 sed
2791 5064 2943 5135 quasi
2990 5062 3177 5119 cubitis
3219 5065 3455 5118 ducentis
3495 5067 3755 5123 trahentes

2186 5165 2288 5207 rete
2312 5154 2554 5224 piscium.
2606 5148 2671 5209 Ut
2695 5170 2817 5224 ergo
2839 5152 3214 5211 descenderunt
3256 5154 3310 5206 in
3349 5164 3576 5221 terrain,
3621 5157 3753 5210 ride-

2184 5253 2303 5295 runt
2322 5257 2519 5312 prunas
2540 5243 2739 5312 positas
2764 5251 2811 5295 et
2836 5243 3027 5312 piscem
3064 5243 3443 5312 superpositum
3473 5255 3521 5298 et
3545 5262 3753 5316 panem.

2185 5327 2285 5387 Ubi
2310 5346 2416 5387 non
2442 5340 2525 5388 est
2551 5328 2953 5404 intelligendum
2975 5331 3141 5387 etiam
3166 5344 3362 5401 panem
3380 5331 3548 5388 fuisse
3572 5318 3751 5406 super-

2183 5423 2417 5491 positum
2444 5421 2656 5492 prunis,
2683 5418 2776 5477 sed
2803 5428 3013 5479 tantum
3040 5420 3465 5477 subaudiendum
3490 5422 3752 5481 viderunt.

2184 5513 2306 5570 ideo
2326 5512 2573 5569 viderunt
2596 5527 2797 5583 prunas
2819 5514 3042 5585 positas,
3062 5522 3119 5567 et
3136 5513 3338 5582 piscem
3358 5515 3753 5587 superpositum

2182 5606 2233 5659 vi
2247 5607 2454 5670 lerunt,
2471 5612 2525 5657 et
2546 5617 2739 5673 panem
2760 5603 3025 5658 viderunt.
3051 5603 3147 5657 Vel
3172 5604 3243 5656 ita
3259 5603 3472 5671 potius:
3498 5602 3752 5659 Viderunt

2181 5714 2382 5767 prunas
2410 5697 2635 5767 positas,
2667 5705 2720 5751 ct
2745 5696 2945 5767 piscem
2975 5693 3395 5769 superpositum,
3426 5693 3677 5752 viderunt
3700 5702 3756 5752 et

2184 5804 2394 5860 panem.
