3978 6430
206 371 326 426 245

1031 365 1552 424 COLLECTIONES
1592 351 1657 418 IN
1701 361 2085 420 EPlSTOLAS
2125 363 2214 415 ET
2254 361 2668 420 EV’ANGELIA.

3390 361 3513 416 21.6-

279 484 484 554 Απετω
512 480 580 534 de
599 479 828 551 piscibus
858 495 988 550 quos
1011 479 1358 550 prehendistt's
1379 495 1516 532 nunc
1541 494 1558 532 :
1583 477 1812 531 ascendit
1844 478 1894 537 Α
1921 483 1980 527 ut
2010 481 2090 528 tot
2123 475 2300 545 pisces
2337 486 2582 544 caperet,
2625 479 2767 547 quod
2801 476 3138 533 solummodo
3169 477 3370 535 electos
3408 494 3503 534 su-

208 576 409 634 Simon
452 572 646 627 Petrus
691 580 740 624 et
783 570 945 624 traxit
992 579 1095 624 rete
1141 570 1196 623 in
1242 578 1458 623 terram.
1491 568 1591 638 (Es
1621 565 1808 638 Greg.)

209 667 409 739 Captis
438 671 620 718 autem
651 672 762 717 tam
794 660 1006 731 magnis
1045 660 1313 731 piscibus,
1349 659 1594 716 ascendit
1623 657 1811 713 Simon

212 757 420 814 Petrus
464 761 522 808 et
565 751 732 806 traxit
770 757 890 805 rete
931 749 986 806 in
1035 757 1259 804 terram.
1310 747 1430 804 iam
1469 747 1632 802 credo
1667 745 1811 817 quod

214 855 405 902 vestra
446 842 687 898 charitas
732 839 994 902 advertit,
1041 840 1170 910 quid
1213 848 1296 895 est
1343 840 1488 910 quod
1520 839 1710 894 Petrus
1742 840 1810 894 ad

213 948 431 996 terram
471 941 586 992 rete
623 932 789 987 trahit
818 950 830 985 :
864 931 962 1001 ipsi
999 931 1197 1001 quippe
1236 939 1426 986 sancta
1457 929 1698 984 Ecclesia
1727 938 1812 985 est

212 1026 549 1092 commissa,
593 1024 692 1095 ipsi
733 1023 1044 1094 specialiter
1072 1022 1306 1077 dicitur:
1340 1020 1524 1076 Simon
1561 1019 1808 1085 Joannis,

214 1136 376 1176 amas
401 1134 484 1176 me
511 1118 536 1170 ?
579 1130 734 1185 pasce
761 1129 875 1167 oves
903 1129 1063 1168 meas.
1114 1111 1270 1179 Quod
1305 1125 1434 1181 ergo
1470 1111 1812 1180 postmodum

217 1209 470 1279 aperitur
495 1207 550 1262 in
580 1219 742 1269 voce,
785 1204 888 1259 hoc.
919 1217 1060 1258 nunc
1085 1203 1330 1273 signatur
1355 1202 1410 1256 in
1439 1216 1623 1271 opere.
1676 1199 1811 1268 Quia

218 1301 392 1370 igitur
433 1296 754 1366 praedicator
779 1292 1034 1349 Ecclesiae
1074 1306 1174 1346 nos
1217 1307 1246 1345 a
1286 1291 1472 1346 mundi
1499 1291 1624 1344 vita:
1654 1288 1814 1357 huius

219 1392 483 1447 ﬂuctibus
511 1397 752 1460 separat.
787 1388 1042 1442 nimirum
1072 1402 1294 1442 necesse
1319 1395 1434 1451 est,
1471 1392 1530 1440 ut
1559 1394 1673 1441 rete
1699 1385 1816 1456 ple—

221 1498 359 1539 num
403 1479 642 1551 piscibus
681 1479 878 1535 Petrus
918 1477 982 1532 ad
1030 1486 1232 1533 terram
1275 1477 1455 1531 ducat.
1510 1477 1626 1547 Ipse
1670 1478 1815 1531 enim

222 1575 410 1645 pisces
451 1571 520 1630 ad
564 1570 894 1630 soliditatem
924 1569 1124 1624 littoris
1151 1570 1450 1640 pertrahit,
1495 1569 1586 1638 qui
1618 1577 1817 1625 sancta:

222 1664 633 1738 praedicationis
658 1677 814 1727 voce,
846 1662 1198 1718 stabilitatem
1227 1670 1445 1717 aeternae
1473 1662 1664 1730 patrize
1687 1660 1816 1716 ﬁde—

224 1758 368 1814 libus
395 1755 652 1812 ostendit.
710 1752 825 1808 Hoc
851 1753 962 1823 egit
987 1751 1200 1816 verbis,
1247 1752 1351 1807 hoc
1392 1751 1665 1822 epistolis,
1712 1753 1816 1806 hoc

223 1847 344 1919 agit
367 1845 606 1918 quotidie
630 1843 1014 1901 miraculorum
1034 1843 1223 1914 signis,
1244 1843 1458 1913 quoties
1479 1858 1577 1912 per
1595 1858 1721 1898 eum
1747 1842 1816 1897 ad
1844 1827 1890 1886 Β

231 1952 477 1994 amorem
498 1937 697 2008 quietis
715 1944 930 1990 aetrrnaa
949 1935 1335 2000 convertimur,
1358 1935 1573 2004 quoties
1595 1950 1624 1989 a
1651 1943 1817 1991 terre-

227 2044 424 2086 narum
440 2043 626 2084 rerum
643 2027 959 2083 tumultibus
977 2041 1310 2097 separamur,
1325 2027 1454 2096 quid
1473 2027 1639 2091 aliud,
1653 2041 1814 2098 quam

227 2119 384 2174 missi
415 2119 556 2174 intra
583 2127 698 2173 rete
725 2118 847 2172 ﬁdei
875 2117 1050 2186 pisces
1076 2118 1142 2172 ad
1172 2117 1322 2173 littus
1348 2118 1615 2172 trahimus
1634 2118 1659 2170 ?
1733 2173 1743 2182 ,

302 2206 526 2263 Plenum
555 2209 757 2280 magnis
785 2208 1036 2279 piscibus,
1065 2216 1273 2262 centum
1302 2209 1689 2279 quinquaginta
1719 2209 1818 2262 tri-

231 2299 348 2355 bus.
403 2298 451 2354 Α
497 2314 690 2371 magno
733 2298 994 2370 mysterio
1040 2313 1300 2354 numerus
1349 2313 1456 2352 non
1499 2307 1688 2362 vacat,
1724 2299 1818 2353 sed

233 2389 472 2446 intentos
512 2404 609 2444 vos
654 2389 788 2444 tanti
837 2388 1083 2459 mysterii
1131 2386 1469 2459 profunditas
1516 2396 1815 2459 exspectat.

235 2478 419 2550 Neque
452 2480 653 2535 etenim
683 2479 1002 2549 quantitatis
1031 2480 1298 2534 summam
1335 2479 1565 2534 solerter
1590 2495 1823 2550 evange-

233 2571 360 2629 lista
389 2572 748 2642 exprimeret,
785 2571 891 2625 nisi
921 2571 1060 2626 hanc
1090 2579 1431 2624 sacramento
1459 2569 1672 2641 plenam
1702 2585 1823 2625 esse

230 2664 549 2734 iudicasset.
587 2664 751 2720 Scitis
777 2678 1011 2731 namque
1031 2661 1175 2732 quod
1201 2661 1255 2716 in
1278 2660 1628 2716 Testamento
1643 2662 1825 2716 Veteri

237 2754 417 2813 omnis
446 2753 688 2823 operatio
714 2768 812 2825 per
838 2753 1088 2823 Decalogi
1119 2752 1372 2806 mandata
1403 2753 1736 2822 praecipitur,
1769 2752 1823 2807 in

237 2843 388 2900 Novo
430 2852 611 2901 autem
630 2884 646 2906 ,
694 2841 934 2914 ejusdem
966 2841 1298 2912 operationis
1327 2841 1500 2896 virtus
1527 2857 1626 2911 per
1654 2843 1821 2913 septi-

241 2932 469 2990 formem
517 2933 745 3004 gratiam
788 2934 962 2988 sancti
1009 2930 1251 3002 Spiritus
1291 2931 1662 3002 multiplicatis
1693 2931 1824 2987 ﬁde-

239 3026 382 3081 libus
409 3024 586 3090 datur,
619 3041 781 3095 quem
812 3009 1072 3096 propheta
1102 3025 1450 3091 denuntians,
1480 3027 1612 3081 dicit
1640 3042 1654 3081 :
1695 3027 1822 3096 Sri-

238 3114 370 3168 ritus
407 3115 676 3184 sapientia:
707 3123 755 3168 et
789 3114 1102 3180 intellectus,
1143 3115 1360 3186 spiritus
1401 3115 1608 3171 consilii
1635 3126 1684 3170 et
1714 3117 1825 3187 for-

237 3207 496 3271 titudinis,
533 3207 749 3276 spiritus
780 3209 1012 3262 scientiis
1043 3216 1092 3263 et
1125 3208 1354 3279 pietatis,
1389 3218 1438 3262 et
1474 3207 1681 3278 replevit
1709 3227 1827 3264 eum

238 3299 456 3368 spiritus
503 3299 706 3352 timoris
751 3299 964 3352 Domini
1006 3298 1143 3370 (Isa.
1172 3298 1273 3369 χι).
1333 3297 1442 3356 Sed
1488 3300 1580 3354 ille
1627 3300 1680 3354 in
1725 3301 1829 3356 hoc

237 3388 432 3458 spiritu
481 3388 850 3458 operationem
895 3389 1163 3460 percipit,
1213 3389 1305 3458 qui
1357 3389 1514 3444 ﬁdem
1547 3389 1830 3447 Trinitatis

241 3480 519 3549 agnoscit,
550 3489 612 3534 ut
637 3489 694 3535 et
719 3481 934 3536 Patrem
951 3522 967 3548 ,
997 3484 1055 3536 et
1079 3481 1274 3536 Filium
1295 3522 1309 3547 ,
1341 3489 1396 3536 et
1423 3483 1672 3538 eumdem
1710 3482 1833 3554 Spi-

239 3571 404 3625 ritum
433 3579 702 3638 sanctum,
729 3573 889 3629 unius
913 3574 1129 3629 virtutis
1155 3573 1361 3639 credat,
1391 3575 1551 3630 unius
1582 3575 1831 3630 substan-

239 3659 330 3717 tiae
353 3677 476 3716 esse
506 3661 760 3717 fateatur.
816 3662 953 3731 Quia
995 3663 1159 3734 igitur
1188 3671 1395 3734 septem
1426 3680 1548 3734 quas
1578 3664 1831 3735 superius

242 3752 494 3814 diximus,
527 3767 624 3822 per
652 3751 859 3808 Novum
888 3753 1295 3812 Testamentum
1326 3753 1488 3808 latius
1522 3754 1646 3809 data
1685 3763 1826 3810 sunt.

241 3839 433 3897 Decem
457 3857 586 3898 vero
610 3858 708 3912 per
729 3842 898 3898 Vetus
923 3853 1216 3915 praecepta,
1240 3845 1418 3901 omnis
1444 3854 1632 3900 nostra
1659 3847 1830 3902 virtus

239 3943 292 3988 et
321 3935 564 4004 operatio
591 3950 691 4004 per
718 3936 902 3990 decem
936 3945 991 3991 et
1017 3945 1223 4007 septem
1261 3945 1444 4007 potest
1482 3938 1639 4008 plene
1679 3953 1830 3994 com-

237 4022 519 4092 prehendi.
576 4022 850 4079 Ducamus
895 4039 1026 4095 ergo
1075 4041 1172 4095 per
1213 4027 1487 4098 trigonum
1536 4027 1724 4084 decem
1775 4036 1831 4082 et

240 4123 474 4184 septem,
507 4123 562 4171 et
589 4117 814 4172 veniunt
841 4119 1234 4189 quinquaginta
1263 4127 1320 4174 et
1346 4134 1511 4173 unum
1530 4159 1544 4183 ,
1578 4120 1669 4196 qui
1703 4135 1830 4190 pro-

241 4207 381 4265 fecto
419 4222 678 4263 numerus
718 4224 748 4263 a
785 4223 984 4280 magno
1023 4209 1284 4281 mysterio
1322 4221 1446 4264 non
1469 4218 1660 4275 vacat,
1704 4213 1828 4280 quia

233 4297 345 4367 iam
373 4300 427 4355 in
456 4300 806 4355 Testamento
832 4300 1014 4357 Veteri
1048 4301 1280 4372 legimus
1305 4302 1448 4372 quod
1473 4317 1648 4360 annus
1672 4305 1828 4375 quin-

241 4390 583 4461 quagesimus
608 4389 868 4445 Jubilasus
895 4392 1079 4446 vocari
1107 4391 1294 4463 jussus
1321 4400 1432 4457 est,
1465 4393 1520 4447 in
1547 4407 1652 4462 quo
1674 4394 1828 4448 vide—

241 4477 366 4535 licet
401 4488 628 4535 cunctus
664 4481 894 4552 populus
938 4482 1008 4536 ab
1049 4482 1196 4538 omni
1231 4497 1396 4552 opere
1429 4483 1820 4552 requiesceret.

245 4567 349 4623 Sed
372 4583 496 4624 vera
527 4569 746 4640 requies
774 4571 830 4625 in
861 4570 1066 4625 unitate
1092 4579 1196 4626 est.
1233 4572 1406 4627 Dividi
1435 4573 1634 4644 quippe
1659 4589 1823 4628 unum

241 4675 346 4716 non
384 4668 597 4730 potest,
633 4661 723 4716 ubi
757 4663 905 4717 enim
943 4663 1181 4718 scissura
1221 4663 1503 4719 divisionis
1540 4674 1656 4729 est,
1698 4680 1825 4720 vera

243 4753 456 4823 requies
499 4769 604 4807 non
651 4761 752 4807 est.
805 4753 1078 4809 Ducamus
1119 4768 1216 4824 per
1242 4754 1512 4824 trigonum
1553 4755 1823 4826 quinqua~

242 4845 385 4916 ginta
420 4852 476 4898 et
511 4860 709 4910 unum,
749 4852 804 4898 et
842 4844 978 4898 ﬁunt
1007 4856 1226 4900 centum
1257 4846 1647 4916 quinquaginta
1689 4855 1819 4901 tres.

243 4936 372 5004 Quia
418 4937 584 5008 igitur
623 4945 679 4992 et
719 4937 897 4992 omnis
926 4937 1172 5006 operatio
1201 4945 1383 4991 nostra
1431 4945 1486 4990 et
1528 4937 1722 5000 virtus,
1767 4936 1822 4992 in

244 5026 342 5081 ﬁde
367 5028 651 5084 Trinitatis
680 5029 952 5092 exhibita,
991 5027 1060 5082 ad
1092 5029 1333 5097 requiem
1362 5027 1553 5080 tendit.
1603 5025 1822 5096 Septem

243 5126 295 5173 et
320 5117 507 5173 decem
544 5127 626 5173 ter
655 5120 924 5183 ducimus,
965 5127 1025 5172 ut
1052 5119 1118 5172 ad
1148 5119 1538 5188 quinquaginta
1569 5126 1625 5172 et
1656 5131 1822 5174 unum

245 5213 421 5268 venire
459 5213 769 5278 debeamus,
810 5222 864 5269 et
897 5230 1026 5268 vera
1065 5223 1248 5268 nostra
1289 5216 1511 5284 requies
1541 5224 1669 5270 tunc
1705 5223 1821 5280 est,

243 5319 360 5360 cum
409 5305 580 5377 ipsam
625 5303 737 5374 iam
779 5307 1086 5362 claritatem
1133 5307 1393 5361 trinitatis
1439 5309 1822 5377 agnoscimus,

243 5408 398 5463 quam
448 5394 503 5450 in
552 5396 756 5451 unitate
786 5397 1085 5452 divinitatis
1133 5411 1255 5452 esse
1303 5405 1508 5452 certam
1554 5408 1818 5455 tenemus.

243 5486 632 5557 Quinquaginta
681 5496 736 5542 et
780 5504 944 5541 unum
997 5497 1079 5542 ter
1113 5488 1380 5552 ducimus,
1432 5497 1486 5543 et
1526 5489 1822 5546 electorum

245 5593 505 5632 summam
538 5578 589 5632 in
628 5593 856 5647 superna
888 5579 1060 5648 patria
1081 5620 1095 5643 ,
1127 5579 1278 5648 quasi
1310 5589 1526 5634 centum
1557 5581 1824 5651 quinqua-

245 5670 385 5740 ginta
415 5678 647 5739 quatuor
675 5671 905 5741 piscium
945 5666 1228 5726 numerum
1261 5679 1526 5726 tenemus.
1579 5670 1711 5728 Post
1739 5689 1824 5728 re-

246 5759 636 5818 surrectionem
658 5774 786 5817 vero
807 5761 1020 5818 Domini
1044 5761 1269 5818 missum
1295 5771 1409 5819 rete
1453 5763 1677 5837 dignum
1701 5761 1822 5834 fuit,

1850 4524 1904 4584 D

1913 580 2094 634 pernae
2123 567 2314 635 patri-se
2343 565 2712 638 designarent.
2747 567 2857 639 (Ex
2886 568 3134 641 August.)
3165 567 3261 622 Est
3287 583 3504 639 quoque

1913 656 2019 711 alia
2049 657 2360 727 supputatio
2388 655 2550 726 hujus
2577 657 2869 726 septenarii
2909 667 2963 713 et
3003 657 3212 712 denarii
3239 659 3450 713 numeri
3476 675 3493 724 ;

1912 763 2038 802 nam
2077 749 2123 803 si
2155 747 2223 802 ab
2251 763 2359 804 uno
2395 762 2585 803 omnes
2622 761 2876 802 numeros
2912 757 3194 818 computes
3227 761 3400 818 usque
3434 749 3502 802 ad

1911 841 2100 894 decem
2135 847 2190 895 et
2217 847 2447 910 septem,
2479 840 2582 894 hoc
2611 839 2791 902 modo,
2825 853 3010 901 unum,
3038 839 3166 903 duo,
3199 847 3311 895 tres
3340 837 3504 904 ﬁunt,

1913 931 2050 986 adde
2082 941 2214 996 tres,
2256 930 2393 985 ﬁunt
2417 944 2546 994 sex,
2586 930 2676 984 his
2705 929 2937 999 adiunge
2961 938 3213 997 quatuor,
3246 929 3384 984 ﬁunt
3408 929 3504 984 de-

1912 1036 2062 1086 cem,
2112 1022 2199 1077 his
2247 1022 2518 1092 quinque,
2567 1028 2625 1075 et
2671 1020 2898 1075 habebis
2938 1019 3277 1088 quindecim,
3323 1027 3381 1074 et
3423 1019 3505 1075 sic

1913 1114 2284 1170 crescentibus
2308 1114 2551 1169 numeris
2588 1123 2643 1168 et
2683 1111 3058 1183 multiplicatis
3089 1125 3260 1182 usque
3300 1111 3369 1166 ad
3403 1110 3504 1166 de-

1913 1221 2032 1261 cem
2061 1214 2118 1261 et
2143 1214 2374 1275 septem,
2404 1204 2464 1258 ﬁt
2488 1205 2732 1260 omnium
2759 1219 3111 1260 numerorum
3139 1218 3351 1260 summa
3376 1205 3508 1260 isto-

1915 1298 2036 1354 rum
2060 1339 2074 1358 .
2105 1299 2197 1368 qui
2228 1297 2622 1369 multiplicatur
2649 1299 2717 1353 ab
2747 1312 2856 1353 uno
2887 1311 3059 1367 usque
3099 1297 3169 1351 ad
3211 1297 3400 1352 decem
3449 1308 3507 1352 et

1915 1399 2145 1460 septem,
2187 1400 2404 1446 centum
2431 1390 2821 1462 quinquaginta
2850 1398 2983 1455 tres,
3026 1403 3147 1461 quae
3173 1390 3506 1461 computatio

1916 1479 2184 1560 superiori
2215 1478 2618 1549 signiﬁcationi,
2650 1478 2754 1534 hoc
2781 1487 2885 1543 est,
2923 1478 3058 1549 legis
3088 1479 3141 1533 in
3172 1479 3414 1544 denario,
3452 1487 3510 1533 et

1917 1574 2093 1644 gratia
2139 1575 2195 1630 in
2239 1575 2566 1645 septenario,
2613 1574 2747 1628 satis
2787 1581 3156 1646 congruenter
3196 1575 3504 1631 conveniet.

1920 1664 2028 1720 Sed
2059 1665 2216 1735 plura
2253 1674 2480 1736 possunt
2509 1665 2634 1720 inde
2667 1665 3002 1721 considerari
3037 1665 3397 1722 admiratione
3427 1665 3509 1721 di-

1919 1768 2057 1824 gna,
2112 1769 2234 1825 quae
2282 1752 2443 1822 huius
2489 1755 2748 1824 temporis
2799 1755 3049 1826 angustia
3099 1755 3354 1826 prohibet
3407 1773 3506 1813 nos

1917 1844 2099 1898 omnia
2127 1843 2330 1899 dicere.
3333 1879 3339 1885 -
3387 1843 3400 1858 ’

1990 1933 2058 1988 Et
2089 1951 2207 1988 cum
2235 1935 2369 1987 tanti
2400 1944 2603 1999 essent,
2642 1952 2746 1988 non
2776 1945 2852 1990 est
2882 1937 3101 1990 scissum
3132 1945 3263 1991 rete-
3295 1936 3513 2008 Adiecit

1919 2023 2251 2095 evangelista
2280 2039 2394 2078 rem
2441 2026 2805 2080 necessariam
2840 2025 3064 2080 dicens:
3111 2025 3179 2080 Et
3213 2042 3335 2081 cum
3369 2029 3508 2081 tanti

1918 2123 2124 2179 essent,
2152 2116 2266 2170 sive
2293 2125 2402 2170 tam
2433 2117 2636 2187 magni,
2663 2117 2802 2172 sicut
2830 2118 3079 2187 superius
3105 2117 3268 2174 dicit:
3292 2119 3510 2190 plenum

1921 2207 2134 2278 magnis
2160 2207 2419 2276 piscibus,
2441 2213 2558 2262 “non
2587 2215 2670 2262 est
2703 2207 2934 2262 scissum
2961 2215 3095 2273 rete,
3122 2208 3175 2263 id
3200 2217 3301 2274 est,
3330 2212 3511 2281 magni

1920 2307 2100 2365 erant,
2129 2299 2225 2356 sed
2254 2300 2397 2354 inter
2421 2313 2515 2354 eos
2546 2299 2768 2354 lueresis
2797 2314 2906 2355 non
2935 2307 3074 2365 erat,
3105 2307 3160 2355 et
3185 2300 3310 2356 ideo
3339 2303 3513 2372 magis

1923 2390 2158 2444 haereses
2182 2405 2288 2444 non
2315 2401 2490 2455 erant,
2519 2389 2610 2460 qui
2639 2389 2819 2459 magni
2843 2397 3019 2444 erant.

1994 2479 2136 2533 Dicit
2165 2482 2238 2534 eis
2265 2481 2419 2534 Jesus
2445 2495 2462 2532 :
2494 2479 2700 2546 Venite,
2730 2481 3001 2551 prandete,
3033 2490 3081 2535 et
3107 2498 3256 2535 nemo
3284 2483 3512 2536 audebat

1925 2571 2364 2626 discumbentium
2394 2589 2512 2626 eum
2541 2569 2987 2643 interrogare:Tu
3015 2573 3132 2644 quis
3161 2589 3214 2627 es
3238 2575 3264 2627 .’
3309 2572 3514 2628 Sensus

1925 2677 2056 2733 ergo
2098 2663 2188 2718 hic
2229 2671 2353 2718 est:
2393 2661 2566 2718 Tanta
2607 2670 2727 2718 erat
2764 2662 3036 2718 evidentia
3065 2663 3342 2728 veritatis,
3387 2664 3514 2734 quia

1925 2753 2083 2809 Jesus
2112 2753 2216 2808 illis
2245 2753 2523 2822 discipulis
2553 2753 2866 2823 apparebat,
2897 2759 2959 2807 ut
2984 2767 3174 2808 eorum
3200 2768 3306 2807 non
3336 2751 3510 2807 solum

1927 2861 2148 2917 negare,
2179 2847 2272 2902 sed
2303 2862 2369 2902 ne
2397 2846 2648 2900 dubitare
2677 2845 2896 2915 quidem
2925 2844 3066 2899 ullus
3091 2844 3335 2898 auderet.
3373 2842 3516 2910 Quo-

1928 2936 2076 2990 niam
2106 2937 2149 2990 si
2182 2935 2467 3005 quisquam
2498 2934 2803 3000 dubitaret,
2834 2935 3024 3003 utique
3053 2934 3394 3004 interrogare
3418 2933 3512 2989 de-

1929 3027 2102 3080 beret.
2144 3023 2235 3078 Sic
2265 3039 2394 3078 vero
2423 3023 2622 3078 dictum
2651 3030 2773 3077 est:
2815 3021 2986 3077 Nemo
3015 3023 3251 3078 audebat
3276 3023 3514 3077 interro-

1932 3131 2060 3187 gare
2079 3129 2204 3172 eum
2224 3129 2238 3166 :
2264 3113 2343 3167 Tu
2368 3114 2490 3182 quis
2510 3113 2604 3168 es?
2631 3127 2697 3167 ac
2718 3113 2764 3168 si
2787 3111 3081 3177 diceretur,
3106 3125 3265 3166 nemo
3287 3113 3518 3167 audebat

1934 3205 2203 3268 dubitare,
2228 3203 2372 3273 quod
2398 3203 2513 3274 ipse
2537 3209 2701 3258 esset.

2006 3294 2074 3348 Et
2110 3294 2243 3348 venit
2275 3293 2463 3358 Jesus,
2503 3301 2551 3345 et
2590 3292 2786 3360 accepit
2823 3306 3010 3360 panem
3043 3297 3091 3344 ct
3124 3287 3285 3342 dabat
3322 3289 3398 3342 eis
3419 3329 3432 3353 ,
3470 3298 3519 3343 et

1931 3389 2124 3458 piscem
2166 3384 2428 3440 similiter.
2482 3383 2788 3438 Notandum
2823 3395 3038 3452 quoque
3082 3380 3226 3451 quod
3269 3379 3517 3434 ultimum

1931 3478 2236 3532 convivium
2271 3476 2531 3530 Dominus
2562 3490 2685 3531 cum
2721 3482 2927 3543 septem
2955 3470 3236 3541 discipulis
3264 3469 3521 3525 habuisse

1933 3569 2285 3634 describitur,
2307 3567 2500 3624 Petrus
2529 3582 2764 3636 namque
2793 3573 2846 3621 et
2869 3565 3125 3628 Thomas,
3200 3563 3518 3626 Natltanael,

1931 3670 1988 3715 et
2028 3659 2121 3716 ﬁlii
2161 3661 2441 3725 Zebedmi,
2493 3668 2551 3714 et
2590 3659 2679 3713 alii
2717 3673 2784 3713 ex
2831 3655 3110 3728 discipulis
3149 3654 3270 3725 ejus
3312 3655 3418 3708 duo
3466 3655 3519 3709 in

1931 3767 1996 3806 eo
2037 3751 2206 3813 fuisse
2244 3760 2638 3810 memorantur.
2680 3749 2791 3804 Cur
2824 3765 2948 3805 cum
2988 3757 3206 3819 septem
3243 3747 3523 3817 discipulis

1930 3845 2180 3900 ulimum
2206 3845 2514 3902 convivium
2539 3843 2824 3899 celebrat?
2868 3843 2970 3896 nisi
3011 3842 3135 3912 quia
3159 3856 3256 3897 cos
3278 3847 3518 3895 tantum—

1932 3935 2096 3991 modo
2138 3935 2230 4004 qui
2275 3933 2576 4004 septiformi
2628 3932 2802 4004 gratia
2856 3931 3033 3988 sancti
3085 3929 3327 4002 Spiritus
3376 3928 3519 4000 pleni

1931 4035 2093 4091 sunt,
2137 4028 2348 4082 futuros
2389 4042 2573 4082 secum
2620 4028 2673 4080 in
2717 4033 2919 4081 aeterna
2969 4023 3269 4079 refectione
3311 4023 3520 4075 denun-

1933 4121 2046 4175 tiat.
2091 4118 2310 4190 Septem
2335 4133 2549 4189 quoque
2574 4118 2763 4174 diebus
2799 4131 2960 4171 omne
3002 4117 3104 4170 hoc
3137 4121 3347 4183 tempus
3375 4112 3522 4166 evol-

1929 4210 2096 4273 vitur,
2143 4219 2197 4262 et
2236 4223 2378 4278 saepe
2423 4207 2736 4277 septenario
2787 4221 3016 4262 numero
3065 4203 3330 4275 perfectio
3373 4203 3517 4257 desi-

1931 4309 2144 4371 gnatur.
2214 4297 2291 4353 Illi
2357 4314 2486 4370 ergo
2547 4299 2740 4354 ultimo
2793 4298 3043 4353 convivio
3104 4297 3170 4352 de
3228 4299 3519 4366 praesentia

1929 4390 2177 4445 veritatis
2217 4389 2524 4460 epulantur,
2582 4389 2675 4459 qui
2731 4403 2881 4443 nunc
2935 4387 3280 4459 perfectionis
3339 4386 3520 4441 studio

1931 4492 2148 4538 terrena
2191 4482 2604 4546 transcendunt,
2641 4495 2778 4551 quos
2815 4479 3001 4535 mundi
3037 4478 3198 4549 huius
3225 4491 3382 4532 amor
3408 4492 3517 4532 non

1933 4574 2100 4648 ligat,
2157 4575 2355 4645 quibus
2398 4581 2453 4628 et
2495 4573 2542 4628 si
2586 4579 2864 4642 utcunque
2905 4585 3003 4641 per
3042 4576 3375 4625 tentamenta
3417 4569 3519 4622 oh-

1933 4668 2156 4738 strepit,
2193 4677 2371 4737 ccepta
2398 4675 2577 4722 tamen
2603 4681 2792 4722 eorum
2819 4665 3086 4722 desideria
3115 4678 3222 4719 non
3257 4663 3514 4717 retundit.

1933 4757 2008 4813 De
2033 4761 2137 4814 hoc
2160 4767 2406 4814 extremo
2429 4757 2696 4822 convivio,
2722 4755 2856 4812 alias
2877 4770 2975 4826 per
2997 4753 3258 4812 Joannem
3285 4753 3514 4810 dicitur:

1929 4848 2084 4903 Beati
2102 4851 2191 4920 qui
2215 4847 2285 4903 ad
2310 4865 2509 4905 canam
2534 4848 2814 4920 nuptialem
2843 4849 2966 4920 agni
2991 4849 3160 4903 vocati
3181 4856 3301 4903 sunt
3329 4845 3514 4918 (Apoc.

1931 4942 2068 5010 XIX).
2115 4939 2321 4996 Idcirco
2347 4941 2493 4996 enim
2515 4956 2621 4995 non
2647 4939 2713 4994 ad
2746 4939 3050 5010 prandium,
3081 4939 3176 4994 sed
3206 4938 3274 4993 ad
3302 4949 3518 4992 caenam

1927 5041 2147 5087 vocatos
2190 5041 2412 5097 narrat,
2470 5031 2596 5103 quia
2641 5032 2897 5087 nimirum
2943 5032 2994 5086 in
3039 5031 3145 5086 ﬁne
3181 5031 3285 5086 diei
3328 5031 3519 5085 convi—

1926 5121 2073 5174 vium
2131 5136 2284 5176 cmna
2333 5129 2434 5175 est.
2507 5121 2610 5189 Qui
2665 5136 2796 5192 ergo
2853 5121 3008 5175 ﬁnito
3067 5123 3349 5192 praesentis
3393 5120 3519 5175 vita:

1930 5223 2174 5285 tempore
2225 5217 2293 5270 ad
2349 5214 2698 5270 refectionem
2747 5229 2997 5285 supernae
3042 5213 3516 5284 contemplationis

1928 5310 2187 5372 veniunt,
2241 5324 2347 5364 non
2390 5309 2457 5363 ad
2503 5310 2626 5378 agni
2672 5308 2994 5379 prandium,
3051 5308 3145 5362 sed
3191 5306 3257 5360 ad
3303 5320 3514 5362 cumam

1929 5411 2212 5467 vocantur,
2253 5417 2373 5471 qua:
2396 5399 2646 5456 videlicet
2684 5415 2860 5462 cmna,
2901 5400 3006 5455 hoc
3037 5399 3226 5454 ultimo
3263 5397 3517 5454 convivio

1929 5493 2272 5562 exprimitur,
2292 5493 2377 5549 cui
2404 5501 2606 5563 septem
2632 5493 2881 5563 discipuli
2908 5492 3098 5547 adesse
3121 5496 3510 5545 memorantur.

1930 5585 2064 5652 Quia
2093 5585 2231 5649 illos,
2260 5593 2321 5640 ut
2350 5585 2605 5650 diximus,
2632 5595 2760 5641 tunc
2786 5586 2840 5640 in
2869 5593 3068 5640 aeterna
3103 5580 3402 5637 refectione
3429 5599 3515 5638 rc—

1930 5675 2122 5744 cipiet,
2165 5675 2255 5745 qui
2295 5674 2437 5745 pleni
2469 5691 2613 5733 nunc
2642 5673 2972 5747 scptiformis
3015 5673 3199 5745 gratia.-
3233 5671 3288 5728 in
3328 5688 3514 5729 amore

1929 5766 2151 5840 spiritus
2180 5766 2452 5826 anhelant.
