3978 6458
490 374 593 429 247

1761 376 2040 432 ενΑκΑς
2049 379 2112 433 Dl
2150 378 2441 436 ABBATIS

3666 393 3769 455 με

557 486 697 555 Quid
738 495 821 542 est
864 487 1007 557 quod
1043 486 1368 557 Redemptor
1407 496 1593 542 noster
1628 489 1834 559 piscem
1874 504 2055 543 assum
2083 495 2134 552 Α
2158 506 2279 560 qua:
2318 493 2478 547 hodie
2516 494 2740 547 recitata
2780 505 2883 561 est,
2926 497 3067 552 facta
3109 508 3195 553 est
3232 501 3379 557 enim
3416 510 3557 573 post
3589 519 3770 560 resur-

485 588 626 649 post.
650 578 1101 634 resurrectionem
1145 577 1508 644 manducavit,
1546 588 1602 634 et
1646 579 1698 632 in
1736 578 1844 633 alio
1883 576 2057 632 Evan-

484 670 626 740 gelia
659 668 879 733 dicitur,
919 683 1043 724 cum
1076 669 1224 738 pisce
1257 685 1382 725 asso
1424 668 1604 725 favum
1646 669 1840 737 mellis,
1873 670 1926 725 in
1956 671 2057 725 isto

484 774 612 813 vero
656 773 855 829 panem
903 774 1031 814 cum
1075 759 1268 829 pisce?
1329 757 1467 825 Quid
1511 760 1654 814 enim
1695 761 1859 830 piscis
1903 776 2057 817 assus

482 850 898 921 significa-nisi
924 848 1200 904 Christum
1238 861 1480 918 passum,
1506 850 1634 918 quid
1678 851 1732 903 in
1772 849 1894 904 favo
1932 850 2057 904 mri-

481 942 568 1005 lis,
594 939 701 995 nisi
725 939 1025 995 divinitatis
1052 939 1407 994 dulcedinem.
1452 939 1626 994 Piscis
1660 950 1765 1003 est,
1790 940 1916 1009 quia
1942 941 2055 1010 ipse

468 1032 653 1087 latere
690 1029 946 1099 dignatus
993 1028 1045 1083 in
1084 1029 1241 1098 aquis
1277 1030 1493 1101 generis
1533 1030 1751 1084 humani
1795 1039 1903 1092 est,
1934 1032 2051 1100 capi

482 1119 651 1175 voluit
689 1119 885 1191 laqueo
923 1120 1117 1176 mortis
1156 1128 1372 1185 nostra,
1413 1129 1466 1175 et
1507 1120 1661 1189 quasi
1708 1120 2053 1175 tribulatione

482 1218 698 1265 assatus
736 1220 824 1265 est
864 1218 1102 1280 tempore
1141 1210 1410 1280 passionis
1449 1224 1579 1275 sua»,
1624 1210 1718 1265 sed
1755 1210 1861 1280 qui.
1888 1211 2055 1281 piscis

478 1314 638 1354 assus
677 1299 793 1357 ﬁeri
835 1299 1082 1369 dignatus
1122 1308 1204 1354 est
1247 1300 1302 1354 in
1347 1300 1629 1368 passione,
1680 1298 1833 1355 favus
1879 1300 2053 1357 mellis

480 1389 635 1442 nobis
655 1388 863 1443 exstitit
894 1389 951 1442 in
982 1388 1397 1444 resurrectione.
1430 1389 1514 1442 An
1544 1388 1633 1457 qui
1668 1390 1722 1443 in
1754 1390 1903 1458 pisce
1929 1405 2053 1445 asse

480 1480 701 1547 tigurari
742 1478 910 1534 voluit
954 1478 1351 1534 tribuhtionem
1388 1479 1656 1549 passionis
1692 1495 1821 1544 suae,
1849 1480 1903 1534 in
1931 1480 2053 1534 favo

483 1570 658 1626 mellis
693 1579 976 1642 utramque
1012 1580 1259 1626 naturam
1283 1572 1589 1641 exprimere
1613 1571 1775 1626 voluit
1810 1587 2053 1641 persona:

482 1680 612 1718 sum.
662 1662 837 1729 Favus
874 1664 1072 1734 quippe
1112 1664 1217 1718 mel
1260 1664 1314 1717 in
1355 1679 1479 1717 cera
1522 1673 1638 1728 est,
1682 1664 1786 1718 mel
1828 1679 1958 1718 vero
1997 1665 2051 1717 in

482 1770 606 1809 cera
634 1794 651 1819 ,
706 1762 790 1809 est
841 1755 1094 1810 divinitas
1138 1755 1189 1809 iu
1234 1756 1603 1820 humanitate,
1653 1756 1795 1825 quod
1837 1756 1904 1810 ab
1950 1756 2051 1811 hac

2160 580 2453 634 rectionem
2494 582 2739 647 Domini,
2782 593 2844 637 ut
2882 584 3246 654 signiﬁcaret,
3294 588 3460 645 talem
3509 588 3765 646 futuram

2157 670 2452 727 Ecclesiam
2494 683 2616 744 post
2663 684 2906 731 nostram
2950 680 3405 735 resurrectione
3450 700 3467 735 :
3528 680 3762 749 Mittite,

2157 761 2346 831 inquit.
2393 773 2496 816 rete
2532 764 2587 817 in
2626 765 2867 819 dextram
2906 775 3131 836 partem.
3176 765 3459 825 Discretus
3502 779 3599 825 est
3632 786 3764 844 ergo

2156 865 2411 907 numerus
2445 868 2632 907 eorum
2674 855 2765 923 qui
2791 854 2857 908 ad
2881 855 3125 910 dextram
3154 858 3392 912 stabant.
3429 859 3591 915 Oves
3614 862 3759 918 enim

2155 951 2318 1009 ponet
2359 942 2425 995 ad
2468 942 2753 1007 dextram,
2797 944 2980 1000 haedos
3023 945 3091 1000 ad
3129 946 3406 1001 sinistram
3440 966 3456 1002 :
3515 947 3757 1015 Mittite,

2154 1030 2349 1100 inquit,
2390 1032 2446 1085 in
2485 1033 2757 1098 dextram,
2801 1042 3059 1104 tanquam
3103 1036 3348 1093 diceret:
3394 1038 3468 1094 Et
3504 1024 3629 1112 jam
3672 1057 3758 1097 re-

2153 1121 2388 1186 surresi,
2432 1120 2727 1176 Ecclesiam
2763 1121 2886 1179 volo
2925 1123 3253 1194 significare,
3294 1142 3415 1197 qua:
3458 1138 3526 1183 ut
3560 1129 3672 1184 erit
3700 1132 3755 1186 in

2154 1211 2550 1265 resurrectione
2589 1220 2945 1266 mortuorum.
2988 1212 3065 1268 lbi
3107 1214 3250 1269 dicta
3290 1225 3375 1272 est
3427 1218 3753 1285 multitudo,

2153 1300 2207 1355 id
2225 1308 2328 1365 est,
2353 1300 2407 1354 in
2428 1300 2601 1370 prima
2626 1301 2945 1371 piscatione,
2986 1302 3080 1359 sed
3109 1318 3216 1359 non
3242 1312 3425 1361 certus
3454 1323 3748 1364 numerus.

2149 1392 2209 1447 in
2257 1393 2493 1448 secunda
2541 1402 2723 1447 autem
2762 1404 2818 1448 et
2857 1394 3145 1451 multitudo
3191 1405 3247 1451 et
3287 1401 3653 1468 magnitudo,
3700 1412 3754 1456 et

2152 1491 2332 1538 certus
2371 1482 2545 1537 dictus
2579 1492 2666 1537 est
2702 1500 2977 1540 numerus.
3025 1485 3181 1543 Modo
3221 1498 3522 1560 antequam
3568 1494 3751 1547 veniat

2153 1572 2476 1627 resurrectio
2517 1580 2573 1626 et
2612 1583 2931 1642 separentur
2968 1575 3093 1630 boni
3137 1593 3168 1631 a
3210 1578 3402 1646 malis,
3455 1581 3599 1636 illud
3647 1584 3748 1637 im-

2152 1660 2328 1730 pletur
2346 1661 2488 1730 quod
2514 1662 2590 1716 ait
2612 1660 2879 1732 Propheta
2905 1683 2917 1717 :
2946 1666 3267 1722 Annuntiavi
3288 1677 3335 1722 et
3359 1669 3581 1727 loeutus
3606 1690 3747 1738 sum;

2154 1748 2488 1820 multiplicati
2509 1762 2627 1805 sunt
2654 1769 2811 1822 super
2838 1771 3107 1823 numerum
3141 1755 3313 1828 (Psal.
3343 1760 3567 1831 χχιιι).
3611 1760 3751 1828 Quid

483 1858 697 1912 quoque
738 1843 966 1898 lectione
1023 1860 1126 1897 non
1179 1843 1489 1912 discrepat,
1552 1858 1677 1897 nam
1719 1845 1919 1912 piscem
1960 1858 2052 1897 εο-
2084 1830 2240 1892 Βει
2297 1841 2647 1894 annuntiart'?
2701 1842 2834 1895 retia
2887 1843 3030 1898 misi.
3084 1844 3151 1898 Et
3201 1846 3331 1915 quid
3398 1830 3749 1919 multiplicati

482 1933 648 1986 incdit
682 1943 740 1986 ct
767 1948 959 2003 panem
983 1934 1076 2003 qui
1111 1934 1255 1987 enim
1294 1934 1463 1986 assari
1500 1941 1560 1987 ut
1586 1932 1749 2002 piscis
1785 1933 1957 2002 potuit
1986 1948 2051 1986 ex

483 2024 838 2091 humanitate,
863 2040 998 2094 pane
1038 2040 1136 2079 nos
1177 2024 1349 2079 reiicit
1380 2040 1444 2078 ex
1486 2023 1789 2089 divinitate,
1816 2024 1909 2095 qui
1938 2026 2049 2081 ait:

482 2113 596 2183 Ego
622 2130 737 2168 sum
771 2116 925 2185 panis
949 2116 1094 2168 rivus
1119 2115 1209 2185 qui
1233 2114 1297 2168 de
1327 2114 1450 2168 caelo
1479 2114 1721 2168 descendi
1745 2114 1926 2186 (Joan.
1951 2116 2048 2185 vr).

479 2204 674 2259 Assum
716 2218 845 2259 vero
889 2205 1091 2274 piscem
1140 2204 1373 2260 comedit
1415 2214 1472 2259 et
1519 2220 1713 2274 panem
1740 2246 1755 2270 ,
1818 2216 1879 2260 ut
1935 2207 2053 2275 ipso

481 2310 579 2349 suo
620 2294 743 2351 cibo
782 2295 939 2351 nobis
979 2294 1324 2355 ostenderet,
1381 2296 1505 2364 quia
1546 2303 1601 2347 et
1640 2296 1942 2363 passionem
1983 2311 2050 2349 ex

479 2396 664 2441 nostra
711 2387 1043 2442 humanitate
1086 2387 1326 2457 pertulit,
1371 2395 1425 2441 et
1465 2386 1915 2441 resurrectionem
1949 2402 2048 2439 no-

476 2488 649 2533 stram
685 2494 753 2533 ex
791 2494 889 2533 sua
930 2478 1209 2534 divinitate
1250 2478 1576 2547 procuravit.

552 2566 667 2623 Hoc
694 2569 809 2637 jam
840 2570 993 2623 tertio
1016 2568 1367 2637 manifestarit
1395 2585 1448 2622 se
1468 2567 1624 2622 Iesus
1646 2568 1915 2638 discipulis
1939 2569 2046 2631 suis

476 2675 595 2713 cum
636 2660 1019 2721 resurrexisset,
1045 2667 1152 2712 etc.
1194 2656 1306 2713 Hoc
1331 2673 1437 2712 non
1463 2658 1530 2713 ad
1555 2660 1698 2728 ipsas
1719 2658 2050 2714 demonstra-

477 2752 670 2817 tiones,
697 2752 790 2807 sed
823 2752 889 2807 ad
924 2752 1041 2808 dies
1078 2752 1280 2808 referre
1309 2752 1589 2817 debemus,
1622 2754 1723 2808 hoc
1758 2761 1841 2807 est
1875 2754 2050 2822 primo

476 2841 600 2901 die.
654 2856 777 2896 cum
817 2845 1157 2908 resurrexit,
1213 2852 1268 2897 et
1307 2853 1425 2912 post
1465 2844 1580 2898 dies
1618 2853 1785 2907 octo,
1835 2844 2048 2912 quando

476 2929 770 2999 discipulus
814 2930 1048 2986 Thomas
1088 2932 1258 2995 vidit,
1307 2941 1363 2985 et
1405 2932 1675 2996 credidit,
1722 2943 1777 2987 et
1816 2934 1918 2987 hoc
1962 2932 2047 2986 die

475 3022 690 3091 quando
727 3024 828 3078 hoc
858 3024 922 3079 de
958 3025 1194 3094 piscibus
1234 3025 1382 3087 fecit,
1411 3033 1528 3093 post
1562 3034 1692 3094 quot
1726 3033 1906 3078 autem
1933 3024 2047 3077 dies

474 3118 579 3172 hoc
617 3117 831 3182 fecerit,
876 3118 965 3174 hic
998 3117 1198 3173 dictum
1241 3132 1346 3173 non
1386 3127 1501 3183 est,
1542 3133 1667 3172 nam
1707 3118 1826 3186 ipso
1869 3116 2046 3185 primo

473 3208 559 3261 die
598 3223 703 3263 non
746 3208 911 3264 semel
950 3209 1096 3264 visus
1141 3218 1246 3274 est,
1284 3208 1427 3262 sicut
1448 3206 1900 3277 evangelistarum
1925 3221 2045 3259 om-

473 3299 624 3354 nium
667 3300 976 3355 testimonia
1017 3298 1212 3354 collata
1255 3300 1650 3360 demonstrant,
1676 3297 1771 3351 sed
1798 3298 1941 3352 sicut
1967 3297 2046 3350 di-

474 3399 620 3444 ctum
657 3398 770 3453 est,
813 3391 1107 3445 secundum
1150 3390 1267 3444 dies
1310 3387 1658 3443 numeranda:
1701 3396 1829 3441 sunt
1871 3389 2046 3442 maui-

474 3479 792 3535 fcstationcs
829 3477 970 3547 eius,
1014 3486 1077 3530 ut
1119 3479 1221 3532 ista
1263 3478 1331 3530 sit
1372 3476 1553 3531 tertia.

416 3568 419 3571 ’
697 3586 827 3626 trsu
867 3586 1193 3627 AUGIISTINUJ
1231 3587 1283 3625 tu
1323 3586 1540 3626 HOIILIA
1581 3587 1806 3627 nscas.

545 3662 873 3725 Liberatoris
910 3662 1081 3717 nostri
1112 3662 1422 3731 przcdicatio
1460 3672 1639 3717 nostra
1665 3657 2039 3721 est‘liheralio.

472 3745 619 3808 Duas
655 3761 839 3810 autem
872 3753 1200 3807 advertimus
1238 3754 1292 3807 in
1329 3762 1517 3808 sancto
1547 3752 1836 3825 Evangelio
1870 3757 2044 3824 pisca.

474 3847 669 3911 tiones,
698 3844 750 3898 id
783 3854 884 3909 est,
927 3844 1139 3913 quando
1174 3844 1242 3897 ad
1268 3843 1491 3899 verbum
1527 3844 1693 3913 ipsius
1729 3846 1892 3900 missa
1919 3855 2043 3900 sunt

473 3938 628 4001 retia,
659 3950 820 3990 suam
855 3935 1023 4005 prius,
1048 3935 1264 4005 quando
1292 3933 1580 4004 discipulos
1611 3934 1792 4004 elegit,
1823 3944 1876 3988 et
1902 3936 2043 3989 hanc

471 4027 716 4089 alteram,
749 4025 963 4093 quando
1001 4039 1031 4078 a
1071 4025 1299 4078 mortuis
1338 4026 1653 4079 resurrexit.
1694 4024 1786 4077 Illa
1815 4024 2042 4094 piscatio

470 4118 793 4187 signiﬁcavit
819 4116 1110 4170 Ecclesium
1135 4114 1308 4185 qualis
1332 4125 1414 4169 est
1438 4113 1619 4179 modo,
1637 4116 1740 4169 ista
1767 4129 1893 4167 vero
1920 4124 2043 4184 post

471 4208 921 4264 resurrectionem
945 4205 1154 4259 Domini
1184 4204 1503 4274 signiﬁcavit
1526 4204 1842 4267 Ecclesiam,
1865 4202 2043 4272 qualis

425 4287 443 4294 r
469 4301 648 4353 l'utura
670 4306 753 4352 est
776 4298 836 4351 in
860 4296 965 4351 (inc
994 4294 1193 4349 steculi.
1238 4294 1478 4363 Denique
1510 4294 1563 4348 in
1598 4293 1686 4348 illa
1712 4293 1876 4363 jussit
1900 4292 2038 4346 mitti

468 4392 633 4453 retia,
672 4398 726 4441 et
764 4404 871 4443 non
910 4387 1044 4442 dixit
1094 4387 1148 4440 in
1187 4401 1349 4456 quam
1385 4393 1617 4454 partem,
1659 4400 1767 4438 non
1796 4384 1932 4438 dixit
1984 4384 2039 4437 in

468 4482 714 4535 dextram
755 4487 849 4531 aut
885 4477 940 4532 in
979 4476 1277 4540 sinistram,
1317 4476 1493 4546 pisces
1515 4477 1660 4530 enim
1685 4473 1935 4529 homines
1959 4474 2035 4527 si-
2066 4510 2116 4568 Β

468 4566 813 4640 guilicabant.
861 4565 920 4621 Si
941 4581 1072 4637 ergo
1095 4565 1367 4620 diceretur
1398 4566 1458 4622 in
1486 4565 1755 4628 dextram,
1784 4561 1882 4616 soli
1908 4560 2035 4616 boui

467 4658 635 4717 futuri
677 4664 852 4712 erant.
901 4654 958 4711 Si
997 4656 1273 4712 diceretur
1309 4655 1365 4709 in
1404 4653 1712 4714 sinistram,
1753 4649 1852 4705 soli
1890 4648 2035 4704 mali.

468 4749 609 4817 Quia
641 4760 770 4802 vero
808 4745 1062 4816 permixti
1096 4743 1311 4801 fuerant
1346 4742 1515 4798 futuri
1548 4743 1603 4797 in
1636 4741 1879 4797 Ecclesia
1911 4739 2037 4796 boni

468 4856 534 4896 ac
573 4839 702 4895 mali
722 4881 741 4905 ,
773 4839 890 4894 sine
923 4837 1229 4894 tliﬂerentia
1267 4837 1433 4892 missa
1473 4844 1600 4891 sunt
1638 4834 1809 4897 retia,
1852 4841 1914 4887 ut
1951 4847 2042 4887 ca-

467 4939 727 5001 perentur
763 4929 939 5001 pisces
963 4971 977 4996 ,
1024 4927 1393 5001 sigqu
1436 4928 1729 4984 mixturam
1771 4924 2036 4979 bonorum

470 5038 534 5081 ac
574 5020 859 5079 malorum.

539 5112 667 5173 Tria
690 5128 821 5184 ergo
850 5114 907 5167 in
933 5112 1023 5169 illa
1046 5110 1346 5182 piscatione
1366 5108 1540 5177 prima
1565 5103 1863 5177 signiﬁcata
1890 5113 2033 5161 sunt.

471 5201 701 5263 Μίκωνα
724 5203 989 5260 bonorum
1021 5209 1078 5255 et
1103 5196 1365 5255 malorum
1389 5214 1401 5248 :
1437 5209 1695 5266 pressura
1722 5194 2035 5253 turbarum:

470 5293 840 5364 separationes
861 5291 1258 5348 haereticorum.
1297 5284 1529 5341 Mixtura
1552 5285 1815 5341 bonorum
1846 5295 1900 5341 et
1925 5300 2038 5340 ma-

469 5387 664 5451 lorum,
707 5386 837 5454 quia
875 5395 977 5438 nec
1014 5381 1070 5437 in
1108 5377 1328 5441 dextra,
1375 5392 1476 5436 nec
1517 5378 1573 5431 in
1612 5377 1831 5433 sinistra
1875 5378 2039 5432 missa

469 5486 595 5530 sunt
614 5475 774 5531 retia.
819 5473 1084 5527 Pressura
1105 5468 1407 5533 turbarum,
1431 5470 1556 5538 quia
1589 5477 1797 5523 tantum
1824 5477 2040 5538 captum

469 5575 594 5632 est,
651 5574 711 5620 ut
759 5560 1063 5618 naviculam
1113 5567 1440 5630 premerent.
1488 5559 1639 5615 Tunc
1675 5558 2043 5629 separationes

472 5656 869 5719 h:creticorum,
910 5649 1035 5720 quia
1077 5655 1227 5706 tanta
1265 5646 1444 5707 fuerat
1484 5648 1792 5713 multitudo,
1821 5655 1881 5702 ut
1905 5647 2038 5707 retia

475 5752 867 5819 Inrupereutur.
907 5741 1177 5813 Respicite
1207 5755 1347 5798 nunc
1376 5740 1442 5796 ad
1476 5740 1632 5797 istam
1663 5739 2037 5814 piscationem,

2152 1941 2276 1984 sunt
2323 1948 2479 2001 super
2529 1932 2851 1985 numerum?
2904 1931 3171 1989 Numerus
3202 1935 3272 1989 ad
3312 1945 3539 1991 sanctos
3572 1938 3745 2007 perti-

2153 2021 2370 2090 uet,qui
2398 2029 2523 2074 sunt
2548 2023 2821 2091 regnaturi
2846 2037 2970 2077 cum
2994 2021 3227 2079 Christo.
3252 2024 3425 2097 Super
3449 2043 3743 2085 numerum
3774 2021 3782 2028 ’

2153 2111 2311 2165 modo
2341 2112 2400 2165 in
2423 2112 2721 2168 Ecclesiam
2750 2114 2956 2170 intrare
2978 2128 3225 2186 possunt,
3255 2119 3309 2174 in
3347 2135 3584 2192 regnum
3633 2138 3744 2178 cae-

2153 2202 2324 2257 lorum
2354 2218 2461 2257 non
2489 2212 2730 2273 possunt.

2222 2293 2410 2349 Petrus
2452 2298 2671 2350 retraxit
2713 2300 2844 2352 retia
2887 2300 2957 2353 ad
2998 2300 3164 2354 littus.
3209 2301 3365 2357 Modo
3401 2320 3538 2359 cum
3577 2320 3743 2359 evan-

2151 2385 2346 2453 gelium
2392 2385 2586 2455 legitur
2624 2387 2868 2443 audistis.
2926 2390 3025 2446 Ubi
3065 2393 3220 2447 audis
3259 2393 3444 2460 littus,
3498 2396 3742 2468 intellige

2152 2476 2312 2530 linem
2340 2479 2544 2532 maris:
2590 2478 2680 2533 ubi
2717 2480 2871 2535 audis
2907 2480 3066 2535 linem
3093 2484 3279 2548 maris,
3303 2485 3549 2557 intellige
3577 2486 3736 2541 linem

2151 2569 2349 2623 seculi.
2408 2570 2465 2624 ln
2509 2569 2599 2624 illa
2641 2571 2975 2641 piscatione,
3027 2590 3134 2628 non
3178 2575 3247 2629 ad
3293 2576 3447 2632 littus
3505 2586 3736 2633 attracta

2151 2671 2275 2714 sunt
2318 2661 2475 2725 retia,
2519 2660 2612 2715 sed
2655 2662 2755 2732 ipsi
2794 2662 2992 2732 pisces,
3033 2665 3125 2734 qui
3166 2668 3308 2736 capti
3348 2679 3501 2731 sunt,
3546 2669 3604 2739 in
3642 2684 3737 2724 na-

2150 2750 2354 2805 viculas
2403 2750 2505 2804 fusi
2548 2761 2709 2817 sunt,
2756 2754 2845 2808 hic
2884 2763 3064 2809 autem
3110 2765 3394 2813 traxerunt
3434 2758 3510 2812 ad
3558 2760 3727 2814 littus.

2152 2839 2319 2909 Spera
2362 2840 2521 2894 linem
2561 2841 2764 2907 saeculi,
2806 2853 3066 2897 venturus
3104 2854 3187 2899 est
3224 2844 3366 2909 linis,
3414 2847 3568 2902 bono
3603 2847 3732 2902 dex-

2151 2938 2381 2996 trorum,
2426 2931 2570 2987 malo
2626 2934 2989 2989 sinistrorum.
3033 2935 3227 3002 Quid?
3267 2936 3446 3005 pisces
3489 2946 3728 2993 attraxe.

2151 3029 2304 3085 runt,
2354 3022 2561 3091 inquit,
2613 3023 2747 3077 retia
2788 3023 3039 3079 habentia
3085 3026 3261 3094 pisces
3305 3035 3528 3081 centum
3572 3028 3726 3096 quin-

2149 3112 2403 3180 quaginta
2438 3119 2567 3166 tres.
2618 3112 2683 3165 Et
2725 3113 2920 3182 adjecit
2952 3113 3292 3184 Evangelista
3323 3129 3439 3169 rem
3484 3130 3729 3169 necessa-

2152 3200 2328 3253 riam:
2375 3200 2440 3253 Et
2477 3216 2597 3254 cum
2641 3211 2750 3255 tam
2791 3204 2969 3272 magni
3013 3212 3213 3269 essent,
3255 3220 3360 3260 non
3386 3215 3473 3259 est
3498 3207 3724 3261 scissum

2147 3299 2279 3346 rete.
2327 3291 2502 3362 Magni
2542 3302 2723 3356 erunt,
2758 3294 2851 3348 sed
2894 3296 3128 3351 haereses
3168 3311 3274 3351 non
3317 3306 3501 3362 erunt,
3529 3307 3584 3351 et
3612 3298 3729 3351 idco

2147 3384 2315 3452 magis
2355 3385 2588 3438 htcreses
2630 3400 2736 3440 non
2778 3393 2955 3449 erunt,
2985 3386 3109 3455 quia
3151 3388 3331 3457 magni
3367 3396 3549 3442 erunt.
3594 3386 3726 3454 Quid

2145 3484 2270 3529 sunt
2313 3476 2533 3544 magni?
2589 3475 2730 3545 Lege
2772 3478 2942 3531 verba
2979 3478 3151 3548 ipsius
3194 3478 3406 3534 Domini
3454 3480 3511 3533 in
3555 3472 3725 3532 Evan—

2144 3566 2304 3634 gelio,
2341 3576 2396 3621 et
2438 3566 2679 3621 invenies
2724 3582 2963 3636 magnos,
3008 3569 3083 3622 ait
3121 3569 3265 3623 enim
3300 3570 3537 3639 quodam
3569 3570 3722 3623 loco:

2147 3656 2269 3711 Non
2328 3658 2442 3710 veni
2502 3657 2664 3727 legem
2723 3657 2955 3725 solvere,
3019 3662 3109 3713 sed
3172 3660 3460 3731 adimplere
3497 3679 3516 3716 :
3561 3662 3722 3714 Amen

2141 3762 2294 3800 amen
2335 3747 2454 3799 dico
2498 3745 2660 3812 rubis,
2697 3750 2944 3817 quoniam
2982 3749 3272 3820 quicunque
3312 3750 3525 3805 solverit
3565 3765 3723 3803 unum

2142 3836 2206 3889 de
2250 3836 2515 3889 mandatis
2556 3838 2670 3892 istis
2710 3839 2959 3903 minimis,
3003 3849 3053 3893 et
3094 3840 3332 3893 docuerit
3376 3842 3473 3906 sic,
3523 3842 3577 3895 id
3620 3850 3719 3903 est,

2143 3927 2368 3981 solverit
2407 3927 2548 3982 male
2589 3929 2839 3993 vivendo,
2890 3940 2945 3985 et
2992 3931 3234 3986 docuerit
3275 3931 3413 3987 bona
3460 3932 3715 3993 docendo,

2141 4022 2387 4075 minimus
2424 4022 2691 4076 vocabitur
2723 4023 2777 4077 in
2822 4039 2979 4093 regno
3022 4024 3268 4079 calorum
3298 4023 3513 4098 (Matth.
3547 4025 3624 4095 v),
3669 4022 3718 4075 id

2140 4121 2223 4165 est
2256 4111 2310 4166 in
2334 4111 2592 4179 Ecclesia,
2619 4129 2738 4183 qua:
2777 4114 2935 4169 modo
2974 4126 3074 4171 est.
3117 4115 3253 4183 Quia
3278 4126 3333 4171 et
3357 4117 3473 4186 ipsa
3501 4118 3721 4172 vocatur

2141 4219 2366 4274 regnum
2411 4204 2690 4268 caelorum,
2733 4205 2896 4260 habet
2936 4207 3110 4276 pisces
3150 4208 3306 4261 simul
3349 4217 3617 4270 natantes,
3665 4213 3715 4257 et

2140 4292 2312 4347 honos
2346 4302 2401 4346 et
2426 4292 2614 4347 malos.
2662 4292 2720 4346 lu
2760 4294 2865 4347 isto
2912 4309 3078 4364 regno
3119 4295 3400 4359 caelorum,
3440 4296 3493 4349 id
3532 4304 3634 4358 est,
3662 4293 3711 4346 in

2141 4382 2381 4437 Ecclesia
2421 4382 2581 4451 hujus
2621 4385 2906 4453 temporis,
2942 4385 3196 4440 minimus
3228 4394 3453 4440 vocatur
3490 4385 3597 4446 ille,
3624 4382 3711 4452 qui

2141 4474 2296 4529 docet
2333 4475 2472 4528 bona
2509 4484 2567 4528 et
2598 4477 2710 4544 agit
2746 4475 2902 4539 mala,
2940 4475 3066 4544 quia
3099 4477 3174 4531 ibi
3210 4485 3294 4531 est
3329 4486 3385 4531 et
3422 4477 3556 4545 ipse.
3599 4472 3709 4527 Non

2137 4565 2283 4618 enim
2313 4563 2433 4618 talis
2471 4563 2541 4618 ibi
2579 4576 2664 4618 est
2701 4566 2755 4620 in
2796 4580 2965 4633 regno
3001 4553 3282 4629 caiiorum,
3308 4565 3362 4619 id
3392 4575 3479 4620 est
3516 4566 3570 4621 in
3611 4561 3709 4615 Ec-

2138 4653 2322 4716 clesia,
2361 4653 2537 4722 qualis
2573 4664 2657 4710 est
2691 4655 2744 4709 in
2787 4655 2877 4710 illo
2912 4664 3175 4724 tempore.
3217 4655 3384 4711 Docet
3409 4651 3706 4720 bona,'agit

2140 4741 2297 4804 mala,
2324 4744 2662 4798 necessarius
2694 4753 2798 4810 est,
2834 4745 3201 4800 mercenarius
3232 4755 3353 4800 est:
3394 4744 3568 4798 Amen
3596 4741 3710 4794 dico

2139 4831 2310 4897 vobis,
2335 4834 2410 4887 ait
2436 4852 2449 4886 :
2476 4844 2831 4904 perceperunt
2853 4834 3154 4890 mercedem
3185 4851 3360 4891 suam.
3406 4834 3507 4902 Qui
3534 4840 3708 4886 autem

2140 4924 2330 4981 fecerit
2368 4935 2424 4983 et
2460 4927 2541 4981 sic
2580 4926 2846 4991 docuerit,
2874 4941 3100 4999 magnus
3133 4927 3414 4984 vocabitur
3452 4926 3506 4981 in
3550 4934 3709 4993 regno

2142 5015 2426 5072 ctelorum.
2466 5016 2605 5072 Ecce
2636 5025 2761 5071 sunt
2795 5016 2871 5071 illi
2907 5017 3085 5086 pisces
3119 5018 3300 5089 magni
3341 5016 3409 5071 ad
3440 5016 3708 5071 dexteram

2143 5108 2317 5177 capti,
2360 5107 2456 5177 qui
2492 5106 2683 5163 fecerit
2719 5116 2777 5163 et
2816 5107 2895 5162 sic
2933 5107 3208 5174 docuerit,
3251 5108 3392 5163 bona
3433 5101 3705 5161 docuerit.

2144 5214 2252 5257 non
2280 5198 2383 5255 sibi
2416 5198 2677 5268 loquenti,
2714 5196 2855 5253 male
2882 5197 3110 5254 vivendo
3147 5187 3562 5259 contradisesit,
3590 5203 3705 5247 cum

2144 5285 2299 5342 malae
2324 5287 2450 5342 vita:
2483 5294 2679 5342 testem
2708 5284 2910 5342 habeat
2939 5284 3178 5356 linguam
3208 5286 3427 5341 bonam.
3461 5283 3561 5352 Qui
3586 5289 3708 5346 ergo

2143 5375 2337 5431 fecerit
2378 5383 2434 5430 et
2474 5377 2553 5430 sic
2594 5374 2874 5439 docuerit,
2916 5388 3144 5452 magnus
3168 5374 3447 5430 vocabitur
3469 5374 3523 5430 in
3547 5378 3706 5438 regno

2143 5467 2425 5523 ccelorum.

2211 5556 2342 5611 Dico
2382 5566 2557 5610 autem
2598 5556 2774 5619 vobis,
2825 5556 2949 5625 quia
2987 5556 3088 5610 nisi
3127 5553 3465 5609 abundaverit
3498 5544 3702 5621 justitia

2141 5656 2330 5713 vestra,
2371 5662 2528 5715 super
2547 5644 2849 5700 Scribarum
2889 5654 2938 5699 et
2969 5642 3385 5706 Pharisaeorum,
3419 5656 3523 5696 nou
3544 5638 3701 5691 intra-

2143 5740 2287 5803 bitis,
2332 5748 2438 5797 etc;
2495 5738 2649 5795 Modo
2691 5739 2958 5811 quomodo
3001 5738 3255 5809 intelligis
3293 5751 3516 5809 regnum
3548 5725 3703 5789 εωὶοι·
