3978 6432
219 419 328 476 249

1039 409 1559 470 COLLEC‘I'IONES
1590 409 1659 466 IN
1697 409 2079 468 EPISTOLAS
2118 409 2208 465 ET
2248 411 2663 470 EVANGELIA.

3382 406 3488 461 350

221 530 389 590 rami
425 526 561 585 illud
597 526 740 584 unde
780 525 981 582 dicitur
1015 523 1267 580 dextris:
1307 521 1508 588 Venite,
1547 519 1806 576 benedicti
1831 528 1883 588 Α
1906 522 2137 579 occidat.
2178 522 2273 578 isti
2316 533 2445 579 sunt
2483 525 2676 589 sancti,
2716 524 2810 594 qui
2847 522 3057 580 faciunt
3092 524 3264 593 legem
3293 521 3390 578 Dei
3416 537 3488 578 ex

223 624 407 681 Patris
444 620 570 687 mei,
603 618 852 690 percipite
892 632 1108 688 regnum
1126 616 1155 671 .’
1194 613 1316 671 Nisi
1348 612 1689 669 abundaverit
1713 611 1808 682 ju-

221 718 370 774 stiti:
407 721 576 772 castra
613 709 733 784 plus
770 726 927 782 quam
964 707 1274 764 Scribarum
1314 715 1363 761 et
1390 704 1803 760 Pharisaei-um.

223 804 365 874 Quid
403 810 522 867 est,
566 799 686 871 plus
724 815 883 871 quam
924 796 1230 853 Scribarum
1269 804 1320 850 et
1360 792 1758 848 Pharisworum
1785 792 1810 844 .9

223 894 453 966 Respice
490 891 713 949 Sci-ibas
748 890 871 945 illos
909 896 966 944 et
999 888 1322 952 Pharisaeos,
1349 886 1444 956 qui
1469 885 1524 941 in
1547 884 1808 941 cathedra

224 983 360 1039 blosi
397 982 587 1039 sedent
615 979 833 1053 (Matth.
863 976 1045 1043 xxm).
1091 977 1169 1032 De
1205 977 1402 1046 quibus
1440 976 1646 1031 dictum
1683 983 1804 1031 est:

224 1075 359 1141 Quae
387 1074 577 1129 dicunt
606 1070 790 1137 facite,
811 1084 933 1139 qua:
951 1074 1133 1123 autem
1156 1066 1383 1133 faciunt,
1412 1065 1593 1122 facere
1618 1067 1807 1122 nolite.

226 1165 429 1219 Dicunt
463 1162 613 1218 enim
653 1169 712 1216 et
750 1175 860 1216 non
904 1159 1131 1215 faciunt.
1179 1158 1322 1229 Ergo
1355 1157 1570 1227 iustitia
1610 1156 1806 1211 Pharis

225 1271 460 1312 morum
500 1262 607 1320 est,
632 1254 814 1309 dicere
846 1261 904 1309 et
935 1268 1043 1309 non
1080 1250 1284 1308 facere.
1326 1249 1807 1318 Abundetiustitia

224 1356 409 1403 vestra
435 1362 599 1417 super
620 1343 935 1401 Scribarum
970 1352 1026 1399 et
1054 1344 1474 1408 Pharisaeorum,
1498 1350 1560 1396 ut
1587 1352 1644 1398 et
1666 1344 1809 1398 bona

224 1438 442 1502 dicatis,
484 1445 544 1490 et
583 1436 722 1491 bene
757 1435 969 1490 vivatis.
1011 1434 1132 1490 Jam
1164 1450 1297 1507 ergo
1331 1435 1399 1491 de
1430 1449 1658 1491 numero
1683 1450 1810 1490 cen-

225 1537 340 1585 tum
385 1527 776 1598 quinquaginta
819 1529 984 1598 trium
1026 1527 1256 1596 piscium
1283 1566 1299 1591 ,
1358 1525 1488 1595 quid
1541 1540 1678 1595 opus
1726 1535 1811 1581 est

225 1597 419 1674 eadem
459 1615 750 1672 retexere?
803 1597 977 1670 nostis
1019 1615 1131 1670 illa.
1190 1615 1237 1668 Α
1279 1616 1467 1671 decem
1507 1623 1562 1670 et
1602 1625 1809 1686 septem

224 1709 470 1764 nascitur
510 1722 770 1763 numerus
807 1721 1080 1771 crescens,
1103 1706 1282 1776 incipe
1320 1707 1390 1760 ab
1432 1721 1562 1771 uno,
1587 1709 1807 1778 perveni

226 1797 295 1851 ad
334 1797 522 1851 decem
560 1804 616 1851 et
653 1805 879 1865 septem,
903 1804 964 1849 ut
984 1810 1175 1851 omnes
1216 1796 1404 1861 addas,
1432 1796 1487 1850 id
1511 1804 1616 1862 est,
1639 1812 1807 1850 unum

1906 619 2051 674 dono
2089 618 2206 674 Dei.
2262 617 2375 674 Lex
2414 617 2607 687 jubere
2646 627 2869 690 potest,
2908 617 3102 688 iuvare
3139 633 3249 674 non
3285 626 3485 688 potest.

1904 709 2131 766 Accedit
2151 709 2367 779 adiutor
2388 710 2634 779 spiritus,
2659 718 2716 764 et
2743 709 2806 764 ﬁt
2831 707 3045 777 iussum
3078 708 3176 765 Dei
3208 724 3334 765 cum
3357 723 3490 780 gau-

1907 802 2019 867 dio,
2063 817 2190 858 cum
2227 801 2535 857 dilectione.
2575 801 2712 856 Nam
2752 802 2905 856 multi
2945 802 3153 858 faciunt
3192 818 3224 857 a
3270 802 3487 867 timore,

1906 893 2001 949 sed
2031 894 2124 964 qui
2158 893 2363 949 faciunt
2391 892 2566 964 legem
2600 892 2842 947 timendo
2872 906 3106 961 poenam,
3135 892 3354 949 mallent
3381 907 3488 946 non

1898 998 2029 1040 esse
2048 984 2191 1054 quod
2213 982 2492 1039 timebant.
2510 982 2611 1050 Qui
2633 990 2814 1038 autem
2838 981 3043 1043 faciunt
3066 981 3237 1053 legem
3258 982 3491 1038 amando

1898 1074 2186 1144 justitiam,
2216 1075 2451 1147 gaudent
2484 1082 2541 1129 et
2572 1073 2645 1129 ibi
2666 1072 2791 1143 quia
2827 1088 2934 1128 non
2965 1072 3167 1128 habent
3193 1072 3488 1127 inimicam.

1906 1163 2031 1220 Ideo
2067 1165 2199 1220 dicit
2236 1165 2535 1220 Dominus:
2578 1163 2861 1220 Concorda
2899 1178 3019 1217 eam
3057 1162 3362 1217 adversario
3402 1170 3492 1216 tuo

1874 1257 2008 1311 ‘cito
2031 1297 2045 1321 ,
2093 1271 2211 1309 cum
2247 1273 2302 1310 es
2338 1271 2457 1309 cum
2498 1253 2589 1309 illo
2630 1254 2687 1307 in
2725 1255 2810 1307 via
2854 1252 3070 1325 (Matth.
3099 1252 3178 1323 ν).
3233 1250 3369 1319 Quis
3407 1260 3495 1306 est

1908 1347 2256 1402 adversarius
2293 1346 2459 1401 tuus?
2500 1359 2684 1400 sermo
2724 1344 2879 1415 legis.
2923 1343 3054 1411 Quae
3096 1351 3180 1397 est
3214 1343 3343 1396 via?
3380 1343 3492 1396 vita

1908 1437 2031 1491 ista.
2100 1435 2381 1503 Quomodo
2419 1443 2505 1491 est
2560 1434 2651 1489 illa
2709 1434 3100 1489 adversarius?
3142 1432 3319 1487 dicit:
3366 1431 3495 1486 Non

1906 1526 2266 1593 mmehaberis,
2300 1533 2355 1581 et
2385 1533 2440 1580 tu
2475 1525 2560 1580 vis
2598 1524 2882 1580 mmchari.
2928 1523 3105 1577 Dicit:
3151 1520 3277 1576 Non
3303 1537 3494 1575 concu-

1906 1618 2076 1688 piscas
2118 1633 2234 1671 rem
2272 1616 2509 1686 proximi
2548 1616 2648 1680 tui,
2691 1622 2746 1670 et
2786 1623 2845 1669 tu
2882 1615 2966 1669 vis
3005 1627 3198 1683 rapere
3237 1627 3326 1667 res
3363 1611 3496 1665 alie-

1907 1723 2024 1762 nas.
2072 1707 2253 1763 Dicit:
2298 1705 2520 1761 Honora
2557 1716 2760 1777 patrem
2796 1714 2844 1759 et
2886 1714 3129 1768 matrem,
3173 1712 3229 1759 et
3270 1711 3325 1756 tu
3367 1717 3499 1758 con.

1907 1797 2225 1853 tumeliosus
2245 1812 2307 1851 es
2340 1797 2395 1850 in
2429 1796 2765 1867 parentibus.
2800 1794 2941 1849 Dicit
2962 1794 3087 1850 lex:
3126 1793 3246 1849 Noli
3273 1793 3497 1864 diligere

223 1889 395 1943 addas
436 1894 493 1942 et
533 1886 692 1952 duos,
736 1895 793 1941 et
836 1888 972 1941 ﬁant
1009 1896 1143 1953 tres,
1185 1886 1354 1942 addas
1396 1894 1529 1952 tres,
1575 1894 1631 1941 et
1672 1886 1811 1942 ﬁunt
1838 1880 1885 1939 B
1912 1887 2108 1942 falsum
2151 1887 2517 1942 testimonium
2543 1927 2558 1953 ,
2607 1895 2665 1941 tu
2707 1900 2739 1940 a
2780 1885 3065 1941 mendacio
3107 1900 3217 1940 non
3263 1885 3493 1941 recedis.

225 1994 345 2044 sex,
370 1977 538 2033 addas
571 1985 804 2047 quatuor
835 1984 892 2032 et
928 1976 1066 2032 ﬁant
1104 1976 1311 2041 decem,
1343 1976 1423 2032 sic
1445 1991 1637 2032 omnes
1673 1977 1812 2032 adde

225 2083 398 2139 usque
438 2067 507 2123 ad
546 2069 733 2124 decem
774 2075 831 2123 et
869 2075 1098 2138 septem,
1123 2077 1178 2122 et
1215 2068 1469 2138 pervenis
1499 2069 1568 2123 ad
1594 2076 1811 2123 centum

226 2159 618 2229 quinquaginta
659 2167 791 2214 tres.
844 2158 979 2214 Tota
1023 2172 1153 2229 ergo
1197 2157 1426 2215 intentio
1464 2167 1651 2213 nostra
1691 2173 1813 2214 esse

226 2269 336 2307 non
382 2253 576 2318 debet,
629 2252 735 2310 nisi
787 2250 916 2322 quid
972 2252 1078 2307 sibi
1131 2251 1321 2307 volunt
1375 2251 1564 2306 decem
1608 2259 1675 2307 et
1721 2266 1812 2305 se-

226 2352 411 2414 ptem,
473 2344 548 2399 ibi
596 2353 682 2399 est
734 2344 878 2399 enim
934 2343 1343 2399 fundamentum
1390 2351 1609 2398 centum
1649 2343 1811 2412 quin-

226 2437 485 2507 quaginta
525 2436 711 2491 trium.
753 2435 893 2502 Quid
929 2436 1030 2491 sibi
1062 2434 1251 2491 volunt
1285 2435 1477 2490 decem
1502 2442 1557 2489 et
1584 2443 1812 2505 septem,

227 2526 284 2581 in
329 2527 446 2598 lege
487 2543 720 2599 agnosce
760 2529 969 2594 decem,
1003 2529 1188 2584 decem
1215 2536 1485 2598 praecepta
1511 2529 1639 2583 data
1667 2537 1810 2583 sunt.

225 2615 414 2672 Primo
445 2615 738 2688 Decalogus
777 2618 994 2683 dicitur,
1039 2619 1272 2689 scriptus
1313 2619 1368 2673 in
1413 2617 1612 2673 tabulis
1644 2617 1814 2689 digito

225 2705 358 2773 Dei,
402 2708 457 2762 in
494 2707 681 2764 decem
724 2721 956 2777 agnosce
992 2707 1188 2779 legem,
1232 2708 1289 2762 in
1332 2720 1538 2779 septem
1577 2721 1813 2778 agnosce

231 2801 495 2870 Spiritum
536 2809 802 2855 sanctum.
850 2799 1173 2871 Septenario
1211 2800 1359 2856 enim
1401 2815 1627 2855 numero
1664 2814 1816 2854 com-

229 2891 519 2946 mendatur
544 2888 780 2960 Spiritus
819 2899 1056 2947 sanctus.
1105 2890 1230 2947 ldeo
1270 2891 1584 2947 nominatur
1607 2890 1660 2945 in
1691 2890 1811 2960 lege

229 2981 714 3038 sancziﬁcationis:
752 2980 995 3052 Septimo
1028 2981 1117 3037 die
1149 2980 1279 3047 fecit
1310 2982 1453 3037 Deus
1485 2980 1680 3046 lucem,
1705 2995 1813 3036 non

228 3072 434 3143 dictum
472 3080 575 3137 est,
617 3072 981 3129 sanctiﬁcavit
1014 3088 1161 3128 eum.
1206 3071 1360 3128 Fecit
1383 3071 1810 3136 ﬁrmamentum,

229 3177 337 3244 non
375 3163 577 3219 dictum
615 3171 720 3228 est,
746 3162 1106 3219 sanctiﬁcavit
1136 3161 1556 3219 ﬁrmamentum.
1600 3162 1813 3218 Discre-

229 3235 308 3307 vit
353 3270 503 3310 mare
549 3271 579 3310 a
626 3263 772 3310 terra
797 3294 813 3319 ,
861 3254 1028 3326 iussit
1065 3255 1372 3325 germinare
1410 3261 1654 3316 terram,
1704 3268 1811 3307 non
1838 3230 1885 3293 (ἶ

229 3342 436 3398 dictum
478 3352 598 3409 est,
643 3344 1020 3400 sanctiﬁcavit.
1082 3344 1237 3400 Fecit
1279 3343 1468 3399 lunam
1507 3350 1565 3398 et
1590 3342 1813 3421 sidera,

230 3450 369 3509 non.
395 3434 598 3489 dictum
639 3444 724 3491 est
763 3434 1142 3491 sanctiﬁcavit.
1187 3433 1358 3490 Jussit
1396 3434 1649 3490 animalia
1683 3450 1816 3505 pro-

232 3521 426 3577 cedere
465 3523 534 3579 de
570 3524 751 3594 aquis,
796 3525 1063 3590 natantia,
1104 3532 1161 3580 et
1193 3523 1453 3598 volatilia,
1482 3540 1589 3581 non
1615 3524 1817 3580 dictum

231 3622 338 3677 est,
383 3614 761 3671 sanctiﬁcavit.
809 3614 982 3671 Jussit
1032 3615 1099 3671 de
1139 3624 1285 3670 terra
1327 3615 1479 3671 exire
1521 3614 1814 3679 animalia,

230 3704 632 3776 quadrupedia,
675 3714 731 3761 et
769 3690 953 3763 omnia
995 3704 1275 3775 repentis,
1320 3720 1429 3781 non
1469 3705 1674 3760 dictum
1716 3715 1816 3770 est,

235 3793 618 3850 sanctiﬁcavit.
666 3793 815 3850 Fecit
855 3794 1031 3865 ipsum
1065 3794 1362 3860 hominem,
1386 3810 1493 3850 non
1514 3795 1672 3861 dixit,
1698 3809 1822 3850 san-

234 3884 512 3940 ctiﬁcavit.
556 3886 787 3941 Ventum
830 3894 916 3942 est
955 3885 1023 3940 ad
1061 3885 1353 3957 septimum
1393 3886 1561 3951 diem,
1602 3887 1696 3942 ubi
1738 3902 1822 3942 re-

235 3974 461 4043 quievit,
506 3983 563 4031 et
602 3975 775 4047 ipsum
818 3975 1194 4032 sanctiﬁcavit.
1240 3975 1345 4031 Per
1385 3976 1628 4046 requiem
1667 3992 1819 4033 suam

234 4063 382 4120 Deus
423 4065 750 4135 signiﬁcavit
797 4067 1041 4136 requiem
1091 4075 1355 4131 nostram.
1422 4067 1501 4122 lbi
1546 4081 1676 4138 ergo
1717 4070 1823 4124 erit

237 4154 594 4211 sanctiﬁcatio
633 4164 817 4211 nostra
855 4156 1013 4227 plena
1039 4196 1055 4221 ,
1107 4156 1200 4211 ubi
1245 4170 1369 4212 cum
1421 4156 1512 4211 illo
1557 4157 1675 4212 sine
1713 4157 1821 4213 ﬁne

238 4247 662 4319 requiescamus.
710 4248 842 4305 Nam
885 4264 1056 4321 quare
1098 4250 1242 4305 Deus
1282 4251 1669 4321 requiesceret,
1714 4268 1820 4308 non

240 4340 390 4395 enim
435 4341 708 4411 operando
746 4340 1008 4414 fatigatus
1047 4352 1166 4409 est,
1220 4351 1278 4398 tu
1323 4344 1369 4399 si
1409 4345 1574 4399 verbo
1615 4344 1818 4413 facias,

242 4447 352 4487 non
394 4431 660 4503 fatigaris,
702 4433 746 4488 si
781 4434 974 4505 iubeas
1013 4441 1069 4491 et
1105 4436 1364 4491 continuo
1402 4435 1517 4502 ﬁat,
1562 4445 1695 4503 stas,
1741 4438 1823 4493 in-

244 4520 396 4591 teger
434 4535 642 4576 manes.
686 4520 864 4577 Pauca
899 4523 1063 4579 verba
1103 4522 1261 4588 dixit,
1311 4524 1452 4579 unde
1476 4533 1649 4580 totum
1671 4523 1821 4592 fecit,

244 4626 300 4671 et
335 4614 514 4697 subito
549 4614 780 4671 lassatus
820 4624 924 4682 est,
970 4631 1100 4686 ergo
1143 4616 1314 4687 legem
1359 4632 1593 4689 agnosce
1632 4617 1687 4672 in
1730 4617 1826 4674 de-

244 4724 389 4775 cem,
411 4708 669 4778 Spiritum
693 4718 941 4765 sanctum
964 4725 1198 4780 agnosce
1220 4710 1274 4764 in
1299 4718 1525 4780 septem.
1560 4708 1829 4781 Jungatur

246 4800 470 4870 spiritus
510 4799 615 4869 legi
638 4840 653 4866 ,
698 4800 826 4869 quia
872 4800 919 4855 si
965 4800 1242 4870 acceperis
1284 4799 1459 4872 legem
1491 4808 1556 4871 .et
1597 4799 1831 4859 defuerit

250 4892 345 4947 tibi
369 4889 693 4959 adiutorium
716 4891 961 4961 spiritus,
994 4906 1102 4948 non
1135 4891 1328 4962 imples
1360 4893 1503 4963 quod
1537 4892 1689 4964 legis,
1718 4907 1825 4948 non

216 5046 219 5049 ν
251 4981 442 5052 imples
480 4981 622 5050 quod
665 4981 761 5036 tibi
793 4980 1038 5050 iubetur.
1087 4981 1195 5038 Sed
1235 4983 1397 5038 homo
1435 4984 1535 5040 sub
1574 4983 1714 5055 lege,
1744 4985 1828 5039 in—

250 5086 414 5142 super
449 5070 834 5141 przevaricator
876 5079 1108 5129 tenetur.
1154 5071 1392 5128 Accedat
1434 5073 1688 5143 spiritus,
1730 5074 1828 5130 ad—

242 5162 427 5232 iuvet,
471 5170 528 5217 et
568 5160 628 5216 ﬁt
655 5163 801 5236 quod
833 5163 1073 5234 iubetur.
1125 5162 1182 5219 Si
1208 5164 1361 5230 deest
1381 5164 1621 5235 spiritus,
1650 5166 1830 5223 littera

212 5254 452 5319 _occidit
494 5264 583 5311 te:
611 5272 781 5327 quare
820 5257 1000 5314 littera
1039 5259 1241 5314 occidit
1280 5260 1373 5314 te?
1417 5260 1540 5329 quia
1581 5262 1837 5332 praevari-

251 5354 493 5402 catorem
524 5357 576 5403 te
598 5347 781 5416 faciet,
806 5366 912 5404 non
951 5359 1107 5420 potes
1141 5352 1389 5406 excusari
1413 5352 1482 5408 de
1510 5352 1831 5422 ignorantia,

252 5439 378 5508 quia
422 5438 595 5511 legem
634 5442 928 5512 accepisti,
968 5442 1083 5513 iam
1125 5444 1268 5512 quod
1310 5442 1521 5498 faceres
1558 5442 1790 5500 didicisti
1815 5486 1831 5509 ,

254 5531 558 5603 ignorantia
600 5541 653 5589 te
689 5548 797 5591 non
840 5540 1089 5599 etcusat,
1132 5535 1356 5605 spiritus
1381 5543 1435 5591 te
1461 5549 1564 5590 non
1593 5534 1830 5602 adjuvat.

253 5639 384 5696 ergo
422 5623 635 5695 peristi.
676 5622 784 5681 Sed
822 5626 953 5694 quid
976 5624 1346 5695 aitapostolus
1367 5624 1604 5680 Paulus:
1634 5623 1832 5680 Littera

255 5717 475 5783 occidit,
520 5717 737 5788 spiritus
779 5728 951 5771 autem
996 5717 1213 5785 riri/icat
1248 5715 1333 5783 (ll
1368 5715 1489 5770 Cor.
1526 5715 1629 5786 ul).
1678 5714 1830 5771 Unde

258 5809 480 5884 spiritus
518 5806 794 5862 viviﬁcat?
839 5808 962 5879 quia
1009 5807 1137 5862 facit
1184 5806 1391 5878 impleri
1442 5806 1711 5870 litteram,
1763 5822 1830 5862 uc

1846 4578 1901 4639 D

1912 1980 2141 2047 Quando
2182 1979 2368 2046 vides,
2414 1980 2542 2051 quia
2583 1978 2673 2035 ille
2710 1993 2890 2035 sermo
2930 1979 3077 2035 aliud
3113 1978 3299 2048 iubet,
3342 1987 3398 2034 et
3439 1988 3498 2033 tu

1912 2070 2059 2125 aliud
2094 2068 2253 2135 facis,
2286 2084 2403 2145 non
2442 2077 2526 2125 est
2566 2069 2914 2125 adversarius
2950 2078 3096 2135 tuus,
3125 2070 3499 2126 adversarium

1914 2162 2085 2217 habes
2124 2160 2328 2216 malum
2354 2200 2371 2226 ,
2419 2176 2529 2216 non
2573 2169 2756 2216 tecum
2795 2160 2962 2216 intret
3003 2161 3059 2216 in
3102 2161 3455 2216 secretarium
3483 2202 3499 2228 ,

1913 2268 2178 2323 compone
2221 2268 2343 2309 cum
2386 2268 2448 2309 es
2489 2268 2613 2308 cum
2651 2252 2748 2308 illo
2778 2252 2847 2307 .in
2889 2253 3006 2319 via,
3050 2255 3204 2309 adest
3240 2253 3503 2309 Dominus

1913 2344 2006 2413 qui
2039 2359 2137 2399 vos
2172 2344 2487 2400 concordet.
2537 2342 2820 2411 Quomodo
2853 2358 2951 2399 vos
2985 2344 3283 2399 concordat
3319 2344 3503 2400 Domi-

1915 2437 2057 2492 nus?
2099 2436 2349 2491 donando
2387 2442 2634 2505 peccata,
2676 2442 2734 2489 et
2768 2433 3080 2505 inspirando
3112 2433 3402 2504 iustitiam,
3443 2446 3505 2490 ut

1917 2526 2051 2580 fiant
2078 2539 2246 2595 opera
2274 2525 2438 2580 bona.
2487 2522 2623 2580 Cum
2655 2537 2788 2595 ergo
2817 2523 3235 2580 concordaberis
3261 2540 3384 2580 cum
3411 2525 3506 2579 ad.

1915 2616 2160 2672 versario
2195 2623 2310 2681 tuo,
2349 2615 2405 2671 id
2444 2621 2548 2678 est,
2589 2597 2714 2669 eum
2751 2614 3009 2685 decalogo
3052 2614 3206 2685 legis,
3246 2630 3347 2686 per
3382 2614 3504 2684 Spi—

1881 2732 1887 2739 -
1914 2711 2079 2777 ritum
2113 2717 2362 2765 sanctum
2396 2709 2696 2780 pertinebis
2729 2709 2798 2765 ad
2828 2709 3015 2766 decem
3051 2722 3106 2765 et
3136 2719 3365 2781 septem,
3387 2710 3504 2780 iam

1916 2799 2110 2856 exinde
2149 2809 2429 2855 excrescet
2468 2816 2727 2856 numerus
2760 2800 2830 2856 ad
2863 2809 3083 2855 centum
3117 2801 3502 2871 quinquaginta

1916 2901 2065 2956 tres,
2104 2890 2214 2946 eris
2254 2891 2324 2946 ad
2365 2890 2644 2946 dexteram
2691 2892 3071 2957 coronandus,
3113 2907 3184 2947 ne
3222 2907 3507 2948 remaneas

1884 2982 1984 3037 .ad
2024 2981 2304 3038 sinistram
2344 2982 2703 3037 damnandus.

2558 3075 2763 3130 FERIA
2802 3076 2867 3131 ν.

2075 3182 2300 3223 ἰεοτιο
2336 3181 2551 3222 Αοτυωι
2590 3180 2997 3229 Λιιοετοιοιιυιι,
3035 3180 3155 3220 CAP.
3192 3179 3313 3218 VIII.

1992 3276 2012 3310 ι
2033 3257 2272 3330 Angelus
2290 3257 2505 3312 Domini
2528 3256 2741 3313 locutus
2759 3263 2847 3311 est
2865 3256 2933 3310 ad
2955 3254 3258 3326 Philippum
3281 3254 3469 3310 dicens
3488 3273 3503 3309 :

1923 3368 1941 3401 ι
1973 3347 2146 3420 Surge
2184 3356 2241 3403 et
2273 3346 2413 3403 vade
2455 3354 2646 3401 contra
2687 3344 3047 3401 meridianum
3085 3345 3155 3399 ad
3194 3345 3338 3399 viam
3384 3360 3508 3415 quat

1884 3471 1889 3475 ς
1922 3456 1941 3489 ι
1974 3437 2257 3493 descendit
2296 3436 2365 3492 ab
2410 3434 2748 3491 Hierusalem
2780 3435 2834 3490 in
2861 3433 3086 3499 Gazam,
3133 3435 3250 3490 hate
3288 3444 3373 3490 est
3411 3435 3507 3491 de-

1924 3550 1943 3583 ‹
1975 3541 2140 3587 serta.
2178 3531 2246 3586 Et
2273 3542 2506 3601 surgens
2532 3529 2686 3594 abiit,
2716 3537 2772 3608 et
2797 3543 2926 3584 ecce
2952 3528 3036 3582 vir
3062 3526 3313 3597 Ethiops
3338 3542 3511 3582 ennu-

1924 3641 1943 3674 ι
1975 3622 2129 3687 chus,
2150 3628 2359 3691 potens,
2387 3618 2655 3675 Candaeis
2682 3618 2882 3688 regina:
2908 3615 3247 3686 Ethiopum,
3272 3616 3365 3686 qui
3392 3625 3512 3673 erat

1924 3730 1942 3762 ι
1976 3726 2139 3782 super
2158 3724 2347 3766 omnes
2376 3723 2539 3779 gazas
2562 3706 2699 3776 eius,
2729 3715 2955 3764 venerat
2981 3707 3212 3763 adorare
3240 3708 3295 3762 in
3321 3707 3513 3763 Hiem-

1925 3823 1943 3856 ι
1978 3803 2169 3868 salem,
2191 3812 2248 3858 et
2268 3803 2647 3858 revertebatur
2670 3800 2865 3856 sedens
2891 3815 3056 3871 super
3079 3815 3300 3855 currum
3327 3815 3508 3865 suum,

1926 3915 1944 3947 ι
1978 3895 2267 3965 legensque
2292 3892 2488 3948 Isaiam
2516 3892 2859 3962 pmphetam.
2899 3889 3047 3945 Dixit
3075 3898 3256 3946 autem
3286 3890 3511 3961 spiritus

1927 4007 1944 4039 ι
1978 3988 2264 4056 Philippo:
2309 3985 2541 4047 Accede,
2577 3983 2809 4055 adiunge
2843 3991 2898 4037 te
2945 3983 3013 4037 ad
3056 3997 3279 4038 currum
3321 3982 3506 4037 istum.

1927 4099 1946 4132 ‹
1976 4079 2282 4134 Accurrens
2303 4086 2483 4133 autem
2508 4077 2807 4146 Philippus,
2830 4075 3037 4130 audivit
3061 4074 3212 4129 illum
3236 4074 3512 4144 legentem

1890 4202 1893 4205 λ
1927 4190 1945 4223 ι
1980 4171 2173 4226 Isaiam
2200 4171 2521 4240 prophetam
2553 4176 2610 4223 et
2636 4168 2810 4222 dixit:
2850 4166 3086 4221 Putasne
3110 4165 3365 4235 intelligis
3387 4181 3515 4235 quae

1927 4280 1946 4314 ι
1979 4260 2155 4332 legis?
2200 4258 2304 4326 Qui
2343 4258 2456 4313 ait:
2497 4257 2566 4311 Et
2602 4256 2875 4326 quomodo
2910 4270 3131 4325 possum
3171 4254 3469 4325 intelligere
3492 4295 3513 4320 ,

1928 4368 1947 4403 ι
1980 4350 2081 4405 nisi
2112 4347 2310 4416 aliquis
2329 4346 2629 4402 ostenderit
2649 4346 2821 4400 mihi?
2850 4343 3184 4416 Rogavitque
3202 4342 3511 4414 Philippum

1929 4460 1947 4493 ι
1981 4448 2042 4495 ιιι
2065 4438 2384 4495 ascenderet
2404 4445 2460 4492 et
2485 4436 2699 4492 sederet
2721 4450 2923 4491 secum.
2956 4433 3133 4490 Locus
3158 4441 3339 4489 autem
3364 4432 3512 4488 Scri-

1929 4550 1949 4584 ι
1982 4539 2155 4603 ptum
2182 4530 2272 4585 hic
2299 4536 2452 4594 erat,
2496 4542 2660 4599 quam
2696 4527 2946 4598 legebat:
2981 4526 3259 4596 Tanquam
3289 4525 3411 4580 ovis
3441 4526 3512 4581 ad

1933 4641 1952 4673 ι
1984 4620 2310 4677 occisionem
2337 4619 2531 4675 ductus
2555 4625 2671 4684 est,
2712 4627 2768 4674 et
2798 4618 2940 4673 sicut
2972 4631 3143 4688 agnus
3171 4630 3356 4672 coram
3387 4625 3508 4671 ton-

1935 4733 1954 4766 σ
1986 4714 2149 4770 dente
2177 4728 2259 4781 se,
2299 4714 2420 4768 sine
2443 4727 2601 4779 voce,
2639 4711 2720 4767 sic
2752 4725 2859 4767 non
2896 4710 3110 4780 aperuit
3134 4724 3198 4764 os
3223 4723 3401 4764 suum.
3450 4708 3510 4765 lo

1935 4826 1954 4858 ς
1986 4806 2290 4862 humilitate
2319 4804 2586 4874 iudicium
2622 4802 2742 4872 eius
2777 4803 3048 4859 sublatum
3076 4809 3180 4865 est,
3206 4801 3515 4871 generatio-

1935 4915 1954 4949 c
1986 4913 2110 4954 nem
2133 4897 2249 4965 eius
2272 4898 2395 4968 quis
2417 4896 2733 4953 enarrabit?
2759 4897 3016 4966 quoniam
3038 4895 3256 4951 tolletur
3276 4895 3344 4949 de
3367 4903 3513 4949 terra

1935 5007 1954 5041 ι
1987 4989 2093 5045 vita
2132 4987 2267 5057 eius.
2314 4987 2669 5058 Respondens
2706 4995 2886 5042 autem
2924 4986 3206 5042 eunuchus
3237 4983 3512 5055 Philippo,

1936 5099 1955 5134 ι
1987 5082 2125 5138 dixit
2152 5101 2164 5136 :
2202 5081 2440 5138 Obsecro
2469 5090 2554 5147 te,
2592 5082 2660 5137 de
2686 5096 2795 5151 quo
2822 5082 3086 5152 propheta
3115 5080 3247 5135 dicit
3272 5080 3404 5143 hoc,
3445 5080 3513 5136 de

1938 5192 1958 5225 ι
1989 5188 2071 5237 se,
2097 5188 2164 5228 an
2187 5174 2254 5228 de
2280 5172 2464 5235 aliquo
2489 5172 2631 5227 alio?
2662 5171 2926 5241 Aperiens
2945 5177 3126 5226 autem
3148 5169 3427 5241 Philippus
3449 5186 3515 5225 os

1940 5281 1958 5313 ε
1993 5279 2148 5318 suum
2167 5303 2181 5328 ,
2214 5270 2270 5317 et
2296 5262 2561 5331 incipiens
2588 5278 2620 5317 a
2647 5263 2928 5331 Scriptura
2958 5263 3094 5328 ista,
3123 5261 3513 5332 evangelixavit

1896 5396 1913 5415 ,
1943 5373 1961 5404 σ
1996 5353 2068 5407 illi
2107 5351 2312 5409 Jesum.
2362 5353 2428 5407 Et
2465 5354 2589 5407 dum
2631 5353 2773 5407 irent
2808 5367 2906 5422 per
2943 5353 3105 5419 viam,
3147 5359 3412 5407 venerunt
3444 5353 3513 5406 ad

1943 5461 1961 5494 ε
1996 5443 2285 5512 quamdam
2313 5456 2534 5512 aquam.
2584 5440 2652 5495 Et
2688 5440 2765 5496 ait
2804 5442 3135 5497 Eunuchus:
3179 5441 3319 5495 Ecce
3344 5454 3513 5509 aqua,

1944 5553 1961 5584 ‹
1993 5534 2115 5603 quis
2136 5533 2386 5603 prohibet
2406 5548 2493 5589 me
2511 5533 2809 5601 baptizari?
2831 5534 2975 5588 Dixit
2995 5541 3173 5587 autem
3195 5531 3475 5603 Philippus
3500 5550 3513 5587 :

1943 5643 1960 5675 ι
1997 5625 2053 5679 Si
2082 5625 2262 5680 credis
2297 5624 2354 5680 in
2394 5632 2505 5680 toto
2540 5625 2725 5688 corde,
2755 5624 2900 5680 licet.
2942 5626 3007 5680 Et
3030 5623 3362 5692 respondens
3398 5625 3511 5680 ait:

1944 5733 1961 5765 ι
1994 5714 2170 5768 Credo
2198 5713 2391 5768 Filium
2428 5713 2521 5768 Dei
2561 5729 2681 5768 esse
2708 5713 2891 5770 Iesum
2922 5713 3217 5770 Christum.
3263 5712 3329 5768 Et
3353 5712 3518 5782 iussit

1944 5824 1961 5857 ‹
1994 5814 2137 5861 stare
2170 5820 2410 5870 currum,
2443 5813 2496 5860 et
2534 5804 2924 5860 descenderunt
2951 5812 3176 5874 uterque
3209 5803 3262 5860 in
3295 5819 3521 5875 aquam,
