3978 6414
533 409 631 464 251

1826 394 2102 451 SMARAG
2112 396 2172 449 Dl
2215 393 2502 449 ABBATIS

3675 391 3780 448 232

534 537 561 574 ι
586 521 866 590 Philippus
897 527 962 574 et
993 517 1303 580 eunuchus,
1350 526 1406 569 et
1443 511 1734 585 baptizavit
1770 526 1912 566 cum.
1964 509 2099 563 Cum
2127 510 2175 568 Α
2203 523 2326 560 cum
2355 507 2569 561 ducitur
2596 505 2664 560 ad
2697 507 2970 562 victimam
2993 521 3102 561 non
3128 515 3414 577 repugnat,
3442 508 3524 562 sic
3550 507 3778 578 illepm-

529 630 558 664 s
591 619 772 666 autem
797 609 1132 665 ascendisset
1155 607 1222 662 de
1250 604 1662 677 aqua,Spiritus
1687 601 1897 657 Domini
1925 599 2104 668 rapuit

447 683 466 744 ⁸1
530 718 557 753 s
589 698 930 768 Philippum,
969 706 1034 752 et
1074 695 1308 766 amplius
1346 709 1456 748 non
1483 693 1616 746 vidit
1649 706 1772 747 eum
1802 689 2098 744 eunuchus.

458 783 466 793 ’
535 806 557 841 ι
589 789 703 844 lbat
730 797 911 844 autem
935 803 1036 858 per
1060 787 1204 841 viam
1231 799 1383 840 suam
1413 783 1671 853 gaudens.
1707 780 1984 849 Philippus
2009 793 2104 833 au-

526 895 556 928 «ι
590 886 697 933 tem
723 878 978 934 inventus
1002 883 1087 931 est
1113 876 1168 929 in
1189 874 1382 951 Azoto,
1409 879 1464 926 et
1492 870 1857 941 pertransiens
1883 881 2104 936 evange~

536 986 556 1018 ι
587 967 786 1024 litabat
821 966 1138 1023 civitatibus
1181 964 1410 1026 cunctis,
1465 963 1636 1016 donec
1680 959 1888 1014 veniret
1930 957 2132 1041 Casa"

528 1073 555 1107 4
591 1072 755 1115 ream.
788 1071 982 1111 nomen
1009 1054 1221 1110 Domini
1247 1053 1418 1108 nostri
1441 1051 1567 1107 Jesu
1593 1050 1814 1107 Christi.
1848 1069 1866 1101 ι

600 1145 828 1215 Angelus
852 1147 1066 1200 Domini
1094 1144 1299 1198 locutus
1318 1153 1394 1198 est
1439 1143 1510 1200 ad
1540 1141 1862 1210 Philippum,
1884 1140 2060 1196 dicens
2082 1155 2101 1194 :

525 1235 703 1306 Surge
728 1245 775 1288 et
797 1236 944 1300 vade,
975 1243 1082 1290 etc.
1125 1235 1225 1305 (Ex
1255 1232 1442 1304 Beda.)
1469 1233 1612 1288 Bene
1639 1233 1692 1286 in
1719 1231 1943 1290 meridie
1957 1246 2103 1300 qure-

525 1327 670 1380 ritur
705 1333 759 1379 et
788 1325 1080 1390 invenitur,
1113 1333 1170 1380 et
1204 1323 1440 1379 abluitur
1469 1323 1558 1377 ille
1587 1321 1680 1390 qui
1707 1321 1992 1376 devotione
2013 1335 2105 1389 pe-

526 1407 697 1475 ctoris
724 1421 944 1485 ardens,
970 1419 1117 1474 velut
1139 1418 1385 1488 quaedam
1417 1415 1656 1487 gentium
1687 1413 1958 1484 primitize,
1993 1413 2103 1468 Deo

527 1512 730 1566 meruit
773 1513 1104 1578 consecrari,
1137 1512 1192 1566 in
1244 1525 1352 1580 quo
1397 1507 1747 1579 spiritualiter
1793 1507 1926 1562 illud
1952 1506 2102 1561 Psal-

529 1603 703 1657 mistte
759 1602 1084 1672 completum
1131 1609 1254 1656 est:
1285 1599 1561 1671 .Ethiopia
1589 1599 1866 1671 praveniet
1915 1614 2102 1654 manus

519 1693 640 1762 ejus
665 1691 774 1747 Deo
819 1691 989 1763 (Psal.
1019 1692 1204 1763 vau).

600 1786 679 1837 Ad
711 1785 846 1838 viam
889 1801 1010 1854 qua
1037 1785 1301 1839 descendit
1343 1785 1408 1838 ab
1439 1783 1769 1838 Hierusalem
1796 1784 1849 1836 in
1878 1780 2099 1847 Gazam,

2201 600 2317 667 pria
2344 615 2532 669 passus
2559 608 2642 655 est
2669 599 2960 664 voluntate,
2989 598 3076 654 vel
3097 599 3275 653 altiori
3312 597 3611 663 intellectu,
3639 599 3777 654 sicut

2202 704 2374 759 agnus
2401 689 2457 743 in
2484 689 2690 743 Pascha
2732 687 3001 744 immolari
3044 687 3274 753 solebat,
3326 687 3406 744 sic
3447 685 3657 743 Pascha
3683 702 3781 744 Ito-

2203 788 2373 833 strum
2404 778 2713 834 immolatus
2736 789 2819 833 est
2849 777 3113 833 Christus.

2271 867 2340 921 Et
2367 868 2501 922 sicut
2552 885 2720 938 agnus
2747 885 2925 922 coram
2979 868 3293 923 tondentesc
3333 867 3444 922 sine
3479 882 3620 921 voce.
3661 865 3777 922 Non

2200 957 2373 1012 solum
2402 959 2544 1012 enim
2572 974 2672 1013 nos
2699 959 2956 1028 sanguine
3007 959 3254 1023 redemit,
3279 959 3374 1013 sed
3403 966 3460 1013 et
3481 957 3627 1013 lanis
3652 972 3781 1027 ope-

2202 1048 2329 1112 ruit,
2361 1058 2419 1102 ut
2442 1048 2682 1118 algentes
2729 1049 2783 1104 in
2810 1049 3138 1113 inﬁdelitate,
3193 1064 3291 1104 sua
3324 1056 3476 1104 veste
3505 1046 3776 1102 caleface-

2201 1145 2306 1200 ret,
2368 1147 2424 1192 et
2464 1140 2775 1197 audiremus
2831 1140 3145 1209 Apostolum
3205 1140 3366 1195 nobis
3421 1138 3772 1209 loquentem:

2203 1224 2467 1298 Quotquot
2493 1231 2549 1284 in
2573 1226 2782 1286 Christo
2826 1231 3078 1300 baptisati
3115 1231 3264 1296 estis,
3303 1226 3568 1284 Christum
3595 1230 3776 1283 bidui-

2201 1316 2294 1372 stis
2342 1317 2488 1388 (Gal.
2527 1319 2635 1390 ιιι).

2274 1405 2368 1462 Sic
2418 1423 2522 1464 non
2585 1410 2786 1478 aperuit
2821 1426 2879 1466 os
2911 1427 3086 1465 suum.
3126 1411 3262 1466 Cum
3311 1412 3365 1466 in
3389 1411 3643 1480 passione
3676 1425 3772 1465 sua

2202 1497 2375 1554 Pilato
2403 1507 2459 1555 et
2484 1499 2829 1568 pontiﬁcibus
2881 1515 3076 1570 pauca,
3113 1500 3309 1557 Herodi
3364 1499 3510 1555 nulla
3555 1513 3779 1570 respon-

2202 1588 2332 1644 dere
2362 1589 2594 1645 volebat.

2273 1676 2342 1730 In
2387 1677 2682 1732 humilitate
2718 1679 2981 1748 judicium
3041 1680 3155 1749 ejus
3189 1680 3453 1735 sublatum
3499 1689 3595 1734 cst.
3637 1678 3775 1746 Quia

2198 1765 2362 1833 judex
2406 1767 2649 1822 omnium
2699 1767 2891 1837 judicii
2919 1783 3025 1824 non
3084 1771 3283 1840 reperit
3345 1769 3779 1832 veritatem,,sed

524 1877 634 1929 Iure
665 1884 740 1929 est
767 1875 996 1940 deserta,
1026 1885 1132 1930 etc.
1173 1875 1290 1930 Non
1321 1875 1426 1939 via,
1463 1876 1561 1930 sed
1591 1874 1737 1930 Gala
1779 1875 1995 1928 deserta
2021 1875 2099 1928 di-

2205 1861 2408 1929 absque
2430 1859 2534 1914 ulla
2566 1859 2721 1930 culpa
2749 1861 3016 1918 seditione
3045 1860 3354 1918 ludieoru
3376 1870 3433 1917 et
3457 1861 3614 1917 Pilati
3645 1875 3782 1916 voce

517 1966 683 2024 citur.
716 1963 882 2019 Vetus
905 1965 1048 2020 enim
1079 1965 1169 2019 illa
1196 1965 1362 2030 Gaza,
1391 1981 1511 2034 qua:
1539 1966 1804 2020 terminus
1829 1965 2102 2034 quondam

521 2064 645 2110 erat
672 2056 1102 2111 Chananmorum
1125 2055 1282 2124 juxta
1311 2055 1603 2126 Egyptum
1633 2057 1697 2109 aal
1727 2055 1904 2110 solum
1934 2071 2103 2125 usque

525 2147 824 2210 destructa,
873 2155 930 2202 et
955 2146 1060 2200 alia
1107 2160 1204 2215 pro
1231 2147 1322 2200 illa
1368 2147 1474 2201 alio
1506 2145 1623 2202 loco
1659 2154 1968 2201 constructa
1995 2155 2100 2210 est,

525 2253 645 2307 quae
685 2237 973 2307 allegorice
997 2239 1238 2308 gentium
1265 2236 1474 2306 plebem
1505 2235 1764 2306 designat,
1794 2234 1920 2290 olim
1949 2251 1979 2288 a
2008 2235 2101 2291 Dei

523 2330 737 2385 cultura
766 2331 1058 2394 desertam,
1085 2345 1262 2398 neque
1289 2329 1449 2385 ullius
1479 2331 1866 2399 prophetarum
1897 2329 2098 2398 praedi-

523 2422 833 2476 cationibus
881 2421 1177 2476 excultam.
1207 2418 1303 2474 Via
1333 2435 1461 2474 vero
1511 2435 1633 2489 quae
1656 2419 1724 2472 ad
1755 2419 2001 2474 eamdem
2033 2420 2102 2474 ab

527 2510 912 2581 Hierosolymis
975 2510 1329 2575 descendens,
1389 2510 1591 2564 fontem
1651 2509 1839 2564 salutis
1888 2511 2103 2578 aperuit

527 2603 786 2657 Dominus
838 2600 996 2656 Jesus
1056 2600 1305 2656 Christus
1338 2608 1420 2656 est
1443 2600 1533 2669 qui
1565 2601 1677 2654 ait:
1707 2599 1821 2669 Ego
1841 2617 1958 2654 sum
1994 2602 2096 2667 via,

526 2693 736 2755 ueritas,
774 2701 823 2745 ct
849 2692 952 2745 vita
977 2692 1155 2762 (Joan.
1189 2692 1322 2761 xxv),
1351 2692 1476 2761 quia
1505 2707 1735 2762 superna
1762 2691 2101 2748 Hierusalem

525 2781 592 2834 ad
625 2789 809 2835 nostra
839 2781 1052 2836 inﬁrma
1090 2782 1386 2838 descendit.

594 2869 664 2924 Et
688 2888 802 2929 ecce
827 2872 904 2926 vir
931 2871 1178 2941 zEthiops
1227 2873 1499 2927 eunuchus
1527 2881 1726 2942 potens.
1767 2871 1872 2927 Pro
1900 2873 2100 2927 virtute

523 2973 577 3018 et
611 2963 920 3035 integritate
944 2966 1156 3028 mentis,
1188 2965 1271 3019 vir
1301 2965 1620 3034 appellatur.
1654 2965 1762 3020 Nec
1805 2966 2096 3029 immerito,

523 3059 615 3128 qui
645 3065 853 3112 tantum
911 3058 1147 3114 studium
1179 3057 1231 3112 in
1267 3056 1563 3128 Scripturis
1623 3056 1876 3124 habebat,
1917 3065 1978 3111 ut
2005 3071 2100 3112 eas

2203 1951 2490 2008 damnatus
2513 1959 2615 2008 est.

2269 2053 2672 2108 Generationem
2724 2055 2869 2110 illius
2900 2058 3016 2128 quis
3073 2058 3388 2113 enarrabit}
3425 2058 3529 2129 (Ex
3584 2057 3778 2126 Beda.)

2201 2143 2308 2196 Aut
2327 2143 2396 2198 de
2423 2143 2703 2199 divinitate
2727 2145 2845 2215 ejus
2871 2147 3241 2216 accipiendum
3272 2156 3376 2212 est,
3403 2147 3549 2218 quod
3576 2147 3779 2216 impos-

2199 2232 2362 2288 sibile
2377 2233 2449 2287 sit
2472 2233 2668 2289 divinze
2725 2236 3030 2290 nativitatis
3079 2251 3242 2294 nosse
3269 2237 3548 2308 mysteria,
3573 2237 3642 2291 de
3668 2251 3780 2305 qua

2198 2321 2361 2376 Pater
2397 2322 2680 2392 loquitur:
2719 2325 2851 2378 Ante
2907 2325 3209 2395 Luciferum
3269 2327 3425 2396 genui
3456 2335 3539 2390 te;
3591 2334 3685 2379 aut
3710 2325 3782 2380 de

2200 2419 2355 2480 partu
2385 2412 2630 2483 virginis,
2679 2414 2823 2484 quod
2857 2413 3148 2470 difﬁculter
3205 2417 3376 2485 possit
3427 2416 3650 2486 exponi,
3681 2430 3783 2470 cu-

2192 2501 2282 2570 jus
2318 2503 2579 2560 rationem
2619 2503 2802 2560 Maria:
2835 2508 3096 2575 quaerenti
3121 2521 3218 2575 per
3243 2506 3494 2576 angelum
3528 2507 3730 2561 dicitur
3763 2524 3776 2558 :

2199 2589 2426 2658 Spiritus
2481 2602 2692 2647 sanctus
2722 2596 3042 2664 superveniet
3073 2597 3128 2649 in
3157 2603 3225 2660 te,
3273 2604 3334 2650 ut
3361 2595 3446 2650 vel
3487 2595 3553 2650 ab
3580 2595 3779 2664 angelo

2198 2682 2282 2736 vel
2307 2684 2636 2754 evangelista
2687 2692 2894 2740 tantum
2949 2686 3252 2739 nativitatis
3279 2685 3396 2755 ejus
3427 2693 3776 2740 sacramenta

2198 2774 2467 2838 dicantur,
2497 2773 2652 2844 cujus
2674 2782 2926 2830 narrator
2955 2774 3268 2829 rarissimus
3297 2783 3399 2830 est.

2273 2886 2538 2952 Quoniam
2571 2886 2782 2942 tolletur
2800 2887 2864 2941 de
2898 2896 3039 2941 terra
3067 2888 3174 2941 vita
3213 2887 3348 2957 ejus.
3393 2886 3491 2957 (Ex
3525 2886 3778 2957 Hieron.)

2202 2975 2272 3030 Ut
2303 2989 2643 3046 nequaquam
2668 2975 2723 3029 in
2755 2985 2918 3040 terra,
2952 2975 3046 3030 sed
3100 2975 3153 3030 in
3184 2976 3322 3031 caelo
3375 2976 3601 3031 viveret.
3660 2975 3779 3033 Hoc

2199 3066 2511 3121 testimonio
2535 3082 2656 3122 cum
2683 3067 2738 3121 in
2761 3066 2986 3122 Actibus
3006 3066 3384 3138 Apostolorum
3414 3069 3615 3140 reginae
3635 3069 3781 3124 Can-

521 3147 770 3204 etiamin
799 3147 882 3201 via
906 3146 1085 3218 legere
1121 3162 1228 3202 non
1257 3147 1525 3256 cessabat.
1561 3146 1904 3256 Tantumque
1956 3162 2098 3201 amo-
2125 3194 2168 3256 Ο
2202 3156 2354 3211 dacis
2378 3157 2661 3212 eunuchus
2699 3156 3137 3228 redargueretur,
3180 3163 3236 3210 et
3260 3156 3443 3228 legens
3479 3172 3583 3212 non
3615 3157 3780 3213 intel~

524 3240 601 3292 ris
630 3238 684 3291 in
711 3237 970 3308 religione
997 3237 1238 3306 gerebat,
1293 3245 1355 3292 ut
1380 3236 1501 3290 aula
1552 3236 1698 3306 regia
1727 3235 2007 3302 derelicta,
2033 3239 2099 3293 de

525 3329 726 3386 ultimis
749 3329 934 3382 mundi
963 3328 1206 3397 partibus
1231 3328 1441 3382 veniret
1476 3327 1543 3380 ad
1568 3327 1824 3396 templum
1860 3327 2093 3384 Domini.

531 3418 686 3474 Unde
727 3417 874 3487 justa
911 3417 1180 3479 mercede,
1213 3417 1338 3471 dum
1390 3417 1585 3485 quairit
1634 3417 1982 3488 interpretem
2023 3418 2097 3472 le-

518 3508 721 3563 ctionis
756 3505 1050 3569 Christum,
1075 3521 1236 3576 quem
1289 3506 1564 3576 quaerebat
1591 3507 1816 3571 invenit,
1844 3509 2093 3579 plusque,

523 3609 586 3654 ut
611 3599 969 3668 Hieronymus
995 3601 1090 3660 ait,
1124 3599 1179 3652 in
1216 3599 1430 3653 deserto
1459 3597 1605 3655 fonte
1633 3600 1906 3664 Ecclesiae,
1934 3617 2096 3671 quam

522 3693 579 3746 in
609 3699 800 3746 aurato
830 3706 1116 3762 synagoga:
1149 3690 1348 3761 templo
1399 3693 1617 3762 reperit.
1655 3693 1730 3748 Ihi
1767 3694 1911 3748 enim
1949 3695 2094 3762 quod

523 3781 788 3837 Jereinias
816 3782 1132 3837 admirando
1167 3781 1543 3852 proloquitur:
1577 3783 1796 3838 Mutavit
1847 3783 2095 3854 £thiops

524 3878 709 3951 pellem
745 3894 896 3933 suam
927 3876 1141 3950 (Jerem.
1167 3876 1309 3947 xui),
1336 3877 1386 3930 id
1414 3885 1518 3942 est,
1549 3879 1707 3933 sorde
1751 3879 2094 3947 peccatorum

527 3969 708 4026 abluta
735 3969 800 4023 de
824 3969 1040 4022 lavacro
1067 3965 1193 4022 lesu
1221 3968 1500 4024 dealbatus
1528 3970 1790 4024 ascendit.

595 4058 856 4116 Candacis
904 4061 1097 4131 regina:
1140 4059 1469 4132 (Ethiopum.
1511 4062 1578 4116 Et
1605 4062 1662 4117 in
1702 4061 1907 4131 Regum
1958 4060 2097 4114 libro

527 4152 754 4222 legimus
779 4150 903 4220 quia
929 4151 1112 4221 regina
1141 4150 1321 4207 Austri
1361 4151 1507 4207 venit
1534 4166 1563 4204 a
1593 4149 1792 4204 ﬁnibus
1823 4157 1983 4204 terrae
2008 4164 2098 4202 au-

522 4244 644 4298 dire
695 4246 1012 4315 sapientiam
1067 4245 1390 4301 Salomonis.
1446 4244 1610 4298 Moris
1659 4243 1858 4313 quippe
1890 4240 1991 4295 fuit
2020 4241 2096 4294 illi

525 4335 727 4389 nationi
755 4351 966 4408 semper
991 4353 1021 4392 a
1044 4336 1256 4393 feminis
1295 4339 1430 4408 regi,
1457 4350 1658 4405 easque
1693 4334 1972 4390 Candaces
1993 4347 2095 4401 ap-

525 4425 731 4497 pellari.

2201 3247 2410 3318 ligeret,
2458 3247 2848 3317 interpretante
2901 3245 3146 3318 Philippo
3191 3261 3353 3318 super
3404 3247 3677 3317 passione,
3721 3258 3783 3302 et

2199 3339 2417 3394 nomine
2442 3337 2760 3403 Salvatoris,
2790 3338 3054 3394 intellexit
3091 3347 3146 3393 et
3176 3339 3359 3394 statim
3385 3339 3688 3408 baptizatus
3715 3341 3777 3395 in

2199 3431 2323 3501 agni
2369 3430 2650 3501 sanguine,
2688 3444 2851 3500 quem
2886 3430 3120 3500 legebat,
3153 3430 3235 3484 vir
3263 3429 3461 3486 meruit
3490 3429 3776 3499 appellari.

2198 3519 2264 3574 Et
2293 3519 2565 3589 apostolus
2593 3519 2737 3590 genti
2765 3518 3081 3591 Ethiopum
3120 3521 3318 3575 missus
3344 3527 3447 3575 est.
3479 3519 3580 3587 Qui
3610 3520 3781 3591 igitur

2197 3611 2410 3666 oblatus
2437 3619 2520 3667 est
2545 3611 2738 3677 Pilato,
2762 3612 2885 3681 quia
2905 3611 3020 3682 ipse
3044 3611 3232 3676 voluit,
3259 3618 3313 3666 et
3339 3625 3445 3666 non
3473 3611 3779 3680 respondit,

2199 3711 2258 3756 ut
2286 3701 2584 3771 patibulum
2617 3716 2716 3772 pro
2762 3702 2918 3758 nobis
2972 3702 3260 3756 damnatus
3293 3701 3634 3765 ascenderet,
3662 3702 3783 3772 ipso

2200 3789 2341 3844 sicut
2368 3789 2486 3844 ovis
2517 3787 2585 3844 ad
2613 3789 2939 3845 occisionem
2969 3788 3166 3845 ductus
3209 3797 3314 3854 est,
3343 3797 3397 3844 et
3423 3789 3574 3858 quasi
3604 3805 3782 3862 agnus

2198 3893 2381 3934 coram
2405 3879 2659 3934 tondente
2692 3880 2977 3935 obmutuit.
3009 3879 3221 3936 Etenim
3272 3879 3480 3954 Pascha
3527 3888 3779 3936 nostrum

2197 3971 2507 4028 immolatus
2558 3980 2643 4026 est
2689 3971 2937 4028 Christus
2966 3971 3018 4044 (1
3042 3970 3169 4026 Cor.
3195 3971 3280 4042 v);
3313 3987 3474 4042 quem
3538 3971 3782 4028 Joannes

2197 4067 2437 4138 Baptista
2503 4066 2859 4131 monstrabat,
2895 4066 3120 4122 dicens:
3148 4063 3284 4120 Ecce
3317 4083 3486 4137 agnus
3511 4065 3633 4130 Dei,
3659 4082 3781 4120 eccs

2197 4159 2286 4229 qui
2315 4157 2450 4211 tollit
2473 4166 2685 4226 peccata
2716 4156 2900 4210 mundi
2950 4154 3132 4228 (Joan.
3171 4156 3234 4228 ι).
3271 4155 3372 4224 Qui
3398 4165 3454 4212 et
3481 4157 3536 4210 in
3566 4156 3780 4226 Apoca.

2199 4248 2335 4318 lypsi
2361 4247 2584 4302 Joannis
2614 4246 2982 4317 evangelista,
3014 4261 3186 4318 agnus
3211 4247 3425 4302 occisus
3450 4261 3592 4316 saepe
3620 4261 3778 4301 mon-

2199 4347 2406 4394 stratur
2436 4339 2620 4411 (Apoc.
2639 4338 2720 4409 v),
2751 4338 2842 4409 qui
2873 4337 2940 4392 de
2965 4337 3142 4408 seipse
3169 4337 3407 4412 loquitur
3427 4338 3480 4392 in
3501 4335 3735 4394 leremia
3761 4353 3776 4390 :

2200 4428 2312 4496 Ego
2339 4436 2518 4482 autem
2555 4427 2694 4481 sicut
2745 4440 2914 4495 agnus
2963 4425 3241 4491 innocens,
3281 4433 3336 4479 et
3360 4425 3554 4482 ductus
3598 4424 3666 4479 ad
3696 4425 3778 4478 vi.

599 4515 704 4581 Qui
762 4527 872 4572 εναι
905 4536 1060 4589 super
1107 4537 1282 4574 omne,
1351 4535 1511 4588 gaza;
1557 4516 1692 4586 ejus,
1747 4522 1851 4570 etc.
1894 4514 2097 4584 Regina
2122 4508 2434 4598 Detimam,
2464 4507 2776 4562 nesciebam
2839 4508 3097 4578 (lenm).
3140 4509 3278 4562 Cum
3336 4515 3484 4563 enim
3535 4511 3778 4567 nesciret

523 4602 838 4676 aEthiopum
867 4609 1262 4662 thesaurarium
1297 4606 1630 4679 praemittens
1659 4604 1712 4658 in
1740 4602 2094 4667 Hierusalem,

526 4696 764 4765 gentium
797 4697 1045 4770 designat
1071 4698 1394 4761 Ecclesiam,
1431 4695 1693 4748 virtutum
1731 4693 1961 4761 ﬁdeique
1987 4691 2094 4747 De-

527 4789 673 4842 mino
697 4788 836 4845 dona
865 4790 1114 4845 laturam.
1141 4789 1246 4845 Sed
1274 4797 1330 4844 et
1353 4787 1586 4842 nominis
1623 4785 1947 4856 etymologia
1969 4801 2098 4841 con-

526 4884 690 4938 venit.
732 4884 916 4940 Potest
943 4886 1088 4941 enim
1108 4883 1375 4939 Candacis
1403 4897 1472 4936 ex
1505 4881 1730 4936 Hebrzeo
1771 4889 2096 4936 commutata

526 4977 889 5046 interpretari.
924 4976 1042 5046 Ipsa
1066 4977 1262 5046 quippe
1287 4983 1389 5036 est,
1421 4973 1507 5027 cui
1539 4973 1594 5028 in
1642 4971 1860 5028 Psalmo
1887 4987 1986 5042 pro
2011 4972 2098 5027 his

524 5069 613 5136 qui
674 5069 1148 5122 cornmutahuntur
1201 5066 1255 5120 in
1310 5063 1587 5134 Scriptura
1638 5064 1879 5120 dicitur:
1930 5064 2092 5129 Audi,

524 5157 656 5224 ﬁlia,
686 5167 734 5210 et
780 5156 915 5220 vide,
953 5165 1001 5208 et
1033 5153 1229 5208 inclina
1278 5169 1460 5206 aurem
1503 5163 1668 5219 tuam,
1703 5162 1754 5209 et
1799 5152 2094 5208 obliviscere

525 5249 772 5320 populum
799 5257 946 5300 tuum
988 5259 1036 5300 et
1057 5245 1270 5298 domum
1293 5245 1458 5314 patris
1485 5247 1582 5300 tui.

594 5338 742 5392 Dixit
768 5346 943 5389 autem
967 5337 1181 5406 spiritus
1207 5334 1449 5405 Philippo
1474 5349 1491 5387 .'
1521 5336 1715 5391 Accede
1736 5344 1784 5389 et
1807 5334 2096 5404 adjungers

526 5430 594 5482 ad
632 5442 846 5480 currum
895 5427 1071 5492 istum,
1122 5436 1225 5480 etc.
1269 5427 1327 5480 ln
1380 5428 1540 5482 corde
1594 5428 1817 5496 spiritus
1850 5425 2096 5495 Philippo

527 5519 868 5589 loquebatur.
905 5516 1131 5588 Spiritui
1161 5519 1305 5572 enim
1341 5519 1434 5573 Dei
1473 5519 1626 5588 quasi
1657 5517 1908 5587 quaedam
1937 5518 2099 5572 nobis

531 5612 693 5665 verba
739 5610 916 5666 facere
945 5619 1047 5676 est,
1099 5611 1309 5666 occulta
1364 5612 1439 5675 vi,
1469 5620 1524 5664 et
1570 5623 1690 5678 qua:
1727 5608 1930 5680 agenda
1970 5618 2093 5663 sunt

531 5701 800 5758 intimare.

602 5792 865 5864 Tanquam
896 5796 1001 5851 oris
1032 5796 1098 5850 ad
1126 5797 1431 5852 occisionem
1455 5794 1640 5852 ductus
1662 5803 1755 5850 est.
1800 5793 1946 5849 Sicut
1979 5789 2093 5848 ovis

2192 4607 2501 4668 peccatum,
2536 4613 2634 4668 pro
2663 4599 2824 4656 nobis
2847 4610 3134 4672 peccatum
3167 4601 3346 4654 factus
3373 4611 3460 4656 est
3513 4601 3606 4671 (ll
3645 4603 3772 4659 Cor.

2191 4691 2268 4761 v),
2309 4699 2362 4744 et
2392 4691 2535 4746 sicut
2565 4706 2737 4762 agnus
2765 4707 2889 4747 cum
2919 4693 3218 4747 duciturad
3245 4694 3525 4749 victimam
3553 4710 3663 4748 non
3689 4711 3779 4750 re-

2193 4796 2419 4856 pugnat,
2455 4788 2535 4841 sic
2555 4787 2665 4841 illic
2691 4789 2910 4856 propria
2939 4803 3132 4855 passus
3159 4797 3245 4842 est
3274 4790 3576 4852 voluntate,
3601 4798 3661 4844 ut
3682 4791 3778 4845 «leo

2193 4888 2434 4934 strueret
2463 4895 2614 4944 eum,
2647 4880 2740 4947 qui
2770 4880 3008 4936 habebat
3029 4881 3224 4935 mortis
3256 4881 3572 4950 imperium,
3593 4879 3777 4934 humi-

2192 4969 2333 5024 lians
2363 4983 2421 5022 se
2465 4983 2640 5038 usque
2668 4969 2734 5023 ad
2766 4982 3018 5032 mortem,
3045 4981 3102 5025 et
3129 4980 3359 5023 mortem
3385 4973 3566 5026 crucis
3605 4967 3774 5041 (Phil.

2193 5067 2274 5124 ιι).
2309 5057 2408 5116 llic
2429 5073 2723 5132 agnusest,
2749 5063 2802 5116 in
2824 5064 2984 5134 cujus
3009 5075 3135 5134 typo
3157 5064 3547 5119 immolabatur
3579 5079 3774 5134 agnus,

2194 5156 2352 5225 cujus
2380 5170 2544 5208 cruor
2565 5154 2720 5210 dirus
2760 5155 2812 5209 in
2835 5156 3083 5226 postibus
3113 5160 3598 5210 extcrmiuatorem
3625 5156 3778 5226 fuga-

2199 5249 2292 5300 bat
2319 5244 2562 5316 Egypti,
2591 5247 2682 5314 qui
2719 5262 2828 5302 non
2860 5247 3036 5301 solum
3059 5249 3326 5316 sanguine
3347 5263 3449 5302 suo
3481 5264 3583 5302 nos
3606 5251 3778 5304 relic-

2198 5338 2318 5402 mit,
2346 5338 2438 5393 sed
2467 5348 2521 5393 et
2548 5339 2690 5393 lanis
2713 5340 2955 5408 operuit,
2986 5350 3044 5393 ut
3068 5340 3310 5406 algentes
3336 5339 3483 5394 intith
3502 5339 3640 5413 Ιᾶιςιι⁸
3693 5354 3780 5407 ;,ua

2199 5439 2348 5484 veste
2379 5429 2726 5496 calcfaceret,
2775 5439 2830 5485 et
2854 5431 3175 5485 audiremus
3198 5431 3518 5502 Apostolqu
3548 5431 3781 5501 loquen-

2199 5531 2306 5575 trm
2336 5521 2445 5576 nob
2471 5537 2532 5577 s:
2564 5519 2834 5592 Quotquot
2856 5525 2909 5576 in
2931 5523 3144 5578 Christo
3176 5524 3434 5594 baptizati
3456 5527 3606 5588 estis,
3628 5521 3782 5582 Chri-

2200 5628 2340 5670 stum
2383 5617 2630 5669 imluistis
2655 5616 2799 5686 (Cal.
2837 5618 2943 5682 ιιι).
2977 5617 3044 5672 Et
3077 5617 3130 5672 in
3171 5616 3456 5674 alioloco:
3487 5616 3780 5672 ludut‘mini

2197 5708 2469 5763 Christum
2528 5708 2705 5762 Jesum
2748 5707 2920 5777 (Rom.
2954 5713 3094 5779 xm).
3141 5709 3296 5777 Quod
3333 5726 3463 5765 vero
3486 5712 3776 5782 sequitur:

2200 5802 2273 5859 De
2311 5803 2560 5872 angustia
2608 5812 2661 5858 ct
2687 5803 2754 5860 de
2779 5805 2989 5876 judicio
3021 5804 3270 5862 sublatus
3293 5814 3394 5872 est,
3427 5804 3545 5861 sive
3579 5815 3637 5859 ut
3682 5801 3780 5861 Se.
