3978 6422
492 415 599 470 255

1769 407 2044 464 SMARAG
2055 409 2116 462 Dl
2152 407 2438 463 ABBATIS

3635 411 3736 466 ἐδδ

490 525 831 582 describitur.
869 522 1178 591 Areopagus
1198 521 1528 575 Athenarum
1555 521 1728 584 curia,
1749 536 1868 588 qua
1893 522 2058 575 inter-
2090 524 2138 581 Α
2165 519 2274 572 tilio
2295 517 2524 588 Japheth
2554 519 2834 589 appellata.
2893 521 3030 575 Sunt
3053 531 3232 576 autem
3261 522 3405 578 inter
3433 523 3630 581 flumen
3657 529 3741 582 ln~

491 622 736 687 pretatur
781 612 908 667 vilia
931 611 1138 676 Martis,
1191 612 1334 682 quod
1370 611 1484 681 ipse
1507 611 1578 664 ibi
1619 613 1912 680 quondam,
1938 629 2061 668 cum
2161 607 2288 662 dum
2315 609 2557 678 regiones
2586 610 2720 672 ista,
2764 611 3043 674 Aracusia,
3074 613 3316 675 Parthia,
3345 615 3741 687 Assyria,quas

494 707 738 762 ducentis
771 705 1054 760 duodecim
1078 705 1182 760 diis
1222 703 1493 772 judicatus
1521 714 1620 760 est.
1657 706 1811 775 Appii
1841 705 2061 770 Forum,

492 812 691 852 nomen
720 796 822 852 fori
869 795 1054 850 Roma
1079 796 1146 850 ab
1181 794 1352 865 Appio
1388 797 1657 866 quondam
1695 798 1912 853 consule
1959 807 2064 852 tra-

492 895 662 947 ctum,
697 901 726 940 a
751 901 858 955 quo
881 894 936 940 et
972 886 1054 939 via
1077 885 1246 955 Appia
1287 895 1476 940 vocata
1498 895 1598 941 est.
1663 886 1897 958 Babylon
1953 903 2066 942 me-

493 977 718 1046 tropolis
741 977 891 1047 regni
921 975 1295 1031 Chaldaorum
1327 984 1431 1041 est,
1462 977 1552 1031 ubi
1576 992 1762 1031 eorum
1783 978 1872 1046 qui
1905 978 2066 1031 adifi-

463 1085 468 1088 ·
492 1067 692 1120 cahant
719 1066 910 1120 turrim
940 1065 1134 1136 lingua
1157 1066 1340 1120 divisa
1360 1076 1504 1130 sunt,
1533 1068 1672 1121 unde
1696 1075 1751 1120 et
1778 1067 2064 1138 Babylonia

491 1163 740 1211 vocatur.
800 1154 929 1222 Qua
978 1171 1078 1224 per
1102 1157 1363 1225 quadrum
1401 1158 1523 1218 sita,
1552 1158 1618 1212 ab
1661 1159 1856 1229 angulo
1895 1175 2066 1229 usque

497 1251 564 1304 ad
593 1250 848 1321 angulum
877 1249 1040 1314 muri,
1066 1248 1298 1304 sedecim
1331 1249 1493 1303 millia
1523 1265 1777 1320 passuum
1807 1252 2063 1317 tenuisse,

497 1341 552 1395 id
581 1349 681 1402 est,
707 1339 864 1396 simul
886 1355 982 1410 per
1004 1340 1289 1396 circuitum
1317 1342 1597 1410 sexaginta
1640 1352 1872 1411 quatuor
1901 1345 2065 1400 millia

495 1428 664 1484 refert
683 1428 984 1485 Herodotus
1029 1438 1083 1484 et
1116 1431 1268 1484 multi
1295 1431 1405 1494 alii,
1447 1432 1538 1501 qui
1565 1431 1783 1488 Gracas
1810 1434 2069 1490 historias

495 1521 848 1591 scripserunt.
931 1521 1179 1593 Bithynia
1214 1522 1492 1592 provincia
1529 1523 1672 1578 Asia
1709 1525 1931 1581 Minoris
1963 1538 2066 1592 est,

497 1610 611 1680 ipsa
637 1619 720 1666 est
743 1619 800 1667 et
827 1610 997 1680 major
1018 1612 1269 1684 Phrygia.
1299 1612 1501 1667 Beroea
1527 1614 1721 1669 civitas
1746 1615 1799 1669 in
1823 1615 2070 1672 Macedo-

497 1701 585 1753 nia
613 1709 716 1766 est,
745 1717 862 1770 qua
877 1703 1095 1757 verbum
1119 1703 1327 1758 Domini
1350 1705 1839 1778 nobiliteraccepit.
1864 1708 2072 1780 Cappa-

496 1789 650 1845 docia
701 1792 847 1860 regio
879 1793 931 1846 in
985 1793 1160 1862 capite
1193 1791 1365 1862 Syria
1403 1803 1515 1859 est,
1568 1796 1637 1850 ad
1682 1799 2067 1866 septentrionis

497 1879 728 1950 plagam.
804 1881 1012 1952 Cyrene
1061 1882 1253 1937 civitas
1291 1884 1453 1938 estin
1495 1883 1682 1956 Libya,
1733 1887 1887 1957 cujus
1920 1891 2068 1959 regio

496 1972 903 2041 Pentapolitana
951 1982 1210 2040 vocatur,
1265 1990 1330 2030 eo
1376 1977 1519 2046 quod
1567 1979 1803 2047 quinque
1848 1982 2070 2038 urbibus

499 2065 730 2119 maxime
757 2064 976 2134 fulgeat.
1029 2065 1186 2120 Creta
1220 2065 1406 2121 Graca
1430 2067 1625 2133 insula,
1657 2079 1871 2124 centum
1907 2087 2072 2142 quon-

500 2155 623 2208 dam
668 2156 892 2209 urbibus
933 2155 1147 2219 nobilis,
1207 2158 1346 2212 unde
1385 2167 1439 2213 et
1469 2157 1762 2228 Centipolis
1805 2163 1944 2218 dicta
1967 2175 2066 2220 est.

499 2248 706 2318 Cyprus
735 2249 905 2303 insula
936 2251 1074 2303 mari
1109 2250 1443 2320 Pamphylio,
1470 2252 1778 2320 quindecim
1799 2258 2070 2324 quondam

499 2338 708 2406 oppidis
739 2337 982 2408 insignis,
1015 2337 1328 2410 famosaque
1357 2341 1653 2407 divitiis,et
1672 2346 1904 2400 maxime
1924 2348 2066 2402 aris.

467 2438 470 2441 '
499 2429 684 2484 Cilicia
714 2433 987 2500 provincia
1004 2432 1142 2486 Asia
1167 2441 1268 2497 est,
1283 2449 1443 2501 quam
1471 2433 1687 2504 Cydnus
1711 2439 1884 2493 amnis
1907 2439 2072 2493 inter-

499 2527 669 2573 secat.
699 2520 904 2575 Charra
923 2523 1116 2578 civitas
1139 2523 1538 2594 Mesopotamia:
1557 2529 1764 2588 est,ubi
1795 2529 2072 2586 fuitAbra-
2109 2566 2111 2569 -

501 2608 586 2662 ha
626 2611 949 2679 patriarcha
982 2613 1292 2682 hospitium.
1334 2613 1623 2670 Corinthus
1645 2618 1835 2673 civitas
1857 2621 2072 2675 Achaia

499 2702 790 2755 maritima.
873 2701 1129 2758 Cenchra
1157 2713 1346 2774 portus
1382 2705 1783 2762 Corinthiorum
1812 2709 2067 2765 civitatis.

498 2790 634 2846 Chio
663 2791 834 2847 insula
858 2804 982 2849 ante
1005 2795 1273 2865 Bithynia,
1320 2798 1372 2852 in
1395 2797 1548 2867 cujus
1581 2815 1775 2855 nomen
1815 2802 1949 2874 Syra
1974 2803 2072 2858 lin-

499 2899 602 2954 gua
630 2885 905 2939 masticem
937 2885 1202 2956 designat,
1241 2903 1306 2942 eo
1351 2891 1493 2959 quod
1537 2891 1609 2945 ibi
1656 2894 1849 2948 mastix
1887 2895 2072 2965 gigna-

501 2985 606 3028 tur.
654 2975 948 3030 Damascus
992 2977 1183 3032 nobilis
1225 2980 1354 3034 urbs
1377 2980 1678 3047 Phanices,
1740 2999 1860 3054 qua
1901 3000 2073 3054 quon-

498 3065 620 3119 dam
646 3066 698 3119 in
741 3065 886 3118 omni
913 3064 1067 3138 Syria
1093 3069 1262 3122 tenuit
1286 3070 1666 3140 principatum,
1698 3082 1754 3128 et
1802 3091 1948 3130 nunc
1975 3075 2072 3130 Sa-

2165 695 2440 766 Scriptura
2459 713 2614 753 sacra
2628 698 2908 754 universas
2933 715 3074 769 saepe
3105 701 3289 756 Media
3318 707 3537 762 nomine
3558 719 3735 764 vocat.

2165 785 2476 841 Macedonia
2503 790 2780 857 provincia
2823 790 3132 845 Gracorum
3153 800 3253 855 est,
3295 794 3590 852 virtutibus
3620 799 3741 855 Aie-

2167 878 2355 933 xandri
2378 879 2552 951 Magni
2581 882 2810 938 nobilior
2839 883 3003 939 facta.
3067 885 3281 942 Miletus
3303 888 3499 945 civitas
3539 892 3592 944 in
3614 892 3738 946 Asia

2163 975 2268 1032 est,
2293 968 2381 1023 ubi
2404 969 2603 1024 Paulus
2625 970 2859 1039 majores
2886 972 3240 1044 Ephesiorum
3265 977 3579 1048 alloquitur.
3641 980 3741 1035 Na-

2166 1058 2351 1111 zareth
2378 1059 2586 1114 viculus
2611 1068 2696 1114 est
2718 1060 2772 1116 in
2785 1061 3024 1126 Galilaa,
3050 1063 3204 1134 juxta
3231 1077 3470 1123 montem
3501 1070 3736 1127 Tbabor.

2170 1146 2317 1202 Unde
2343 1157 2399 1204 et
2416 1147 2676 1206 Dominus
2695 1150 2850 1206 Jesus
2877 1151 3165 1210 Nazaraus
3190 1164 3275 1212 est
3295 1167 3536 1215 vocatus.
3574 1161 3744 1218 llabet

2165 1239 2450 1294 ecclesiam
2489 1241 2709 1306 inloco,
2757 1258 2866 1312 quo
2899 1245 3120 1315 angelus
3169 1247 3236 1302 ad
3264 1248 3476 1305 beatam
3519 1251 3741 1308 Mariam

2165 1329 2630 1400 evangelizaturus
2675 1332 2918 1398 intravit,
2962 1335 3125 1391 habet
3143 1346 3199 1391 et
3223 1337 3408 1402 aliam,
3442 1340 3535 1395 ubi
3566 1340 3745 1399 Domi-

2168 1434 2269 1474 nus
2311 1430 2396 1475 est
2416 1423 2673 1478 nutritus.
2736 1423 2984 1494 Neapolis
3018 1428 3210 1484 civitas
3240 1436 3324 1484 est
3366 1429 3571 1499 Caria,
3628 1449 3747 1503 qua

2167 1519 2252 1565 est
2270 1513 2543 1582 provincia
2583 1515 2742 1569 Asia.
2801 1516 3004 1572 Pontus
3028 1519 3177 1590 regio
3197 1527 3283 1575 est
3310 1519 3602 1577 multarum
3620 1540 3748 1595 gen-

2171 1601 2303 1655 tium
2327 1601 2480 1670 juxta
2506 1617 2655 1658 mare
2683 1603 2983 1671 Ponticum,
3011 1608 3154 1676 quod
3177 1607 3357 1663 Asiam
3384 1618 3440 1665 et
3468 1611 3742 1682 Europam

2171 1689 2535 1757 disterminat,
2559 1703 2612 1746 et
2638 1702 2855 1764 propter
2883 1695 3168 1764 plurimam
3221 1699 3484 1754 ostiorum
3514 1701 3748 1758 Danubii

2175 1777 2520 1847 infusionem,
2551 1782 2759 1837 dulcius
2785 1786 3000 1840 cateris
3029 1801 3150 1841 esse
3195 1791 3558 1858 cognoscitur.
3591 1791 3750 1846 Pam-

2097 1855 2142 1912 B
2169 1867 2350 1938 phylia
2395 1871 2671 1938 provincia
2718 1882 2803 1926 est
2829 1872 2988 1927 Asia.
3021 1855 3292 1945 Pampbus
3320 1877 3514 1934 civitas
3567 1889 3653 1934 est
3698 1882 3749 1934 in

2169 1959 2345 2029 Cypro
2365 1959 2557 2014 insula.
2578 1963 2784 2033 Pergen
2800 1966 2992 2020 civitas
3003 1975 3087 2021 est
3097 1966 3424 2040 Pamphylia
3433 1971 3750 2039 provincia.

2169 2049 2432 2122 Philippis
2459 2054 2651 2108 civitas
2674 2063 2757 2110 est
2783 2056 2839 2111 in
2859 2057 3035 2127 prima
3069 2067 3226 2129 parte
3253 2059 3598 2117 Macedonia.
3630 2063 3754 2120 Pto-

2171 2141 2381 2208 lomais,
2401 2145 2592 2200 civitas
2617 2156 2704 2202 est
2728 2146 2944 2211 Judaa,
2972 2150 3124 2220 juxta
3151 2161 3389 2207 montem
3415 2152 3748 2209 Carmelum.

2171 2235 2267 2288 Est
2286 2243 2341 2290 et
2367 2237 2534 2292 altera
2561 2239 2614 2293 in
2644 2239 2919 2311 Pentapoli
2946 2244 3234 2312 provincia
3259 2243 3474 2302 Africa.
3513 2246 3756 2303 Puteolis

2168 2326 2361 2382 civitas
2389 2328 2594 2384 colonia
2624 2331 2949 2402 Campania,
2979 2335 3167 2390 eadem
3233 2337 3433 2411 dicitur
3469 2339 3751 2394 Ceadicta.

2170 2415 2390 2472 Rhodus
2413 2419 2703 2490 Cycladum
2741 2423 3036 2478 insularum
3062 2427 3417 2493 nobilissima,
3461 2429 3627 2484 distat
3652 2447 3748 2485 au-

2171 2515 2278 2561 tem
2300 2524 2330 2562 a
2353 2520 2510 2579 portu
2537 2513 2681 2567 Asia
2715 2515 2902 2585 viginti
2927 2517 3161 2572 millibus
3210 2535 3485 2588 passuum.
3519 2523 3751 2592 Regium

2169 2606 2253 2652 est
2297 2599 2491 2656 civitas
2519 2600 2718 2659 Sicilia
2764 2607 3054 2661 maritima.
3097 2606 3312 2664 Sichem
3335 2611 3528 2666 civitas
3553 2624 3637 2669 est
3667 2612 3766 2667 Jac.

2169 2691 2291 2754 cob,
2318 2708 2462 2747 nunc
2491 2693 2740 2764 Neapolis
2773 2697 2940 2761 dicta,
2975 2698 3128 2766 juxta
3179 2701 3486 2770 sepulcrum
3521 2702 3748 2772 Ioseph,

2170 2780 2260 2834 ubi
2286 2798 2429 2838 nunc
2455 2792 2541 2838 est
2561 2785 2787 2840 ecclesia
2815 2787 3072 2843 fabricata
3098 2804 3164 2843 ex
3193 2791 3362 2846 latere
3410 2794 3613 2850 montis
3643 2793 3753 2849 Ga-

2170 2872 2344 2928 rizim.
2378 2874 2506 2930 Sina
2527 2892 2680 2932 mons
2711 2878 2765 2933 in
2797 2880 3017 2950 regione
3044 2880 3255 2936 Madian
3287 2898 3451 2953 super
3468 2885 3748 2950 Arabiam,

2170 2966 2260 3035 qui
2287 2967 2392 3021 alio
2421 2969 2638 3025 nomine
2662 2969 2842 3026 lioreb
2870 2972 3187 3041 appellatur.
3223 2973 3375 3030 Unde
3400 2975 3599 3030 dicitur
3632 2993 3646 3030 :
3677 2977 3748 3031 Et

2171 3058 2404 3126 fecerunt
2427 3060 2643 3115 vitulum
2677 3063 2731 3116 in
2764 3061 2961 3129 Iloreb,
2991 3080 3114 3119 cum
3164 3066 3266 3120 hoc
3307 3067 3483 3124 Moses
3531 3069 3585 3122 in
3618 3069 3746 3124 Sina

496 3171 820 3210 racenorum
851 3157 1168 3226 metropolis
1189 3169 1293 3225 est,
1332 3163 1475 3216 unde
1505 3170 1561 3217 et
1589 3179 1684 3217 rex
1715 3179 1901 3218 eorum
1932 3166 2064 3220 Nau-

2175 3147 2377 3205 factum
2403 3153 2701 3220 scripserit.
2730 3151 2988 3220 Saronas,
3010 3155 3152 3225 quod
3197 3157 3584 3226 interpretatur
3603 3175 3752 3215 cam-

499 3245 613 3298 vias
666 3245 927 3298 famosam
977 3246 1030 3299 in
1066 3261 1129 3300 ea
1176 3248 1278 3302 sibi
1327 3264 1542 3317 suaque
1599 3252 1743 3322 genti
1790 3253 2068 3310 basilicam

499 3336 803 3398 delicavit,
872 3336 1196 3392 Christianis
1261 3339 1315 3392 in
1387 3341 1616 3396 circuitu
1677 3343 1885 3400 civibus
1926 3347 2069 3402 beati

498 3425 748 3492 Baptista
777 3424 1000 3480 Joannis
1032 3427 1314 3481 ecclesiam
1350 3426 1832 3496 frequentantibus.
1861 3435 2067 3492 Derben

497 3513 687 3566 civitas
711 3523 794 3568 est
829 3513 1114 3595 Lycaonia
1152 3517 1461 3586 provinciae,
1510 3519 1752 3576 Elamita
1800 3525 2070 3596 principes

497 3602 735 3658 Persidis
761 3605 826 3657 ab
858 3604 1006 3658 Elam
1039 3590 1146 3660 filio
1177 3604 1301 3660 Sem
1331 3609 1527 3663 vocati.
1558 3590 1817 3680 Ephesus-
1841 3590 2070 3670 Ama—zo-

497 3707 626 3744 num
659 3707 793 3760 opus
821 3693 1012 3748 civitas
1045 3693 1187 3749 Asia
1229 3705 1331 3761 est,
1365 3697 1455 3751 ubi
1485 3699 1774 3769 requiescit
1801 3703 2068 3774 evangeli-

499 3791 581 3834 sta
597 3781 851 3837 Joannes.
878 3783 1153 3839 Phanicia
1177 3787 1454 3854 provincia
1480 3797 1562 3843 est
1587 3789 1756 3861 Syria
1778 3792 1932 3862 cujus
1951 3811 2068 3864 par~

501 3881 582 3922 tes
607 3878 732 3924 sunt
757 3870 998 3926 Samaria
1028 3881 1083 3927 et
1112 3873 1330 3930 Galilaa
1369 3886 1424 3931 et
1470 3878 1588 3933 alia
1617 3881 1879 3950 plurima.
1920 3883 2067 3938 Gali-

488 3955 601 4011 la‘a
619 3959 733 4012 dua
765 3969 909 4026 sunt,
935 3979 1040 4016 una
1064 3966 1300 4034 gentium
1338 3968 1513 4023 vicina
1541 3969 1736 4026 finibus
1775 3973 2062 4043 Tyriorum

500 4048 552 4101 in
584 4049 724 4103 tribu
761 4049 1291 4120 Nephtbaiim,altera
1316 4059 1460 4114 circa
1489 4060 1840 4131 Tyberiadcm
1872 4071 1925 4118 et
1952 4072 2063 4118 sta-

497 4153 657 4207 gnum
699 4139 1031 4198 Genesareth
1061 4143 1110 4198 in
1137 4148 1278 4202 tribu
1302 4149 1558 4205 Zabulon.
1586 4151 1733 4206 Gaza
1759 4154 1950 4209 civitas
1987 4156 2065 4209 in-

498 4229 664 4297 signis
712 4241 796 4286 est
826 4233 1138 4302 Palastina,
1176 4253 1295 4308 qua
1338 4242 1477 4310 apud
1525 4251 1736 4297 veteres
1762 4252 1879 4298 erat
1919 4253 2062 4300 terra

497 4318 942 4376 Chananaorum.
975 4324 1184 4381 Galatia
1233 4331 1509 4398 provincia
1537 4330 1696 4397 Asia,
1730 4349 1759 4386 a
1785 4333 1950 4388 Gallis
1978 4351 2064 4391 vo-

494 4408 741 4464 cabulum
768 4413 1004 4479 trahens,
1033 4416 1124 4486 qui
1176 4416 1228 4470 in
1259 4419 1518 4473 auxilium
1563 4437 1593 4474 a
1617 4437 1740 4492 rege
1793 4422 2062 4493 Bithynia

494 4500 688 4565 vocati,
719 4516 937 4572 regnum
965 4520 1086 4558 cum
1113 4519 1178 4560 eo
1203 4515 1322 4561 acta
1350 4508 1574 4563 victoria
1614 4511 1936 4577 diviserunt,
1965 4516 2060 4569 sic-

493 4607 599 4662 que
628 4593 819 4648 deinde
834 4593 1033 4650 Gracis
1061 4596 1303 4657 admixti,
1329 4597 1503 4666 primo
1515 4597 1846 4670 Gallograci,
1875 4611 2058 4672 postea

492 4681 694 4736 Galata
744 4693 870 4736 sunt
901 4683 1174 4752 appellati.
1253 4683 1614 4740 Hadrumetus
1655 4688 1849 4744 civitas
1895 4701 1979 4745 est
2008 4694 2060 4748 in

493 4774 746 4842 Byzantia
773 4775 992 4845 regione
1013 4772 1226 4826 Africa.
1272 4773 1436 4826 Adria
1460 4790 1653 4830 nomen
1680 4777 1914 4834 civitatis
1937 4797 2063 4836 con-

492 4876 572 4920 tra
603 4867 937 4929 Ravennam,
988 4880 1107 4934 qua
1127 4864 1300 4918 eidem
1344 4867 1500 4928 mari,
1554 4867 1608 4920 in
1635 4869 1788 4938 cujus
1817 4870 1928 4939 ripa
1955 4873 2057 4927 sita

489 4969 592 5023 est,
623 4974 818 5015 nomen
873 4958 1038 5012 etiam
1077 4955 1338 5011 Adriatici
1371 4955 1534 5011 dedit.
1597 4956 1764 5028 Joppe
1804 4963 2055 5031 Oppidum

487 5050 784 5104 Palastina
813 5055 896 5102 est
917 5046 1245 5101 maritimum
1273 5046 1326 5099 in
1356 5046 1496 5100 tribu
1535 5047 1668 5101 Dan.
1711 5048 1951 5105 Iconium
1981 5053 2058 5108 ci-

489 5142 628 5193 vitas
671 5147 756 5193 est
777 5137 1080 5207 Lycaonia,
1126 5145 1209 5190 est
1235 5144 1287 5190 et
1320 5137 1488 5190 altera
1531 5138 1580 5191 in
1617 5139 1822 5194 Cilicia.
1877 5141 2056 5212 Libya

487 5229 776 5301 provincia:
794 5226 913 5280 dua
952 5234 1099 5288 sunt,
1132 5241 1236 5278 una
1258 5225 1572 5296 Cyrenaica,
1619 5228 1686 5282 de
1725 5245 1829 5298 qua
1852 5231 2053 5286 dictum

485 5329 584 5384 est,
613 5326 794 5388 partes
818 5316 1018 5386 Libya,
1037 5331 1154 5384 qua
1177 5325 1261 5370 est
1283 5317 1424 5370 circa
1455 5315 1718 5388 Cyrenen.
1753 5320 1849 5376 Est
1871 5329 1926 5376 et
1946 5321 2053 5374 alia

487 5409 821 5477 IEthiopum.
873 5407 1054 5475 Lydda
1097 5405 1290 5461 civitas
1313 5406 1612 5463 Palastina
1639 5418 1742 5472 est,
1797 5411 1849 5464 in
1888 5411 2054 5465 maris

487 5499 660 5569 Magni
703 5498 884 5551 littore
926 5485 1052 5559 sita,
1102 5481 1220 5564 qu'a
1249 5512 1389 5550 nunc
1430 5497 1692 5566 Diospolis
1729 5499 2046 5569 appellatur.

486 5589 747 5658 Lycaonia
770 5588 1046 5659 provincia
1085 5586 1226 5641 Asia
1250 5597 1349 5642 est.
1421 5588 1516 5642 Est
1565 5598 1618 5641 et
1663 5589 1766 5642 alia
1811 5587 2047 5657 ejusdem

485 5676 716 5731 nominis
744 5677 796 5729 in
826 5677 1055 5747 Phrygia
1096 5677 1323 5731 minore.
1379 5677 1569 5747 Lystra
1597 5678 1788 5732 civitas
1831 5685 1913 5731 est
1942 5677 2047 5746 Ly-

487 5767 709 5823 caonia.
753 5767 910 5838 Lycia
946 5766 1220 5836 provincia
1261 5778 1341 5825 est
1382 5767 1538 5822 Asia.
1605 5767 1772 5823 Media
1810 5784 1837 5821 a
1873 5767 2044 5820 Madai

2173 3241 2389 3308 pestris,
2445 3242 2594 3312 regio
2615 3252 2716 3306 est,
2741 3259 2859 3312 qua
2896 3244 3057 3300 Petro
3106 3249 3435 3315 praedicante
3462 3250 3586 3305 ﬁdei
3625 3268 3754 3307 con-

2172 3333 2323 3386 tinuo
2349 3331 2554 3388 fructus
2578 3335 2910 3404 germinavit.
2963 3336 3127 3393 Sidon
3156 3340 3286 3394 urbs
3333 3340 3608 3398 Pbmnicis
3629 3353 3742 3406 est,

2172 3425 2399 3494 insignis
2425 3425 2618 3481 artifex
2642 3427 2788 3481 vitri.
2828 3427 3071 3483 Seleucia
3098 3430 3289 3485 civitas
3317 3429 3492 3501 Syria
3521 3435 3746 3498 nobilis,

2171 3513 2224 3567 in
2252 3515 2621 3582 promontorio
2650 3513 2818 3584 Syria
2843 3517 3140 3572 Antiochiae
3168 3519 3292 3573 sita.
3352 3517 3586 3579 Salamis
3609 3525 3746 3578 civi-

2170 3611 2253 3659 tas
2275 3605 2433 3659 estin
2463 3603 2639 3675 Cypro
2697 3605 2888 3671 insula,
2921 3621 3064 3663 nunc
3086 3606 3401 3664 Constantia
3447 3611 3612 3666 dicta.
3645 3611 3748 3664 Sa-

2168 3695 2468 3751 mothracia
2498 3696 2673 3751 insula
2701 3705 2783 3752 est
2809 3697 2862 3752 in
2880 3698 3129 3754 Pacatico
3145 3699 3285 3753 sinu.
3304 3699 3461 3771 Syria
3495 3717 3617 3771 qua
3643 3701 3746 3756 ile-

2167 3785 2350 3841 braice
2379 3785 2578 3842 dicitur
2604 3796 2728 3849 mn
2755 3787 2906 3858 regio
2930 3796 3015 3844 est
3039 3789 3178 3844 inter
3199 3789 3394 3846 ﬂumen
3425 3791 3737 3863 Euphraten

2167 3884 2219 3930 et
2234 3892 2382 3932 mare
2395 3876 2641 3948 Magnum
2657 3880 2904 3948 usquead
2918 3879 3208 3952 Egyptum
3223 3882 3553 3954 pertingens.
3570 3883 3745 3939 Habet

2166 3965 2427 4018 maximas
2445 3966 2766 4033 provincias,
2793 3967 2845 4021 in
2870 3969 3064 4037 quibus
3088 3978 3277 4040 gentes
3296 3971 3735 4029 suntduodecim.

2166 4051 2357 4107 Samos
2383 4053 2650 4108 insulaest
2676 4055 2731 4108 in
2761 4057 2894 4110 mari
2924 4056 3117 4128 Egeo,
3146 4058 3200 4112 in
3224 4072 3330 4128 qua
3351 4066 3562 4128 reperta
3591 4061 3744 4130 prius

2164 4143 2344 4198 ﬁctilia
2366 4158 2494 4199 vasa
2516 4146 2820 4210 traduntur,
2849 4147 2992 4203 unde
3026 4157 3080 4203 et
3119 4164 3246 4204 vasa
3269 4147 3451 4204 Samia
3474 4151 3739 4221 appellata

2163 4243 2305 4288 sunt.
2325 4233 2554 4306 Smyrna
2569 4236 2761 4292 civitas
2773 4236 2920 4291 estin
2933 4237 3059 4293 Asia
3077 4239 3252 4310 Lycia
3263 4241 3571 4309 provincia,
3589 4241 3739 4309 cujus

2162 4325 2334 4381 Lucas
2357 4327 2600 4382 meminit
2626 4329 2810 4382 dicens
2833 4345 2847 4380 :
2881 4327 3202 4399 Navigantes
3225 4330 3460 4383 venimus
3481 4331 3535 4384 in
3558 4329 3736 4402 Smyr-

2163 4432 2284 4470 nam
2304 4415 2495 4486 Lycia.
2521 4416 2708 4487 Syrtes
2721 4419 2973 4473 dicuntur
3000 4434 3228 4476 arenosa
3250 4419 3367 4475 loca
3389 4420 3442 4475 in
3469 4423 3608 4476 mari
3631 4422 3737 4476 Ma-

2089 4533 2141 4592 D
2167 4522 2294 4577 gno,
2329 4506 2553 4560 multum
2585 4508 2846 4562 terribilia
2888 4516 2944 4563 et
2983 4510 3289 4564 metuenda.
3323 4508 3594 4580 Syracusa
3624 4528 3735 4567 me-

2166 4595 2388 4666 tropolis
2434 4594 2631 4651 Sicilia
2671 4598 2772 4652 sub
2821 4599 3190 4666 promontorio
3227 4597 3481 4653 Pachino.
3532 4599 3735 4654 Tarsus

2162 4685 2352 4740 civitas
2382 4687 2696 4756 metropolis
2735 4687 2956 4752 Cilicia,
2989 4687 3158 4742 Paulo
3187 4689 3432 4758 apostolo
3474 4689 3730 4760 gloriosa.

2163 4775 2338 4846 Tyms
2353 4777 2664 4847 metmpolis
2675 4777 2946 4832 Phanicis
2968 4777 3022 4832 in
3042 4779 3182 4833 tribu
3201 4778 3561 4849 Nephthalim,
3580 4780 3734 4851 cujus

2161 4869 2395 4925 maxime
2418 4871 2672 4926 nobilitas
2684 4871 2966 4942 conchylio
2978 4879 3034 4925 et
3047 4861 3282 4940 purpura
3296 4877 3530 4925 constat.
3558 4871 3730 4925 Troas

2156 4961 2347 5016 civitas
2374 4959 2517 5016 Asia
2549 4962 2853 5016 maritima.
2885 4960 3139 5030 Thyatira
3165 4960 3356 5015 civitas
3376 4958 3581 5030 Libya,
3607 4975 3729 5030 qua

2156 5059 2243 5106 est
2302 5052 2579 5122 provincia
2628 5052 2789 5107 Asia.
2860 5051 3238 5108 Thessalonica
3300 5050 3492 5106 civitas
3552 5050 3731 5106 Mace-

2157 5140 2348 5195 (iouia.

2504 5242 2840 5283 EVANGELIUI
2865 5238 3101 5294 JOANNIS,
3127 5244 3242 5282 CAP.
3272 5244 3362 5281 ΣΧ.

2232 5335 2250 5365 ι
2298 5315 2463 5371 Maria
2512 5317 2691 5373 stabat
2731 5317 2800 5370 ad
2843 5323 3251 5372 monumentum
3296 5314 3429 5369 foris
3480 5314 3717 5384 plorans.

2161 5424 2179 5456 ι
2226 5406 2362 5459 Dum
2391 5419 2522 5476 ergo
2552 5405 2735 5470 ﬂeret,
2767 5404 3045 5459 inclinavit
3069 5420 3128 5459 se
3145 5413 3201 5458 et
3232 5403 3469 5471 respexit
3514 5403 3567 5458 in
3606 5419 3716 5457 mo-

2158 5514 2177 5546 ι
2224 5506 2558 5560 numentum,
2585 5505 2639 5552 et
2665 5497 2798 5552 vidit
2825 5496 2958 5551 duos
2984 5495 3202 5566 angelos
3222 5496 3275 5548 in
3291 5494 3427 5550 albis
3449 5494 3714 5555 sedentes.

2157 5603 2174 5635 ι
2223 5601 2385 5638 unum
2437 5586 2503 5640 ad
2551 5595 2711 5654 caput
2743 5593 2797 5638 et
2822 5600 2985 5639 unum
3036 5586 3102 5639 ad
3147 5584 3326 5654 pedes,
3361 5583 3450 5639 ubi
3477 5585 3716 5652 positum

2157 5695 2174 5726 ι
2220 5677 2396 5732 fuerat
2415 5675 2765 5747 corpusJesu.
2786 5675 2981 5729 Dicunt
2997 5675 3046 5729 ei
3076 5675 3151 5729 illi
3182 5693 3193 5726 :
3230 5673 3439 5738 Mulier,
3460 5673 3589 5742 quid
3610 5675 3716 5743 plo-

2157 5785 2173 5815 ι
2222 5767 2344 5821 ras?
2384 5767 2522 5822 Dicit
2542 5767 2619 5822 eis
2655 5784 2664 5817 :
2703 5766 2839 5832 Quia
2875 5764 3110 5819 tulerunt
3165 5763 3450 5819 Dominum
3509 5778 3706 5829 meum,
