3978 6420
242 220 352 277 2ῧῖ

1069 201 1590 262 COLLECTIONES
1628 200 1696 257 l‘N
1732 197 2112 257 EPISTOLAS
2146 200 2235 257 ET
2277 202 2684 260 EVANGELIA.

3393 211 3500 269 Ωδὸ

246 350 268 385 ι
314 338 372 386 et
395 328 585 384 nescio
614 326 703 381 ubi
736 328 1031 393 posuerunt
1055 333 1199 373 eum.
1232 316 1356 371 llaec
1390 330 1511 369 cum
1560 314 1817 375 dixisset,
1850 316 1900 373 Α
1996 310 2135 364 Dicit
2162 314 2237 366 eis
2259 330 2278 367 :
2309 313 2448 380 Quia
2478 314 2710 370 tulerunt
2732 314 3014 372 Dominum
3042 334 3234 386 meum,
3258 329 3361 377 etc.
3393 324 3492 378 Dos

245 441 269 477 ι
315 433 579 478 conversa
605 426 690 473 est
718 423 1036 475 retrorsum,
1082 417 1137 463 et
1162 407 1296 462 vidit
1336 406 1520 461 Iesum
1562 411 1818 466 stantem,

246 531 269 568 ι
308 523 368 569 et
392 510 672 568 nesciebat
693 507 819 576 quia
838 502 995 560 Iesus
1016 510 1117 558 est.
1146 498 1288 554 Dicit
1307 498 1357 553 ei
1385 493 1542 552 Iesus
1570 514 1581 548 :
1611 492 1819 558 Mulier,

248 623 269 656 ι
320 603 449 676 quid
475 598 689 672 ploras?
719 596 890 664 Quem
924 593 1155 665 quaeris!
1196 590 1288 644 illa
1338 588 1661 645 existimans
1694 586 1822 655 quia

251 716 271 750 ι
321 692 641 752 hortulanus
664 695 831 753 esset,
863 686 995 742 dicit
1020 683 1070 739 ei
1097 700 1110 737 :
1137 681 1385 746 Domine,
1407 681 1452 735 si
1478 687 1534 733 tu
1556 676 1821 734 sustulisti

249 810 267 843 ι
315 804 462 854 eum,
485 783 651 842 dicito
671 780 822 837 mihi.
856 776 955 834 Ubi
982 774 1211 848 posuisti
1257 787 1402 838 eum,
1454 778 1509 824 et
1561 782 1662 838 ego
1697 782 1823 823 eum

250 904 269 936 ι
318 879 538 939 tollam?
553 876 695 932 Dicit
719 874 770 929 ei
796 870 986 927 Iesus:
1014 868 1204 925 Maria.
1232 865 1506 924 Conversa
1534 863 1626 919 illa
1647 861 1819 918 dicit:

247 990 268 1025 ι
316 968 583 1033 Rahhoni,
614 963 756 1038 quod
782 961 982 1018 dicitur
1031 960 1309 1033 magister.
1347 957 1488 1012 Dicit
1529 956 1579 1012 ei
1619 954 1817 1011 Iesus:

246 1080 267 1114 ι
313 1059 434 1116 Noli
458 1072 545 1113 me
575 1066 816 1127 tangere,
847 1050 1084 1108 nondum
1111 1048 1252 1106 enim
1268 1046 1484 1104 ascendi
1508 1046 1577 1101 ad
1603 1045 1821 1100 Patrem

249 1173 267 1205 ι
313 1167 515 1210 meum.
550 1148 696 1207 Vade
720 1154 901 1201 autem
925 1143 994 1199 ad
1019 1142 1216 1199 fratres
1249 1155 1420 1207 meos,
1455 1149 1511 1196 et
1558 1139 1644 1195 dic
1687 1138 1767 1193 eis
1802 1155 1817 1192 :

248 1265 267 1297 ι
315 1242 565 1301 Ascendo
604 1241 672 1296 ad
703 1239 920 1295 Patrem
971 1250 1154 1295 meum
1185 1243 1241 1289 et
1286 1233 1503 1291 Patrem
1540 1240 1779 1288 vestrum
1802 1272 1818 1296 ,

249 1354 267 1386 ι
318 1334 486 1389 Deum
520 1345 699 1387 meum
731 1336 785 1383 et
810 1327 980 1383 Deum
1006 1332 1268 1401 vestrum.
1297 1321 1461 1378 Venit
1488 1321 1655 1377 Maria
1677 1321 1824 1390 Mag-

246 1441 265 1477 ‹
314 1423 524 1487 dalene,
559 1418 883 1476 annuntians
912 1413 1207 1485 discipulis,
1235 1412 1361 1483 quia
1377 1410 1486 1466 vidi
1512 1409 1818 1475 Dominum,

246 1533 268 1567 ι
313 1522 371 1571 et
397 1514 514 1569 hare
541 1511 678 1568 dixit
701 1508 854 1564 mihi.
880 1526 900 1561 ι

314 1605 494 1661 Maria
521 1613 695 1658 autem
718 1600 888 1657 stabat
916 1598 984 1652 ad
1013 1605 1401 1651 monumentum
1429 1593 1561 1664 foris
1586 1591 1818 1663 plorans.

1924 399 2131 454 minum
2161 415 2315 455 suum
2343 419 2560 470 vocans,
2590 404 2801 461 Domini
2829 406 2912 462 sui
2944 421 3139 478 corpus
3165 411 3435 477 exanime,
3467 429 3501 469 a

1922 498 2076 559 parte
2103 500 2274 545 totum
2303 492 2638 564 signiﬁcans,
2680 497 2823 552 sicut
2846 513 3035 554 omnes
3059 499 3379 556 conﬁtemur
3403 502 3497 560 Ie-

1923 594 2042 634 sum
2057 579 2333 637 Christum
2356 582 2549 641 Filium
2572 584 2667 640 Dei
2692 587 2904 642 unicum
2927 588 3210 646 Dominum
3230 602 3501 661 nostrum,

1921 670 2064 740 quod
2089 671 2275 740 utique
2300 672 2460 726 simul
2489 681 2602 739 est,
2634 683 2688 729 et
2714 678 2938 732 verbum
2969 687 3025 745 et
3051 680 3232 735 anima
3260 690 3315 737 et
3345 697 3495 739 caro.

1922 756 2248 833 Crucilixum
2279 768 2455 816 tamen
2480 771 2534 818 et
2556 764 2843 832 sepultum,
2871 782 2993 821 cum
3017 769 3130 824 sola
3155 772 3271 841 ejus
3291 773 3498 845 sepulta

1921 848 1995 905 sit
2019 865 2183 907 caro:
2221 851 2289 905 Et
2319 852 2512 918 nescio,
2542 853 2735 923 inquit,
2767 855 2857 909 ubi
2880 869 3164 926 posuerunt
3192 877 3330 916 eum.
3373 863 3499 923 erc

1920 948 2037 994 erat
2065 955 2228 995 causa
2257 940 2431 1010 major
2454 942 2673 1009 doloris,
2696 945 2839 1015 quod
2865 947 3144 1003 nesciebat
3166 965 3272 1018 quo
3298 952 3398 1008 iret
3429 953 3498 1008 ad

1920 1027 2302 1084 consolandum
2338 1029 2576 1086 dolorem
2595 1071 2610 1096 ,
2646 1033 2740 1088 sed
2759 1033 2934 1103 'prope
2960 1044 3080 1090 erat
3103 1035 3238 1091 hora
3265 1054 3374 1109 qua
3401 1041 3502 1095 tri-

1921 1118 2069 1172 stitia
2095 1115 2211 1187 ejus
2234 1126 2539 1174 verteretur
2564 1120 2619 1175 in
2648 1122 2922 1191 gaudium.

1992 1208 2121 1265 licet:
2151 1227 2269 1264 cum
2300 1210 2537 1289 dixisset,
2567 1228 2814 1269 conversa
2842 1224 2918 1269 est
2949 1224 3254 1285 retrorsum,
3286 1228 3335 1273 et
3373 1219 3499 1275 cidit

1920 1301 2102 1356 Iesum
2129 1311 2374 1369 stantem,
2403 1312 2451 1357 et
2482 1319 2585 1357 non
2613 1305 2807 1359 sciebat
2833 1307 2957 1377 quia
2984 1306 3141 1363 Iesus
3166 1320 3262 1365 est.
3299 1308 3500 1366 Notan-

1921 1392 2048 1447 dum
2069 1392 2214 1461 quod
2233 1391 2421 1459 Maria,
2440 1408 2561 1464 qua:
2581 1394 2757 1450 adhuc
2778 1395 2843 1451 de
2865 1397 3077 1452 Domini
3100 1402 3501 1458 resurrectione

1923 1480 2226 1546 dubitabat,
2250 1490 2548 1537 retrorsum
2577 1498 2837 1541 conversa
2865 1493 2950 1542 est
2973 1496 3033 1541 ut
3055 1489 3265 1545 videret
3289 1489 3496 1557 Iesum,

1923 1571 2050 1640 quia
2070 1571 2320 1626 videlicet
2348 1587 2447 1642 per
2464 1574 2706 1628 eamdem
2732 1573 3121 1632 dubitationem
3144 1593 3319 1645 suam,
3343 1580 3500 1650 quasi

240 1694 345 1769 (Eu
389 1695 641 1766 August.)
681 1690 1024 1747 Pensandum
1062 1694 1147 1741 est
1184 1686 1344 1756 hujus
1382 1662 1623 1740 mulieris
1660 1698 1815 1737 men-
1845 1662 1893 1723 Β
1921 1670 2072 1769 ιθςεξι
2105 1663 2160 1718 in
2195 1664 2410 1769 υοξηξιιί
2443 1663 2639 1769 “filim
2664 1667 2906 1769 ῐξὶίεθΐδῑν
2940 1683 3101 1737 quem
3131 1673 3498 1729 resurrexisse

242 1796 355 1843 tem
392 1794 594 1856 quanta
622 1781 705 1836 vis
753 1779 952 1835 amoris
1003 1776 1361 1839 accenderat,
1406 1790 1527 1845 qum
1560 1788 1589 1828 a
1621 1789 1815 1835 monu-

241 1884 427 1932 mento
464 1872 678 1929 Domini
719 1871 885 1926 etiam
925 1865 1203 1937 discipulis
1247 1864 1661 1929 recedentibus,
1709 1880 1841 1920 non.

242 1966 568 2031 recedebat,
610 1962 932 2034 exquirehat
958 1974 1118 2030 quem
1147 1972 1254 2012 non
1285 1957 1584 2011 invenerat.
1628 1955 1819 2011 Flebat

241 2055 584 2128 inquirendo,
616 2062 670 2111 et
697 2051 902 2108 amoris
928 2049 1011 2105 sui
1040 2049 1160 2121 igne
1186 2059 1477 2111 succensa,
1515 2042 1631 2112 ejus
1658 2060 1817 2115 quem

242 2148 480 2203 ablatum
508 2144 737 2202 credidit
764 2139 989 2197 ardebat
1014 2137 1311 2200 desiderio,
1345 2144 1399 2192 et
1426 2134 1567 2191 oculi
1595 2134 1688 2206 qui
1716 2135 1816 2189 Do-

243 2243 448 2296 minum
474 2237 823 2308 quasierunt,
847 2242 900 2289 et
928 2247 1036 2287 non
1067 2230 1410 2293 invenerunt,
1435 2226 1688 2298 lacrymis
1704 2225 1817 2296 jam

242 2331 591 2388 exundabant
612 2372 628 2396 ,
674 2328 906 2400 amplius
943 2324 1186 2382 dolentes
1215 2321 1360 2393 quod
1398 2319 1572 2376 fuerat
1609 2319 1820 2375 ablatus

242 2424 309 2480 de
337 2431 706 2487 monumento,
733 2436 893 2493 quam
922 2417 1062 2489 quod
1091 2415 1269 2472 fuerat
1296 2414 1510 2471 occisus
1553 2414 1609 2469 in
1649 2413 1817 2486 ligno,

242 2512 497 2582 quoniam
538 2511 781 2583 magistri
824 2509 998 2575 tanti,
1044 2505 1199 2576 cujus
1238 2505 1318 2560 eis
1376 2504 1489 2559 vita
1544 2505 1821 2559 subtracta

244 2601 455 2669 fuerat,
503 2617 605 2659 nec
636 2600 898 2657 memoria
934 2597 1268 2654 remanebat.
1320 2595 1474 2653 Unde
1501 2595 1727 2666 contigit
1761 2603 1821 2649 ut

243 2708 369 2748 eum
403 2689 517 2749 sola
546 2700 676 2747 tunc
703 2689 913 2747 videret
940 2704 1059 2759 quae
1087 2686 1378 2752 remansit,
1410 2685 1537 2756 quia
1565 2684 1821 2739 nimirum

249 2784 425 2840 virtus
446 2784 574 2839 boni
594 2784 773 2855 operis
791 2781 1192 2855 perseverantia
1213 2785 1392 2844 est,ut
1416 2791 1544 2832 voce
1564 2775 1822 2831 Veritatis

243 2875 481 2930 dicitur:
515 2873 619 2942 Qui
643 2886 817 2929 autem
843 2877 1239 2944 perseveraverit
1264 2882 1424 2939 usque
1452 2866 1508 2921 in
1535 2864 1713 2935 ﬁnem,
1736 2864 1820 2918 hic

203 2960 213 2968 ’
244 2964 420 3020 salvus
446 2966 541 3020 erit
570 2964 791 3039 (Matth.
815 2963 900 3034 ι).

314 3054 455 3111 Dum
489 3071 610 3127 ergo
642 3057 816 3126 ﬂeret,
842 3052 1109 3109 inclinarit
1146 3067 1222 3116 se,
1257 3058 1305 3105 et
1337 3062 1599 3122 prospexit
1628 3049 1683 3102 in
1709 3065 1819 3101 mo-

246 3156 580 3212 numentum,
617 3155 666 3201 et
705 3144 828 3200 vidit
868 3144 999 3205 duros
1039 3140 1249 3214 angelos
1287 3143 1343 3195 in
1384 3139 1517 3196 albis
1553 3139 1819 3204 sedentes,

245 3253 408 3290 unum
439 3235 509 3289 ad
540 3243 723 3306 caput,
760 3245 808 3289 et
844 3249 1005 3288 unum
1040 3232 1109 3287 ad
1143 3230 1318 3303 pedes,
1358 3239 1463 3286 etc.
1506 3229 1605 3303 (Ex
1633 3228 1819 3300 Greg.)

244 3321 352 3377 ista
376 3322 580 3394 itaque,
610 3338 728 3394 quze
752 3322 831 3377 sic
857 3320 1105 3387 amabat,
1142 3335 1261 3391 qua:
1296 3334 1354 3374 se
1394 3318 1464 3373 ad
1503 3333 1822 3373 monumen-

249 3421 393 3478 tum,
425 3412 567 3482 quod
597 3419 987 3482 prospexerat,
1031 3411 1226 3465 iterum
1258 3408 1509 3471 inclinat,
1542 3405 1821 3463 videamus

247 3519 355 3573 quo
381 3495 557 3558 fructu
584 3503 668 3557 vis
694 3502 895 3557 amoris
924 3502 978 3557 in
1015 3517 1077 3557 ea
1107 3501 1401 3573 ingeminat
1428 3514 1565 3569 opus
1592 3497 1821 3569 inquisi-

248 3595 429 3649 tionis.
460 3593 751 3665 Sequitur:
778 3592 917 3649 Vidit
939 3594 1070 3648 duos
1093 3590 1302 3663 angelos
1328 3593 1381 3646 in
1408 3590 1540 3645 albis
1564 3590 1818 3657 sedentes,

249 3702 413 3739 unum
438 3684 509 3739 ad
535 3693 714 3756 caput,
735 3694 783 3740 et
804 3700 966 3739 unum
990 3683 1058 3738 ad
1083 3682 1259 3754 pedes,
1283 3680 1373 3736 ubi
1398 3682 1622 3751 positum
1647 3679 1820 3752 fuerat

249 3794 438 3849 corpus
462 3775 610 3833 Iesu.
651 3775 789 3845 Quid
818 3785 934 3844 est,
974 3776 1117 3846 quod
1154 3774 1208 3830 in
1249 3773 1369 3830 loco
1404 3772 1669 3828 Dominici
1701 3786 1823 3827 cor-

250 3868 399 3938 poris
423 3867 528 3922 duo
554 3867 730 3940 angeli
750 3867 1021 3933 videntur,
1045 3881 1185 3921 unus
1206 3862 1272 3919 ad
1296 3870 1477 3935 caput,
1500 3870 1662 3933 atque
1686 3862 1824 3917 alius

252 3957 320 4012 ad
362 3957 528 4028 pedes
564 3957 799 4013 sedens?
830 3957 936 4012 nisi
966 3954 1109 4027 quod
1142 3955 1335 4011 Latina
1369 3955 1584 4026 lingua,
1614 3952 1823 4029 ἅγγελος

254 4050 476 4105 nuntius
500 4048 717 4114 dicitur,
758 4056 812 4115 ct
840 4047 931 4103 ille
966 4063 1032 4103 ex
1072 4046 1322 4119 passione
1358 4061 1458 4102 sua
1492 4044 1825 4101 nuntiandus

254 4149 405 4207 erat,
445 4140 534 4211 qui
565 4148 621 4196 et
647 4140 790 4197 Deus
812 4148 895 4195 est
921 4149 1046 4194 ante
1073 4137 1293 4211 saecula,
1328 4145 1383 4191 et
1419 4136 1581 4191 homo
1623 4136 1677 4191 in
1719 4133 1826 4190 fine

257 4230 607 4296 saeculorum,
636 4230 790 4302 quasi
821 4227 889 4285 ad
916 4236 1079 4299 caput
1104 4225 1255 4282 sedet
1282 4222 1522 4296 angelus,
1566 4240 1689 4282 cum
1729 4240 1827 4295 per

256 4321 553 4391 apostolum
580 4322 925 4391 praedicatur,
943 4321 1069 4391 quia
1096 4319 1149 4373 in
1169 4317 1423 4389 principio
1446 4326 1557 4370 erat
1583 4313 1820 4405 Verbum,
1852 4346 1904 4405 Β

255 4420 305 4465 et
341 4407 562 4465 Verbum
603 4419 716 4465 erat
755 4409 896 4482 apud
938 4410 1138 4471 Deum,
1187 4416 1234 4462 et
1283 4407 1419 4460 Deus
1460 4414 1572 4460 erat
1609 4401 1824 4460 Verbum

258 4501 438 4572 (loan.
461 4500 522 4571 ι),
544 4509 600 4556 et
621 4500 774 4571 quasi
799 4500 866 4555 ad
889 4501 1070 4570 pedes,
1094 4499 1186 4554 sed
1206 4496 1428 4569 angelus
1451 4510 1572 4551 cum
1597 4494 1824 4550 dicitur:

257 4589 328 4644 Et
354 4588 572 4644 Verbum
596 4606 719 4644 caro
745 4589 941 4663 factum
973 4597 1067 4642 est.

328 4682 440 4755 (Es:
470 4680 649 4755 στας.)
697 4682 989 4738 Possumus
1012 4682 1176 4736 etiam
1205 4687 1259 4734 et
1285 4679 1418 4734 duos
1446 4675 1695 4749 angelos,
1725 4676 1831 4732 duo

259 4775 604 4830 Testamenta
642 4787 986 4845 cognoscere,
1031 4786 1199 4829 unum
1242 4770 1414 4840 prius,
1461 4775 1515 4821 et
1561 4766 1705 4821 aliud
1744 4781 1832 4821 se-

260 4883 451 4940 quens,
482 4867 574 4937 qui
601 4866 853 4922 videlicet
886 4863 1061 4937 angeli
1093 4878 1190 4933 per
1212 4862 1388 4917 locum
1417 4858 1683 4914 Dominici
1713 4873 1835 4936 cor-

260 4959 409 5031 poris
450 4958 668 5014 sibimet
716 4955 845 5027 ipsis
886 4962 1013 5010 sunt
1059 4952 1357 5022 conjuncti,
1405 4950 1531 5021 quia
1578 4948 1835 5004 nimirum

261 5061 491 5122 utraque
517 5048 883 5113 Testamenta,
911 5046 1039 5102 dum
1064 5044 1181 5116 pari
1211 5058 1371 5098 sensu
1398 5042 1760 5103 incarnatum,
1784 5047 1839 5093 et

262 5136 554 5206 mortuum,
589 5155 654 5196 ac
679 5138 1043 5195 resurrexisse
1068 5134 1357 5192 Dominum
1385 5132 1652 5197 nuntiant,
1682 5128 1837 5199 quasi

262 5234 667 5291 Testamentum
691 5230 844 5302 prius
871 5229 939 5285 ad
964 5233 1146 5299 caput,
1167 5232 1223 5282 et
1252 5230 1630 5280 testamentum
1658 5227 1837 5291 poste-

263 5326 376 5382 rius
400 5326 468 5380 ad
492 5323 656 5396 pedes
680 5322 852 5378 sedet.

332 5418 532 5471 Dicunt
560 5415 648 5469 ei:
680 5410 893 5479 Mulier,
927 5408 1053 5483 quid
1078 5405 1304 5480 ploras!
1347 5403 1512 5473 Quasi
1543 5402 1837 5464 dixissent,

261 5526 367 5566 non
397 5515 485 5562 est
514 5518 649 5574 opus
674 5512 942 5559 mortuum
968 5499 1201 5569 plorare,
1228 5511 1387 5565 quem
1418 5494 1683 5549 viventem
1717 5507 1838 5545 crc-

261 5601 393 5657 dere
419 5597 607 5654 debes.

1922 1757 2143 1812 minime
2172 1756 2445 1812 credebat.
2481 1756 2589 1813 Sed
2615 1758 2740 1828 quia
2769 1760 2985 1815 amabat
3012 1770 3069 1843 et
3095 1762 3393 1828 dubitabat,
3418 1765 3500 1818 vi-

1919 1848 2081 1902 debat
2105 1856 2160 1903 et
2184 1862 2293 1903 non
2316 1850 2676 1920 cognoscebat
2697 1865 2845 1917 eum,
2868 1865 3029 1921 quem
3054 1851 3131 1907 illi
3154 1868 3305 1909 amor
3322 1863 3500 1909 osten-

1918 1938 2092 1993 derat.
2131 1937 2387 1995 Dubietas
2412 1940 2795 2005 abscondebat,
2823 1943 2974 2012 cujus
3000 1944 3174 1999 adhuc
3196 1945 3499 2015 ignorantia

1918 2029 2260 2098 exprimitur,
2308 2044 2432 2085 cum
2472 2028 2740 2084 infertur:
2783 2031 2851 2085 Et
2887 2033 3164 2088 nesciebat
3189 2035 3314 2103 quia
3342 2032 3500 2091 Iesus

1918 2127 2083 2175 esset.

1989 2210 2129 2265 Dicit
2157 2214 2206 2267 ei
2230 2210 2385 2268 Iesus
2407 2231 2426 2269 :
2459 2213 2669 2281 Mulier,
2713 2216 2839 2287 quid
2869 2214 3047 2287 ploras
3068 2216 3095 2269 7
3117 2224 3221 2271 etc.
3259 2215 3498 2272 Interro-

1915 2313 2078 2376 gatur
2105 2307 2308 2363 doloris
2330 2324 2517 2375 causa,
2548 2317 2609 2365 ut
2636 2322 2897 2380 augeatur
2924 2309 3274 2376 desiderium,
3304 2319 3499 2381 quate-

1918 2415 2021 2455 nus
2046 2416 2169 2456 cum
2205 2402 2512 2459 nominaret
2536 2418 2694 2474 quem
2723 2410 3019 2474 quaereret,
3063 2402 3119 2458 in
3158 2403 3351 2461 ardore
3384 2405 3503 2476 ejus

1920 2492 2200 2548 ardentius
2224 2503 2500 2550 aestuaret.
3196 2480 3201 2485 ’

1989 2583 2097 2639 Illa
2128 2587 2415 2654 testimans,
2444 2588 2568 2659 quia
2595 2586 2908 2641 hortulanus
2934 2595 3089 2652 esset,
3116 2587 3243 2641 dicit
3268 2588 3319 2641 ei
3339 2601 3357 2639 :
3392 2586 3509 2641 Do-

1919 2674 2082 2740 mine,
2109 2675 2155 2728 si
2184 2684 2238 2729 tu
2266 2676 2527 2731 sustulisti
2552 2694 2692 2742 eum,
2721 2685 2826 2732 etc.
2858 2676 3108 2732 Forsitan
3139 2692 3240 2733 nec
3269 2678 3505 2733 errando

1920 2768 2037 2823 haec
2061 2768 2254 2823 mulier
2276 2771 2500 2834 erravit,
2530 2786 2650 2840 qua:
2671 2769 2856 2825 Iesum
2881 2769 3226 2825 hortulanum
3251 2771 3496 2825 credidit.

1922 2856 2113 2912 Annon
2159 2859 2211 2913 ei
2265 2854 2581 2930 spiritaliter
2614 2860 2934 2915 hortulanus
2973 2867 3124 2925 erat,
3164 2859 3253 2928 qui
3295 2860 3346 2913 in
3385 2857 3502 2927 ejus

1921 2957 2172 3019 pectore,
2210 2965 2309 3019 per
2346 2946 2547 3005 amoris
2584 2950 2702 3017 sui,
2740 2950 2949 3004 semina
2979 2949 3241 3003 virtutum
3270 2949 3504 3003 virentia

1924 3038 2187 3107 plantavit
2225 3047 2361 3093 sata.
2413 3037 2520 3092 Sed
2559 3037 2684 3106 quid
2727 3028 2847 3101 est,
2895 3037 3037 3106 quod
3066 3036 3181 3103 viso
3210 3051 3299 3101 eo,
3338 3051 3498 3105 quem

1923 3127 2269 3182 hortulanum
2293 3125 2544 3191 credidit,
2573 3126 2657 3180 cui
2685 3126 2918 3180 necdum
2938 3125 3150 3180 dixerat
3174 3140 3332 3195 quem
3355 3139 3501 3194 qua:-

1922 3216 2116 3271 rebat?
2162 3214 2252 3271 Ait
2279 3216 2326 3271 ei
2354 3235 2365 3270 :
2408 3215 2646 3282 Domine,
2686 3216 2732 3270 si
2765 3223 2822 3269 tu
2859 3214 3118 3269 sustulisti
3152 3231 3303 3280 eum,
3339 3213 3500 3268 dicito

1920 3305 2067 3360 mihi.
2096 3304 2264 3359 Nemo
2285 3298 2647 3362 calumnietur
2665 3303 2970 3368 mulierem,
2992 3302 3134 3373 quod
3155 3302 3499 3359 hortulanum

1922 3395 2119 3450 dixerit
2150 3394 2439 3451 Dominum
2471 3403 2526 3450 et
2550 3392 2735 3449 Iesum
2767 3392 3107 3464 magistrum,
3139 3392 3211 3448 ibi
3240 3392 3383 3447 cnim
3413 3408 3502 3447 ro-

1920 3483 2101 3554 gabat,
2129 3485 2221 3545 hic
2247 3483 2588 3557 agnoscebat,
2616 3483 2689 3538 ibi
2711 3483 3012 3538 honorabat
3033 3483 3309 3538 hominem
3335 3499 3365 3537 a
3389 3499 3497 3553 quo

1920 3577 2242 3633 beneficium
2286 3576 2623 3648 postulabat,
2669 3574 2759 3631 hic
2808 3574 3081 3631 recolebat
3111 3576 3419 3638 doctorem,
3465 3592 3496 3630 a

1922 3681 2029 3738 quo
2058 3667 2401 3722 discernebat
2425 3666 2661 3720 humana
2690 3671 2747 3720 et
2776 3664 2981 3730 divina,
3011 3664 3285 3731 discebat,
3318 3665 3503 3736 appel-

1922 3760 2068 3816 labat
2090 3761 2395 3827 Dominum,
2421 3758 2573 3828 cuius
2600 3757 2794 3815 ancilla
2819 3774 2926 3813 non
2955 3766 3093 3823 erat,
3116 3765 3176 3811 ut
3197 3758 3507 3827 perveniret

1923 3851 1989 3906 ad
2018 3852 2324 3917 Dominum,
2352 3852 2505 3923 cujus
2529 3860 2666 3907 erat.
2702 3849 2875 3905 Aliter
2902 3865 3032 3920 ergo
3061 3850 3197 3907 dixit
3223 3868 3236 3905 :
3269 3847 3507 3905 Sustule-

1925 3951 2046 3996 runt
2083 3941 2363 3996 Dominum
2402 3958 2598 4007 meum,
2637 3941 2797 3996 aliter
2824 3950 3043 3995 autem:
3081 3940 3323 4005 Domine,
3362 3940 3409 3994 si
3448 3949 3505 3994 tu

1922 4030 2184 4086 sustulisti
2211 4048 2348 4085 eum.
2384 4030 2462 4084 lbi
2490 4046 2557 4086 ex
2582 4029 2833 4095 veritate,
2874 4029 2964 4085 hic
2990 4044 3055 4084 ex
3086 4030 3310 4084 honore.
3349 4026 3507 4096 Quaa-

1924 4120 2079 4174 rebat
2128 4119 2310 4190 itaque
2357 4127 2412 4174 et
2458 4134 2567 4174 non
2612 4119 2846 4175 dicebat.
2903 4118 3032 4184 Quae
3069 4133 3191 4173 cum
3228 4117 3498 4172 dixisset:

1925 4209 2165 4275 Domine,
2196 4211 2242 4264 si
2273 4217 2328 4264 tu
2355 4208 2619 4264 sustulisti
2646 4224 2783 4263 eum.
2831 4206 2947 4261 Hoc
2975 4206 3139 4260 habet
3164 4206 3244 4260 vis
3278 4206 3505 4274 amoris,

1928 4300 2033 4355 hoc
2060 4314 2220 4371 agere
2247 4298 2383 4353 solet
2416 4299 2467 4353 in
2499 4297 2702 4360 animo,
2737 4304 2797 4349 ut
2826 4310 2987 4366 quem
3017 4309 3230 4364 semper
3259 4294 3374 4365 ipse
3410 4309 3506 4349 co-

1927 4387 2094 4459 gitat,
2143 4387 2349 4443 nullum
2381 4386 2544 4442 alium
2574 4385 2760 4441 credat
2790 4377 3061 4456 ignorare.
3113 4381 3279 4438 Recte
3308 4390 3364 4437 et
3392 4383 3509 4439 haec

1929 4480 2143 4545 mulier,
2169 4493 2327 4549 quem
2354 4477 2548 4549 quaerit
2572 4492 2680 4532 non
2706 4474 2858 4541 dicit,
2880 4481 2935 4529 et
2962 4480 3142 4528 tamen
3163 4472 3330 4527 dicit:
3365 4471 3427 4527 Si
3450 4483 3504 4528 tu

1930 4568 2191 4623 sustulisti
2216 4582 2355 4635 eum,
2381 4566 2505 4637 quia
2534 4564 2689 4621 alteri
2716 4579 2821 4619 non
2847 4569 3004 4634 putat
3030 4576 3149 4616 esse
3177 4560 3509 4632 incognitum

1933 4674 2095 4731 quem
2121 4658 2236 4729 ipsa
2264 4657 2520 4712 continuo
2544 4654 2749 4726 plangit
2773 4651 3063 4708 desiderio.

2006 4748 2148 4804 Dicit
2181 4748 2268 4803 ei:
2300 4747 2478 4802 Maria
2537 4746 2797 4801 Conversa
2824 4742 2917 4797 illa
2951 4742 3078 4795 dicit
3107 4740 3196 4794 ei:
3238 4737 3480 4794 Rabboni
3497 4781 3513 4804 ,

1936 4840 2077 4912 quod
2102 4840 2315 4904 dicitur,
2348 4837 2612 4907 magister.
2644 4834 2938 4904 Postquam
2968 4846 3088 4887 eam
3116 4828 3390 4886 communi
3421 4845 3513 4884 vo—

1937 4932 2131 4989 cabulo
2159 4930 2447 5002 appellavit
2475 4944 2541 4984 ex
2579 4942 2733 4991 sexu,
2765 4934 2821 4981 et
2848 4924 3064 4995 agnitus
3091 4937 3197 4978 non
3226 4929 3331 4986 est,
3358 4933 3511 4977 vocat

1939 5039 2005 5079 ex
2036 5022 2272 5085 nomine,
2307 5036 2371 5077 ac
2399 5020 2444 5075 si
2474 5024 2660 5090 aperte
2688 5015 2835 5070 dicat
2864 5013 2952 5069 ei:
2988 5013 3335 5080 Recognosce
3358 5026 3482 5065 eum
3500 5052 3516 5074 ,

1941 5132 1970 5169 a
2001 5130 2108 5185 quo
2133 5111 2554 5184 recognosceris.
2601 5105 2849 5164 Perfecto
2874 5117 3089 5174 quoque
3118 5102 3234 5156 viro
3268 5100 3465 5155 dicitur
3493 5119 3505 5153 :

1946 5207 2084 5262 Novi
2111 5214 2160 5260 te
2186 5220 2251 5259 es:
2277 5204 2502 5258 nomine.
2557 5198 2693 5268 Quia
2735 5198 2899 5253 homo
2941 5206 3229 5250 commune
3270 5191 3513 5247 omnium

1944 5310 2189 5355 nostrum
2216 5294 2538 5352 vocabulum
2573 5300 2684 5357 est,
2732 5290 2881 5345 Mose
2903 5301 3033 5341 vero
3071 5284 3347 5356 pr0prium
3367 5323 3382 5350 ,
3432 5284 3516 5338 cui

1948 5400 2096 5448 recte
2136 5390 2336 5445 dicitur
2378 5390 2503 5457 quia
2546 5401 2612 5441 ex
2658 5383 2877 5439 nomine
2920 5380 3111 5443 scitur,
3151 5389 3216 5430 ac
3252 5374 3296 5429 si
3335 5384 3523 5442 aper:c

1947 5484 2207 5540 Dominus
2235 5482 2379 5537 dicat
2405 5498 2419 5533 :
2457 5477 2572 5534 Non
2601 5485 2654 5532 te
2683 5471 3008 5547 generaliter
3034 5476 3096 5524 ut
3132 5473 3354 5520 caeteros
3373 5503 3387 5528 ,
3428 5461 3524 5515 sed

1949 5574 2257 5645 specialiter
2281 5587 2393 5643 prce
2420 5568 2631 5624 caeteris
2663 5566 2794 5623 scio.
2835 5560 3002 5617 Maria
3029 5572 3177 5625 ergo,
3211 5552 3332 5623 quia
3365 5560 3528 5653 γοωέ
