  <div class='ocr_page' id='page_1' title='image "/cluster/home/n/w/nwhite01/storage/ocr_20150623/102/umn.31951002477395f/138.png"; bbox 0 0 3978 6426; ppageno 0'>
   <div class='ocr_carea' id='block_1_1' title="bbox 265 252 364 306">
    <p class='ocr_par' dir='ltr' id='par_1_1' title="bbox 265 252 364 306">
     <span class='ocr_line' id='line_1_1' title="bbox 265 252 364 306; baseline 0 -1"><span class='ocrx_word' id='word_1_1' title='bbox 265 252 364 306; x_wconf 71' lang='lat' dir='ltr'><strong>Illi</strong></span> 
     </span>
    </p>
   </div>
   <div class='ocr_carea' id='block_1_2' title="bbox 1101 243 2724 307">
    <p class='ocr_par' dir='ltr' id='par_1_2' title="bbox 1101 243 2724 307">
     <span class='ocr_line' id='line_1_2' title="bbox 1101 243 2724 307; baseline -0.004 -1"><span class='ocrx_word' id='word_1_2' title='bbox 1101 249 1622 307; x_wconf 73' lang='lat' dir='ltr'><strong>COLLECTIONES</strong></span> <span class='ocrx_word' id='word_1_3' title='bbox 1657 247 1726 303; x_wconf 79' lang='lat' dir='ltr'><strong>IN</strong></span> <span class='ocrx_word' id='word_1_4' title='bbox 1769 246 2152 304; x_wconf 76' lang='lat' dir='ltr'><strong>EPISTOLAS</strong></span> <span class='ocrx_word' id='word_1_5' title='bbox 2184 248 2272 304; x_wconf 81' lang='lat' dir='ltr'><strong>ET</strong></span> <span class='ocrx_word' id='word_1_6' title='bbox 2312 243 2724 303; x_wconf 71' lang='lat' dir='ltr'><strong>EVANGELIA.</strong></span> 
     </span>
    </p>
   </div>
   <div class='ocr_carea' id='block_1_3' title="bbox 3434 237 3544 294">
    <p class='ocr_par' dir='ltr' id='par_1_3' title="bbox 3434 237 3544 294">
     <span class='ocr_line' id='line_1_3' title="bbox 3434 237 3544 294; baseline -0.027 -1"><span class='ocrx_word' id='word_1_7' title='bbox 3434 237 3544 294; x_wconf 69' lang='grc'><strong>262</strong></span> 
     </span>
    </p>
   </div>
   <div class='ocr_carea' id='block_1_4' title="bbox 266 355 3543 449">
    <p class='ocr_par' dir='ltr' id='par_1_4' title="bbox 266 355 3543 449">
     <span class='ocr_line' id='line_1_4' title="bbox 266 355 3543 449; baseline -0.002 -26"><span class='ocrx_word' id='word_1_8' title='bbox 266 371 442 433; x_wconf 80' lang='lat' dir='ltr'><strong>fuere,</strong></span> <span class='ocrx_word' id='word_1_9' title='bbox 471 369 698 434; x_wconf 86' lang='lat' dir='ltr'><strong>sanctis,</strong></span> <span class='ocrx_word' id='word_1_10' title='bbox 725 376 780 422; x_wconf 89' lang='lat' dir='ltr'><strong>et</strong></span> <span class='ocrx_word' id='word_1_11' title='bbox 805 381 900 437; x_wconf 81' lang='lat' dir='ltr'><strong>per</strong></span> <span class='ocrx_word' id='word_1_12' title='bbox 927 380 1114 420; x_wconf 90' lang='lat' dir='ltr'><strong>eorum</strong></span> <span class='ocrx_word' id='word_1_13' title='bbox 1141 366 1337 420; x_wconf 84' lang='lat' dir='ltr'><strong>bonam</strong></span> <span class='ocrx_word' id='word_1_14' title='bbox 1361 365 1850 427; x_wconf 88' lang='lat' dir='ltr'><strong>conversationem,</strong></span> <span class='ocrx_word' id='word_1_15' title='bbox 1882 369 1932 427; x_wconf 77' lang='grc' dir='ltr'>Α</span> <span class='ocrx_word' id='word_1_16' title='bbox 1957 363 2121 418; x_wconf 87' lang='lat' dir='ltr'><strong>verba</strong></span> <span class='ocrx_word' id='word_1_17' title='bbox 2160 363 2397 420; x_wconf 90' lang='lat' dir='ltr'><strong>ﬁdelium</strong></span> <span class='ocrx_word' id='word_1_18' title='bbox 2434 365 2676 449; x_wconf 61' lang='lat' dir='ltr'><strong>quotidie</strong></span> <span class='ocrx_word' id='word_1_19' title='bbox 2715 355 2859 420; x_wconf 84' lang='lat' dir='ltr'><strong>viam</strong></span> <span class='ocrx_word' id='word_1_20' title='bbox 2896 361 3019 419; x_wconf 62' lang='lat' dir='ltr'><strong>vita</strong></span> <span class='ocrx_word' id='word_1_21' title='bbox 3060 361 3394 417; x_wconf 86' lang='lat' dir='ltr'><strong>demonstrat</strong></span> <span class='ocrx_word' id='word_1_22' title='bbox 3414 400 3430 426; x_wconf 92' lang='lat'><strong>,</strong></span> <span class='ocrx_word' id='word_1_23' title='bbox 3474 361 3543 416; x_wconf 86' lang='lat' dir='ltr'><strong>de</strong></span> 
     </span>
    </p>
   </div>
   <div class='ocr_carea' id='block_1_5' title="bbox 264 456 1858 531">
    <p class='ocr_par' dir='ltr' id='par_1_5' title="bbox 264 456 1858 531">
     <span class='ocr_line' id='line_1_5' title="bbox 264 456 1858 531; baseline -0.005 -14"><span class='ocrx_word' id='word_1_24' title='bbox 264 461 449 531; x_wconf 80' lang='lat' dir='ltr'><strong>pravis</strong></span> <span class='ocrx_word' id='word_1_25' title='bbox 478 459 623 514; x_wconf 91' lang='lat' dir='ltr'><strong>illius</strong></span> <span class='ocrx_word' id='word_1_26' title='bbox 651 459 749 514; x_wconf 72' lang='lat' dir='ltr'><strong>aevi</strong></span> <span class='ocrx_word' id='word_1_27' title='bbox 779 457 1105 520; x_wconf 90' lang='lat' dir='ltr'><strong>hominibus,</strong></span> <span class='ocrx_word' id='word_1_28' title='bbox 1135 467 1193 512; x_wconf 93' lang='lat' dir='ltr'><strong>ut</strong></span> <span class='ocrx_word' id='word_1_29' title='bbox 1223 461 1290 512; x_wconf 91' lang='lat' dir='ltr'><strong>ad</strong></span> <span class='ocrx_word' id='word_1_30' title='bbox 1320 456 1544 512; x_wconf 83' lang='lat' dir='ltr'><strong>meliora</strong></span> <span class='ocrx_word' id='word_1_31' title='bbox 1571 463 1858 512; x_wconf 64' lang='lat' dir='ltr'><strong>converte-</strong></span> 
     </span>
    </p>
   </div>
   <div class='ocr_carea' id='block_1_6' title="bbox 266 548 1853 622">
    <p class='ocr_par' dir='ltr' id='par_1_6' title="bbox 266 548 1853 622">
     <span class='ocr_line' id='line_1_6' title="bbox 266 548 1853 622; baseline -0.002 -16"><span class='ocrx_word' id='word_1_32' title='bbox 266 563 478 617; x_wconf 89' lang='lat' dir='ltr'><strong>rentur,</strong></span> <span class='ocrx_word' id='word_1_33' title='bbox 500 549 836 622; x_wconf 61' lang='lat' dir='ltr'><strong>praedicavit.</strong></span> <span class='ocrx_word' id='word_1_34' title='bbox 872 548 1168 604; x_wconf 86' lang='lat' dir='ltr'><strong>Conclusos</strong></span> <span class='ocrx_word' id='word_1_35' title='bbox 1187 563 1420 620; x_wconf 82' lang='lat' dir='ltr'><strong>namque</strong></span> <span class='ocrx_word' id='word_1_36' title='bbox 1443 550 1496 604; x_wconf 92' lang='lat' dir='ltr'><strong>in</strong></span> <span class='ocrx_word' id='word_1_37' title='bbox 1515 563 1681 606; x_wconf 89' lang='lat' dir='ltr'><strong>carne</strong></span> <span class='ocrx_word' id='word_1_38' title='bbox 1701 549 1853 612; x_wconf 88' lang='lat' dir='ltr'><strong>dicit,</strong></span> 
     </span>
    </p>
   </div>
   <div class='ocr_carea' id='block_1_7' title="bbox 265 639 1856 710">
    <p class='ocr_par' dir='ltr' id='par_1_7' title="bbox 265 639 1856 710">
     <span class='ocr_line' id='line_1_7' title="bbox 265 639 1856 710; baseline -0.004 -12"><span class='ocrx_word' id='word_1_39' title='bbox 265 641 578 698; x_wconf 81' lang='lat' dir='ltr'><strong>carnalibus</strong></span> <span class='ocrx_word' id='word_1_40' title='bbox 606 640 894 696; x_wconf 83' lang='lat' dir='ltr'><strong>desideriis</strong></span> <span class='ocrx_word' id='word_1_41' title='bbox 919 648 1260 710; x_wconf 87' lang='lat' dir='ltr'><strong>aggravatos.</strong></span> <span class='ocrx_word' id='word_1_42' title='bbox 1298 639 1451 695; x_wconf 87' lang='lat' dir='ltr'><strong>Unde</strong></span> <span class='ocrx_word' id='word_1_43' title='bbox 1479 641 1545 696; x_wconf 90' lang='lat' dir='ltr'><strong>de</strong></span> <span class='ocrx_word' id='word_1_44' title='bbox 1573 639 1678 695; x_wconf 82' lang='lat' dir='ltr'><strong>illis</strong></span> <span class='ocrx_word' id='word_1_45' title='bbox 1709 639 1856 695; x_wconf 90' lang='lat' dir='ltr'><strong>Scri-</strong></span> 
     </span>
    </p>
   </div>
   <div class='ocr_carea' id='block_1_8' title="bbox 265 730 1855 804">
    <p class='ocr_par' dir='ltr' id='par_1_8' title="bbox 265 730 1855 804">
     <span class='ocr_line' id='line_1_8' title="bbox 265 730 1855 804; baseline -0.004 -16"><span class='ocrx_word' id='word_1_46' title='bbox 265 741 426 804; x_wconf 88' lang='lat' dir='ltr'><strong>ptura</strong></span> <span class='ocrx_word' id='word_1_47' title='bbox 471 732 586 786; x_wconf 87' lang='lat' dir='ltr'><strong>ait:</strong></span> <span class='ocrx_word' id='word_1_48' title='bbox 633 730 778 800; x_wconf 89' lang='lat' dir='ltr'><strong>quod</strong></span> <span class='ocrx_word' id='word_1_49' title='bbox 817 730 985 783; x_wconf 86' lang='lat' dir='ltr'><strong>omnis</strong></span> <span class='ocrx_word' id='word_1_50' title='bbox 1025 744 1149 782; x_wconf 91' lang='lat' dir='ltr'><strong>caro</strong></span> <span class='ocrx_word' id='word_1_51' title='bbox 1189 739 1494 798; x_wconf 74' lang='lat' dir='ltr'><strong>corruperat</strong></span> <span class='ocrx_word' id='word_1_52' title='bbox 1533 731 1672 782; x_wconf 83' lang='lat' dir='ltr'><strong>viam</strong></span> <span class='ocrx_word' id='word_1_53' title='bbox 1703 745 1855 782; x_wconf 67' lang='lat' dir='ltr'><strong>nam</strong></span> 
     </span>
    </p>
   </div>
   <div class='ocr_carea' id='block_1_9' title="bbox 267 817 1852 894">
    <p class='ocr_par' dir='ltr' id='par_1_9' title="bbox 267 817 1852 894">
     <span class='ocr_line' id='line_1_9' title="bbox 267 817 1852 894; baseline -0.003 -16"><span class='ocrx_word' id='word_1_54' title='bbox 267 822 426 894; x_wconf 79' lang='lat' dir='ltr'><strong>(Gen.</strong></span> <span class='ocrx_word' id='word_1_55' title='bbox 450 822 552 893; x_wconf 82' lang='lat' dir='ltr'><strong>vi).</strong></span> <span class='ocrx_word' id='word_1_56' title='bbox 585 818 738 888; x_wconf 81' lang='lat' dir='ltr'><strong>Quod</strong></span> <span class='ocrx_word' id='word_1_57' title='bbox 767 827 948 874; x_wconf 90' lang='lat' dir='ltr'><strong>autem</strong></span> <span class='ocrx_word' id='word_1_58' title='bbox 978 819 1124 876; x_wconf 85' lang='lat' dir='ltr'><strong>dicit.</strong></span> <span class='ocrx_word' id='word_1_59' title='bbox 1156 819 1211 871; x_wconf 88' lang='lat' dir='ltr'><strong>in</strong></span> <span class='ocrx_word' id='word_1_60' title='bbox 1239 834 1361 888; x_wconf 89' lang='lat' dir='ltr'><strong>quo,</strong></span> <span class='ocrx_word' id='word_1_61' title='bbox 1391 817 1659 888; x_wconf 87' lang='lat' dir='ltr'><strong>signiﬁcat</strong></span> <span class='ocrx_word' id='word_1_62' title='bbox 1684 818 1738 872; x_wconf 93' lang='lat' dir='ltr'><strong>in</strong></span> <span class='ocrx_word' id='word_1_63' title='bbox 1764 834 1852 884; x_wconf 91' lang='lat' dir='ltr'><strong>eo,</strong></span> 
     </span>
    </p>
   </div>
   <div class='ocr_carea' id='block_1_10' title="bbox 265 905 1850 980">
    <p class='ocr_par' dir='ltr' id='par_1_10' title="bbox 265 905 1850 980">
     <span class='ocr_line' id='line_1_10' title="bbox 265 905 1850 980; baseline -0.003 -15"><span class='ocrx_word' id='word_1_64' title='bbox 265 910 411 980; x_wconf 86' lang='lat' dir='ltr'><strong>quod</strong></span> <span class='ocrx_word' id='word_1_65' title='bbox 441 909 798 980; x_wconf 69' lang='lat' dir='ltr'><strong>praemiserat,</strong></span> <span class='ocrx_word' id='word_1_66' title='bbox 825 915 886 960; x_wconf 91' lang='lat' dir='ltr'><strong>ut</strong></span> <span class='ocrx_word' id='word_1_67' title='bbox 913 921 1011 960; x_wconf 91' lang='lat' dir='ltr'><strong>nos</strong></span> <span class='ocrx_word' id='word_1_68' title='bbox 1039 905 1260 960; x_wconf 81' lang='lat' dir='ltr'><strong>oﬁ&#39;erret</strong></span> <span class='ocrx_word' id='word_1_69' title='bbox 1286 905 1418 968; x_wconf 91' lang='lat' dir='ltr'><strong>Deo,</strong></span> <span class='ocrx_word' id='word_1_70' title='bbox 1450 905 1594 976; x_wconf 90' lang='lat' dir='ltr'><strong>quod</strong></span> <span class='ocrx_word' id='word_1_71' title='bbox 1619 914 1675 961; x_wconf 92' lang='lat' dir='ltr'><strong>et</strong></span> <span class='ocrx_word' id='word_1_72' title='bbox 1704 913 1850 972; x_wconf 91' lang='lat' dir='ltr'><strong>tunc,</strong></span> 
     </span>
    </p>
   </div>
   <div class='ocr_carea' id='block_1_11' title="bbox 266 996 1854 1071">
    <p class='ocr_par' dir='ltr' id='par_1_11' title="bbox 266 996 1854 1071">
     <span class='ocr_line' id='line_1_11' title="bbox 266 996 1854 1071; baseline -0.002 -16"><span class='ocrx_word' id='word_1_73' title='bbox 266 1002 312 1056; x_wconf 85' lang='lat' dir='ltr'><strong>si</strong></span> <span class='ocrx_word' id='word_1_74' title='bbox 343 1000 438 1071; x_wconf 86' lang='lat' dir='ltr'><strong>qui</strong></span> <span class='ocrx_word' id='word_1_75' title='bbox 484 999 550 1054; x_wconf 88' lang='lat' dir='ltr'><strong>ad</strong></span> <span class='ocrx_word' id='word_1_76' title='bbox 580 998 1022 1069; x_wconf 72' lang='lat' dir='ltr'><strong>praedicationem</strong></span> <span class='ocrx_word' id='word_1_77' title='bbox 1052 996 1304 1060; x_wconf 91' lang='lat' dir='ltr'><strong>Domini,</strong></span> <span class='ocrx_word' id='word_1_78' title='bbox 1351 1010 1514 1065; x_wconf 87' lang='lat' dir='ltr'><strong>quam</strong></span> <span class='ocrx_word' id='word_1_79' title='bbox 1555 1012 1654 1067; x_wconf 87' lang='lat' dir='ltr'><strong>per</strong></span> <span class='ocrx_word' id='word_1_80' title='bbox 1689 999 1854 1052; x_wconf 85' lang='lat' dir='ltr'><strong>vitam</strong></span> 
     </span>
    </p>
   </div>
   <div class='ocr_carea' id='block_1_12' title="bbox 268 1087 1854 1159">
    <p class='ocr_par' dir='ltr' id='par_1_12' title="bbox 268 1087 1854 1159">
     <span class='ocr_line' id='line_1_12' title="bbox 268 1087 1854 1159; baseline -0.001 -14"><span class='ocrx_word' id='word_1_81' title='bbox 268 1090 509 1146; x_wconf 86' lang='lat' dir='ltr'><strong>ﬁdelium</strong></span> <span class='ocrx_word' id='word_1_82' title='bbox 536 1087 923 1159; x_wconf 71' lang='lat' dir='ltr'><strong>praetendebat,</strong></span> <span class='ocrx_word' id='word_1_83' title='bbox 951 1087 1176 1142; x_wconf 82' lang='lat' dir='ltr'><strong>credere</strong></span> <span class='ocrx_word' id='word_1_84' title='bbox 1195 1087 1513 1152; x_wconf 90' lang='lat' dir='ltr'><strong>voluissent,</strong></span> <span class='ocrx_word' id='word_1_85' title='bbox 1542 1101 1636 1144; x_wconf 88' lang='lat' dir='ltr'><strong>eos</strong></span> <span class='ocrx_word' id='word_1_86' title='bbox 1658 1088 1854 1145; x_wconf 82' lang='lat' dir='ltr'><strong>oﬁ&#39;erre</strong></span> 
     </span>
    </p>
   </div>
   <div class='ocr_carea' id='block_1_13' title="bbox 268 1176 1855 1252">
    <p class='ocr_par' dir='ltr' id='par_1_13' title="bbox 268 1176 1855 1252">
     <span class='ocr_line' id='line_1_13' title="bbox 268 1176 1855 1252; baseline -0.001 -17"><span class='ocrx_word' id='word_1_87' title='bbox 268 1183 380 1236; x_wconf 88' lang='lat' dir='ltr'><strong>Deo</strong></span> <span class='ocrx_word' id='word_1_88' title='bbox 419 1180 568 1236; x_wconf 88' lang='lat' dir='ltr'><strong>Patri</strong></span> <span class='ocrx_word' id='word_1_89' title='bbox 609 1179 898 1252; x_wconf 87' lang='lat' dir='ltr'><strong>gaudebat.</strong></span> <span class='ocrx_word' id='word_1_90' title='bbox 946 1176 1004 1232; x_wconf 91' lang='lat' dir='ltr'><strong>Si</strong></span> <span class='ocrx_word' id='word_1_91' title='bbox 1041 1178 1135 1247; x_wconf 85' lang='lat' dir='ltr'><strong>qui</strong></span> <span class='ocrx_word' id='word_1_92' title='bbox 1177 1185 1359 1232; x_wconf 88' lang='lat' dir='ltr'><strong>autem</strong></span> <span class='ocrx_word' id='word_1_93' title='bbox 1388 1177 1752 1234; x_wconf 84' lang='lat' dir='ltr'><strong>detrahebant</strong></span> <span class='ocrx_word' id='word_1_94' title='bbox 1787 1179 1855 1235; x_wconf 91' lang='lat' dir='ltr'><strong>de</strong></span> 
     </span>
    </p>
   </div>
   <div class='ocr_carea' id='block_1_14' title="bbox 267 1268 1855 1340">
    <p class='ocr_par' dir='ltr' id='par_1_14' title="bbox 267 1268 1855 1340">
     <span class='ocr_line' id='line_1_14' title="bbox 267 1268 1855 1340; baseline -0.002 -13"><span class='ocrx_word' id='word_1_95' title='bbox 267 1274 449 1338; x_wconf 89' lang='lat' dir='ltr'><strong>bonis,</strong></span> <span class='ocrx_word' id='word_1_96' title='bbox 478 1280 735 1340; x_wconf 81' lang='lat' dir='ltr'><strong>tanquam</strong></span> <span class='ocrx_word' id='word_1_97' title='bbox 765 1269 830 1324; x_wconf 89' lang='lat' dir='ltr'><strong>de</strong></span> <span class='ocrx_word' id='word_1_98' title='bbox 859 1268 1321 1330; x_wconf 75' lang='lat' dir='ltr'><strong>malefactoribus,</strong></span> <span class='ocrx_word' id='word_1_99' title='bbox 1359 1268 1412 1322; x_wconf 91' lang='lat' dir='ltr'><strong>hi</strong></span> <span class='ocrx_word' id='word_1_100' title='bbox 1439 1269 1691 1324; x_wconf 83' lang='lat' dir='ltr'><strong>veniente</strong></span> <span class='ocrx_word' id='word_1_101' title='bbox 1717 1269 1855 1324; x_wconf 91' lang='lat' dir='ltr'><strong>dilu-</strong></span> 
     </span>
    </p>
   </div>
   <div class='ocr_carea' id='block_1_15' title="bbox 268 1358 1856 1428">
    <p class='ocr_par' dir='ltr' id='par_1_15' title="bbox 268 1358 1856 1428">
     <span class='ocr_line' id='line_1_15' title="bbox 268 1358 1856 1428; baseline -0.001 -12"><span class='ocrx_word' id='word_1_102' title='bbox 268 1365 357 1417; x_wconf 83' lang='lat' dir='ltr'><strong>vio</strong></span> <span class='ocrx_word' id='word_1_103' title='bbox 381 1359 868 1418; x_wconf 79' lang='lat' dir='ltr'><strong>confundebantur.</strong></span> <span class='ocrx_word' id='word_1_104' title='bbox 903 1358 1038 1413; x_wconf 85' lang='lat' dir='ltr'><strong>Nam</strong></span> <span class='ocrx_word' id='word_1_105' title='bbox 1067 1370 1121 1414; x_wconf 88' lang='lat' dir='ltr'><strong>et</strong></span> <span class='ocrx_word' id='word_1_106' title='bbox 1146 1359 1213 1414; x_wconf 90' lang='lat' dir='ltr'><strong>de</strong></span> <span class='ocrx_word' id='word_1_107' title='bbox 1237 1365 1468 1428; x_wconf 90' lang='lat' dir='ltr'><strong>utroque</strong></span> <span class='ocrx_word' id='word_1_108' title='bbox 1493 1366 1671 1428; x_wconf 81' lang='lat' dir='ltr'><strong>potest</strong></span> <span class='ocrx_word' id='word_1_109' title='bbox 1697 1359 1856 1414; x_wconf 77' lang='lat' dir='ltr'><strong>intel-</strong></span> 
     </span>
    </p>
   </div>
   <div class='ocr_carea' id='block_1_16' title="bbox 269 1450 1854 1526">
    <p class='ocr_par' dir='ltr' id='par_1_16' title="bbox 269 1450 1854 1526">
     <span class='ocr_line' id='line_1_16' title="bbox 269 1450 1854 1526; baseline -0.001 -18"><span class='ocrx_word' id='word_1_110' title='bbox 269 1455 361 1526; x_wconf 82' lang='lat' dir='ltr'><strong>ligi</strong></span> <span class='ocrx_word' id='word_1_111' title='bbox 385 1495 399 1518; x_wconf 96' lang='lat'><strong>,</strong></span> <span class='ocrx_word' id='word_1_112' title='bbox 433 1452 578 1524; x_wconf 90' lang='lat' dir='ltr'><strong>quod</strong></span> <span class='ocrx_word' id='word_1_113' title='bbox 607 1452 720 1508; x_wconf 87' lang='lat' dir='ltr'><strong>ait:</strong></span> <span class='ocrx_word' id='word_1_114' title='bbox 759 1450 826 1504; x_wconf 90' lang='lat' dir='ltr'><strong>In</strong></span> <span class='ocrx_word' id='word_1_115' title='bbox 852 1465 975 1522; x_wconf 87' lang='lat' dir='ltr'><strong>quo,</strong></span> <span class='ocrx_word' id='word_1_116' title='bbox 1013 1450 1066 1504; x_wconf 91' lang='lat' dir='ltr'><strong>id</strong></span> <span class='ocrx_word' id='word_1_117' title='bbox 1096 1458 1211 1514; x_wconf 87' lang='lat' dir='ltr'><strong>est,</strong></span> <span class='ocrx_word' id='word_1_118' title='bbox 1253 1450 1306 1504; x_wconf 91' lang='lat' dir='ltr'><strong>in</strong></span> <span class='ocrx_word' id='word_1_119' title='bbox 1335 1465 1446 1520; x_wconf 86' lang='lat' dir='ltr'><strong>quo</strong></span> <span class='ocrx_word' id='word_1_120' title='bbox 1474 1461 1528 1505; x_wconf 90' lang='lat' dir='ltr'><strong>et</strong></span> <span class='ocrx_word' id='word_1_121' title='bbox 1555 1451 1634 1507; x_wconf 88' lang='lat' dir='ltr'><strong>eis</strong></span> <span class='ocrx_word' id='word_1_122' title='bbox 1670 1452 1761 1521; x_wconf 87' lang='lat' dir='ltr'><strong>qui</strong></span> <span class='ocrx_word' id='word_1_123' title='bbox 1800 1453 1854 1506; x_wconf 92' lang='lat' dir='ltr'><strong>in</strong></span> 
     </span>
    </p>
   </div>
   <div class='ocr_carea' id='block_1_17' title="bbox 270 1540 1855 1611">
    <p class='ocr_par' dir='ltr' id='par_1_17' title="bbox 270 1540 1855 1611">
     <span class='ocr_line' id='line_1_17' title="bbox 270 1540 1855 1611; baseline -0.001 -12"><span class='ocrx_word' id='word_1_124' title='bbox 270 1557 433 1599; x_wconf 84' lang='lat' dir='ltr'><strong>carne</strong></span> <span class='ocrx_word' id='word_1_125' title='bbox 460 1540 704 1597; x_wconf 83' lang='lat' dir='ltr'><strong>conclusi</strong></span> <span class='ocrx_word' id='word_1_126' title='bbox 731 1549 907 1606; x_wconf 89' lang='lat' dir='ltr'><strong>erant,</strong></span> <span class='ocrx_word' id='word_1_127' title='bbox 939 1541 1154 1610; x_wconf 86' lang='lat' dir='ltr'><strong>spiritu,</strong></span> <span class='ocrx_word' id='word_1_128' title='bbox 1185 1541 1239 1596; x_wconf 92' lang='lat' dir='ltr'><strong>id</strong></span> <span class='ocrx_word' id='word_1_129' title='bbox 1269 1549 1384 1606; x_wconf 91' lang='lat' dir='ltr'><strong>est,</strong></span> <span class='ocrx_word' id='word_1_130' title='bbox 1418 1542 1736 1611; x_wconf 86' lang='lat' dir='ltr'><strong>spiritaliter</strong></span> <span class='ocrx_word' id='word_1_131' title='bbox 1763 1558 1855 1598; x_wconf 87' lang='lat' dir='ltr'><strong>ve-</strong></span> 
     </span>
    </p>
   </div>
   <div class='ocr_carea' id='block_1_18' title="bbox 271 1633 1853 1706">
    <p class='ocr_par' dir='ltr' id='par_1_18' title="bbox 271 1633 1853 1706">
     <span class='ocr_line' id='line_1_18' title="bbox 271 1633 1853 1706; baseline 0 -17"><span class='ocrx_word' id='word_1_132' title='bbox 271 1637 431 1691; x_wconf 88' lang='lat' dir='ltr'><strong>niens</strong></span> <span class='ocrx_word' id='word_1_133' title='bbox 443 1633 842 1706; x_wconf 75' lang='lat' dir='ltr'><strong>praedicavit,ut</strong></span> <span class='ocrx_word' id='word_1_134' title='bbox 855 1642 979 1702; x_wconf 87' lang='lat' dir='ltr'><strong>post</strong></span> <span class='ocrx_word' id='word_1_135' title='bbox 989 1633 1233 1687; x_wconf 79' lang='lat' dir='ltr'><strong>eamdem</strong></span> <span class='ocrx_word' id='word_1_136' title='bbox 1246 1633 1684 1702; x_wconf 60' lang='lat' dir='ltr'><strong>pradicationem</strong></span> <span class='ocrx_word' id='word_1_137' title='bbox 1700 1649 1853 1690; x_wconf 89' lang='lat' dir='ltr'><strong>suam</strong></span> 
     </span>
    </p>
   </div>
   <div class='ocr_carea' id='block_1_19' title="bbox 271 1721 1857 1793">
    <p class='ocr_par' dir='ltr' id='par_1_19' title="bbox 271 1721 1857 1793">
     <span class='ocr_line' id='line_1_19' title="bbox 271 1721 1857 1793; baseline -0.002 -12"><span class='ocrx_word' id='word_1_138' title='bbox 271 1735 327 1781; x_wconf 89' lang='lat' dir='ltr'><strong>et</strong></span> <span class='ocrx_word' id='word_1_139' title='bbox 347 1725 695 1782; x_wconf 88' lang='lat' dir='ltr'><strong>credentibus</strong></span> <span class='ocrx_word' id='word_1_140' title='bbox 714 1737 915 1779; x_wconf 87' lang='lat' dir='ltr'><strong>corona</strong></span> <span class='ocrx_word' id='word_1_141' title='bbox 938 1721 1129 1786; x_wconf 85' lang='lat' dir='ltr'><strong>laudis,</strong></span> <span class='ocrx_word' id='word_1_142' title='bbox 1155 1730 1211 1776; x_wconf 89' lang='lat' dir='ltr'><strong>et</strong></span> <span class='ocrx_word' id='word_1_143' title='bbox 1237 1722 1322 1777; x_wconf 89' lang='lat' dir='ltr'><strong>bis</strong></span> <span class='ocrx_word' id='word_1_144' title='bbox 1342 1723 1435 1793; x_wconf 90' lang='lat' dir='ltr'><strong>qui</strong></span> <span class='ocrx_word' id='word_1_145' title='bbox 1458 1723 1512 1776; x_wconf 92' lang='lat' dir='ltr'><strong>in</strong></span> <span class='ocrx_word' id='word_1_146' title='bbox 1534 1722 1857 1780; x_wconf 89' lang='lat' dir='ltr'><strong>inﬁdelitate</strong></span> 
     </span>
    </p>
   </div>
   <div class='ocr_carea' id='block_1_20' title="bbox 270 1811 1856 1886">
    <p class='ocr_par' dir='ltr' id='par_1_20' title="bbox 270 1811 1856 1886">
     <span class='ocr_line' id='line_1_20' title="bbox 270 1811 1856 1886; baseline -0.002 -15"><span class='ocrx_word' id='word_1_147' title='bbox 270 1817 662 1886; x_wconf 85' lang='lat' dir='ltr'><strong>persisterent,</strong></span> <span class='ocrx_word' id='word_1_148' title='bbox 705 1812 953 1869; x_wconf 78' lang='lat' dir='ltr'><strong>confusio</strong></span> <span class='ocrx_word' id='word_1_149' title='bbox 981 1821 1318 1878; x_wconf 81' lang='lat' dir='ltr'><strong>nasceretur.</strong></span> <span class='ocrx_word' id='word_1_150' title='bbox 1375 1811 1606 1878; x_wconf 83' lang='lat' dir='ltr'><strong>Quidam</strong></span> <span class='ocrx_word' id='word_1_151' title='bbox 1638 1814 1856 1869; x_wconf 75' lang='lat' dir='ltr'><strong>codices</strong></span> 
     </span>
    </p>
   </div>
   <div class='ocr_carea' id='block_1_21' title="bbox 272 1903 1855 1975">
    <p class='ocr_par' dir='ltr' id='par_1_21' title="bbox 272 1903 1855 1975">
     <span class='ocr_line' id='line_1_21' title="bbox 272 1903 1855 1975; baseline -0.003 -13"><span class='ocrx_word' id='word_1_152' title='bbox 272 1907 518 1969; x_wconf 83' lang='lat' dir='ltr'><strong>habent:</strong></span> <span class='ocrx_word' id='word_1_153' title='bbox 557 1905 615 1961; x_wconf 82' lang='lat' dir='ltr'><strong>In</strong></span> <span class='ocrx_word' id='word_1_154' title='bbox 653 1921 760 1975; x_wconf 90' lang='lat' dir='ltr'><strong>quo</strong></span> <span class='ocrx_word' id='word_1_155' title='bbox 797 1913 854 1959; x_wconf 93' lang='lat' dir='ltr'><strong>et</strong></span> <span class='ocrx_word' id='word_1_156' title='bbox 890 1905 976 1958; x_wconf 88' lang='lat' dir='ltr'><strong>his</strong></span> <span class='ocrx_word' id='word_1_157' title='bbox 1011 1903 1104 1972; x_wconf 89' lang='lat' dir='ltr'><strong>qui</strong></span> <span class='ocrx_word' id='word_1_158' title='bbox 1142 1903 1198 1958; x_wconf 85' lang='lat' dir='ltr'><strong>in</strong></span> <span class='ocrx_word' id='word_1_159' title='bbox 1234 1908 1398 1958; x_wconf 87' lang='lat' dir='ltr'><strong>e&#39;arne</strong></span> <span class='ocrx_word' id='word_1_160' title='bbox 1426 1910 1618 1969; x_wconf 90' lang='lat' dir='ltr'><strong>erant,</strong></span> <span class='ocrx_word' id='word_1_161' title='bbox 1659 1904 1855 1972; x_wconf 91' lang='lat' dir='ltr'><strong>spiritu</strong></span> 
     </span>
    </p>
   </div>
   <div class='ocr_carea' id='block_1_22' title="bbox 271 1995 1854 2068">
    <p class='ocr_par' dir='ltr' id='par_1_22' title="bbox 271 1995 1854 2068">
     <span class='ocr_line' id='line_1_22' title="bbox 271 1995 1854 2068; baseline -0.002 -16"><span class='ocrx_word' id='word_1_162' title='bbox 271 1999 496 2054; x_wconf 84' lang='lat' dir='ltr'><strong>veniens</strong></span> <span class='ocrx_word' id='word_1_163' title='bbox 523 1997 867 2068; x_wconf 64' lang='lat' dir='ltr'><strong>praedicavit,</strong></span> <span class='ocrx_word' id='word_1_164' title='bbox 904 1996 1049 2064; x_wconf 89' lang='lat' dir='ltr'><strong>quod</strong></span> <span class='ocrx_word' id='word_1_165' title='bbox 1079 1995 1148 2049; x_wconf 91' lang='lat' dir='ltr'><strong>ad</strong></span> <span class='ocrx_word' id='word_1_166' title='bbox 1175 1995 1421 2049; x_wconf 87' lang='lat' dir='ltr'><strong>eamdem</strong></span> <span class='ocrx_word' id='word_1_167' title='bbox 1452 2009 1740 2066; x_wconf 87' lang='lat' dir='ltr'><strong>pravorum</strong></span> <span class='ocrx_word' id='word_1_168' title='bbox 1769 2004 1854 2049; x_wconf 86' lang='lat' dir='ltr'><strong>at-</strong></span> 
     </span>
    </p>
   </div>
   <div class='ocr_carea' id='block_1_23' title="bbox 275 2086 1856 2159">
    <p class='ocr_par' dir='ltr' id='par_1_23' title="bbox 275 2086 1856 2159">
     <span class='ocr_line' id='line_1_23' title="bbox 275 2086 1856 2159; baseline -0.002 -14"><span class='ocrx_word' id='word_1_169' title='bbox 275 2104 384 2159; x_wconf 86' lang='lat' dir='ltr'><strong>que</strong></span> <span class='ocrx_word' id='word_1_170' title='bbox 419 2087 819 2144; x_wconf 87' lang='lat' dir='ltr'><strong>incredulorum</strong></span> <span class='ocrx_word' id='word_1_171' title='bbox 855 2087 1208 2142; x_wconf 87' lang='lat' dir='ltr'><strong>intentionem</strong></span> <span class='ocrx_word' id='word_1_172' title='bbox 1248 2086 1503 2156; x_wconf 87' lang='lat' dir='ltr'><strong>respicit,</strong></span> <span class='ocrx_word' id='word_1_173' title='bbox 1547 2087 1639 2156; x_wconf 89' lang='lat' dir='ltr'><strong>qui</strong></span> <span class='ocrx_word' id='word_1_174' title='bbox 1677 2087 1856 2142; x_wconf 81' lang='lat' dir='ltr'><strong>cordis</strong></span> 
     </span>
    </p>
   </div>
   <div class='ocr_carea' id='block_1_24' title="bbox 275 2177 1855 2243">
    <p class='ocr_par' dir='ltr' id='par_1_24' title="bbox 275 2177 1855 2243">
     <span class='ocr_line' id='line_1_24' title="bbox 275 2177 1855 2243; baseline -0.003 -7"><span class='ocrx_word' id='word_1_175' title='bbox 275 2179 516 2237; x_wconf 84' lang='lat' dir='ltr'><strong>tenebris</strong></span> <span class='ocrx_word' id='word_1_176' title='bbox 539 2179 885 2234; x_wconf 87' lang='lat' dir='ltr'><strong>obscuratum</strong></span> <span class='ocrx_word' id='word_1_177' title='bbox 914 2178 1077 2232; x_wconf 85' lang='lat' dir='ltr'><strong>habet</strong></span> <span class='ocrx_word' id='word_1_178' title='bbox 1108 2191 1350 2243; x_wconf 86' lang='lat' dir='ltr'><strong>sensum,</strong></span> <span class='ocrx_word' id='word_1_179' title='bbox 1380 2177 1576 2232; x_wconf 89' lang='lat' dir='ltr'><strong>merito</strong></span> <span class='ocrx_word' id='word_1_180' title='bbox 1604 2178 1770 2232; x_wconf 91' lang='lat' dir='ltr'><strong>etiam</strong></span> <span class='ocrx_word' id='word_1_181' title='bbox 1801 2178 1855 2232; x_wconf 92' lang='lat' dir='ltr'><strong>in</strong></span> 
     </span>
    </p>
   </div>
   <div class='ocr_carea' id='block_1_25' title="bbox 275 2267 1856 2336">
    <p class='ocr_par' dir='ltr' id='par_1_25' title="bbox 275 2267 1856 2336">
     <span class='ocr_line' id='line_1_25' title="bbox 275 2267 1856 2336; baseline -0.003 -10"><span class='ocrx_word' id='word_1_182' title='bbox 275 2272 377 2326; x_wconf 87' lang='lat' dir='ltr'><strong>hac</strong></span> <span class='ocrx_word' id='word_1_183' title='bbox 414 2271 521 2324; x_wconf 90' lang='lat' dir='ltr'><strong>vita</strong></span> <span class='ocrx_word' id='word_1_184' title='bbox 565 2270 618 2324; x_wconf 91' lang='lat' dir='ltr'><strong>in</strong></span> <span class='ocrx_word' id='word_1_185' title='bbox 655 2282 874 2324; x_wconf 89' lang='lat' dir='ltr'><strong>carcere</strong></span> <span class='ocrx_word' id='word_1_186' title='bbox 907 2267 1144 2322; x_wconf 87' lang='lat' dir='ltr'><strong>conclusi</strong></span> <span class='ocrx_word' id='word_1_187' title='bbox 1182 2281 1304 2321; x_wconf 87' lang='lat' dir='ltr'><strong>esse</strong></span> <span class='ocrx_word' id='word_1_188' title='bbox 1341 2267 1611 2334; x_wconf 91' lang='lat' dir='ltr'><strong>dicuntur,</strong></span> <span class='ocrx_word' id='word_1_189' title='bbox 1655 2267 1710 2321; x_wconf 94' lang='lat' dir='ltr'><strong>in</strong></span> <span class='ocrx_word' id='word_1_190' title='bbox 1735 2281 1856 2336; x_wconf 82' lang='lat' dir='ltr'><strong>.qno</strong></span> 
     </span>
    </p>
   </div>
   <div class='ocr_carea' id='block_1_26' title="bbox 275 2359 1852 2426">
    <p class='ocr_par' dir='ltr' id='par_1_26' title="bbox 275 2359 1852 2426">
     <span class='ocr_line' id='line_1_26' title="bbox 275 2359 1852 2426; baseline -0.005 -7"><span class='ocrx_word' id='word_1_191' title='bbox 275 2364 527 2419; x_wconf 77' lang='lat' dir='ltr'><strong>videlicet</strong></span> <span class='ocrx_word' id='word_1_192' title='bbox 555 2376 810 2426; x_wconf 83' lang='lat' dir='ltr'><strong>carcere,</strong></span> <span class='ocrx_word' id='word_1_193' title='bbox 859 2361 914 2416; x_wconf 93' lang='lat' dir='ltr'><strong>in</strong></span> <span class='ocrx_word' id='word_1_194' title='bbox 961 2359 1313 2415; x_wconf 84' lang='lat' dir='ltr'><strong>interioribus</strong></span> <span class='ocrx_word' id='word_1_195' title='bbox 1353 2359 1531 2413; x_wconf 86' lang='lat' dir='ltr'><strong>adhuc</strong></span> <span class='ocrx_word' id='word_1_196' title='bbox 1582 2359 1852 2424; x_wconf 86' lang='lat' dir='ltr'><strong>tenebris,</strong></span> 
     </span>
    </p>
   </div>
   <div class='ocr_carea' id='block_1_27' title="bbox 275 2449 1856 2520">
    <p class='ocr_par' dir='ltr' id='par_1_27' title="bbox 275 2449 1856 2520">
     <span class='ocr_line' id='line_1_27' title="bbox 275 2449 1856 2520; baseline -0.003 -13"><span class='ocrx_word' id='word_1_197' title='bbox 275 2453 379 2507; x_wconf 87' lang='lat' dir='ltr'><strong>hoc</strong></span> <span class='ocrx_word' id='word_1_198' title='bbox 415 2461 535 2517; x_wconf 89' lang='lat' dir='ltr'><strong>est,</strong></span> <span class='ocrx_word' id='word_1_199' title='bbox 570 2452 814 2507; x_wconf 64' lang='lat' dir='ltr'><strong>caecitate</strong></span> <span class='ocrx_word' id='word_1_200' title='bbox 844 2451 1074 2515; x_wconf 89' lang='lat' dir='ltr'><strong>mentis,</strong></span> <span class='ocrx_word' id='word_1_201' title='bbox 1108 2458 1163 2504; x_wconf 87' lang='lat' dir='ltr'><strong>et</strong></span> <span class='ocrx_word' id='word_1_202' title='bbox 1195 2450 1452 2520; x_wconf 85' lang='lat' dir='ltr'><strong>operibus</strong></span> <span class='ocrx_word' id='word_1_203' title='bbox 1487 2449 1700 2519; x_wconf 87' lang='lat' dir='ltr'><strong>injustis</strong></span> <span class='ocrx_word' id='word_1_204' title='bbox 1732 2463 1856 2517; x_wconf 81' lang='lat' dir='ltr'><strong>gra-</strong></span> 
     </span>
    </p>
   </div>
   <div class='ocr_carea' id='block_1_28' title="bbox 276 2540 1857 2608">
    <p class='ocr_par' dir='ltr' id='par_1_28' title="bbox 276 2540 1857 2608">
     <span class='ocr_line' id='line_1_28' title="bbox 276 2540 1857 2608; baseline 0 -12"><span class='ocrx_word' id='word_1_205' title='bbox 276 2553 494 2608; x_wconf 89' lang='lat' dir='ltr'><strong>vantur,</strong></span> <span class='ocrx_word' id='word_1_206' title='bbox 538 2543 716 2600; x_wconf 85' lang='lat' dir='ltr'><strong>donec</strong></span> <span class='ocrx_word' id='word_1_207' title='bbox 752 2555 919 2597; x_wconf 86' lang='lat' dir='ltr'><strong>carne</strong></span> <span class='ocrx_word' id='word_1_208' title='bbox 958 2540 1142 2608; x_wconf 91' lang='lat' dir='ltr'><strong>soluti,</strong></span> <span class='ocrx_word' id='word_1_209' title='bbox 1188 2542 1242 2596; x_wconf 90' lang='lat' dir='ltr'><strong>in</strong></span> <span class='ocrx_word' id='word_1_210' title='bbox 1284 2540 1533 2596; x_wconf 90' lang='lat' dir='ltr'><strong>tenebras</strong></span> <span class='ocrx_word' id='word_1_211' title='bbox 1557 2541 1857 2596; x_wconf 78' lang='lat' dir='ltr'><strong>exteriores</strong></span> 
     </span>
    </p>
   </div>
   <div class='ocr_carea' id='block_1_29' title="bbox 235 2632 1857 2709">
    <p class='ocr_par' dir='ltr' id='par_1_29' title="bbox 235 2632 1857 2709">
     <span class='ocr_line' id='line_1_29' title="bbox 235 2632 1857 2709; baseline -0.004 -17"><span class='ocrx_word' id='word_1_212' title='bbox 235 2707 238 2709; x_wconf 11' lang='grc' dir='ltr'><strong>Α</strong></span> <span class='ocrx_word' id='word_1_213' title='bbox 275 2638 442 2693; x_wconf 87' lang='lat' dir='ltr'><strong>etiam</strong></span> <span class='ocrx_word' id='word_1_214' title='bbox 483 2637 540 2692; x_wconf 91' lang='lat' dir='ltr'><strong>in</strong></span> <span class='ocrx_word' id='word_1_215' title='bbox 582 2649 860 2691; x_wconf 85' lang='lat' dir='ltr'><strong>carcerem</strong></span> <span class='ocrx_word' id='word_1_216' title='bbox 898 2632 1256 2705; x_wconf 77' lang='lat' dir='ltr'><strong>proiiciantur</strong></span> <span class='ocrx_word' id='word_1_217' title='bbox 1293 2641 1510 2688; x_wconf 68' lang='lat' dir='ltr'><strong>aeterna:</strong></span> <span class='ocrx_word' id='word_1_218' title='bbox 1547 2633 1857 2687; x_wconf 89' lang='lat' dir='ltr'><strong>damnatio-</strong></span> 
     </span>
    </p>
   </div>
   <div class='ocr_carea' id='block_1_30' title="bbox 276 2721 1856 2797">
    <p class='ocr_par' dir='ltr' id='par_1_30' title="bbox 276 2721 1856 2797">
     <span class='ocr_line' id='line_1_30' title="bbox 276 2721 1856 2797; baseline -0.003 -17"><span class='ocrx_word' id='word_1_219' title='bbox 276 2727 380 2791; x_wconf 86' lang='lat' dir='ltr'><strong>nis,</strong></span> <span class='ocrx_word' id='word_1_220' title='bbox 422 2726 490 2782; x_wconf 92' lang='lat' dir='ltr'><strong>de</strong></span> <span class='ocrx_word' id='word_1_221' title='bbox 529 2741 638 2797; x_wconf 91' lang='lat' dir='ltr'><strong>quo</strong></span> <span class='ocrx_word' id='word_1_222' title='bbox 677 2725 937 2782; x_wconf 85' lang='lat' dir='ltr'><strong>Dominus</strong></span> <span class='ocrx_word' id='word_1_223' title='bbox 981 2725 1036 2778; x_wconf 93' lang='lat' dir='ltr'><strong>in</strong></span> <span class='ocrx_word' id='word_1_224' title='bbox 1078 2723 1410 2795; x_wconf 85' lang='lat' dir='ltr'><strong>Evangelio:</strong></span> <span class='ocrx_word' id='word_1_225' title='bbox 1454 2723 1522 2778; x_wconf 87' lang='lat' dir='ltr'><strong>Et</strong></span> <span class='ocrx_word' id='word_1_226' title='bbox 1553 2721 1740 2790; x_wconf 74' lang='lat' dir='ltr'><strong>iudex,</strong></span> <span class='ocrx_word' id='word_1_227' title='bbox 1769 2722 1856 2776; x_wconf 74' lang='lat' dir='ltr'><strong>iti-</strong></span> 
     </span>
    </p>
   </div>
   <div class='ocr_carea' id='block_1_31' title="bbox 276 2818 1859 2892">
    <p class='ocr_par' dir='ltr' id='par_1_31' title="bbox 276 2818 1859 2892">
     <span class='ocr_line' id='line_1_31' title="bbox 276 2818 1859 2892; baseline -0.003 -17"><span class='ocrx_word' id='word_1_228' title='bbox 276 2822 427 2892; x_wconf 86' lang='lat' dir='ltr'><strong>quit,</strong></span> <span class='ocrx_word' id='word_1_229' title='bbox 477 2822 655 2876; x_wconf 82' lang='lat' dir='ltr'><strong>tradet</strong></span> <span class='ocrx_word' id='word_1_230' title='bbox 694 2828 746 2876; x_wconf 87' lang='lat' dir='ltr'><strong>te</strong></span> <span class='ocrx_word' id='word_1_231' title='bbox 792 2819 1071 2882; x_wconf 88' lang='lat' dir='ltr'><strong>ministro,</strong></span> <span class='ocrx_word' id='word_1_232' title='bbox 1116 2827 1172 2873; x_wconf 89' lang='lat' dir='ltr'><strong>et</strong></span> <span class='ocrx_word' id='word_1_233' title='bbox 1209 2819 1264 2872; x_wconf 94' lang='lat' dir='ltr'><strong>in</strong></span> <span class='ocrx_word' id='word_1_234' title='bbox 1307 2832 1584 2874; x_wconf 86' lang='lat' dir='ltr'><strong>carcerem</strong></span> <span class='ocrx_word' id='word_1_235' title='bbox 1625 2818 1859 2871; x_wconf 82' lang='lat' dir='ltr'><strong>mitteris</strong></span> 
     </span>
    </p>
   </div>
   <div class='ocr_carea' id='block_1_32' title="bbox 279 2905 1859 2981">
    <p class='ocr_par' dir='ltr' id='par_1_32' title="bbox 279 2905 1859 2981">
     <span class='ocr_line' id='line_1_32' title="bbox 279 2905 1859 2981; baseline -0.004 -15"><span class='ocrx_word' id='word_1_236' title='bbox 279 2911 498 2981; x_wconf 66' lang='lat' dir='ltr'><strong>(Matth.</strong></span> <span class='ocrx_word' id='word_1_237' title='bbox 528 2911 604 2980; x_wconf 90' lang='lat' dir='ltr'><strong>v).</strong></span> <span class='ocrx_word' id='word_1_238' title='bbox 653 2908 912 2976; x_wconf 77' lang='lat' dir='ltr'><strong>Quamvis</strong></span> <span class='ocrx_word' id='word_1_239' title='bbox 955 2909 1118 2963; x_wconf 89' lang='lat' dir='ltr'><strong>etiam</strong></span> <span class='ocrx_word' id='word_1_240' title='bbox 1163 2908 1339 2962; x_wconf 86' lang='lat' dir='ltr'><strong>sancti</strong></span> <span class='ocrx_word' id='word_1_241' title='bbox 1381 2907 1434 2960; x_wconf 91' lang='lat' dir='ltr'><strong>in</strong></span> <span class='ocrx_word' id='word_1_242' title='bbox 1480 2905 1582 2960; x_wconf 90' lang='lat' dir='ltr'><strong>hac</strong></span> <span class='ocrx_word' id='word_1_243' title='bbox 1621 2906 1754 2969; x_wconf 84' lang='lat' dir='ltr'><strong>vita,</strong></span> <span class='ocrx_word' id='word_1_244' title='bbox 1799 2920 1859 2960; x_wconf 87' lang='lat' dir='ltr'><strong>se</strong></span> 
     </span>
    </p>
   </div>
   <div class='ocr_carea' id='block_1_33' title="bbox 278 2995 1860 3070">
    <p class='ocr_par' dir='ltr' id='par_1_33' title="bbox 278 2995 1860 3070">
     <span class='ocr_line' id='line_1_33' title="bbox 278 2995 1860 3070; baseline -0.003 -16"><span class='ocrx_word' id='word_1_245' title='bbox 278 2999 334 3054; x_wconf 86' lang='lat' dir='ltr'><strong>in</strong></span> <span class='ocrx_word' id='word_1_246' title='bbox 377 3014 596 3054; x_wconf 86' lang='lat' dir='ltr'><strong>carcere</strong></span> <span class='ocrx_word' id='word_1_247' title='bbox 635 2998 872 3070; x_wconf 90' lang='lat' dir='ltr'><strong>positos,</strong></span> <span class='ocrx_word' id='word_1_248' title='bbox 916 3013 1041 3053; x_wconf 92' lang='lat' dir='ltr'><strong>cum</strong></span> <span class='ocrx_word' id='word_1_249' title='bbox 1083 2997 1337 3067; x_wconf 80' lang='lat' dir='ltr'><strong>gaudium</strong></span> <span class='ocrx_word' id='word_1_250' title='bbox 1378 3009 1628 3067; x_wconf 78' lang='lat' dir='ltr'><strong>supernae</strong></span> <span class='ocrx_word' id='word_1_251' title='bbox 1671 2995 1860 3065; x_wconf 69' lang='lat' dir='ltr'><strong>patriai</strong></span> 
     </span>
    </p>
   </div>
   <div class='ocr_carea' id='block_1_34' title="bbox 278 3057 1930 3160">
    <p class='ocr_par' dir='ltr' id='par_1_34' title="bbox 278 3057 1930 3160">
     <span class='ocr_line' id='line_1_34' title="bbox 278 3057 1930 3160; baseline -0.003 -14"><span class='ocrx_word' id='word_1_252' title='bbox 278 3090 488 3154; x_wconf 86' lang='lat' dir='ltr'><strong>sitiunt,</strong></span> <span class='ocrx_word' id='word_1_253' title='bbox 532 3057 725 3144; x_wconf 59' lang='lat' dir='ltr'><strong>merito</strong></span> <span class='ocrx_word' id='word_1_254' title='bbox 764 3057 1122 3160; x_wconf 32' lang='lat' dir='ltr'><strong>pro-clamaui,</strong></span> <span class='ocrx_word' id='word_1_255' title='bbox 1145 3087 1302 3157; x_wconf 82' lang='lat' dir='ltr'><strong>juxta</strong></span> <span class='ocrx_word' id='word_1_256' title='bbox 1343 3057 1473 3141; x_wconf 80' lang='lat' dir='ltr'><strong>illud</strong></span> <span class='ocrx_word' id='word_1_257' title='bbox 1514 3057 1854 3141; x_wconf 73' lang='lat' dir='ltr'><strong>Psalmistte:</strong></span> <span class='ocrx_word' id='word_1_258' title='bbox 1885 3057 1930 3122; x_wconf 81' lang='lat' dir='ltr'>C</span> 
     </span>
    </p>
   </div>
   <div class='ocr_carea' id='block_1_35' title="bbox 279 3176 1858 3247">
    <p class='ocr_par' dir='ltr' id='par_1_35' title="bbox 279 3176 1858 3247">
     <span class='ocr_line' id='line_1_35' title="bbox 279 3176 1858 3247; baseline -0.004 -11"><span class='ocrx_word' id='word_1_259' title='bbox 279 3181 434 3236; x_wconf 83' lang='lat' dir='ltr'><strong>Educ</strong></span> <span class='ocrx_word' id='word_1_260' title='bbox 458 3182 522 3235; x_wconf 84' lang='lat' dir='ltr'><strong>de</strong></span> <span class='ocrx_word' id='word_1_261' title='bbox 547 3196 756 3236; x_wconf 84' lang='lat' dir='ltr'><strong>carcere</strong></span> <span class='ocrx_word' id='word_1_262' title='bbox 779 3181 1036 3245; x_wconf 87' lang='lat' dir='ltr'><strong>animam,</strong></span> <span class='ocrx_word' id='word_1_263' title='bbox 1063 3178 1132 3232; x_wconf 85' lang='lat' dir='ltr'><strong>ad</strong></span> <span class='ocrx_word' id='word_1_264' title='bbox 1158 3176 1513 3247; x_wconf 75' lang='lat' dir='ltr'><strong>conﬁtendum</strong></span> <span class='ocrx_word' id='word_1_265' title='bbox 1539 3177 1741 3230; x_wconf 80' lang='lat' dir='ltr'><strong>nomini</strong></span> <span class='ocrx_word' id='word_1_266' title='bbox 1767 3185 1858 3230; x_wconf 80' lang='lat' dir='ltr'><strong>tuo</strong></span> 
     </span>
    </p>
   </div>
   <div class='ocr_carea' id='block_1_36' title="bbox 281 3265 1858 3344">
    <p class='ocr_par' dir='ltr' id='par_1_36' title="bbox 281 3265 1858 3344">
     <span class='ocr_line' id='line_1_36' title="bbox 281 3265 1858 3344; baseline -0.005 -18"><span class='ocrx_word' id='word_1_267' title='bbox 281 3270 457 3342; x_wconf 75' lang='lat' dir='ltr'><strong>(Psal.</strong></span> <span class='ocrx_word' id='word_1_268' title='bbox 485 3271 651 3344; x_wconf 79' lang='lat' dir='ltr'><strong>cm).</strong></span> <span class='ocrx_word' id='word_1_269' title='bbox 703 3271 880 3326; x_wconf 85' lang='lat' dir='ltr'><strong>Distat</strong></span> <span class='ocrx_word' id='word_1_270' title='bbox 919 3283 1152 3339; x_wconf 87' lang='lat' dir='ltr'><strong>namque</strong></span> <span class='ocrx_word' id='word_1_271' title='bbox 1193 3267 1424 3322; x_wconf 90' lang='lat' dir='ltr'><strong>multum</strong></span> <span class='ocrx_word' id='word_1_272' title='bbox 1464 3265 1609 3320; x_wconf 87' lang='lat' dir='ltr'><strong>inter</strong></span> <span class='ocrx_word' id='word_1_273' title='bbox 1642 3273 1858 3320; x_wconf 90' lang='lat' dir='ltr'><strong>utrum-</strong></span> 
     </span>
    </p>
   </div>
   <div class='ocr_carea' id='block_1_37' title="bbox 280 3361 1864 3433">
    <p class='ocr_par' dir='ltr' id='par_1_37' title="bbox 280 3361 1864 3433">
     <span class='ocr_line' id='line_1_37' title="bbox 280 3361 1864 3433; baseline -0.001 -16"><span class='ocrx_word' id='word_1_274' title='bbox 280 3379 388 3433; x_wconf 87' lang='lat' dir='ltr'><strong>que</strong></span> <span class='ocrx_word' id='word_1_275' title='bbox 428 3378 721 3418; x_wconf 88' lang='lat' dir='ltr'><strong>eareerem.</strong></span> <span class='ocrx_word' id='word_1_276' title='bbox 787 3361 1070 3433; x_wconf 84' lang='lat' dir='ltr'><strong>Siquidem</strong></span> <span class='ocrx_word' id='word_1_277' title='bbox 1112 3363 1326 3433; x_wconf 85' lang='lat' dir='ltr'><strong>reprobi</strong></span> <span class='ocrx_word' id='word_1_278' title='bbox 1371 3363 1427 3417; x_wconf 94' lang='lat' dir='ltr'><strong>in</strong></span> <span class='ocrx_word' id='word_1_279' title='bbox 1471 3376 1691 3418; x_wconf 84' lang='lat' dir='ltr'><strong>carcere</strong></span> <span class='ocrx_word' id='word_1_280' title='bbox 1736 3368 1864 3416; x_wconf 90' lang='lat' dir='ltr'><strong>sunt</strong></span> 
     </span>
    </p>
   </div>
   <div class='ocr_carea' id='block_1_38' title="bbox 281 3455 1864 3530">
    <p class='ocr_par' dir='ltr' id='par_1_38' title="bbox 281 3455 1864 3530">
     <span class='ocr_line' id='line_1_38' title="bbox 281 3455 1864 3530; baseline -0.004 -15"><span class='ocrx_word' id='word_1_281' title='bbox 281 3467 627 3530; x_wconf 81' lang='lat' dir='ltr'><strong>peccatorum</strong></span> <span class='ocrx_word' id='word_1_282' title='bbox 667 3465 723 3513; x_wconf 91' lang='lat' dir='ltr'><strong>et</strong></span> <span class='ocrx_word' id='word_1_283' title='bbox 765 3455 1102 3527; x_wconf 68' lang='lat' dir='ltr'><strong>ignorantiae.</strong></span> <span class='ocrx_word' id='word_1_284' title='bbox 1167 3456 1306 3512; x_wconf 83' lang='lat' dir='ltr'><strong>Justi</strong></span> <span class='ocrx_word' id='word_1_285' title='bbox 1351 3471 1479 3511; x_wconf 91' lang='lat' dir='ltr'><strong>vero</strong></span> <span class='ocrx_word' id='word_1_286' title='bbox 1532 3456 1586 3510; x_wconf 91' lang='lat' dir='ltr'><strong>in</strong></span> <span class='ocrx_word' id='word_1_287' title='bbox 1640 3469 1864 3510; x_wconf 89' lang='lat' dir='ltr'><strong>carcere</strong></span> 
     </span>
    </p>
   </div>
   <div class='ocr_carea' id='block_1_39' title="bbox 282 3547 1860 3620">
    <p class='ocr_par' dir='ltr' id='par_1_39' title="bbox 282 3547 1860 3620">
     <span class='ocr_line' id='line_1_39' title="bbox 282 3547 1860 3620; baseline -0.002 -16"><span class='ocrx_word' id='word_1_288' title='bbox 282 3551 411 3608; x_wconf 89' lang='lat' dir='ltr'><strong>licet</strong></span> <span class='ocrx_word' id='word_1_289' title='bbox 453 3547 861 3606; x_wconf 82' lang='lat' dir='ltr'><strong>tribulationum</strong></span> <span class='ocrx_word' id='word_1_290' title='bbox 904 3547 1106 3620; x_wconf 78' lang='lat' dir='ltr'><strong>positi,</strong></span> <span class='ocrx_word' id='word_1_291' title='bbox 1168 3547 1288 3604; x_wconf 91' lang='lat' dir='ltr'><strong>luce</strong></span> <span class='ocrx_word' id='word_1_292' title='bbox 1344 3563 1560 3618; x_wconf 89' lang='lat' dir='ltr'><strong>semper</strong></span> <span class='ocrx_word' id='word_1_293' title='bbox 1598 3547 1860 3618; x_wconf 76' lang='lat' dir='ltr'><strong>iustitiae,</strong></span> 
     </span>
    </p>
   </div>
   <div class='ocr_carea' id='block_1_40' title="bbox 282 3636 1865 3708">
    <p class='ocr_par' dir='ltr' id='par_1_40' title="bbox 282 3636 1865 3708">
     <span class='ocr_line' id='line_1_40' title="bbox 282 3636 1865 3708; baseline -0.003 -12"><span class='ocrx_word' id='word_1_294' title='bbox 282 3642 506 3697; x_wconf 82' lang='lat' dir='ltr'><strong>dilatato</strong></span> <span class='ocrx_word' id='word_1_295' title='bbox 546 3642 599 3696; x_wconf 88' lang='lat' dir='ltr'><strong>in</strong></span> <span class='ocrx_word' id='word_1_296' title='bbox 641 3640 809 3696; x_wconf 83' lang='lat' dir='ltr'><strong>Deum</strong></span> <span class='ocrx_word' id='word_1_297' title='bbox 849 3651 1017 3695; x_wconf 73' lang='lat' dir='ltr'><strong>cerne</strong></span> <span class='ocrx_word' id='word_1_298' title='bbox 1061 3638 1347 3703; x_wconf 72' lang='lat' dir='ltr'><strong>fruuntur,</strong></span> <span class='ocrx_word' id='word_1_299' title='bbox 1406 3637 1549 3708; x_wconf 91' lang='lat' dir='ltr'><strong>quod</strong></span> <span class='ocrx_word' id='word_1_300' title='bbox 1592 3636 1865 3708; x_wconf 85' lang='lat' dir='ltr'><strong>signiﬁca-</strong></span> 
     </span>
    </p>
   </div>
   <div class='ocr_carea' id='block_1_41' title="bbox 283 3726 1866 3803">
    <p class='ocr_par' dir='ltr' id='par_1_41' title="bbox 283 3726 1866 3803">
     <span class='ocr_line' id='line_1_41' title="bbox 283 3726 1866 3803; baseline -0.004 -15"><span class='ocrx_word' id='word_1_301' title='bbox 283 3741 482 3789; x_wconf 83' lang='lat' dir='ltr'><strong>verunt</strong></span> <span class='ocrx_word' id='word_1_302' title='bbox 524 3731 750 3803; x_wconf 78' lang='lat' dir='ltr'><strong>apostoli</strong></span> <span class='ocrx_word' id='word_1_303' title='bbox 792 3731 998 3787; x_wconf 56' lang='lat' dir='ltr'><strong>lamus</strong></span> <span class='ocrx_word' id='word_1_304' title='bbox 1032 3740 1087 3785; x_wconf 86' lang='lat' dir='ltr'><strong>et</strong></span> <span class='ocrx_word' id='word_1_305' title='bbox 1125 3728 1290 3795; x_wconf 87' lang='lat' dir='ltr'><strong>Silas,</strong></span> <span class='ocrx_word' id='word_1_306' title='bbox 1322 3744 1447 3784; x_wconf 92' lang='lat' dir='ltr'><strong>cum</strong></span> <span class='ocrx_word' id='word_1_307' title='bbox 1485 3726 1664 3782; x_wconf 89' lang='lat' dir='ltr'><strong>media</strong></span> <span class='ocrx_word' id='word_1_308' title='bbox 1704 3736 1866 3782; x_wconf 92' lang='lat' dir='ltr'><strong>nocte</strong></span> 
     </span>
    </p>
   </div>
   <div class='ocr_carea' id='block_1_42' title="bbox 283 3817 1863 3888">
    <p class='ocr_par' dir='ltr' id='par_1_42' title="bbox 283 3817 1863 3888">
     <span class='ocr_line' id='line_1_42' title="bbox 283 3817 1863 3888; baseline -0.006 -8"><span class='ocrx_word' id='word_1_309' title='bbox 283 3826 338 3880; x_wconf 92' lang='lat' dir='ltr'><strong>in</strong></span> <span class='ocrx_word' id='word_1_310' title='bbox 382 3825 537 3880; x_wconf 92' lang='lat' dir='ltr'><strong>initio</strong></span> <span class='ocrx_word' id='word_1_311' title='bbox 573 3824 813 3879; x_wconf 83' lang='lat' dir='ltr'><strong>carceris</strong></span> <span class='ocrx_word' id='word_1_312' title='bbox 857 3837 1102 3885; x_wconf 68' lang='lat' dir='ltr'><strong>not-rore,</strong></span> <span class='ocrx_word' id='word_1_313' title='bbox 1126 3821 1294 3875; x_wconf 88' lang='lat' dir='ltr'><strong>vincti</strong></span> <span class='ocrx_word' id='word_1_314' title='bbox 1335 3820 1460 3875; x_wconf 89' lang='lat' dir='ltr'><strong>licet</strong></span> <span class='ocrx_word' id='word_1_315' title='bbox 1496 3826 1552 3874; x_wconf 91' lang='lat' dir='ltr'><strong>et</strong></span> <span class='ocrx_word' id='word_1_316' title='bbox 1586 3817 1863 3888; x_wconf 88' lang='lat' dir='ltr'><strong>ﬁagellati,</strong></span> 
     </span>
    </p>
   </div>
   <div class='ocr_carea' id='block_1_43' title="bbox 284 3908 1867 3988">
    <p class='ocr_par' dir='ltr' id='par_1_43' title="bbox 284 3908 1867 3988">
     <span class='ocr_line' id='line_1_43' title="bbox 284 3908 1867 3988; baseline -0.004 -18"><span class='ocrx_word' id='word_1_317' title='bbox 284 3916 545 3988; x_wconf 77' lang='lat' dir='ltr'><strong>hymnum</strong></span> <span class='ocrx_word' id='word_1_318' title='bbox 572 3915 682 3968; x_wconf 91' lang='lat' dir='ltr'><strong>Deo</strong></span> <span class='ocrx_word' id='word_1_319' title='bbox 708 3914 880 3968; x_wconf 87' lang='lat' dir='ltr'><strong>laudis</strong></span> <span class='ocrx_word' id='word_1_320' title='bbox 926 3911 1200 3967; x_wconf 67' lang='lat' dir='ltr'><strong>laetissima</strong></span> <span class='ocrx_word' id='word_1_321' title='bbox 1233 3926 1365 3966; x_wconf 88' lang='lat' dir='ltr'><strong>voce</strong></span> <span class='ocrx_word' id='word_1_322' title='bbox 1402 3911 1692 3966; x_wconf 85' lang='lat' dir='ltr'><strong>canebant.</strong></span> <span class='ocrx_word' id='word_1_323' title='bbox 1738 3908 1867 3975; x_wconf 84' lang='lat' dir='ltr'><strong>Qni-</strong></span> 
     </span>
    </p>
   </div>
   <div class='ocr_carea' id='block_1_44' title="bbox 285 4000 1866 4072">
    <p class='ocr_par' dir='ltr' id='par_1_44' title="bbox 285 4000 1866 4072">
     <span class='ocr_line' id='line_1_44' title="bbox 285 4000 1866 4072; baseline -0.006 -12"><span class='ocrx_word' id='word_1_324' title='bbox 285 4007 408 4060; x_wconf 85' lang='lat' dir='ltr'><strong>dam</strong></span> <span class='ocrx_word' id='word_1_325' title='bbox 448 4005 591 4060; x_wconf 84' lang='lat' dir='ltr'><strong>hunc</strong></span> <span class='ocrx_word' id='word_1_326' title='bbox 632 4002 808 4058; x_wconf 89' lang='lat' dir='ltr'><strong>locum</strong></span> <span class='ocrx_word' id='word_1_327' title='bbox 852 4003 926 4058; x_wconf 88' lang='lat' dir='ltr'><strong>ita</strong></span> <span class='ocrx_word' id='word_1_328' title='bbox 971 4003 1359 4072; x_wconf 81' lang='lat' dir='ltr'><strong>interpretatus</strong></span> <span class='ocrx_word' id='word_1_329' title='bbox 1398 4010 1502 4065; x_wconf 90' lang='lat' dir='ltr'><strong>est,</strong></span> <span class='ocrx_word' id='word_1_330' title='bbox 1548 4000 1692 4069; x_wconf 90' lang='lat' dir='ltr'><strong>quod</strong></span> <span class='ocrx_word' id='word_1_331' title='bbox 1733 4014 1866 4052; x_wconf 92' lang='lat' dir='ltr'><strong>eon-</strong></span> 
     </span>
    </p>
   </div>
   <div class='ocr_carea' id='block_1_45' title="bbox 285 4090 1864 4164">
    <p class='ocr_par' dir='ltr' id='par_1_45' title="bbox 285 4090 1864 4164">
     <span class='ocr_line' id='line_1_45' title="bbox 285 4090 1864 4164; baseline -0.006 -13"><span class='ocrx_word' id='word_1_332' title='bbox 285 4097 605 4152; x_wconf 86' lang='lat' dir='ltr'><strong>solutionem</strong></span> <span class='ocrx_word' id='word_1_333' title='bbox 649 4093 794 4148; x_wconf 87' lang='lat' dir='ltr'><strong>illam</strong></span> <span class='ocrx_word' id='word_1_334' title='bbox 834 4093 900 4148; x_wconf 89' lang='lat' dir='ltr'><strong>de</strong></span> <span class='ocrx_word' id='word_1_335' title='bbox 937 4109 1046 4164; x_wconf 90' lang='lat' dir='ltr'><strong>qua</strong></span> <span class='ocrx_word' id='word_1_336' title='bbox 1088 4093 1220 4148; x_wconf 86' lang='lat' dir='ltr'><strong>dicit</strong></span> <span class='ocrx_word' id='word_1_337' title='bbox 1262 4092 1524 4162; x_wconf 86' lang='lat' dir='ltr'><strong>apostolis</strong></span> <span class='ocrx_word' id='word_1_338' title='bbox 1565 4090 1864 4145; x_wconf 86' lang='lat' dir='ltr'><strong>Dominus:</strong></span> 
     </span>
    </p>
   </div>
   <div class='ocr_carea' id='block_1_46' title="bbox 286 4182 1870 4258">
    <p class='ocr_par' dir='ltr' id='par_1_46' title="bbox 286 4182 1870 4258">
     <span class='ocr_line' id='line_1_46' title="bbox 286 4182 1870 4258; baseline -0.004 -16"><span class='ocrx_word' id='word_1_339' title='bbox 286 4186 341 4242; x_wconf 70' lang='grc'><strong><em>11</em></strong></span> <span class='ocrx_word' id='word_1_340' title='bbox 349 4186 443 4242; x_wconf 79' lang='lat' dir='ltr'><strong>ulti</strong></span> <span class='ocrx_word' id='word_1_341' title='bbox 481 4187 746 4258; x_wconf 66' lang='lat' dir='ltr'><strong>prophetia</strong></span> <span class='ocrx_word' id='word_1_342' title='bbox 778 4194 825 4240; x_wconf 89' lang='lat' dir='ltr'><strong>et</strong></span> <span class='ocrx_word' id='word_1_343' title='bbox 856 4185 990 4255; x_wconf 80' lang='lat' dir='ltr'><strong>justi</strong></span> <span class='ocrx_word' id='word_1_344' title='bbox 1031 4185 1305 4257; x_wconf 81' lang='lat' dir='ltr'><strong>cupierunt</strong></span> <span class='ocrx_word' id='word_1_345' title='bbox 1336 4183 1508 4238; x_wconf 64' lang='lat' dir='ltr'><strong>ridere</strong></span> <span class='ocrx_word' id='word_1_346' title='bbox 1533 4198 1652 4255; x_wconf 68' lang='lat' dir='ltr'><strong>qua!</strong></span> <span class='ocrx_word' id='word_1_347' title='bbox 1679 4197 1766 4236; x_wconf 74' lang='lat' dir='ltr'><strong>eos</strong></span> <span class='ocrx_word' id='word_1_348' title='bbox 1794 4182 1870 4235; x_wconf 73' lang='lat' dir='ltr'><strong>ri-</strong></span> 
     </span>
    </p>
   </div>
   <div class='ocr_carea' id='block_1_47' title="bbox 285 4279 1868 4352">
    <p class='ocr_par' dir='ltr' id='par_1_47' title="bbox 285 4279 1868 4352">
     <span class='ocr_line' id='line_1_47' title="bbox 285 4279 1868 4352; baseline -0.005 -12"><span class='ocrx_word' id='word_1_349' title='bbox 285 4288 419 4341; x_wconf 84' lang='lat' dir='ltr'><strong>detis</strong></span> <span class='ocrx_word' id='word_1_350' title='bbox 451 4295 500 4340; x_wconf 85' lang='lat' dir='ltr'><strong>et</strong></span> <span class='ocrx_word' id='word_1_351' title='bbox 537 4294 642 4340; x_wconf 78' lang='lat' dir='ltr'><strong>non</strong></span> <span class='ocrx_word' id='word_1_352' title='bbox 677 4284 938 4350; x_wconf 74' lang='lat' dir='ltr'><strong>uiderunt,</strong></span> <span class='ocrx_word' id='word_1_353' title='bbox 978 4293 1026 4338; x_wconf 86' lang='lat' dir='ltr'><strong>et</strong></span> <span class='ocrx_word' id='word_1_354' title='bbox 1064 4283 1252 4337; x_wconf 84' lang='lat' dir='ltr'><strong>audire</strong></span> <span class='ocrx_word' id='word_1_355' title='bbox 1277 4298 1395 4352; x_wconf 72' lang='lat' dir='ltr'><strong>quae</strong></span> <span class='ocrx_word' id='word_1_356' title='bbox 1433 4297 1520 4336; x_wconf 77' lang='lat' dir='ltr'><strong>vos</strong></span> <span class='ocrx_word' id='word_1_357' title='bbox 1549 4279 1777 4343; x_wconf 76' lang='lat' dir='ltr'><strong>auditis,</strong></span> <span class='ocrx_word' id='word_1_358' title='bbox 1819 4289 1868 4333; x_wconf 85' lang='lat' dir='ltr'><strong>et</strong></span> 
     </span>
    </p>
   </div>
   <div class='ocr_carea' id='block_1_48' title="bbox 1957 453 2368 524">
    <p class='ocr_par' dir='ltr' id='par_1_48' title="bbox 1957 453 2368 524">
     <span class='ocr_line' id='line_1_48' title="bbox 1957 453 2368 524; baseline 0.005 -18"><span class='ocrx_word' id='word_1_359' title='bbox 1957 453 2155 524; x_wconf 89' lang='lat' dir='ltr'><strong>quibus</strong></span> <span class='ocrx_word' id='word_1_360' title='bbox 2192 453 2326 509; x_wconf 88' lang='lat' dir='ltr'><strong>dicit</strong></span> <span class='ocrx_word' id='word_1_361' title='bbox 2357 472 2368 508; x_wconf 92' lang='lat'><strong>:</strong></span> 
     </span>
    </p>
   </div>
   <div class='ocr_carea' id='block_1_49' title="bbox 2026 542 3541 618">
    <p class='ocr_par' dir='ltr' id='par_1_49' title="bbox 2026 542 3541 618">
     <span class='ocr_line' id='line_1_49' title="bbox 2026 542 3541 618; baseline -0.002 -18"><span class='ocrx_word' id='word_1_362' title='bbox 2026 545 2133 611; x_wconf 83' lang='lat' dir='ltr'><strong>Qui</strong></span> <span class='ocrx_word' id='word_1_363' title='bbox 2165 547 2426 601; x_wconf 83' lang='lat' dir='ltr'><strong>increduli</strong></span> <span class='ocrx_word' id='word_1_364' title='bbox 2461 547 2670 616; x_wconf 77' lang='lat' dir='ltr'><strong>fuerant</strong></span> <span class='ocrx_word' id='word_1_365' title='bbox 2695 546 3003 618; x_wconf 81' lang='lat' dir='ltr'><strong>aliquando,</strong></span> <span class='ocrx_word' id='word_1_366' title='bbox 3045 544 3412 616; x_wconf 73' lang='lat' dir='ltr'><strong>exspectabant</strong></span> <span class='ocrx_word' id='word_1_367' title='bbox 3441 542 3541 598; x_wconf 85' lang='lat' dir='ltr'><strong>Dei</strong></span> 
     </span>
    </p>
   </div>
   <div class='ocr_carea' id='block_1_50' title="bbox 1953 634 3535 706">
    <p class='ocr_par' dir='ltr' id='par_1_50' title="bbox 1953 634 3535 706">
     <span class='ocr_line' id='line_1_50' title="bbox 1953 634 3535 706; baseline -0.003 -16"><span class='ocrx_word' id='word_1_368' title='bbox 1953 636 2288 706; x_wconf 76' lang='lat' dir='ltr'><strong>patientiam.</strong></span> <span class='ocrx_word' id='word_1_369' title='bbox 2335 637 2392 692; x_wconf 94' lang='lat' dir='ltr'><strong>ln</strong></span> <span class='ocrx_word' id='word_1_370' title='bbox 2434 639 2626 692; x_wconf 88' lang='lat' dir='ltr'><strong>diebus</strong></span> <span class='ocrx_word' id='word_1_371' title='bbox 2664 637 2778 692; x_wconf 85' lang='lat' dir='ltr'><strong>Noe</strong></span> <span class='ocrx_word' id='word_1_372' title='bbox 2822 651 2946 692; x_wconf 92' lang='lat' dir='ltr'><strong>eum</strong></span> <span class='ocrx_word' id='word_1_373' title='bbox 2988 634 3347 690; x_wconf 81' lang='lat' dir='ltr'><strong>fabricarctur</strong></span> <span class='ocrx_word' id='word_1_374' title='bbox 3386 647 3535 697; x_wconf 86' lang='lat' dir='ltr'><strong>area,</strong></span> 
     </span>
    </p>
   </div>
   <div class='ocr_carea' id='block_1_51' title="bbox 1955 725 3539 798">
    <p class='ocr_par' dir='ltr' id='par_1_51' title="bbox 1955 725 3539 798">
     <span class='ocr_line' id='line_1_51' title="bbox 1955 725 3539 798; baseline -0.004 -16"><span class='ocrx_word' id='word_1_375' title='bbox 1955 742 2082 782; x_wconf 90' lang='lat' dir='ltr'><strong>nam</strong></span> <span class='ocrx_word' id='word_1_376' title='bbox 2115 736 2170 782; x_wconf 90' lang='lat' dir='ltr'><strong>et</strong></span> <span class='ocrx_word' id='word_1_377' title='bbox 2201 729 2320 798; x_wconf 88' lang='lat' dir='ltr'><strong>ipsa</strong></span> <span class='ocrx_word' id='word_1_378' title='bbox 2346 729 2442 783; x_wconf 93' lang='lat' dir='ltr'><strong>Dei</strong></span> <span class='ocrx_word' id='word_1_379' title='bbox 2472 728 2734 798; x_wconf 89' lang='lat' dir='ltr'><strong>patientia</strong></span> <span class='ocrx_word' id='word_1_380' title='bbox 2758 726 3074 797; x_wconf 72' lang='lat' dir='ltr'><strong>prmdieatio</strong></span> <span class='ocrx_word' id='word_1_381' title='bbox 3103 725 3222 794; x_wconf 88' lang='lat' dir='ltr'><strong>ejus</strong></span> <span class='ocrx_word' id='word_1_382' title='bbox 3248 732 3386 789; x_wconf 87' lang='lat' dir='ltr'><strong>erat,</strong></span> <span class='ocrx_word' id='word_1_383' title='bbox 3413 738 3539 778; x_wconf 87' lang='lat' dir='ltr'><strong>cum</strong></span> 
     </span>
    </p>
   </div>
   <div class='ocr_carea' id='block_1_52' title="bbox 1955 817 3542 888">
    <p class='ocr_par' dir='ltr' id='par_1_52' title="bbox 1955 817 3542 888">
     <span class='ocr_line' id='line_1_52' title="bbox 1955 817 3542 888; baseline -0.001 -15"><span class='ocrx_word' id='word_1_384' title='bbox 1955 819 2069 875; x_wconf 82' lang='lat' dir='ltr'><strong>Noe</strong></span> <span class='ocrx_word' id='word_1_385' title='bbox 2110 828 2328 876; x_wconf 90' lang='lat' dir='ltr'><strong>centum</strong></span> <span class='ocrx_word' id='word_1_386' title='bbox 2371 834 2543 874; x_wconf 89' lang='lat' dir='ltr'><strong>annos</strong></span> <span class='ocrx_word' id='word_1_387' title='bbox 2585 835 2727 875; x_wconf 68' lang='lat' dir='ltr'><strong>arcae</strong></span> <span class='ocrx_word' id='word_1_388' title='bbox 2769 820 3026 888; x_wconf 86' lang='lat' dir='ltr'><strong>operibus</strong></span> <span class='ocrx_word' id='word_1_389' title='bbox 3069 819 3362 882; x_wconf 84' lang='lat' dir='ltr'><strong>insistens,</strong></span> <span class='ocrx_word' id='word_1_390' title='bbox 3409 817 3542 886; x_wconf 89' lang='lat' dir='ltr'><strong>quid</strong></span> 
     </span>
    </p>
   </div>
   <div class='ocr_carea' id='block_1_53' title="bbox 1953 909 3541 980">
    <p class='ocr_par' dir='ltr' id='par_1_53' title="bbox 1953 909 3541 980">
     <span class='ocr_line' id='line_1_53' title="bbox 1953 909 3541 980; baseline -0.002 -15"><span class='ocrx_word' id='word_1_391' title='bbox 1953 912 2157 966; x_wconf 91' lang='lat' dir='ltr'><strong>mundo</strong></span> <span class='ocrx_word' id='word_1_392' title='bbox 2187 911 2428 966; x_wconf 77' lang='lat' dir='ltr'><strong>futurum</strong></span> <span class='ocrx_word' id='word_1_393' title='bbox 2459 919 2622 975; x_wconf 91' lang='lat' dir='ltr'><strong>esset,</strong></span> <span class='ocrx_word' id='word_1_394' title='bbox 2660 909 2963 980; x_wconf 89' lang='lat' dir='ltr'><strong>quotidiani</strong></span> <span class='ocrx_word' id='word_1_395' title='bbox 3002 909 3186 978; x_wconf 88' lang='lat' dir='ltr'><strong>operis</strong></span> <span class='ocrx_word' id='word_1_396' title='bbox 3218 910 3541 964; x_wconf 84' lang='lat' dir='ltr'><strong>executione</strong></span> 
     </span>
    </p>
   </div>
   <div class='ocr_carea' id='block_1_54' title="bbox 1953 999 3542 1072">
    <p class='ocr_par' dir='ltr' id='par_1_54' title="bbox 1953 999 3542 1072">
     <span class='ocr_line' id='line_1_54' title="bbox 1953 999 3542 1072; baseline 0.001 -15"><span class='ocrx_word' id='word_1_397' title='bbox 1953 1002 2334 1066; x_wconf 86' lang='lat' dir='ltr'><strong>monstrabat,</strong></span> <span class='ocrx_word' id='word_1_398' title='bbox 2392 1001 2520 1072; x_wconf 86' lang='lat' dir='ltr'><strong>quia</strong></span> <span class='ocrx_word' id='word_1_399' title='bbox 2583 1001 2782 1057; x_wconf 89' lang='lat' dir='ltr'><strong>Paulus</strong></span> <span class='ocrx_word' id='word_1_400' title='bbox 2841 1003 2962 1056; x_wconf 90' lang='lat' dir='ltr'><strong>ait:</strong></span> <span class='ocrx_word' id='word_1_401' title='bbox 3013 1003 3097 1056; x_wconf 81' lang='lat' dir='ltr'><strong>An</strong></span> <span class='ocrx_word' id='word_1_402' title='bbox 3142 999 3361 1072; x_wconf 86' lang='lat' dir='ltr'><strong>ignoras</strong></span> <span class='ocrx_word' id='word_1_403' title='bbox 3411 1001 3542 1071; x_wconf 74' lang='lat' dir='ltr'><strong>quia</strong></span> 
     </span>
    </p>
   </div>
   <div class='ocr_carea' id='block_1_55' title="bbox 1953 1092 3543 1163">
    <p class='ocr_par' dir='ltr' id='par_1_55' title="bbox 1953 1092 3543 1163">
     <span class='ocr_line' id='line_1_55' title="bbox 1953 1092 3543 1163; baseline 0 -17"><span class='ocrx_word' id='word_1_404' title='bbox 1953 1093 2216 1162; x_wconf 89' lang='lat' dir='ltr'><strong>patientia</strong></span> <span class='ocrx_word' id='word_1_405' title='bbox 2259 1092 2352 1146; x_wconf 91' lang='lat' dir='ltr'><strong>Dei</strong></span> <span class='ocrx_word' id='word_1_406' title='bbox 2395 1092 2461 1146; x_wconf 83' lang='lat' dir='ltr'><strong>ad</strong></span> <span class='ocrx_word' id='word_1_407' title='bbox 2500 1093 2876 1163; x_wconf 76' lang='lat' dir='ltr'><strong>pmnitentiam</strong></span> <span class='ocrx_word' id='word_1_408' title='bbox 2917 1101 2970 1148; x_wconf 91' lang='lat' dir='ltr'><strong>te</strong></span> <span class='ocrx_word' id='word_1_409' title='bbox 3009 1093 3251 1156; x_wconf 87' lang='lat' dir='ltr'><strong>adducit,</strong></span> <span class='ocrx_word' id='word_1_410' title='bbox 3273 1101 3377 1146; x_wconf 86' lang='lat' dir='ltr'><strong>etc.</strong></span> <span class='ocrx_word' id='word_1_411' title='bbox 3421 1093 3543 1146; x_wconf 84' lang='lat' dir='ltr'><strong>Alia</strong></span> 
     </span>
    </p>
   </div>
   <div class='ocr_carea' id='block_1_56' title="bbox 1954 1183 3543 1240">
    <p class='ocr_par' dir='ltr' id='par_1_56' title="bbox 1954 1183 3543 1240">
     <span class='ocr_line' id='line_1_56' title="bbox 1954 1183 3543 1240; baseline -0.001 -1"><span class='ocrx_word' id='word_1_412' title='bbox 1954 1184 2243 1240; x_wconf 89' lang='lat' dir='ltr'><strong>translatio</strong></span> <span class='ocrx_word' id='word_1_413' title='bbox 2287 1185 2431 1239; x_wconf 89' lang='lat' dir='ltr'><strong>hunc</strong></span> <span class='ocrx_word' id='word_1_414' title='bbox 2473 1185 2659 1240; x_wconf 91' lang='lat' dir='ltr'><strong>locum</strong></span> <span class='ocrx_word' id='word_1_415' title='bbox 2706 1185 2782 1238; x_wconf 92' lang='lat' dir='ltr'><strong>ita</strong></span> <span class='ocrx_word' id='word_1_416' title='bbox 2829 1185 3033 1239; x_wconf 83' lang='lat' dir='ltr'><strong>habet:</strong></span> <span class='ocrx_word' id='word_1_417' title='bbox 3085 1184 3336 1239; x_wconf 87' lang='lat' dir='ltr'><strong>Christus</strong></span> <span class='ocrx_word' id='word_1_418' title='bbox 3375 1183 3543 1238; x_wconf 89' lang='lat' dir='ltr'><strong>semel</strong></span> 
     </span>
    </p>
   </div>
   <div class='ocr_carea' id='block_1_57' title="bbox 1951 1273 3544 1348">
    <p class='ocr_par' dir='ltr' id='par_1_57' title="bbox 1951 1273 3544 1348">
     <span class='ocr_line' id='line_1_57' title="bbox 1951 1273 3544 1348; baseline -0.002 -17"><span class='ocrx_word' id='word_1_419' title='bbox 1951 1291 2053 1348; x_wconf 91' lang='lat' dir='ltr'><strong>pro</strong></span> <span class='ocrx_word' id='word_1_420' title='bbox 2092 1276 2330 1345; x_wconf 89' lang='lat' dir='ltr'><strong>peccatis</strong></span> <span class='ocrx_word' id='word_1_421' title='bbox 2370 1274 2574 1330; x_wconf 90' lang='lat' dir='ltr'><strong>nostris</strong></span> <span class='ocrx_word' id='word_1_422' title='bbox 2612 1282 2858 1329; x_wconf 90' lang='lat' dir='ltr'><strong>mortuus</strong></span> <span class='ocrx_word' id='word_1_423' title='bbox 2897 1283 3004 1338; x_wconf 88' lang='lat' dir='ltr'><strong>est,</strong></span> <span class='ocrx_word' id='word_1_424' title='bbox 3043 1273 3223 1342; x_wconf 85' lang='lat' dir='ltr'><strong>justus</strong></span> <span class='ocrx_word' id='word_1_425' title='bbox 3263 1288 3363 1344; x_wconf 91' lang='lat' dir='ltr'><strong>pro</strong></span> <span class='ocrx_word' id='word_1_426' title='bbox 3404 1273 3544 1344; x_wconf 89' lang='lat' dir='ltr'><strong>inju-</strong></span> 
     </span>
    </p>
   </div>
   <div class='ocr_carea' id='block_1_58' title="bbox 1955 1364 3537 1433">
    <p class='ocr_par' dir='ltr' id='par_1_58' title="bbox 1955 1364 3537 1433">
     <span class='ocr_line' id='line_1_58' title="bbox 1955 1364 3537 1433; baseline -0.002 -12"><span class='ocrx_word' id='word_1_427' title='bbox 1955 1368 2073 1432; x_wconf 87' lang='lat' dir='ltr'><strong>stis,</strong></span> <span class='ocrx_word' id='word_1_428' title='bbox 2099 1373 2160 1421; x_wconf 90' lang='lat' dir='ltr'><strong>ut</strong></span> <span class='ocrx_word' id='word_1_429' title='bbox 2192 1382 2292 1422; x_wconf 87' lang='lat' dir='ltr'><strong>nos</strong></span> <span class='ocrx_word' id='word_1_430' title='bbox 2323 1366 2558 1422; x_wconf 89' lang='lat' dir='ltr'><strong>adducat</strong></span> <span class='ocrx_word' id='word_1_431' title='bbox 2593 1367 2661 1420; x_wconf 88' lang='lat' dir='ltr'><strong>ad</strong></span> <span class='ocrx_word' id='word_1_432' title='bbox 2697 1365 2888 1430; x_wconf 90' lang='lat' dir='ltr'><strong>Deum,</strong></span> <span class='ocrx_word' id='word_1_433' title='bbox 2913 1364 3266 1419; x_wconf 84' lang='lat' dir='ltr'><strong>mortitieatos</strong></span> <span class='ocrx_word' id='word_1_434' title='bbox 3291 1378 3537 1433; x_wconf 88' lang='lat' dir='ltr'><strong>corpore,</strong></span> 
     </span>
    </p>
   </div>
   <div class='ocr_carea' id='block_1_59' title="bbox 1954 1456 3541 1528">
    <p class='ocr_par' dir='ltr' id='par_1_59' title="bbox 1954 1456 3541 1528">
     <span class='ocr_line' id='line_1_59' title="bbox 1954 1456 3541 1528; baseline -0.003 -14"><span class='ocrx_word' id='word_1_435' title='bbox 1954 1461 2049 1516; x_wconf 89' lang='lat' dir='ltr'><strong>sed</strong></span> <span class='ocrx_word' id='word_1_436' title='bbox 2080 1458 2381 1514; x_wconf 85' lang='lat' dir='ltr'><strong>viviﬁcatos</strong></span> <span class='ocrx_word' id='word_1_437' title='bbox 2421 1459 2476 1514; x_wconf 91' lang='lat' dir='ltr'><strong>in</strong></span> <span class='ocrx_word' id='word_1_438' title='bbox 2519 1458 2733 1528; x_wconf 91' lang='lat' dir='ltr'><strong>spiritu,</strong></span> <span class='ocrx_word' id='word_1_439' title='bbox 2780 1457 2834 1511; x_wconf 91' lang='lat' dir='ltr'><strong>in</strong></span> <span class='ocrx_word' id='word_1_440' title='bbox 2877 1471 2984 1526; x_wconf 87' lang='lat' dir='ltr'><strong>quo</strong></span> <span class='ocrx_word' id='word_1_441' title='bbox 3025 1456 3216 1526; x_wconf 89' lang='lat' dir='ltr'><strong>spiritu</strong></span> <span class='ocrx_word' id='word_1_442' title='bbox 3254 1464 3309 1511; x_wconf 90' lang='lat' dir='ltr'><strong>et</strong></span> <span class='ocrx_word' id='word_1_443' title='bbox 3335 1457 3416 1512; x_wconf 91' lang='lat' dir='ltr'><strong>eis</strong></span> <span class='ocrx_word' id='word_1_444' title='bbox 3446 1456 3541 1526; x_wconf 88' lang='lat' dir='ltr'><strong>qui</strong></span> 
     </span>
    </p>
   </div>
   <div class='ocr_carea' id='block_1_60' title="bbox 1955 1549 3542 1622">
    <p class='ocr_par' dir='ltr' id='par_1_60' title="bbox 1955 1549 3542 1622">
     <span class='ocr_line' id='line_1_60' title="bbox 1955 1549 3542 1622; baseline -0.003 -15"><span class='ocrx_word' id='word_1_445' title='bbox 1955 1552 2010 1607; x_wconf 90' lang='lat' dir='ltr'><strong>in</strong></span> <span class='ocrx_word' id='word_1_446' title='bbox 2051 1565 2214 1608; x_wconf 89' lang='lat' dir='ltr'><strong>carne</strong></span> <span class='ocrx_word' id='word_1_447' title='bbox 2258 1559 2414 1607; x_wconf 91' lang='lat' dir='ltr'><strong>erant</strong></span> <span class='ocrx_word' id='word_1_448' title='bbox 2452 1549 2788 1622; x_wconf 61' lang='lat' dir='ltr'><strong>praedicavit,</strong></span> <span class='ocrx_word' id='word_1_449' title='bbox 2829 1550 2921 1619; x_wconf 87' lang='lat' dir='ltr'><strong>qui</strong></span> <span class='ocrx_word' id='word_1_450' title='bbox 2963 1549 3235 1618; x_wconf 90' lang='lat' dir='ltr'><strong>quondam</strong></span> <span class='ocrx_word' id='word_1_451' title='bbox 3275 1564 3383 1603; x_wconf 93' lang='lat' dir='ltr'><strong>non</strong></span> <span class='ocrx_word' id='word_1_452' title='bbox 3422 1564 3542 1604; x_wconf 87' lang='lat' dir='ltr'><strong>cre-</strong></span> 
     </span>
    </p>
   </div>
   <div class='ocr_carea' id='block_1_61' title="bbox 1957 1639 3479 1708">
    <p class='ocr_par' dir='ltr' id='par_1_61' title="bbox 1957 1639 3479 1708">
     <span class='ocr_line' id='line_1_61' title="bbox 1957 1639 3479 1708; baseline -0.001 -14"><span class='ocrx_word' id='word_1_453' title='bbox 1957 1640 2205 1694; x_wconf 88' lang='lat' dir='ltr'><strong>diderant</strong></span> <span class='ocrx_word' id='word_1_454' title='bbox 2229 1641 2282 1694; x_wconf 92' lang='lat' dir='ltr'><strong>in</strong></span> <span class='ocrx_word' id='word_1_455' title='bbox 2307 1640 2497 1694; x_wconf 90' lang='lat' dir='ltr'><strong>diebus</strong></span> <span class='ocrx_word' id='word_1_456' title='bbox 2530 1639 2656 1703; x_wconf 88' lang='lat' dir='ltr'><strong>illis,</strong></span> <span class='ocrx_word' id='word_1_457' title='bbox 2686 1654 2807 1693; x_wconf 90' lang='lat' dir='ltr'><strong>cum</strong></span> <span class='ocrx_word' id='word_1_458' title='bbox 2833 1645 3174 1708; x_wconf 78' lang='lat' dir='ltr'><strong>exspectaret</strong></span> <span class='ocrx_word' id='word_1_459' title='bbox 3197 1639 3479 1707; x_wconf 86' lang='lat' dir='ltr'><strong>patientia.</strong></span> 
     </span>
    </p>
   </div>
   <div class='ocr_carea' id='block_1_62' title="bbox 1885 1710 3539 1798">
    <p class='ocr_par' dir='ltr' id='par_1_62' title="bbox 1885 1710 3539 1798">
     <span class='ocr_line' id='line_1_62' title="bbox 1885 1710 3539 1798; baseline -0.001 -16"><span class='ocrx_word' id='word_1_460' title='bbox 1885 1710 1932 1768; x_wconf 76' lang='grc' dir='ltr'><strong>Β</strong></span> <span class='ocrx_word' id='word_1_461' title='bbox 2030 1728 2097 1783; x_wconf 85' lang='grc' dir='ltr'><strong>1η</strong></span> <span class='ocrx_word' id='word_1_462' title='bbox 2120 1729 2300 1782; x_wconf 82' lang='lat' dir='ltr'><strong>diebus</strong></span> <span class='ocrx_word' id='word_1_463' title='bbox 2319 1727 2455 1793; x_wconf 87' lang='lat' dir='ltr'><strong>Noe,</strong></span> <span class='ocrx_word' id='word_1_464' title='bbox 2479 1745 2597 1780; x_wconf 86' lang='lat' dir='ltr'><strong>cum</strong></span> <span class='ocrx_word' id='word_1_465' title='bbox 2624 1727 2976 1796; x_wconf 80' lang='lat' dir='ltr'><strong>fabricaretur</strong></span> <span class='ocrx_word' id='word_1_466' title='bbox 2993 1743 3140 1792; x_wconf 89' lang='lat' dir='ltr'><strong>arca,</strong></span> <span class='ocrx_word' id='word_1_467' title='bbox 3162 1727 3218 1780; x_wconf 90' lang='lat' dir='ltr'><strong>in</strong></span> <span class='ocrx_word' id='word_1_468' title='bbox 3238 1744 3341 1798; x_wconf 85' lang='lat' dir='ltr'><strong>qua</strong></span> <span class='ocrx_word' id='word_1_469' title='bbox 3361 1729 3539 1798; x_wconf 85' lang='lat' dir='ltr'><strong>pauci,</strong></span> 
     </span>
    </p>
   </div>
   <div class='ocr_carea' id='block_1_63' title="bbox 1954 1817 3537 1889">
    <p class='ocr_par' dir='ltr' id='par_1_63' title="bbox 1954 1817 3537 1889">
     <span class='ocr_line' id='line_1_63' title="bbox 1954 1817 3537 1889; baseline 0 -17"><span class='ocrx_word' id='word_1_470' title='bbox 1954 1819 2011 1872; x_wconf 81' lang='lat' dir='ltr'><strong>id</strong></span> <span class='ocrx_word' id='word_1_471' title='bbox 2037 1828 2136 1886; x_wconf 85' lang='lat' dir='ltr'><strong>est,</strong></span> <span class='ocrx_word' id='word_1_472' title='bbox 2167 1828 2282 1873; x_wconf 90' lang='lat' dir='ltr'><strong>octo</strong></span> <span class='ocrx_word' id='word_1_473' title='bbox 2307 1819 2498 1872; x_wconf 63' lang='lat' dir='ltr'><strong>animle</strong></span> <span class='ocrx_word' id='word_1_474' title='bbox 2524 1817 2685 1872; x_wconf 78' lang='lat' dir='ltr'><strong>salute</strong></span> <span class='ocrx_word' id='word_1_475' title='bbox 2709 1819 2866 1888; x_wconf 77' lang='lat' dir='ltr'><strong>factte</strong></span> <span class='ocrx_word' id='word_1_476' title='bbox 2889 1826 3011 1871; x_wconf 90' lang='lat' dir='ltr'><strong>sunt</strong></span> <span class='ocrx_word' id='word_1_477' title='bbox 3039 1833 3131 1889; x_wconf 87' lang='lat' dir='ltr'><strong>per</strong></span> <span class='ocrx_word' id='word_1_478' title='bbox 3153 1835 3370 1888; x_wconf 87' lang='lat' dir='ltr'><strong>aquam,</strong></span> <span class='ocrx_word' id='word_1_479' title='bbox 3395 1819 3537 1888; x_wconf 85' lang='lat' dir='ltr'><strong>quod</strong></span> 
     </span>
    </p>
   </div>
   <div class='ocr_carea' id='block_1_64' title="bbox 1955 1906 3539 1978">
    <p class='ocr_par' dir='ltr' id='par_1_64' title="bbox 1955 1906 3539 1978">
     <span class='ocr_line' id='line_1_64' title="bbox 1955 1906 3539 1978; baseline -0.003 -14"><span class='ocrx_word' id='word_1_480' title='bbox 1955 1919 2006 1964; x_wconf 87' lang='lat' dir='ltr'><strong>et</strong></span> <span class='ocrx_word' id='word_1_481' title='bbox 2053 1925 2140 1964; x_wconf 76' lang='lat' dir='ltr'><strong>vos</strong></span> <span class='ocrx_word' id='word_1_482' title='bbox 2191 1925 2330 1962; x_wconf 87' lang='lat' dir='ltr'><strong>nunc</strong></span> <span class='ocrx_word' id='word_1_483' title='bbox 2379 1907 2570 1962; x_wconf 82' lang='lat' dir='ltr'><strong>similis</strong></span> <span class='ocrx_word' id='word_1_484' title='bbox 2621 1907 2808 1977; x_wconf 68' lang='lat' dir='ltr'><strong>{armis</strong></span> <span class='ocrx_word' id='word_1_485' title='bbox 2859 1906 3030 1961; x_wconf 84' lang='lat' dir='ltr'><strong>salvos</strong></span> <span class='ocrx_word' id='word_1_486' title='bbox 3084 1907 3210 1976; x_wconf 77' lang='lat' dir='ltr'><strong>facit</strong></span> <span class='ocrx_word' id='word_1_487' title='bbox 3261 1907 3539 1978; x_wconf 80' lang='lat' dir='ltr'><strong>baptisma.</strong></span> 
     </span>
    </p>
   </div>
   <div class='ocr_carea' id='block_1_65' title="bbox 1955 1996 3546 2068">
    <p class='ocr_par' dir='ltr' id='par_1_65' title="bbox 1955 1996 3546 2068">
     <span class='ocr_line' id='line_1_65' title="bbox 1955 1996 3546 2068; baseline -0.001 -15"><span class='ocrx_word' id='word_1_488' title='bbox 1955 1998 2209 2054; x_wconf 82' lang='lat' dir='ltr'><strong>Formam</strong></span> <span class='ocrx_word' id='word_1_489' title='bbox 2237 1997 2494 2068; x_wconf 89' lang='lat' dir='ltr'><strong>baptismi</strong></span> <span class='ocrx_word' id='word_1_490' title='bbox 2522 1997 2877 2053; x_wconf 88' lang='lat' dir='ltr'><strong>assimilatam</strong></span> <span class='ocrx_word' id='word_1_491' title='bbox 2907 1996 3040 2051; x_wconf 91' lang='lat' dir='ltr'><strong>dicit</strong></span> <span class='ocrx_word' id='word_1_492' title='bbox 3075 2009 3247 2062; x_wconf 72' lang='lat' dir='ltr'><strong>arcte,</strong></span> <span class='ocrx_word' id='word_1_493' title='bbox 3292 2006 3350 2051; x_wconf 89' lang='lat' dir='ltr'><strong>et</strong></span> <span class='ocrx_word' id='word_1_494' title='bbox 3387 1997 3546 2068; x_wconf 72' lang='lat' dir='ltr'><strong>aquis</strong></span> 
     </span>
    </p>
   </div>
   <div class='ocr_carea' id='block_1_66' title="bbox 1956 2085 3546 2157">
    <p class='ocr_par' dir='ltr' id='par_1_66' title="bbox 1956 2085 3546 2157">
     <span class='ocr_line' id='line_1_66' title="bbox 1956 2085 3546 2157; baseline -0.003 -12"><span class='ocrx_word' id='word_1_495' title='bbox 1956 2089 2162 2153; x_wconf 77' lang='lat' dir='ltr'><strong>diluvii,</strong></span> <span class='ocrx_word' id='word_1_496' title='bbox 2183 2097 2239 2144; x_wconf 93' lang='lat' dir='ltr'><strong>et</strong></span> <span class='ocrx_word' id='word_1_497' title='bbox 2264 2097 2410 2143; x_wconf 85' lang='lat' dir='ltr'><strong>recte</strong></span> <span class='ocrx_word' id='word_1_498' title='bbox 2437 2089 2678 2152; x_wconf 88' lang='lat' dir='ltr'><strong>omnino,</strong></span> <span class='ocrx_word' id='word_1_499' title='bbox 2703 2087 2847 2157; x_wconf 85' lang='lat' dir='ltr'><strong>quod</strong></span> <span class='ocrx_word' id='word_1_500' title='bbox 2872 2096 2927 2141; x_wconf 91' lang='lat' dir='ltr'><strong>et</strong></span> <span class='ocrx_word' id='word_1_501' title='bbox 2951 2087 3067 2157; x_wconf 88' lang='lat' dir='ltr'><strong>ipsa</strong></span> <span class='ocrx_word' id='word_1_502' title='bbox 3094 2085 3380 2141; x_wconf 80' lang='lat' dir='ltr'><strong>fabricatio</strong></span> <span class='ocrx_word' id='word_1_503' title='bbox 3405 2101 3546 2141; x_wconf 68' lang='lat' dir='ltr'><strong>arca:</strong></span> 
     </span>
    </p>
   </div>
   <div class='ocr_carea' id='block_1_67' title="bbox 1957 2175 3543 2252">
    <p class='ocr_par' dir='ltr' id='par_1_67' title="bbox 1957 2175 3543 2252">
     <span class='ocr_line' id='line_1_67' title="bbox 1957 2175 3543 2252; baseline -0.003 -16"><span class='ocrx_word' id='word_1_504' title='bbox 1957 2182 2022 2236; x_wconf 90' lang='lat' dir='ltr'><strong>de</strong></span> <span class='ocrx_word' id='word_1_505' title='bbox 2049 2180 2209 2252; x_wconf 84' lang='lat' dir='ltr'><strong>lignis</strong></span> <span class='ocrx_word' id='word_1_506' title='bbox 2237 2180 2487 2250; x_wconf 89' lang='lat' dir='ltr'><strong>levigatis</strong></span> <span class='ocrx_word' id='word_1_507' title='bbox 2507 2221 2520 2244; x_wconf 89' lang='lat'><strong>,</strong></span> <span class='ocrx_word' id='word_1_508' title='bbox 2549 2178 3012 2235; x_wconf 90' lang='lat' dir='ltr'><strong>constructionem</strong></span> <span class='ocrx_word' id='word_1_509' title='bbox 3045 2177 3224 2248; x_wconf 87' lang='lat' dir='ltr'><strong>signat</strong></span> <span class='ocrx_word' id='word_1_510' title='bbox 3251 2175 3508 2232; x_wconf 70' lang='lat' dir='ltr'><strong>Ecclesia:</strong></span> <span class='ocrx_word' id='word_1_511' title='bbox 3528 2218 3543 2242; x_wconf 91' lang='lat'><strong>,</strong></span> 
     </span>
    </p>
   </div>
   <div class='ocr_carea' id='block_1_68' title="bbox 1955 2266 3547 2341">
    <p class='ocr_par' dir='ltr' id='par_1_68' title="bbox 1955 2266 3547 2341">
     <span class='ocr_line' id='line_1_68' title="bbox 1955 2266 3547 2341; baseline -0.001 -17"><span class='ocrx_word' id='word_1_512' title='bbox 1955 2285 2076 2341; x_wconf 65' lang='lat' dir='ltr'><strong>qua:</strong></span> <span class='ocrx_word' id='word_1_513' title='bbox 2111 2269 2172 2324; x_wconf 86' lang='lat' dir='ltr'><strong>ﬁt</strong></span> <span class='ocrx_word' id='word_1_514' title='bbox 2200 2270 2267 2324; x_wconf 85' lang='lat' dir='ltr'><strong>de</strong></span> <span class='ocrx_word' id='word_1_515' title='bbox 2297 2269 2615 2325; x_wconf 92' lang='lat' dir='ltr'><strong>collectione</strong></span> <span class='ocrx_word' id='word_1_516' title='bbox 2646 2269 2948 2323; x_wconf 86' lang='lat' dir='ltr'><strong>animarum</strong></span> <span class='ocrx_word' id='word_1_517' title='bbox 2977 2266 3214 2322; x_wconf 89' lang='lat' dir='ltr'><strong>ﬁdelium</strong></span> <span class='ocrx_word' id='word_1_518' title='bbox 3242 2283 3339 2336; x_wconf 90' lang='lat' dir='ltr'><strong>per</strong></span> <span class='ocrx_word' id='word_1_519' title='bbox 3365 2269 3547 2322; x_wconf 87' lang='lat' dir='ltr'><strong>archi-</strong></span> 
     </span>
    </p>
   </div>
   <div class='ocr_carea' id='block_1_69' title="bbox 1957 2356 3548 2428">
    <p class='ocr_par' dir='ltr' id='par_1_69' title="bbox 1957 2356 3548 2428">
     <span class='ocr_line' id='line_1_69' title="bbox 1957 2356 3548 2428; baseline -0.001 -14"><span class='ocrx_word' id='word_1_520' title='bbox 1957 2366 2128 2414; x_wconf 87' lang='lat' dir='ltr'><strong>tectos</strong></span> <span class='ocrx_word' id='word_1_521' title='bbox 2153 2359 2324 2413; x_wconf 86' lang='lat' dir='ltr'><strong>verbi.</strong></span> <span class='ocrx_word' id='word_1_522' title='bbox 2363 2358 2430 2412; x_wconf 77' lang='lat' dir='ltr'><strong>Et</strong></span> <span class='ocrx_word' id='word_1_523' title='bbox 2456 2360 2598 2428; x_wconf 87' lang='lat' dir='ltr'><strong>quod</strong></span> <span class='ocrx_word' id='word_1_524' title='bbox 2625 2366 2889 2426; x_wconf 89' lang='lat' dir='ltr'><strong>pereunte</strong></span> <span class='ocrx_word' id='word_1_525' title='bbox 2914 2358 3046 2411; x_wconf 89' lang='lat' dir='ltr'><strong>orbe</strong></span> <span class='ocrx_word' id='word_1_526' title='bbox 3077 2364 3211 2421; x_wconf 91' lang='lat' dir='ltr'><strong>toto,</strong></span> <span class='ocrx_word' id='word_1_527' title='bbox 3257 2357 3452 2427; x_wconf 89' lang='lat' dir='ltr'><strong>pauci,</strong></span> <span class='ocrx_word' id='word_1_528' title='bbox 3493 2356 3548 2412; x_wconf 90' lang='lat' dir='ltr'><strong>id</strong></span> 
     </span>
    </p>
   </div>
   <div class='ocr_carea' id='block_1_70' title="bbox 1954 2447 3546 2517">
    <p class='ocr_par' dir='ltr' id='par_1_70' title="bbox 1954 2447 3546 2517">
     <span class='ocr_line' id='line_1_70' title="bbox 1954 2447 3546 2517; baseline -0.003 -12"><span class='ocrx_word' id='word_1_529' title='bbox 1954 2458 2059 2515; x_wconf 89' lang='lat' dir='ltr'><strong>est,</strong></span> <span class='ocrx_word' id='word_1_530' title='bbox 2087 2457 2211 2504; x_wconf 91' lang='lat' dir='ltr'><strong>octo</strong></span> <span class='ocrx_word' id='word_1_531' title='bbox 2239 2450 2432 2504; x_wconf 71' lang='lat' dir='ltr'><strong>anima:</strong></span> <span class='ocrx_word' id='word_1_532' title='bbox 2459 2448 2621 2504; x_wconf 68' lang='lat' dir='ltr'><strong>salvae</strong></span> <span class='ocrx_word' id='word_1_533' title='bbox 2647 2447 2802 2502; x_wconf 65' lang='lat' dir='ltr'><strong>facta:</strong></span> <span class='ocrx_word' id='word_1_534' title='bbox 2829 2455 2956 2502; x_wconf 91' lang='lat' dir='ltr'><strong>sunt</strong></span> <span class='ocrx_word' id='word_1_535' title='bbox 2985 2461 3083 2517; x_wconf 89' lang='lat' dir='ltr'><strong>per</strong></span> <span class='ocrx_word' id='word_1_536' title='bbox 3107 2462 3304 2516; x_wconf 85' lang='lat' dir='ltr'><strong>aquam</strong></span> <span class='ocrx_word' id='word_1_537' title='bbox 3324 2487 3339 2512; x_wconf 93' lang='lat'><strong>,</strong></span> <span class='ocrx_word' id='word_1_538' title='bbox 3376 2447 3546 2517; x_wconf 87' lang='lat' dir='ltr'><strong>signi-</strong></span> 
     </span>
    </p>
   </div>
   <div class='ocr_carea' id='block_1_71' title="bbox 1957 2539 3546 2610">
    <p class='ocr_par' dir='ltr' id='par_1_71' title="bbox 1957 2539 3546 2610">
     <span class='ocr_line' id='line_1_71' title="bbox 1957 2539 3546 2610; baseline -0.003 -13"><span class='ocrx_word' id='word_1_539' title='bbox 1957 2541 2084 2597; x_wconf 89' lang='lat' dir='ltr'><strong>ﬁcat</strong></span> <span class='ocrx_word' id='word_1_540' title='bbox 2110 2541 2253 2610; x_wconf 89' lang='lat' dir='ltr'><strong>quod</strong></span> <span class='ocrx_word' id='word_1_541' title='bbox 2279 2543 2348 2596; x_wconf 88' lang='lat' dir='ltr'><strong>ad</strong></span> <span class='ocrx_word' id='word_1_542' title='bbox 2379 2541 2842 2610; x_wconf 87' lang='lat' dir='ltr'><strong>comparationem</strong></span> <span class='ocrx_word' id='word_1_543' title='bbox 2870 2539 3210 2609; x_wconf 88' lang='lat' dir='ltr'><strong>pereuntium</strong></span> <span class='ocrx_word' id='word_1_544' title='bbox 3239 2539 3546 2608; x_wconf 88' lang='lat' dir='ltr'><strong>gentilium,</strong></span> 
     </span>
    </p>
   </div>
   <div class='ocr_carea' id='block_1_72' title="bbox 1955 2630 3550 2700">
    <p class='ocr_par' dir='ltr' id='par_1_72' title="bbox 1955 2630 3550 2700">
     <span class='ocr_line' id='line_1_72' title="bbox 1955 2630 3550 2700; baseline -0.001 -13"><span class='ocrx_word' id='word_1_545' title='bbox 1955 2632 2287 2700; x_wconf 70' lang='lat' dir='ltr'><strong>.ludzeorum,</strong></span> <span class='ocrx_word' id='word_1_546' title='bbox 2307 2633 2710 2698; x_wconf 70' lang='lat' dir='ltr'><strong>hteretieorum,</strong></span> <span class='ocrx_word' id='word_1_547' title='bbox 2733 2642 2788 2688; x_wconf 92' lang='lat' dir='ltr'><strong>et</strong></span> <span class='ocrx_word' id='word_1_548' title='bbox 2810 2631 3070 2686; x_wconf 84' lang='lat' dir='ltr'><strong>falsorum</strong></span> <span class='ocrx_word' id='word_1_549' title='bbox 3095 2630 3356 2696; x_wconf 81' lang='lat' dir='ltr'><strong>ﬁdelium,</strong></span> <span class='ocrx_word' id='word_1_550' title='bbox 3379 2632 3550 2686; x_wconf 91' lang='lat' dir='ltr'><strong>multo</strong></span> 
     </span>
    </p>
   </div>
   <div class='ocr_carea' id='block_1_73' title="bbox 1955 2723 3550 2793">
    <p class='ocr_par' dir='ltr' id='par_1_73' title="bbox 1955 2723 3550 2793">
     <span class='ocr_line' id='line_1_73' title="bbox 1955 2723 3550 2793; baseline -0.003 -11"><span class='ocrx_word' id='word_1_551' title='bbox 1955 2729 2174 2782; x_wconf 89' lang='lat' dir='ltr'><strong>brevior</strong></span> <span class='ocrx_word' id='word_1_552' title='bbox 2209 2736 2293 2782; x_wconf 89' lang='lat' dir='ltr'><strong>est</strong></span> <span class='ocrx_word' id='word_1_553' title='bbox 2329 2741 2589 2782; x_wconf 90' lang='lat' dir='ltr'><strong>numerus</strong></span> <span class='ocrx_word' id='word_1_554' title='bbox 2631 2726 2953 2780; x_wconf 89' lang='lat' dir='ltr'><strong>electorum.</strong></span> <span class='ocrx_word' id='word_1_555' title='bbox 3005 2724 3160 2780; x_wconf 86' lang='lat' dir='ltr'><strong>Unde</strong></span> <span class='ocrx_word' id='word_1_556' title='bbox 3208 2723 3276 2780; x_wconf 91' lang='lat' dir='ltr'><strong>de</strong></span> <span class='ocrx_word' id='word_1_557' title='bbox 3323 2733 3550 2793; x_wconf 85' lang='lat' dir='ltr'><strong>angusta</strong></span> 
     </span>
    </p>
   </div>
   <div class='ocr_carea' id='block_1_74' title="bbox 1956 2813 3552 2889">
    <p class='ocr_par' dir='ltr' id='par_1_74' title="bbox 1956 2813 3552 2889">
     <span class='ocr_line' id='line_1_74' title="bbox 1956 2813 3552 2889; baseline -0.006 -14"><span class='ocrx_word' id='word_1_558' title='bbox 1956 2830 2111 2889; x_wconf 87' lang='lat' dir='ltr'><strong>porta</strong></span> <span class='ocrx_word' id='word_1_559' title='bbox 2152 2827 2207 2874; x_wconf 91' lang='lat' dir='ltr'><strong>et</strong></span> <span class='ocrx_word' id='word_1_560' title='bbox 2245 2827 2395 2874; x_wconf 89' lang='lat' dir='ltr'><strong>arcta</strong></span> <span class='ocrx_word' id='word_1_561' title='bbox 2426 2819 2513 2872; x_wconf 87' lang='lat' dir='ltr'><strong>via</strong></span> <span class='ocrx_word' id='word_1_562' title='bbox 2545 2835 2667 2889; x_wconf 73' lang='lat' dir='ltr'><strong>qua:</strong></span> <span class='ocrx_word' id='word_1_563' title='bbox 2694 2817 2843 2872; x_wconf 87' lang='lat' dir='ltr'><strong>ducit</strong></span> <span class='ocrx_word' id='word_1_564' title='bbox 2886 2817 2954 2870; x_wconf 88' lang='lat' dir='ltr'><strong>ad</strong></span> <span class='ocrx_word' id='word_1_565' title='bbox 2991 2815 3160 2869; x_wconf 87' lang='lat' dir='ltr'><strong>vitam</strong></span> <span class='ocrx_word' id='word_1_566' title='bbox 3189 2815 3390 2869; x_wconf 84' lang='lat' dir='ltr'><strong>dicitur</strong></span> <span class='ocrx_word' id='word_1_567' title='bbox 3419 2833 3430 2867; x_wconf 93' lang='lat'><strong>:</strong></span> <span class='ocrx_word' id='word_1_568' title='bbox 3482 2813 3552 2866; x_wconf 81' lang='lat' dir='ltr'><strong>Et</strong></span> 
     </span>
    </p>
   </div>
   <div class='ocr_carea' id='block_1_75' title="bbox 1955 2904 3550 2982">
    <p class='ocr_par' dir='ltr' id='par_1_75' title="bbox 1955 2904 3550 2982">
     <span class='ocr_line' id='line_1_75' title="bbox 1955 2904 3550 2982; baseline -0.004 -17"><span class='ocrx_word' id='word_1_569' title='bbox 1955 2913 2114 2982; x_wconf 85' lang='lat' dir='ltr'><strong>pauci</strong></span> <span class='ocrx_word' id='word_1_570' title='bbox 2134 2920 2255 2965; x_wconf 90' lang='lat' dir='ltr'><strong>sunt</strong></span> <span class='ocrx_word' id='word_1_571' title='bbox 2282 2911 2372 2980; x_wconf 86' lang='lat' dir='ltr'><strong>qui</strong></span> <span class='ocrx_word' id='word_1_572' title='bbox 2398 2910 2666 2962; x_wconf 76' lang='lat' dir='ltr'><strong>inueniunt</strong></span> <span class='ocrx_word' id='word_1_573' title='bbox 2689 2924 2806 2962; x_wconf 89' lang='lat' dir='ltr'><strong>eam</strong></span> <span class='ocrx_word' id='word_1_574' title='bbox 2828 2905 3044 2979; x_wconf 71' lang='lat' dir='ltr'><strong>(Matth.</strong></span> <span class='ocrx_word' id='word_1_575' title='bbox 3070 2904 3190 2975; x_wconf 87' lang='lat' dir='ltr'><strong>vn).</strong></span> <span class='ocrx_word' id='word_1_576' title='bbox 3221 2905 3289 2958; x_wconf 87' lang='lat' dir='ltr'><strong>Et</strong></span> <span class='ocrx_word' id='word_1_577' title='bbox 3314 2905 3509 2958; x_wconf 69' lang='lat' dir='ltr'><strong>iterum</strong></span> <span class='ocrx_word' id='word_1_578' title='bbox 3537 2922 3550 2958; x_wconf 93' lang='lat'><strong>:</strong></span> 
     </span>
    </p>
   </div>
   <div class='ocr_carea' id='block_1_76' title="bbox 1963 2992 3554 3069">
    <p class='ocr_par' dir='ltr' id='par_1_76' title="bbox 1963 2992 3554 3069">
     <span class='ocr_line' id='line_1_76' title="bbox 1963 2992 3554 3069; baseline -0.005 -14"><span class='ocrx_word' id='word_1_579' title='bbox 1963 2999 2145 3055; x_wconf 84' lang='lat' dir='ltr'><strong>Nolite</strong></span> <span class='ocrx_word' id='word_1_580' title='bbox 2171 3002 2372 3064; x_wconf 87' lang='lat' dir='ltr'><strong>timere,</strong></span> <span class='ocrx_word' id='word_1_581' title='bbox 2402 2997 2626 3069; x_wconf 89' lang='lat' dir='ltr'><strong>pusillus</strong></span> <span class='ocrx_word' id='word_1_582' title='bbox 2673 3013 2820 3067; x_wconf 76' lang='lat' dir='ltr'><strong>grex,</strong></span> <span class='ocrx_word' id='word_1_583' title='bbox 2869 2997 2996 3065; x_wconf 86' lang='lat' dir='ltr'><strong>quia</strong></span> <span class='ocrx_word' id='word_1_584' title='bbox 3038 2994 3354 3064; x_wconf 85' lang='lat' dir='ltr'><strong>complacuit</strong></span> <span class='ocrx_word' id='word_1_585' title='bbox 3399 2992 3554 3047; x_wconf 86' lang='lat' dir='ltr'><strong>Patri</strong></span> 
     </span>
    </p>
   </div>
   <div class='ocr_carea' id='block_1_77' title="bbox 1961 3084 3061 3158">
    <p class='ocr_par' dir='ltr' id='par_1_77' title="bbox 1961 3084 3061 3158">
     <span class='ocr_line' id='line_1_77' title="bbox 1961 3084 3061 3158; baseline -0.007 -12"><span class='ocrx_word' id='word_1_586' title='bbox 1961 3102 2153 3157; x_wconf 86' lang='lat' dir='ltr'><strong>vestro,</strong></span> <span class='ocrx_word' id='word_1_587' title='bbox 2186 3091 2312 3145; x_wconf 81' lang='lat' dir='ltr'><strong>dare</strong></span> <span class='ocrx_word' id='word_1_588' title='bbox 2341 3091 2486 3145; x_wconf 81' lang='lat' dir='ltr'><strong>vobis</strong></span> <span class='ocrx_word' id='word_1_589' title='bbox 2513 3103 2728 3158; x_wconf 86' lang='lat' dir='ltr'><strong>regnum</strong></span> <span class='ocrx_word' id='word_1_590' title='bbox 2757 3085 2910 3158; x_wconf 86' lang='lat' dir='ltr'><strong>(Luc.</strong></span> <span class='ocrx_word' id='word_1_591' title='bbox 2938 3084 3061 3156; x_wconf 79' lang='lat' dir='ltr'><strong>xu).</strong></span> 
     </span>
    </p>
   </div>
   <div class='ocr_carea' id='block_1_78' title="bbox 2034 3172 3557 3252">
    <p class='ocr_par' dir='ltr' id='par_1_78' title="bbox 2034 3172 3557 3252">
     <span class='ocr_line' id='line_1_78' title="bbox 2034 3172 3557 3252; baseline -0.005 -16"><span class='ocrx_word' id='word_1_592' title='bbox 2034 3180 2158 3236; x_wconf 88' lang='lat' dir='ltr'><strong>Non</strong></span> <span class='ocrx_word' id='word_1_593' title='bbox 2180 3180 2356 3236; x_wconf 84' lang='lat' dir='ltr'><strong>carnis</strong></span> <span class='ocrx_word' id='word_1_594' title='bbox 2377 3179 2632 3252; x_wconf 85' lang='lat' dir='ltr'><strong>depositio</strong></span> <span class='ocrx_word' id='word_1_595' title='bbox 2653 3177 2912 3242; x_wconf 81' lang='lat' dir='ltr'><strong>sordium,</strong></span> <span class='ocrx_word' id='word_1_596' title='bbox 2937 3174 3028 3230; x_wconf 88' lang='lat' dir='ltr'><strong>sed</strong></span> <span class='ocrx_word' id='word_1_597' title='bbox 3052 3172 3386 3227; x_wconf 70' lang='lat' dir='ltr'><strong>conscientia</strong></span> <span class='ocrx_word' id='word_1_598' title='bbox 3407 3173 3557 3228; x_wconf 77' lang='lat' dir='ltr'><strong>bona:</strong></span> 
     </span>
    </p>
   </div>
   <div class='ocr_carea' id='block_1_79' title="bbox 1959 3265 3551 3343">
    <p class='ocr_par' dir='ltr' id='par_1_79' title="bbox 1959 3265 3551 3343">
     <span class='ocr_line' id='line_1_79' title="bbox 1959 3265 3551 3343; baseline -0.007 -15"><span class='ocrx_word' id='word_1_599' title='bbox 1959 3274 2303 3343; x_wconf 82' lang='lat' dir='ltr'><strong>interrogatio</strong></span> <span class='ocrx_word' id='word_1_600' title='bbox 2326 3272 2380 3326; x_wconf 89' lang='lat' dir='ltr'><strong>in</strong></span> <span class='ocrx_word' id='word_1_601' title='bbox 2403 3271 2590 3326; x_wconf 88' lang='lat' dir='ltr'><strong>Deum.</strong></span> <span class='ocrx_word' id='word_1_602' title='bbox 2628 3270 2732 3326; x_wconf 89' lang='lat' dir='ltr'><strong>Ubi</strong></span> <span class='ocrx_word' id='word_1_603' title='bbox 2759 3276 2843 3324; x_wconf 90' lang='lat' dir='ltr'><strong>est</strong></span> <span class='ocrx_word' id='word_1_604' title='bbox 2867 3267 3010 3323; x_wconf 90' lang='lat' dir='ltr'><strong>enim</strong></span> <span class='ocrx_word' id='word_1_605' title='bbox 3034 3265 3367 3320; x_wconf 83' lang='lat' dir='ltr'><strong>conscientia</strong></span> <span class='ocrx_word' id='word_1_606' title='bbox 3387 3265 3551 3330; x_wconf 91' lang='lat' dir='ltr'><strong>bona,</strong></span> 
     </span>
    </p>
   </div>
   <div class='ocr_carea' id='block_1_80' title="bbox 1963 3361 3559 3430">
    <p class='ocr_par' dir='ltr' id='par_1_80' title="bbox 1963 3361 3559 3430">
     <span class='ocr_line' id='line_1_80' title="bbox 1963 3361 3559 3430; baseline -0.005 -8"><span class='ocrx_word' id='word_1_607' title='bbox 1963 3367 2066 3422; x_wconf 90' lang='lat' dir='ltr'><strong>nisi</strong></span> <span class='ocrx_word' id='word_1_608' title='bbox 2093 3367 2186 3422; x_wconf 91' lang='lat' dir='ltr'><strong>ubi</strong></span> <span class='ocrx_word' id='word_1_609' title='bbox 2213 3373 2297 3421; x_wconf 91' lang='lat' dir='ltr'><strong>est</strong></span> <span class='ocrx_word' id='word_1_610' title='bbox 2323 3373 2380 3422; x_wconf 89' lang='lat' dir='ltr'><strong>et</strong></span> <span class='ocrx_word' id='word_1_611' title='bbox 2409 3361 2542 3420; x_wconf 86' lang='lat' dir='ltr'><strong>ﬁdes</strong></span> <span class='ocrx_word' id='word_1_612' title='bbox 2566 3379 2672 3419; x_wconf 94' lang='lat' dir='ltr'><strong>non</strong></span> <span class='ocrx_word' id='word_1_613' title='bbox 2701 3363 2825 3418; x_wconf 89' lang='lat' dir='ltr'><strong>ﬁcta</strong></span> <span class='ocrx_word' id='word_1_614' title='bbox 2843 3364 2868 3416; x_wconf 67' lang='grc' dir='ltr'><strong>’ἒ</strong></span> <span class='ocrx_word' id='word_1_615' title='bbox 2895 3362 3063 3416; x_wconf 88' lang='lat' dir='ltr'><strong>Docet</strong></span> <span class='ocrx_word' id='word_1_616' title='bbox 3089 3375 3321 3430; x_wconf 87' lang='lat' dir='ltr'><strong>namque</strong></span> <span class='ocrx_word' id='word_1_617' title='bbox 3343 3369 3559 3430; x_wconf 83' lang='lat' dir='ltr'><strong>aposto-</strong></span> 
     </span>
    </p>
   </div>
   <div class='ocr_carea' id='block_1_81' title="bbox 1963 3451 3558 3528">
    <p class='ocr_par' dir='ltr' id='par_1_81' title="bbox 1963 3451 3558 3528">
     <span class='ocr_line' id='line_1_81' title="bbox 1963 3451 3558 3528; baseline -0.006 -14"><span class='ocrx_word' id='word_1_618' title='bbox 1963 3459 2048 3514; x_wconf 85' lang='lat' dir='ltr'><strong>lus</strong></span> <span class='ocrx_word' id='word_1_619' title='bbox 2077 3457 2308 3522; x_wconf 88' lang='lat' dir='ltr'><strong>Paulus,</strong></span> <span class='ocrx_word' id='word_1_620' title='bbox 2349 3457 2490 3528; x_wconf 90' lang='lat' dir='ltr'><strong>quod</strong></span> <span class='ocrx_word' id='word_1_621' title='bbox 2519 3457 2642 3526; x_wconf 83' lang='lat' dir='ltr'><strong>ﬁnis</strong></span> <span class='ocrx_word' id='word_1_622' title='bbox 2668 3453 2915 3526; x_wconf 63' lang='lat' dir='ltr'><strong>pracepli</strong></span> <span class='ocrx_word' id='word_1_623' title='bbox 2941 3461 3016 3507; x_wconf 84' lang='lat' dir='ltr'><strong>est</strong></span> <span class='ocrx_word' id='word_1_624' title='bbox 3046 3453 3282 3506; x_wconf 86' lang='lat' dir='ltr'><strong>charitas</strong></span> <span class='ocrx_word' id='word_1_625' title='bbox 3311 3451 3375 3504; x_wconf 88' lang='lat' dir='ltr'><strong>de</strong></span> <span class='ocrx_word' id='word_1_626' title='bbox 3403 3451 3558 3505; x_wconf 84' lang='lat' dir='ltr'><strong>corde</strong></span> 
     </span>
    </p>
   </div>
   <div class='ocr_carea' id='block_1_82' title="bbox 1963 3540 3554 3624">
    <p class='ocr_par' dir='ltr' id='par_1_82' title="bbox 1963 3540 3554 3624">
     <span class='ocr_line' id='line_1_82' title="bbox 1963 3540 3554 3624; baseline -0.006 -19"><span class='ocrx_word' id='word_1_627' title='bbox 1963 3567 2116 3624; x_wconf 90' lang='lat' dir='ltr'><strong>puro,</strong></span> <span class='ocrx_word' id='word_1_628' title='bbox 2146 3559 2194 3605; x_wconf 89' lang='lat' dir='ltr'><strong>et</strong></span> <span class='ocrx_word' id='word_1_629' title='bbox 2217 3548 2537 3604; x_wconf 85' lang='lat' dir='ltr'><strong>conscientia</strong></span> <span class='ocrx_word' id='word_1_630' title='bbox 2568 3547 2723 3611; x_wconf 88' lang='lat' dir='ltr'><strong>bona,</strong></span> <span class='ocrx_word' id='word_1_631' title='bbox 2749 3555 2798 3600; x_wconf 89' lang='lat' dir='ltr'><strong>et</strong></span> <span class='ocrx_word' id='word_1_632' title='bbox 2828 3544 2932 3614; x_wconf 80' lang='lat' dir='ltr'><strong>ﬁde</strong></span> <span class='ocrx_word' id='word_1_633' title='bbox 2964 3561 3067 3596; x_wconf 89' lang='lat' dir='ltr'><strong>non</strong></span> <span class='ocrx_word' id='word_1_634' title='bbox 3096 3543 3224 3611; x_wconf 82' lang='lat' dir='ltr'><strong>[icta</strong></span> <span class='ocrx_word' id='word_1_635' title='bbox 3247 3540 3301 3613; x_wconf 89' lang='grc'><strong>(1</strong></span> <span class='ocrx_word' id='word_1_636' title='bbox 3328 3540 3464 3595; x_wconf 86' lang='lat' dir='ltr'><strong>Tim.</strong></span> <span class='ocrx_word' id='word_1_637' title='bbox 3491 3541 3554 3611; x_wconf 89' lang='lat' dir='ltr'><strong>t).</strong></span> 
     </span>
    </p>
   </div>
   <div class='ocr_carea' id='block_1_83' title="bbox 1966 3632 3556 3709">
    <p class='ocr_par' dir='ltr' id='par_1_83' title="bbox 1966 3632 3556 3709">
     <span class='ocr_line' id='line_1_83' title="bbox 1966 3632 3556 3709; baseline -0.009 -13"><span class='ocrx_word' id='word_1_638' title='bbox 1966 3640 2121 3709; x_wconf 85' lang='lat' dir='ltr'><strong>Quod</strong></span> <span class='ocrx_word' id='word_1_639' title='bbox 2161 3655 2292 3709; x_wconf 87' lang='lat' dir='ltr'><strong>ergo</strong></span> <span class='ocrx_word' id='word_1_640' title='bbox 2337 3653 2476 3708; x_wconf 88' lang='lat' dir='ltr'><strong>aqua</strong></span> <span class='ocrx_word' id='word_1_641' title='bbox 2521 3636 2708 3693; x_wconf 87' lang='lat' dir='ltr'><strong>diluvii</strong></span> <span class='ocrx_word' id='word_1_642' title='bbox 2755 3649 2862 3689; x_wconf 91' lang='lat' dir='ltr'><strong>non</strong></span> <span class='ocrx_word' id='word_1_643' title='bbox 2909 3632 3136 3688; x_wconf 87' lang='lat' dir='ltr'><strong>salvavit</strong></span> <span class='ocrx_word' id='word_1_644' title='bbox 3175 3639 3329 3685; x_wconf 84' lang='lat' dir='ltr'><strong>extra</strong></span> <span class='ocrx_word' id='word_1_645' title='bbox 3371 3645 3556 3684; x_wconf 87' lang='lat' dir='ltr'><strong>arcam</strong></span> 
     </span>
    </p>
   </div>
   <div class='ocr_carea' id='block_1_84' title="bbox 1966 3723 3558 3807">
    <p class='ocr_par' dir='ltr' id='par_1_84' title="bbox 1966 3723 3558 3807">
     <span class='ocr_line' id='line_1_84' title="bbox 1966 3723 3558 3807; baseline -0.012 -15"><span class='ocrx_word' id='word_1_646' title='bbox 1966 3737 2192 3807; x_wconf 89' lang='lat' dir='ltr'><strong>positos,</strong></span> <span class='ocrx_word' id='word_1_647' title='bbox 2223 3733 2318 3789; x_wconf 90' lang='lat' dir='ltr'><strong>sed</strong></span> <span class='ocrx_word' id='word_1_648' title='bbox 2349 3732 2549 3789; x_wconf 91' lang='lat' dir='ltr'><strong>occidit</strong></span> <span class='ocrx_word' id='word_1_649' title='bbox 2581 3731 2700 3785; x_wconf 91' lang='lat' dir='ltr'><strong>sine</strong></span> <span class='ocrx_word' id='word_1_650' title='bbox 2723 3728 2906 3792; x_wconf 90' lang='lat' dir='ltr'><strong>dubio,</strong></span> <span class='ocrx_word' id='word_1_651' title='bbox 2932 3723 3312 3796; x_wconf 73' lang='lat' dir='ltr'><strong>praeﬁgurabat</strong></span> <span class='ocrx_word' id='word_1_652' title='bbox 3341 3736 3558 3775; x_wconf 81' lang='lat' dir='ltr'><strong>omnem</strong></span> 
     </span>
    </p>
   </div>
   <div class='ocr_carea' id='block_1_85' title="bbox 1968 3815 3557 3889">
    <p class='ocr_par' dir='ltr' id='par_1_85' title="bbox 1968 3815 3557 3889">
     <span class='ocr_line' id='line_1_85' title="bbox 1968 3815 3557 3889; baseline -0.011 -7"><span class='ocrx_word' id='word_1_653' title='bbox 1968 3827 2310 3889; x_wconf 68' lang='lat' dir='ltr'><strong>hzereticum,</strong></span> <span class='ocrx_word' id='word_1_654' title='bbox 2331 3823 2461 3877; x_wconf 92' lang='lat' dir='ltr'><strong>licet</strong></span> <span class='ocrx_word' id='word_1_655' title='bbox 2480 3821 2769 3876; x_wconf 89' lang='lat' dir='ltr'><strong>habentem</strong></span> <span class='ocrx_word' id='word_1_656' title='bbox 2792 3815 3132 3888; x_wconf 88' lang='lat' dir='ltr'><strong>baptismatis</strong></span> <span class='ocrx_word' id='word_1_657' title='bbox 3157 3820 3557 3869; x_wconf 87' lang='lat' dir='ltr'><strong>sacramentum</strong></span> 
     </span>
    </p>
   </div>
   <div class='ocr_carea' id='block_1_86' title="bbox 1971 3903 3564 3986">
    <p class='ocr_par' dir='ltr' id='par_1_86' title="bbox 1971 3903 3564 3986">
     <span class='ocr_line' id='line_1_86' title="bbox 1971 3903 3564 3986; baseline -0.009 -13"><span class='ocrx_word' id='word_1_658' title='bbox 1971 3921 2023 3974; x_wconf 93' lang='lat' dir='ltr'><strong>in</strong></span> <span class='ocrx_word' id='word_1_659' title='bbox 2052 3919 2195 3981; x_wconf 89' lang='lat' dir='ltr'><strong>aliis,</strong></span> <span class='ocrx_word' id='word_1_660' title='bbox 2227 3917 2323 3970; x_wconf 88' lang='lat' dir='ltr'><strong>sed</strong></span> <span class='ocrx_word' id='word_1_661' title='bbox 2355 3914 2486 3986; x_wconf 90' lang='lat' dir='ltr'><strong>ipsis</strong></span> <span class='ocrx_word' id='word_1_662' title='bbox 2511 3913 2668 3984; x_wconf 87' lang='lat' dir='ltr'><strong>aquis</strong></span> <span class='ocrx_word' id='word_1_663' title='bbox 2697 3911 2763 3966; x_wconf 89' lang='lat' dir='ltr'><strong>ad</strong></span> <span class='ocrx_word' id='word_1_664' title='bbox 2795 3910 3008 3964; x_wconf 81' lang='lat' dir='ltr'><strong>interna</strong></span> <span class='ocrx_word' id='word_1_665' title='bbox 3035 3905 3407 3974; x_wconf 80' lang='lat' dir='ltr'><strong>mergendum,</strong></span> <span class='ocrx_word' id='word_1_666' title='bbox 3440 3903 3564 3974; x_wconf 68' lang='lat' dir='ltr'><strong>quia</strong></span> 
     </span>
    </p>
   </div>
   <div class='ocr_carea' id='block_1_87' title="bbox 1968 4001 3561 4080">
    <p class='ocr_par' dir='ltr' id='par_1_87' title="bbox 1968 4001 3561 4080">
     <span class='ocr_line' id='line_1_87' title="bbox 1968 4001 3561 4080; baseline -0.011 -14"><span class='ocrx_word' id='word_1_667' title='bbox 1968 4012 2071 4066; x_wconf 88' lang='lat' dir='ltr'><strong>bus</strong></span> <span class='ocrx_word' id='word_1_668' title='bbox 2106 4025 2232 4064; x_wconf 90' lang='lat' dir='ltr'><strong>arca</strong></span> <span class='ocrx_word' id='word_1_669' title='bbox 2260 4007 2574 4063; x_wconf 86' lang='lat' dir='ltr'><strong>sublevatur</strong></span> <span class='ocrx_word' id='word_1_670' title='bbox 2601 4005 2667 4060; x_wconf 89' lang='lat' dir='ltr'><strong>ad</strong></span> <span class='ocrx_word' id='word_1_671' title='bbox 2693 4002 2911 4059; x_wconf 63' lang='lat' dir='ltr'><strong>caelum.</strong></span> <span class='ocrx_word' id='word_1_672' title='bbox 2949 4001 3066 4080; x_wconf 79' lang='lat' dir='ltr'><strong>Ipse</strong></span> <span class='ocrx_word' id='word_1_673' title='bbox 3095 4012 3310 4070; x_wconf 89' lang='lat' dir='ltr'><strong>quoque</strong></span> <span class='ocrx_word' id='word_1_674' title='bbox 3337 4007 3561 4051; x_wconf 90' lang='lat' dir='ltr'><strong>octona-</strong></span> 
     </span>
    </p>
   </div>
   <div class='ocr_carea' id='block_1_88' title="bbox 1970 4086 3564 4158">
    <p class='ocr_par' dir='ltr' id='par_1_88' title="bbox 1970 4086 3564 4158">
     <span class='ocr_line' id='line_1_88' title="bbox 1970 4086 3564 4158; baseline -0.01 -5"><span class='ocrx_word' id='word_1_675' title='bbox 1970 4099 2085 4154; x_wconf 89' lang='lat' dir='ltr'><strong>rius</strong></span> <span class='ocrx_word' id='word_1_676' title='bbox 2114 4111 2374 4152; x_wconf 89' lang='lat' dir='ltr'><strong>numerus</strong></span> <span class='ocrx_word' id='word_1_677' title='bbox 2404 4094 2708 4148; x_wconf 90' lang='lat' dir='ltr'><strong>animarum</strong></span> <span class='ocrx_word' id='word_1_678' title='bbox 2729 4131 2742 4155; x_wconf 92' lang='lat'><strong>,</strong></span> <span class='ocrx_word' id='word_1_679' title='bbox 2787 4105 2906 4158; x_wconf 70' lang='lat' dir='ltr'><strong>qua:</strong></span> <span class='ocrx_word' id='word_1_680' title='bbox 2934 4087 3094 4142; x_wconf 69' lang='lat' dir='ltr'><strong>salva:</strong></span> <span class='ocrx_word' id='word_1_681' title='bbox 3123 4086 3280 4140; x_wconf 68' lang='lat' dir='ltr'><strong>facta:</strong></span> <span class='ocrx_word' id='word_1_682' title='bbox 3309 4093 3436 4139; x_wconf 91' lang='lat' dir='ltr'><strong>sunt</strong></span> <span class='ocrx_word' id='word_1_683' title='bbox 3466 4099 3564 4152; x_wconf 87' lang='lat' dir='ltr'><strong>per</strong></span> 
     </span>
    </p>
   </div>
   <div class='ocr_carea' id='block_1_89' title="bbox 1972 4175 3563 4260">
    <p class='ocr_par' dir='ltr' id='par_1_89' title="bbox 1972 4175 3563 4260">
     <span class='ocr_line' id='line_1_89' title="bbox 1972 4175 3563 4260; baseline -0.012 -14"><span class='ocrx_word' id='word_1_684' title='bbox 1972 4206 2202 4260; x_wconf 84' lang='lat' dir='ltr'><strong>aquam,</strong></span> <span class='ocrx_word' id='word_1_685' title='bbox 2251 4184 2521 4256; x_wconf 80' lang='lat' dir='ltr'><strong>signiﬁcat</strong></span> <span class='ocrx_word' id='word_1_686' title='bbox 2578 4182 2703 4252; x_wconf 88' lang='lat' dir='ltr'><strong>quia</strong></span> <span class='ocrx_word' id='word_1_687' title='bbox 2756 4187 2943 4235; x_wconf 87' lang='lat' dir='ltr'><strong>sancta</strong></span> <span class='ocrx_word' id='word_1_688' title='bbox 2999 4176 3240 4232; x_wconf 86' lang='lat' dir='ltr'><strong>Ecclesia</strong></span> <span class='ocrx_word' id='word_1_689' title='bbox 3282 4175 3337 4229; x_wconf 90' lang='lat' dir='ltr'><strong>in</strong></span> <span class='ocrx_word' id='word_1_690' title='bbox 3373 4190 3563 4230; x_wconf 87' lang='lat' dir='ltr'><strong>sacra-</strong></span> 
     </span>
    </p>
   </div>
   <div class='ocr_carea' id='block_1_90' title="bbox 1972 4265 3560 4338">
    <p class='ocr_par' dir='ltr' id='par_1_90' title="bbox 1972 4265 3560 4338">
     <span class='ocr_line' id='line_1_90' title="bbox 1972 4265 3560 4338; baseline -0.011 -2"><span class='ocrx_word' id='word_1_691' title='bbox 1972 4289 2214 4336; x_wconf 89' lang='lat' dir='ltr'><strong>mentum</strong></span> <span class='ocrx_word' id='word_1_692' title='bbox 2235 4277 2527 4332; x_wconf 67' lang='lat' dir='ltr'><strong>Dominica:</strong></span> <span class='ocrx_word' id='word_1_693' title='bbox 2553 4269 2970 4328; x_wconf 86' lang='lat' dir='ltr'><strong>resurrectionis</strong></span> <span class='ocrx_word' id='word_1_694' title='bbox 2992 4267 3250 4338; x_wconf 85' lang='lat' dir='ltr'><strong>baptismi</strong></span> <span class='ocrx_word' id='word_1_695' title='bbox 3282 4265 3560 4321; x_wconf 89' lang='lat' dir='ltr'><strong>lavacrum</strong></span> 
     </span>
    </p>
   </div>
   <div class='ocr_carea' id='block_1_91' title="bbox 287 4356 3566 4468">
    <p class='ocr_par' dir='ltr' id='par_1_91' title="bbox 287 4356 3566 4468">
     <span class='ocr_line' id='line_1_91' title="bbox 287 4356 3566 4468; baseline -0.007 -36"><span class='ocrx_word' id='word_1_696' title='bbox 287 4395 393 4434; x_wconf 88' lang='lat' dir='ltr'><strong>non</strong></span> <span class='ocrx_word' id='word_1_697' title='bbox 434 4377 712 4432; x_wconf 73' lang='lat' dir='ltr'><strong>audierunt</strong></span> <span class='ocrx_word' id='word_1_698' title='bbox 741 4375 956 4449; x_wconf 71' lang='lat' dir='ltr'><strong>(Matth.</strong></span> <span class='ocrx_word' id='word_1_699' title='bbox 985 4373 1134 4440; x_wconf 73' lang='lat' dir='ltr'><strong>xm),</strong></span> <span class='ocrx_word' id='word_1_700' title='bbox 1175 4375 1240 4429; x_wconf 87' lang='lat' dir='ltr'><strong>de</strong></span> <span class='ocrx_word' id='word_1_701' title='bbox 1284 4388 1389 4443; x_wconf 85' lang='lat' dir='ltr'><strong>qna</strong></span> <span class='ocrx_word' id='word_1_702' title='bbox 1437 4381 1492 4427; x_wconf 92' lang='lat' dir='ltr'><strong>et</strong></span> <span class='ocrx_word' id='word_1_703' title='bbox 1539 4371 1861 4426; x_wconf 76' lang='lat' dir='ltr'><strong>Psalmista:</strong></span> <span class='ocrx_word' id='word_1_704' title='bbox 1896 4407 1948 4468; x_wconf 70' lang='grc' dir='ltr'>Β</span> <span class='ocrx_word' id='word_1_705' title='bbox 1971 4371 2235 4443; x_wconf 82' lang='lat' dir='ltr'><strong>percipit,</strong></span> <span class='ocrx_word' id='word_1_706' title='bbox 2277 4375 2338 4422; x_wconf 88' lang='lat' dir='ltr'><strong>ut</strong></span> <span class='ocrx_word' id='word_1_707' title='bbox 2375 4367 2516 4421; x_wconf 88' lang='lat' dir='ltr'><strong>sicut</strong></span> <span class='ocrx_word' id='word_1_708' title='bbox 2554 4366 2669 4436; x_wconf 83' lang='lat' dir='ltr'><strong>ipse</strong></span> <span class='ocrx_word' id='word_1_709' title='bbox 2710 4359 2992 4416; x_wconf 71' lang='lat' dir='ltr'><strong>resurrexit</strong></span> <span class='ocrx_word' id='word_1_710' title='bbox 3024 4377 3055 4412; x_wconf 90' lang='lat' dir='ltr'><strong>a</strong></span> <span class='ocrx_word' id='word_1_711' title='bbox 3085 4358 3308 4411; x_wconf 85' lang='lat' dir='ltr'><strong>mortuis</strong></span> <span class='ocrx_word' id='word_1_712' title='bbox 3335 4373 3430 4427; x_wconf 83' lang='lat' dir='ltr'><strong>per</strong></span> <span class='ocrx_word' id='word_1_713' title='bbox 3451 4356 3566 4426; x_wconf 80' lang='lat' dir='ltr'><strong>glo-</strong></span> 
     </span>
    </p>
   </div>
   <div class='ocr_carea' id='block_1_92' title="bbox 193 4463 1866 4544">
    <p class='ocr_par' dir='ltr' id='par_1_92' title="bbox 193 4463 1866 4544">
     <span class='ocr_line' id='line_1_92' title="bbox 193 4463 1866 4544; baseline -0.007 -17"><span class='ocrx_word' id='word_1_714' title='bbox 193 4530 208 4540; x_wconf 57' lang='grc'><em>,</em></span> <span class='ocrx_word' id='word_1_715' title='bbox 288 4473 622 4544; x_wconf 76' lang='lat' dir='ltr'><strong>Defecerunt,</strong></span> <span class='ocrx_word' id='word_1_716' title='bbox 663 4471 858 4542; x_wconf 79' lang='lat' dir='ltr'><strong>inquit,</strong></span> <span class='ocrx_word' id='word_1_717' title='bbox 887 4468 1026 4524; x_wconf 87' lang='lat' dir='ltr'><strong>oculi</strong></span> <span class='ocrx_word' id='word_1_718' title='bbox 1055 4469 1157 4522; x_wconf 88' lang='lat' dir='ltr'><strong>mei</strong></span> <span class='ocrx_word' id='word_1_719' title='bbox 1184 4469 1241 4522; x_wconf 89' lang='lat' dir='ltr'><strong>in</strong></span> <span class='ocrx_word' id='word_1_720' title='bbox 1267 4465 1530 4536; x_wconf 80' lang='lat' dir='ltr'><strong>eloquium</strong></span> <span class='ocrx_word' id='word_1_721' title='bbox 1562 4474 1710 4518; x_wconf 88' lang='lat' dir='ltr'><strong>tuum</strong></span> <span class='ocrx_word' id='word_1_722' title='bbox 1730 4504 1744 4528; x_wconf 93' lang='lat'><strong>,</strong></span> <span class='ocrx_word' id='word_1_723' title='bbox 1782 4463 1866 4516; x_wconf 84' lang='lat' dir='ltr'><strong>di-</strong></span> 
     </span>
    </p>
   </div>
   <div class='ocr_carea' id='block_1_93' title="bbox 289 4552 1870 4629">
    <p class='ocr_par' dir='ltr' id='par_1_93' title="bbox 289 4552 1870 4629">
     <span class='ocr_line' id='line_1_93' title="bbox 289 4552 1870 4629; baseline -0.008 -11"><span class='ocrx_word' id='word_1_724' title='bbox 289 4574 459 4618; x_wconf 81' lang='lat' dir='ltr'><strong>centes</strong></span> <span class='ocrx_word' id='word_1_725' title='bbox 491 4577 510 4616; x_wconf 88' lang='lat'><strong>:</strong></span> <span class='ocrx_word' id='word_1_726' title='bbox 562 4559 788 4629; x_wconf 79' lang='lat' dir='ltr'><strong>Quando</strong></span> <span class='ocrx_word' id='word_1_727' title='bbox 837 4558 1193 4616; x_wconf 75' lang='lat' dir='ltr'><strong>consolabcris</strong></span> <span class='ocrx_word' id='word_1_728' title='bbox 1240 4571 1324 4612; x_wconf 87' lang='lat' dir='ltr'><strong>me</strong></span> <span class='ocrx_word' id='word_1_729' title='bbox 1395 4552 1582 4628; x_wconf 85' lang='lat' dir='ltr'><strong>(Psal.</strong></span> <span class='ocrx_word' id='word_1_730' title='bbox 1635 4552 1870 4623; x_wconf 76' lang='lat' dir='ltr'><strong>cxmt)?</strong></span> 
     </span>
    </p>
   </div>
   <div class='ocr_carea' id='block_1_94' title="bbox 290 4641 1870 4726">
    <p class='ocr_par' dir='ltr' id='par_1_94' title="bbox 290 4641 1870 4726">
     <span class='ocr_line' id='line_1_94' title="bbox 290 4641 1870 4726; baseline -0.01 -14"><span class='ocrx_word' id='word_1_731' title='bbox 290 4656 477 4712; x_wconf 86' lang='lat' dir='ltr'><strong>Sancti</strong></span> <span class='ocrx_word' id='word_1_732' title='bbox 510 4655 852 4726; x_wconf 84' lang='lat' dir='ltr'><strong>quiescentes</strong></span> <span class='ocrx_word' id='word_1_733' title='bbox 889 4652 946 4707; x_wconf 84' lang='lat' dir='ltr'><strong>in</strong></span> <span class='ocrx_word' id='word_1_734' title='bbox 987 4649 1198 4706; x_wconf 79' lang='lat' dir='ltr'><strong>inferno</strong></span> <span class='ocrx_word' id='word_1_735' title='bbox 1228 4648 1692 4710; x_wconf 84' lang='lat' dir='ltr'><strong>desideraverunt,</strong></span> <span class='ocrx_word' id='word_1_736' title='bbox 1728 4641 1870 4714; x_wconf 87' lang='lat' dir='ltr'><strong>quod</strong></span> 
     </span>
    </p>
   </div>
   <div class='ocr_carea' id='block_1_95' title="bbox 290 4738 1872 4809">
    <p class='ocr_par' dir='ltr' id='par_1_95' title="bbox 290 4738 1872 4809">
     <span class='ocr_line' id='line_1_95' title="bbox 290 4738 1872 4809; baseline -0.009 -3"><span class='ocrx_word' id='word_1_737' title='bbox 290 4749 652 4806; x_wconf 84' lang='lat' dir='ltr'><strong>descendente</strong></span> <span class='ocrx_word' id='word_1_738' title='bbox 695 4747 750 4802; x_wconf 93' lang='lat' dir='ltr'><strong>in</strong></span> <span class='ocrx_word' id='word_1_739' title='bbox 792 4746 1002 4802; x_wconf 81' lang='lat' dir='ltr'><strong>inferna</strong></span> <span class='ocrx_word' id='word_1_740' title='bbox 1045 4744 1294 4808; x_wconf 91' lang='lat' dir='ltr'><strong>Domino,</strong></span> <span class='ocrx_word' id='word_1_741' title='bbox 1339 4741 1505 4796; x_wconf 91' lang='lat' dir='ltr'><strong>etiam</strong></span> <span class='ocrx_word' id='word_1_742' title='bbox 1550 4741 1636 4796; x_wconf 87' lang='lat' dir='ltr'><strong>his</strong></span> <span class='ocrx_word' id='word_1_743' title='bbox 1676 4739 1768 4809; x_wconf 86' lang='lat' dir='ltr'><strong>qui</strong></span> <span class='ocrx_word' id='word_1_744' title='bbox 1816 4738 1872 4792; x_wconf 89' lang='lat' dir='ltr'><strong>in</strong></span> 
     </span>
    </p>
   </div>
   <div class='ocr_carea' id='block_1_96' title="bbox 292 4830 1872 4906">
    <p class='ocr_par' dir='ltr' id='par_1_96' title="bbox 292 4830 1872 4906">
     <span class='ocr_line' id='line_1_96' title="bbox 292 4830 1872 4906; baseline -0.009 -9"><span class='ocrx_word' id='word_1_745' title='bbox 292 4853 512 4898; x_wconf 86' lang='lat' dir='ltr'><strong>carcere</strong></span> <span class='ocrx_word' id='word_1_746' title='bbox 557 4846 752 4904; x_wconf 86' lang='lat' dir='ltr'><strong>erant,</strong></span> <span class='ocrx_word' id='word_1_747' title='bbox 813 4847 869 4893; x_wconf 92' lang='lat' dir='ltr'><strong>et</strong></span> <span class='ocrx_word' id='word_1_748' title='bbox 921 4835 1188 4906; x_wconf 83' lang='lat' dir='ltr'><strong>increduli</strong></span> <span class='ocrx_word' id='word_1_749' title='bbox 1231 4835 1502 4904; x_wconf 89' lang='lat' dir='ltr'><strong>quondam</strong></span> <span class='ocrx_word' id='word_1_750' title='bbox 1549 4830 1768 4885; x_wconf 81' lang='lat' dir='ltr'><strong>luerunt</strong></span> <span class='ocrx_word' id='word_1_751' title='bbox 1818 4830 1872 4884; x_wconf 94' lang='lat' dir='ltr'><strong>in</strong></span> 
     </span>
    </p>
   </div>
   <div class='ocr_carea' id='block_1_97' title="bbox 292 4921 1870 4995">
    <p class='ocr_par' dir='ltr' id='par_1_97' title="bbox 292 4921 1870 4995">
     <span class='ocr_line' id='line_1_97' title="bbox 292 4921 1870 4995; baseline -0.006 -11"><span class='ocrx_word' id='word_1_752' title='bbox 292 4930 484 4986; x_wconf 87' lang='lat' dir='ltr'><strong>diebus</strong></span> <span class='ocrx_word' id='word_1_753' title='bbox 526 4927 679 4995; x_wconf 79' lang='lat' dir='ltr'><strong>Noe,</strong></span> <span class='ocrx_word' id='word_1_754' title='bbox 740 4926 1042 4984; x_wconf 84' lang='lat' dir='ltr'><strong>consolatio</strong></span> <span class='ocrx_word' id='word_1_755' title='bbox 1085 4925 1170 4979; x_wconf 88' lang='lat' dir='ltr'><strong>vel</strong></span> <span class='ocrx_word' id='word_1_756' title='bbox 1219 4924 1524 4978; x_wconf 82' lang='lat' dir='ltr'><strong>exhortatio</strong></span> <span class='ocrx_word' id='word_1_757' title='bbox 1581 4921 1870 4992; x_wconf 73' lang='lat' dir='ltr'><strong>prmdicata</strong></span> 
     </span>
    </p>
   </div>
   <div class='ocr_carea' id='block_1_98' title="bbox 295 5009 1872 5078">
    <p class='ocr_par' dir='ltr' id='par_1_98' title="bbox 295 5009 1872 5078">
     <span class='ocr_line' id='line_1_98' title="bbox 295 5009 1872 5078; baseline -0.008 -2"><span class='ocrx_word' id='word_1_758' title='bbox 295 5023 476 5077; x_wconf 72' lang='lat' dir='ltr'><strong>fuerit.</strong></span> <span class='ocrx_word' id='word_1_759' title='bbox 524 5021 650 5078; x_wconf 69' lang='lat' dir='ltr'><strong>llzce</strong></span> <span class='ocrx_word' id='word_1_760' title='bbox 691 5019 778 5076; x_wconf 88' lang='lat' dir='ltr'><strong>ille</strong></span> <span class='ocrx_word' id='word_1_761' title='bbox 819 5019 1039 5076; x_wconf 78' lang='lat' dir='ltr'><strong>dixerit.</strong></span> <span class='ocrx_word' id='word_1_762' title='bbox 1087 5016 1194 5072; x_wconf 89' lang='lat' dir='ltr'><strong>Sed</strong></span> <span class='ocrx_word' id='word_1_763' title='bbox 1225 5016 1492 5071; x_wconf 73' lang='lat' dir='ltr'><strong>catholica</strong></span> <span class='ocrx_word' id='word_1_764' title='bbox 1521 5009 1654 5068; x_wconf 84' lang='lat' dir='ltr'><strong>ﬁdes</strong></span> <span class='ocrx_word' id='word_1_765' title='bbox 1687 5013 1872 5075; x_wconf 81' lang='lat' dir='ltr'><strong>habet,</strong></span> 
     </span>
    </p>
   </div>
   <div class='ocr_carea' id='block_1_99' title="bbox 292 5105 1876 5188">
    <p class='ocr_par' dir='ltr' id='par_1_99' title="bbox 292 5105 1876 5188">
     <span class='ocr_line' id='line_1_99' title="bbox 292 5105 1876 5188; baseline -0.01 -17"><span class='ocrx_word' id='word_1_766' title='bbox 292 5116 440 5188; x_wconf 88' lang='lat' dir='ltr'><strong>quod</strong></span> <span class='ocrx_word' id='word_1_767' title='bbox 481 5113 813 5171; x_wconf 88' lang='lat' dir='ltr'><strong>descendens</strong></span> <span class='ocrx_word' id='word_1_768' title='bbox 857 5113 926 5168; x_wconf 88' lang='lat' dir='ltr'><strong>ad</strong></span> <span class='ocrx_word' id='word_1_769' title='bbox 970 5109 1180 5166; x_wconf 77' lang='lat' dir='ltr'><strong>inferna</strong></span> <span class='ocrx_word' id='word_1_770' title='bbox 1224 5106 1501 5168; x_wconf 87' lang='lat' dir='ltr'><strong>Dominus,</strong></span> <span class='ocrx_word' id='word_1_771' title='bbox 1550 5120 1655 5160; x_wconf 90' lang='lat' dir='ltr'><strong>non</strong></span> <span class='ocrx_word' id='word_1_772' title='bbox 1700 5105 1876 5158; x_wconf 87' lang='lat' dir='ltr'><strong>inere-</strong></span> 
     </span>
    </p>
   </div>
   <div class='ocr_carea' id='block_1_100' title="bbox 293 5199 1876 5275">
    <p class='ocr_par' dir='ltr' id='par_1_100' title="bbox 293 5199 1876 5275">
     <span class='ocr_line' id='line_1_100' title="bbox 293 5199 1876 5275; baseline -0.011 -7"><span class='ocrx_word' id='word_1_773' title='bbox 293 5207 642 5275; x_wconf 85' lang='lat' dir='ltr'><strong>dulos.inde,</strong></span> <span class='ocrx_word' id='word_1_774' title='bbox 685 5206 1013 5263; x_wconf 76' lang='lat' dir='ltr'><strong>sed&#39;ﬁdcles</strong></span> <span class='ocrx_word' id='word_1_775' title='bbox 1053 5199 1392 5258; x_wconf 86' lang='lat' dir='ltr'><strong>solummodo</strong></span> <span class='ocrx_word' id='word_1_776' title='bbox 1436 5213 1564 5254; x_wconf 86' lang='lat' dir='ltr'><strong>suos</strong></span> <span class='ocrx_word' id='word_1_777' title='bbox 1607 5199 1876 5262; x_wconf 82' lang='lat' dir='ltr'><strong>edueens,</strong></span> 
     </span>
    </p>
   </div>
   <div class='ocr_carea' id='block_1_101' title="bbox 295 5285 1882 5370">
    <p class='ocr_par' dir='ltr' id='par_1_101' title="bbox 295 5285 1882 5370">
     <span class='ocr_line' id='line_1_101' title="bbox 295 5285 1882 5370; baseline -0.013 -11"><span class='ocrx_word' id='word_1_778' title='bbox 295 5303 362 5359; x_wconf 85' lang='lat' dir='ltr'><strong>ad</strong></span> <span class='ocrx_word' id='word_1_779' title='bbox 396 5300 639 5358; x_wconf 63' lang='lat' dir='ltr'><strong>coelestia</strong></span> <span class='ocrx_word' id='word_1_780' title='bbox 678 5315 863 5355; x_wconf 91' lang='lat' dir='ltr'><strong>secum</strong></span> <span class='ocrx_word' id='word_1_781' title='bbox 903 5312 1067 5370; x_wconf 84' lang='lat' dir='ltr'><strong>regna</strong></span> <span class='ocrx_word' id='word_1_782' title='bbox 1107 5291 1446 5366; x_wconf 71' lang='lat' dir='ltr'><strong>perduxerit,</strong></span> <span class='ocrx_word' id='word_1_783' title='bbox 1489 5303 1666 5358; x_wconf 88' lang='lat' dir='ltr'><strong>neque</strong></span> <span class='ocrx_word' id='word_1_784' title='bbox 1704 5285 1882 5341; x_wconf 80' lang='lat' dir='ltr'><strong>exutis</strong></span> 
     </span>
    </p>
   </div>
   <div class='ocr_carea' id='block_1_102' title="bbox 1976 4446 3570 4524">
    <p class='ocr_par' dir='ltr' id='par_1_102' title="bbox 1976 4446 3570 4524">
     <span class='ocr_line' id='line_1_102' title="bbox 1976 4446 3570 4524; baseline -0.009 -7"><span class='ocrx_word' id='word_1_785' title='bbox 1976 4466 2110 4519; x_wconf 83' lang='lat' dir='ltr'><strong>riam</strong></span> <span class='ocrx_word' id='word_1_786' title='bbox 2149 4461 2358 4524; x_wconf 81' lang='lat' dir='ltr'><strong>Patris,</strong></span> <span class='ocrx_word' id='word_1_787' title='bbox 2408 4458 2483 4511; x_wconf 91' lang='lat' dir='ltr'><strong>ita</strong></span> <span class='ocrx_word' id='word_1_788' title='bbox 2532 4464 2587 4510; x_wconf 90' lang='lat' dir='ltr'><strong>et</strong></span> <span class='ocrx_word' id='word_1_789' title='bbox 2634 4469 2734 4508; x_wconf 88' lang='lat' dir='ltr'><strong>nos</strong></span> <span class='ocrx_word' id='word_1_790' title='bbox 2780 4451 3064 4520; x_wconf 76' lang='lat' dir='ltr'><strong>cx&#39;purgati</strong></span> <span class='ocrx_word' id='word_1_791' title='bbox 3112 4464 3141 4502; x_wconf 93' lang='lat' dir='ltr'><strong>a</strong></span> <span class='ocrx_word' id='word_1_792' title='bbox 3188 4446 3429 4516; x_wconf 90' lang='lat' dir='ltr'><strong>peccatis</strong></span> <span class='ocrx_word' id='word_1_793' title='bbox 3469 4463 3570 4519; x_wconf 88' lang='lat' dir='ltr'><strong>per</strong></span> 
     </span>
    </p>
   </div>
   <div class='ocr_carea' id='block_1_103' title="bbox 1977 4538 3568 4624">
    <p class='ocr_par' dir='ltr' id='par_1_103' title="bbox 1977 4538 3568 4624">
     <span class='ocr_line' id='line_1_103' title="bbox 1977 4538 3568 4624; baseline -0.011 -15"><span class='ocrx_word' id='word_1_794' title='bbox 1977 4569 2174 4624; x_wconf 86' lang='lat' dir='ltr'><strong>aquam</strong></span> <span class='ocrx_word' id='word_1_795' title='bbox 2207 4547 2666 4623; x_wconf 86' lang='lat' dir='ltr'><strong>regenerationis,</strong></span> <span class='ocrx_word' id='word_1_796' title='bbox 2712 4545 2767 4598; x_wconf 87' lang='lat' dir='ltr'><strong>in</strong></span> <span class='ocrx_word' id='word_1_797' title='bbox 2812 4542 3043 4598; x_wconf 74' lang='lat' dir='ltr'><strong>novitate</strong></span> <span class='ocrx_word' id='word_1_798' title='bbox 3083 4541 3203 4595; x_wconf 80' lang='lat' dir='ltr'><strong>rita:</strong></span> <span class='ocrx_word' id='word_1_799' title='bbox 3239 4538 3568 4593; x_wconf 75' lang='lat' dir='ltr'><strong>erubuimus</strong></span> 
     </span>
    </p>
   </div>
   <div class='ocr_carea' id='block_1_104' title="bbox 1981 4632 3570 4720">
    <p class='ocr_par' dir='ltr' id='par_1_104' title="bbox 1981 4632 3570 4720">
     <span class='ocr_line' id='line_1_104' title="bbox 1981 4632 3570 4720; baseline -0.01 -19"><span class='ocrx_word' id='word_1_800' title='bbox 1981 4646 2155 4720; x_wconf 81' lang='lat' dir='ltr'><strong>(Rom.</strong></span> <span class='ocrx_word' id='word_1_801' title='bbox 2181 4652 2282 4712; x_wconf 73' lang='grc' dir='ltr'><strong>γι).</strong></span> <span class='ocrx_word' id='word_1_802' title='bbox 2321 4644 2524 4699; x_wconf 83' lang='lat' dir='ltr'><strong>Octava</strong></span> <span class='ocrx_word' id='word_1_803' title='bbox 2556 4654 2790 4709; x_wconf 88' lang='lat' dir='ltr'><strong>namque</strong></span> <span class='ocrx_word' id='word_1_804' title='bbox 2816 4637 2952 4696; x_wconf 87' lang='lat' dir='ltr'><strong>dies,</strong></span> <span class='ocrx_word' id='word_1_805' title='bbox 2984 4636 3090 4689; x_wconf 91' lang='lat' dir='ltr'><strong>hoe</strong></span> <span class='ocrx_word' id='word_1_806' title='bbox 3117 4641 3219 4696; x_wconf 90' lang='lat' dir='ltr'><strong>est,</strong></span> <span class='ocrx_word' id='word_1_807' title='bbox 3255 4641 3378 4702; x_wconf 90' lang='lat' dir='ltr'><strong>post</strong></span> <span class='ocrx_word' id='word_1_808' title='bbox 3402 4632 3570 4701; x_wconf 89' lang='lat' dir='ltr'><strong>septi-</strong></span> 
     </span>
    </p>
   </div>
   <div class='ocr_carea' id='block_1_105' title="bbox 1983 4728 3596 4803">
    <p class='ocr_par' dir='ltr' id='par_1_105' title="bbox 1983 4728 3596 4803">
     <span class='ocr_line' id='line_1_105' title="bbox 1983 4728 3596 4803; baseline -0.012 -9"><span class='ocrx_word' id='word_1_809' title='bbox 1983 4755 2128 4794; x_wconf 87' lang='lat' dir='ltr'><strong>mam</strong></span> <span class='ocrx_word' id='word_1_810' title='bbox 2153 4737 2365 4792; x_wconf 85' lang='lat' dir='ltr'><strong>sal.bati</strong></span> <span class='ocrx_word' id='word_1_811' title='bbox 2386 4734 2649 4790; x_wconf 87' lang='lat' dir='ltr'><strong>Dominus</strong></span> <span class='ocrx_word' id='word_1_812' title='bbox 2669 4748 2698 4784; x_wconf 90' lang='lat' dir='ltr'><strong>a</strong></span> <span class='ocrx_word' id='word_1_813' title='bbox 2721 4728 2951 4784; x_wconf 87' lang='lat' dir='ltr'><strong>mortuis</strong></span> <span class='ocrx_word' id='word_1_814' title='bbox 2974 4739 3284 4796; x_wconf 85' lang='lat' dir='ltr'><strong>resurgens,</strong></span> <span class='ocrx_word' id='word_1_815' title='bbox 3309 4729 3364 4777; x_wconf 92' lang='lat' dir='ltr'><strong>et</strong></span> <span class='ocrx_word' id='word_1_816' title='bbox 3387 4738 3571 4778; x_wconf 76' lang='lat' dir='ltr'><strong>exem-</strong></span> <span class='ocrx_word' id='word_1_817' title='bbox 3594 4799 3596 4803; x_wconf 22' lang='lat'>.</span> 
     </span>
    </p>
   </div>
   <div class='ocr_carea' id='block_1_106' title="bbox 1983 4815 3576 4905">
    <p class='ocr_par' dir='ltr' id='par_1_106' title="bbox 1983 4815 3576 4905">
     <span class='ocr_line' id='line_1_106' title="bbox 1983 4815 3576 4905; baseline -0.011 -19"><span class='ocrx_word' id='word_1_818' title='bbox 1983 4834 2130 4905; x_wconf 86' lang='lat' dir='ltr'><strong>plum</strong></span> <span class='ocrx_word' id='word_1_819' title='bbox 2155 4830 2310 4886; x_wconf 70' lang='lat' dir='ltr'><strong>nobis</strong></span> <span class='ocrx_word' id='word_1_820' title='bbox 2330 4828 2524 4883; x_wconf 73' lang='lat' dir='ltr'><strong>futura:</strong></span> <span class='ocrx_word' id='word_1_821' title='bbox 2548 4821 2982 4884; x_wconf 88' lang='lat' dir='ltr'><strong>resurrectionis,</strong></span> <span class='ocrx_word' id='word_1_822' title='bbox 3004 4827 3057 4873; x_wconf 91' lang='lat' dir='ltr'><strong>et</strong></span> <span class='ocrx_word' id='word_1_823' title='bbox 3081 4815 3401 4890; x_wconf 84' lang='lat' dir='ltr'><strong>mysterium</strong></span> <span class='ocrx_word' id='word_1_824' title='bbox 3419 4831 3576 4868; x_wconf 79' lang='lat' dir='ltr'><strong>novae</strong></span> 
     </span>
    </p>
   </div>
   <div class='ocr_carea' id='block_1_107' title="bbox 1977 4905 3572 4986">
    <p class='ocr_par' dir='ltr' id='par_1_107' title="bbox 1977 4905 3572 4986">
     <span class='ocr_line' id='line_1_107' title="bbox 1977 4905 3572 4986; baseline -0.012 -10"><span class='ocrx_word' id='word_1_825' title='bbox 1977 4919 2426 4982; x_wconf 79' lang='lat' dir='ltr'><strong>conversationis,</strong></span> <span class='ocrx_word' id='word_1_826' title='bbox 2457 4932 2560 4986; x_wconf 89' lang='lat' dir='ltr'><strong>qua</strong></span> <span class='ocrx_word' id='word_1_827' title='bbox 2592 4916 2646 4969; x_wconf 90' lang='lat' dir='ltr'><strong>in</strong></span> <span class='ocrx_word' id='word_1_828' title='bbox 2673 4912 2837 4969; x_wconf 90' lang='lat' dir='ltr'><strong>terris</strong></span> <span class='ocrx_word' id='word_1_829' title='bbox 2861 4910 3054 4982; x_wconf 90' lang='lat' dir='ltr'><strong>positi,</strong></span> <span class='ocrx_word' id='word_1_830' title='bbox 3098 4907 3376 4962; x_wconf 73' lang='lat' dir='ltr'><strong>caelestem</strong></span> <span class='ocrx_word' id='word_1_831' title='bbox 3404 4905 3572 4959; x_wconf 85' lang='lat' dir='ltr'><strong>vitam</strong></span> 
     </span>
    </p>
   </div>
   <div class='ocr_carea' id='block_1_108' title="bbox 1980 4999 3575 5084">
    <p class='ocr_par' dir='ltr' id='par_1_108' title="bbox 1980 4999 3575 5084">
     <span class='ocr_line' id='line_1_108' title="bbox 1980 4999 3575 5084; baseline -0.011 -17"><span class='ocrx_word' id='word_1_832' title='bbox 1980 5027 2268 5084; x_wconf 77' lang='lat' dir='ltr'><strong>ageremus</strong></span> <span class='ocrx_word' id='word_1_833' title='bbox 2294 5008 2569 5071; x_wconf 81' lang='lat' dir='ltr'><strong>ostendit,</strong></span> <span class='ocrx_word' id='word_1_834' title='bbox 2610 5020 2774 5076; x_wconf 88' lang='lat' dir='ltr'><strong>quam</strong></span> <span class='ocrx_word' id='word_1_835' title='bbox 2815 5002 2980 5058; x_wconf 88' lang='lat' dir='ltr'><strong>etiam</strong></span> <span class='ocrx_word' id='word_1_836' title='bbox 3023 5001 3136 5071; x_wconf 90' lang='lat' dir='ltr'><strong>ipse</strong></span> <span class='ocrx_word' id='word_1_837' title='bbox 3172 4999 3370 5053; x_wconf 86' lang='lat' dir='ltr'><strong>Petrus</strong></span> <span class='ocrx_word' id='word_1_838' title='bbox 3409 5011 3575 5067; x_wconf 75' lang='lat' dir='ltr'><strong>expo-</strong></span> 
     </span>
    </p>
   </div>
   <div class='ocr_carea' id='block_1_109' title="bbox 1981 5099 2743 5174">
    <p class='ocr_par' dir='ltr' id='par_1_109' title="bbox 1981 5099 2743 5174">
     <span class='ocr_line' id='line_1_109' title="bbox 1981 5099 2743 5174; baseline -0.012 -13"><span class='ocrx_word' id='word_1_839' title='bbox 1981 5106 2160 5161; x_wconf 63' lang='lat' dir='ltr'><strong>nendo</strong></span> <span class='ocrx_word' id='word_1_840' title='bbox 2191 5101 2489 5174; x_wconf 67' lang='lat' dir='ltr'><strong>subiungit,</strong></span> <span class='ocrx_word' id='word_1_841' title='bbox 2519 5099 2706 5154; x_wconf 92' lang='lat' dir='ltr'><strong>dicens</strong></span> <span class='ocrx_word' id='word_1_842' title='bbox 2731 5115 2743 5150; x_wconf 93' lang='lat'><strong>:</strong></span> 
     </span>
    </p>
   </div>
   <div class='ocr_carea' id='block_1_110' title="bbox 2056 5176 3575 5250">
    <p class='ocr_par' dir='ltr' id='par_1_110' title="bbox 2056 5176 3575 5250">
     <span class='ocr_line' id='line_1_110' title="bbox 2056 5176 3575 5250; baseline -0.013 -2"><span class='ocrx_word' id='word_1_843' title='bbox 2056 5195 2163 5249; x_wconf 85' lang='lat' dir='ltr'><strong>Per</strong></span> <span class='ocrx_word' id='word_1_844' title='bbox 2195 5191 2627 5246; x_wconf 80' lang='lat' dir='ltr'><strong>resurrectionem</strong></span> <span class='ocrx_word' id='word_1_845' title='bbox 2657 5184 2873 5242; x_wconf 86' lang='lat' dir='ltr'><strong>Domini</strong></span> <span class='ocrx_word' id='word_1_846' title='bbox 2901 5182 3029 5236; x_wconf 76' lang='lat' dir='ltr'><strong>Iesu</strong></span> <span class='ocrx_word' id='word_1_847' title='bbox 3055 5177 3270 5243; x_wconf 84' lang='lat' dir='ltr'><strong>Christi,</strong></span> <span class='ocrx_word' id='word_1_848' title='bbox 3302 5176 3392 5250; x_wconf 85' lang='lat' dir='ltr'><strong>qui</strong></span> <span class='ocrx_word' id='word_1_849' title='bbox 3420 5186 3494 5229; x_wconf 80' lang='lat' dir='ltr'><strong>est</strong></span> <span class='ocrx_word' id='word_1_850' title='bbox 3521 5176 3575 5228; x_wconf 86' lang='lat' dir='ltr'><strong>in</strong></span> 
     </span>
    </p>
   </div>
   <div class='ocr_carea' id='block_1_111' title="bbox 1987 5274 3576 5352">
    <p class='ocr_par' dir='ltr' id='par_1_111' title="bbox 1987 5274 3576 5352">
     <span class='ocr_line' id='line_1_111' title="bbox 1987 5274 3576 5352; baseline -0.018 -8"><span class='ocrx_word' id='word_1_851' title='bbox 1987 5289 2174 5344; x_wconf 74' lang='lat' dir='ltr'><strong>dextra</strong></span> <span class='ocrx_word' id='word_1_852' title='bbox 2207 5285 2321 5338; x_wconf 80' lang='lat' dir='ltr'><strong>Dei.</strong></span> <span class='ocrx_word' id='word_1_853' title='bbox 2361 5280 2664 5352; x_wconf 68' lang='lat' dir='ltr'><strong>chfutiens</strong></span> <span class='ocrx_word' id='word_1_854' title='bbox 2696 5288 2930 5338; x_wconf 73' lang='lat' dir='ltr'><strong>mortem,</strong></span> <span class='ocrx_word' id='word_1_855' title='bbox 2964 5283 3027 5328; x_wconf 90' lang='lat' dir='ltr'><strong>ut</strong></span> <span class='ocrx_word' id='word_1_856' title='bbox 3051 5274 3174 5327; x_wconf 71' lang='lat' dir='ltr'><strong>vita:</strong></span> <span class='ocrx_word' id='word_1_857' title='bbox 3203 5279 3418 5325; x_wconf 54' lang='lat' dir='ltr'><strong>eterna!</strong></span> <span class='ocrx_word' id='word_1_858' title='bbox 3448 5281 3576 5336; x_wconf 85' lang='lat' dir='ltr'><strong>par-</strong></span> 
     </span>
    </p>
   </div>
   <div class='ocr_carea' id='block_1_112' title="bbox 1992 5353 3579 5448">
    <p class='ocr_par' dir='ltr' id='par_1_112' title="bbox 1992 5353 3579 5448">
     <span class='ocr_line' id='line_1_112' title="bbox 1992 5353 3579 5448; baseline -0.018 -14"><span class='ocrx_word' id='word_1_859' title='bbox 1992 5378 2185 5448; x_wconf 85' lang='lat' dir='ltr'><strong>ticipes</strong></span> <span class='ocrx_word' id='word_1_860' title='bbox 2215 5373 2572 5430; x_wconf 84' lang='lat' dir='ltr'><strong>eﬁicercmur.</strong></span> <span class='ocrx_word' id='word_1_861' title='bbox 2605 5367 2880 5439; x_wconf 83' lang='lat' dir='ltr'><strong>profectus</strong></span> <span class='ocrx_word' id='word_1_862' title='bbox 2907 5365 2961 5418; x_wconf 90' lang='lat' dir='ltr'><strong>in</strong></span> <span class='ocrx_word' id='word_1_863' title='bbox 2993 5363 3212 5417; x_wconf 75' lang='lat' dir='ltr'><strong>cmlum.</strong></span> <span class='ocrx_word' id='word_1_864' title='bbox 3251 5357 3403 5412; x_wconf 86' lang='lat' dir='ltr'><strong>Sicut</strong></span> <span class='ocrx_word' id='word_1_865' title='bbox 3433 5353 3579 5407; x_wconf 81' lang='lat' dir='ltr'><strong>enim</strong></span> 
     </span>
    </p>
   </div>
   <div class='ocr_carea' id='block_1_113' title="bbox 1993 5445 3582 5540">
    <p class='ocr_par' dir='ltr' id='par_1_113' title="bbox 1993 5445 3582 5540">
     <span class='ocr_line' id='line_1_113' title="bbox 1993 5445 3582 5540; baseline -0.019 -17"><span class='ocrx_word' id='word_1_866' title='bbox 1993 5445 2107 5540; x_wconf 83' lang='lat' dir='ltr'><strong>ipse</strong></span> <span class='ocrx_word' id='word_1_867' title='bbox 2141 5477 2435 5532; x_wconf 87' lang='lat' dir='ltr'><strong>resurgens</strong></span> <span class='ocrx_word' id='word_1_868' title='bbox 2466 5477 2495 5514; x_wconf 90' lang='lat' dir='ltr'><strong>a</strong></span> <span class='ocrx_word' id='word_1_869' title='bbox 2531 5457 2791 5522; x_wconf 88' lang='lat' dir='ltr'><strong>mortuis,</strong></span> <span class='ocrx_word' id='word_1_870' title='bbox 2828 5452 3132 5509; x_wconf 87' lang='lat' dir='ltr'><strong>ascendens</strong></span> <span class='ocrx_word' id='word_1_871' title='bbox 3165 5450 3217 5503; x_wconf 91' lang='lat' dir='ltr'><strong>in</strong></span> <span class='ocrx_word' id='word_1_872' title='bbox 3248 5445 3445 5501; x_wconf 87' lang='lat' dir='ltr'><strong>coelum</strong></span> <span class='ocrx_word' id='word_1_873' title='bbox 3467 5483 3483 5506; x_wconf 93' lang='lat'><strong>,</strong></span> <span class='ocrx_word' id='word_1_874' title='bbox 3526 5451 3582 5494; x_wconf 86' lang='lat' dir='ltr'><strong>et</strong></span> 
     </span>
    </p>
   </div>
   <div class='ocr_carea' id='block_1_114' title="bbox 1994 5535 3580 5615">
    <p class='ocr_par' dir='ltr' id='par_1_114' title="bbox 1994 5535 3580 5615">
     <span class='ocr_line' id='line_1_114' title="bbox 1994 5535 3580 5615; baseline -0.02 0"><span class='ocrx_word' id='word_1_875' title='bbox 1994 5535 2148 5615; x_wconf 67' lang='lat' dir='ltr'><strong>sedet</strong></span> <span class='ocrx_word' id='word_1_876' title='bbox 2183 5573 2212 5610; x_wconf 91' lang='lat' dir='ltr'><strong>a</strong></span> <span class='ocrx_word' id='word_1_877' title='bbox 2252 5554 2457 5610; x_wconf 73' lang='lat' dir='ltr'><strong>dextris</strong></span> <span class='ocrx_word' id='word_1_878' title='bbox 2489 5551 2581 5605; x_wconf 84' lang='lat' dir='ltr'><strong>Dei</strong></span> <span class='ocrx_word' id='word_1_879' title='bbox 2607 5590 2620 5614; x_wconf 88' lang='lat'><strong>,</strong></span> <span class='ocrx_word' id='word_1_880' title='bbox 2668 5550 2747 5603; x_wconf 75' lang='lat' dir='ltr'><strong>sic</strong></span> <span class='ocrx_word' id='word_1_881' title='bbox 2786 5548 2947 5601; x_wconf 85' lang='lat' dir='ltr'><strong>etiam</strong></span> <span class='ocrx_word' id='word_1_882' title='bbox 2993 5543 3150 5598; x_wconf 80' lang='lat' dir='ltr'><strong>nobis</strong></span> <span class='ocrx_word' id='word_1_883' title='bbox 3189 5554 3286 5608; x_wconf 86' lang='lat' dir='ltr'><strong>per</strong></span> <span class='ocrx_word' id='word_1_884' title='bbox 3315 5535 3580 5604; x_wconf 69' lang='lat' dir='ltr'><strong>baptisma</strong></span> 
     </span>
    </p>
   </div>
   <div class='ocr_carea' id='block_1_115' title="bbox 1999 5622 3581 5712">
    <p class='ocr_par' dir='ltr' id='par_1_115' title="bbox 1999 5622 3581 5712">
     <span class='ocr_line' id='line_1_115' title="bbox 1999 5622 3581 5712; baseline -0.02 -7"><span class='ocrx_word' id='word_1_885' title='bbox 1999 5653 2139 5705; x_wconf 81' lang='lat' dir='ltr'><strong>viam</strong></span> <span class='ocrx_word' id='word_1_886' title='bbox 2169 5645 2380 5710; x_wconf 85' lang='lat' dir='ltr'><strong>salutis,</strong></span> <span class='ocrx_word' id='word_1_887' title='bbox 2413 5659 2475 5696; x_wconf 86' lang='lat' dir='ltr'><strong>ac</strong></span> <span class='ocrx_word' id='word_1_888' title='bbox 2508 5640 2654 5712; x_wconf 72' lang='lat' dir='ltr'><strong>regni</strong></span> <span class='ocrx_word' id='word_1_889' title='bbox 2688 5636 2926 5692; x_wconf 65' lang='lat' dir='ltr'><strong>coslrs&#39;tis</strong></span> <span class='ocrx_word' id='word_1_890' title='bbox 2956 5632 3238 5688; x_wconf 75' lang='lat' dir='ltr'><strong>introitum</strong></span> <span class='ocrx_word' id='word_1_891' title='bbox 3280 5635 3466 5696; x_wconf 82' lang='lat' dir='ltr'><strong>patere</strong></span> <span class='ocrx_word' id='word_1_892' title='bbox 3507 5622 3581 5674; x_wconf 78' lang='lat' dir='ltr'><strong>si-</strong></span> 
     </span>
    </p>
   </div>
   <div class='ocr_carea' id='block_1_116' title="bbox 295 5379 1882 5464">
    <p class='ocr_par' dir='ltr' id='par_1_116' title="bbox 295 5379 1882 5464">
     <span class='ocr_line' id='line_1_116' title="bbox 295 5379 1882 5464; baseline -0.012 -14"><span class='ocrx_word' id='word_1_893' title='bbox 295 5409 529 5464; x_wconf 78' lang='lat' dir='ltr'><strong>eorpore</strong></span> <span class='ocrx_word' id='word_1_894' title='bbox 559 5391 865 5455; x_wconf 86' lang='lat' dir='ltr'><strong>animabus,</strong></span> <span class='ocrx_word' id='word_1_895' title='bbox 910 5397 966 5444; x_wconf 91' lang='lat' dir='ltr'><strong>et</strong></span> <span class='ocrx_word' id='word_1_896' title='bbox 1008 5385 1304 5442; x_wconf 80' lang='lat' dir='ltr'><strong>inferorum</strong></span> <span class='ocrx_word' id='word_1_897' title='bbox 1344 5397 1564 5436; x_wconf 87' lang='lat' dir='ltr'><strong>carcere</strong></span> <span class='ocrx_word' id='word_1_898' title='bbox 1590 5379 1882 5442; x_wconf 87' lang='lat' dir='ltr'><strong>damnatis,</strong></span> 
     </span>
    </p>
   </div>
   <div class='ocr_carea' id='block_1_117' title="bbox 297 5471 1884 5553">
    <p class='ocr_par' dir='ltr' id='par_1_117' title="bbox 297 5471 1884 5553">
     <span class='ocr_line' id='line_1_117' title="bbox 297 5471 1884 5553; baseline -0.01 -13"><span class='ocrx_word' id='word_1_899' title='bbox 297 5487 528 5540; x_wconf 81' lang='lat' dir='ltr'><strong>salutem</strong></span> <span class='ocrx_word' id='word_1_900' title='bbox 576 5500 736 5553; x_wconf 84' lang='lat' dir='ltr'><strong>quam</strong></span> <span class='ocrx_word' id='word_1_901' title='bbox 782 5491 907 5535; x_wconf 83' lang='lat' dir='ltr'><strong>ante</strong></span> <span class='ocrx_word' id='word_1_902' title='bbox 952 5489 1183 5534; x_wconf 88' lang='lat' dir='ltr'><strong>mortem</strong></span> <span class='ocrx_word' id='word_1_903' title='bbox 1227 5475 1564 5538; x_wconf 76' lang='lat' dir='ltr'><strong>dilexerant,</strong></span> <span class='ocrx_word' id='word_1_904' title='bbox 1619 5471 1884 5542; x_wconf 68' lang='lat' dir='ltr'><strong>prtedica-</strong></span> 
     </span>
    </p>
   </div>
   <div class='ocr_carea' id='block_1_118' title="bbox 299 5563 1884 5637">
    <p class='ocr_par' dir='ltr' id='par_1_118' title="bbox 299 5563 1884 5637">
     <span class='ocr_line' id='line_1_118' title="bbox 299 5563 1884 5637; baseline -0.009 -6"><span class='ocrx_word' id='word_1_905' title='bbox 299 5578 476 5637; x_wconf 58' lang='lat' dir='ltr'><strong>verit,</strong></span> <span class='ocrx_word' id='word_1_906' title='bbox 525 5576 618 5629; x_wconf 79' lang='lat' dir='ltr'><strong>sed</strong></span> <span class='ocrx_word' id='word_1_907' title='bbox 659 5586 880 5630; x_wconf 86' lang='lat' dir='ltr'><strong>carcere</strong></span> <span class='ocrx_word' id='word_1_908' title='bbox 923 5570 1189 5624; x_wconf 82' lang='lat' dir='ltr'><strong>scelerum</strong></span> <span class='ocrx_word' id='word_1_909' title='bbox 1236 5566 1458 5621; x_wconf 84' lang='lat' dir='ltr'><strong>inclusis</strong></span> <span class='ocrx_word' id='word_1_910' title='bbox 1501 5565 1554 5618; x_wconf 89' lang='lat' dir='ltr'><strong>in</strong></span> <span class='ocrx_word' id='word_1_911' title='bbox 1602 5564 1704 5618; x_wconf 82' lang='lat' dir='ltr'><strong>hac</strong></span> <span class='ocrx_word' id='word_1_912' title='bbox 1746 5563 1884 5624; x_wconf 85' lang='lat' dir='ltr'><strong>vita,</strong></span> 
     </span>
    </p>
   </div>
   <div class='ocr_carea' id='block_1_119' title="bbox 302 5653 1890 5740">
    <p class='ocr_par' dir='ltr' id='par_1_119' title="bbox 302 5653 1890 5740">
     <span class='ocr_line' id='line_1_119' title="bbox 302 5653 1890 5740; baseline -0.009 -20"><span class='ocrx_word' id='word_1_913' title='bbox 302 5671 382 5721; x_wconf 55' lang='lat' dir='ltr'><strong>vel</strong></span> <span class='ocrx_word' id='word_1_914' title='bbox 430 5687 526 5740; x_wconf 67' lang='lat' dir='ltr'><strong>per</strong></span> <span class='ocrx_word' id='word_1_915' title='bbox 567 5684 621 5720; x_wconf 76' lang='lat' dir='ltr'><strong>se</strong></span> <span class='ocrx_word' id='word_1_916' title='bbox 663 5668 874 5737; x_wconf 82' lang='lat' dir='ltr'><strong>ipsum,</strong></span> <span class='ocrx_word' id='word_1_917' title='bbox 922 5662 1004 5716; x_wconf 78' lang='lat' dir='ltr'><strong>vel</strong></span> <span class='ocrx_word' id='word_1_918' title='bbox 1051 5675 1146 5731; x_wconf 80' lang='lat' dir='ltr'><strong>per</strong></span> <span class='ocrx_word' id='word_1_919' title='bbox 1192 5673 1411 5711; x_wconf 82' lang='lat' dir='ltr'><strong>suorum</strong></span> <span class='ocrx_word' id='word_1_920' title='bbox 1456 5653 1729 5722; x_wconf 74' lang='lat' dir='ltr'><strong>exempla,</strong></span> <span class='ocrx_word' id='word_1_921' title='bbox 1779 5653 1890 5706; x_wconf 73' lang='lat' dir='ltr'><strong>sive</strong></span> 
     </span>
    </p>
   </div>
  </div>
