3978 6428
433 256 542 312 265

1721 225 2068 285 SMARAGDI
2106 217 2394 278 ABBATIS

3583 207 3682 262 ξω

435 366 641 439 suavis.
698 361 843 416 Bene
887 365 1065 410 autem
1105 352 1212 414 ait,
1257 345 1542 430 deqlutiens
1572 351 1808 397 mortem.
1861 338 2013 406 Quod
2043 342 2092 397 Α
2187 329 2508 401 Spiritaliter
2534 327 2739 380 veniens
2763 319 3308 439 prtrdicauit.“lisdem
3337 319 3572 383 scilicet,
3597 323 3686 391 qui

1719 435 1731 439 _
1969 430 1980 439 .
2120 425 2132 437 ο
2291 429 2426 439 AL“
2477 419 2521 439 ι-
2551 417 2751 439 Ω--2--ζ.-.
2784 421 2968 439 ,Ληηοη
2999 422 3045 439 Α·
3135 412 3241 439 suda
3274 411 3480 439 ..Ζ-..νὶ-υι
3536 413 3686 439 ..Διάη

436 430 583 514 enim
619 451 966 523 deglutimus,
1002 445 1211 515 agimus
1242 449 1301 495 ut
1331 440 1529 492 virtute
1567 435 1734 490 nostri
1769 430 2013 501 corporis

437 549 776 612 assumptum
809 549 1073 604 nusquam
1115 537 1322 600 pareat.
1369 527 1435 581 Et
1465 524 1746 594 deglutivit
1785 530 2012 576 mortem

437 611 732 693 Dominus,
776 640 940 695 quam
984 635 1273 691 resurgens
1313 634 1342 672 a
1386 616 1612 671 mortuis
1660 615 1734 667 ita
1775 611 2015 666 funditus

432 719 789 788 consumpsit,
837 724 897 770 ut
939 713 1074 768 nihil
1113 717 1302 766 contra
1345 723 1405 762 se
1448 707 1587 760 ultra
1628 718 1724 774 per
1756 709 2014 756 attactum

441 811 671 880 alicujus
699 805 1062 876 corruptionis
1089 801 1396 863 valeret,ac
1424 803 1671 852 manente
1696 793 1874 862 specie
1902 790 2014 844 veri

439 903 712 974 corporis,
753 902 968 955 abesset
1008 908 1231 966 prorsus
1256 892 1406 945 labes
1430 888 1606 943 omnis
1632 885 1820 974 prisce
1847 880 2015 974 fragi-

440 968 629 1048 litatis.
667 990 821 1056 Quod
853 988 1029 1058 ipsum
1071 992 1127 1037 et
1169 981 1324 1037 nobis
1353 979 1406 1033 in
1440 977 1543 1032 ﬁne
1570 972 1905 1045 promittitur
1935 968 2018 1022 l'u-

441 1093 621 1138 turum
649 1121 664 1145 ,
716 1079 928 1134 dicente
963 1073 1237 1144 apostolo,
1281 1083 1403 1124 cum
1443 1067 1510 1122 de
1552 1072 1736 1120 nostra
1769 1073 2016 1115 resurre-

438 1174 619 1228 ctione
653 1172 1001 1240 loqueretur:
1036 1165 1178 1219 Tunc
1206 1164 1296 1232 ﬁet
1330 1175 1498 1215 sermo
1527 1157 1616 1228 qui
1645 1160 1871 1223 scriptus
1899 1161 1973 1206 est
1997 1164 2015 1202 .'

441 1264 697 1334 Absorpta
725 1270 802 1315 est
827 1275 968 1313 mors
1004 1258 1058 1310 in
1086 1255 1305 1309 victoria
1336 1251 1387 1322 (1
1415 1248 1538 1304 Cor.
1565 1247 1677 1317 xv).
1737 1246 1877 1298 Bene
1919 1242 2016 1296 ab-

440 1363 661 1422 sorpta,
715 1351 842 1420 quia
888 1363 1010 1404 cum
1061 1355 1116 1400 et
1164 1359 1264 1399 nos
1299 1343 1423 1396 vita:
1468 1349 1684 1395 aeterna:
1732 1335 2019 1406 participes

442 1443 704 1498 fuerimus
733 1439 910 1494 ellecti
931 1478 947 1501 ,
993 1437 1069 1490 ita
1100 1433 1354 1488 nimirum
1386 1431 1557 1484 virtus
1591 1424 1888 1495 corporalis
1913 1423 2017 1476 im-

444 1528 827 1590 mortalitatis,
877 1539 1036 1579 omne
1077 1519 1367 1590 prseterita:
1407 1514 1770 1584 corruptionis
1810 1525 2019 1565 ntevnm

444 1618 629 1682 tollet,
673 1615 943 1686 quomodo
979 1613 1115 1667 solet
1149 1609 1361 1662 llamma
1405 1605 1543 1676 ignis
1586 1604 1882 1656 immissam
1917 1599 2016 1654 sibi

447 1724 603 1778 aqua:
631 1715 834 1778 guttam
861 1702 1070 1757 ardoris
1097 1701 1180 1754 sui
1205 1710 1523 1752 consumere
1549 1694 1769 1746 virtute.

911 1805 1041 1845 ΙΤΕΙ
1082 1804 1201 1842 Αιιλ
1240 1800 1538 1840 LXI‘OSITIO.

514 1885 750 1941 Christus
788 1881 944 1938 semel
988 1896 1082 1950 pro
1126 1876 1349 1948 peccatis
1399 1872 1589 1926 nostris
1637 1880 1873 1924 mortuus
1921 1877 2015 1921 est.

444 1975 617 2032 Semel
644 1983 823 2028 autem
853 1971 1011 2034 dixit,
1038 1968 1164 2037 quia
1193 1964 1442 2019 Christus
1467 1977 1683 2031 surgens
1727 1977 1758 2012 a
1799 1959 2020 2011 mortuis

437 2071 553 2140 jam
592 2084 694 2121 non
723 2066 968 2129 moritur,
1005 2071 1052 2116 et
1082 2075 1219 2113 mors
1248 2056 1326 2110 illi
1359 2055 1499 2108 ultra
1535 2070 1636 2106 non
1665 2051 2021 2104 dominabitur

447 2157 624 2228 (Rom.
647 2156 745 2227 γι).

515 2249 724 2302 Justus.
762 2245 841 2300 llli
878 2243 1020 2297 enim
1059 2238 1345 2295 Psalmista
1383 2235 1552 2290 dicit:
1585 2232 1774 2287 Justus
1803 2247 1873 2293 es,
1911 2228 2018 2282 Do-

445 2341 623 2404 mine,
675 2347 722 2392 et
773 2345 969 2390 rectum
1005 2332 1269 2403 judicium
1310 2337 1457 2381 tuum
1484 2323 1656 2396 (Psal.
1685 2319 1895 2390 cxvm).
1954 2319 2021 2374 Et

445 2430 630 2484 Daniel
654 2429 726 2482 ait
750 2425 847 2479 :Et
873 2425 987 2488 tibi,
1013 2422 1250 2483 Domine,
1270 2419 1506 2488 justitia,
1532 2415 1677 2469 nobis
1699 2422 1870 2466 autent
1895 2427 2020 2465 con-

444 2521 586 2590 fusio
614 2518 768 2588 faciei
796 2516 957 2588 (Dan.
985 2515 1085 2584 Ix).

519 2610 626 2664 Pro
655 2608 883 2678 injustis.
924 2606 1000 2660 De
1033 2605 1190 2659 nobis
1215 2602 1358 2657 enim
1391 2597 1577 2654 Daniel
1610 2597 1724 2650 ait:
1759 2592 2016 2648 Peccavi-

446 2713 589 2761 mus,
620 2696 815 2764 injuste
842 2695 1069 2764 egimus,
1099 2692 1439 2761 iniquitatem
1466 2687 1691 2742 fecimus
1718 2683 1879 2754 (Dan.
1907 2682 2014 2752 ιιι).

522 2786 588 2840 Ut
631 2803 724 2840 nos
759 2785 966 2854 offerret
1015 2783 1145 2847 Deo,
1201 2781 1539 2849 mortiﬁcatos
1583 2777 1793 2848 quidem
1837 2791 2014 2838 carne,

447 2875 732 2944 uiviﬁcatos
787 2883 962 2927 autem
1017 2873 1224 2942 spiritu.
1289 2871 1391 2940 (Ex
1436 2867 1598 2939 Aug.)
1670 2865 2016 2934 Mortiﬁcatos

447 2983 606 3021 carne
631 2966 760 3021 dicit
785 2983 797 3018 :
830 2965 883 3019 id
911 2973 1013 3029 est,
1035 2962 1297 3017 desideria
1325 2960 1562 3015 carnalia
1593 2974 1699 3013 non
1726 2956 2009 3020 habentes,

452 3059 519 3111 ad
571 3072 730 3126 quam
774 3053 1240 3109 mortiﬁcationem
1296 3067 1394 3106 nos
1450 3049 1650 3104 Paulus
1698 3029 2088 3102 adhortaturC

447 3146 664 3201 dicens:
701 3144 1013 3214 Mortiﬁcate
1052 3144 1282 3199 membra
1319 3153 1510 3206 vestra,
1551 3158 1668 3212 qua:
1705 3149 1825 3194 sunt
1865 3157 2019 3209 super

446 3245 640 3288 terram
662 3275 676 3298 ,
727 3234 1122 3304 fornicationem
1155 3230 1293 3304 (Col.
1323 3232 1426 3300 ιιι).
1449 3242 1505 3286 et
1531 3232 1710 3285 omnia
1750 3231 1898 3284 vitia.
1954 3228 2020 3282 Et

445 3322 576 3376 illud
603 3340 615 3374 :
655 3321 715 3374 Si
743 3323 930 3390 spiritu
961 3321 1102 3388 facta
1139 3320 1315 3372 carnis
1353 3317 1813 3386 mortificaveritis,
1843 3317 2019 3370 vinetis

450 3410 628 3481 (Rom.
657 3409 798 3479 vui).
831 3409 943 3463 Nisi
972 3409 1114 3462 enim
1143 3409 1293 3478 prius
1320 3416 1540 3476 peccato
1568 3406 1882 3469 moriamur,
1914 3422 2021 3460 non

448 3512 737 3566 possumus
764 3511 862 3566 per
883 3495 1152 3565 justitiam
1177 3495 1361 3548 vivere
1389 3493 1518 3547 Deo.
1551 3493 1704 3560 Quod
1733 3501 1912 3548 autem
1943 3494 2023 3549 di-

449 3588 528 3641 cit
549 3587 826 3654 ririﬁcatos
847 3586 1058 3655 spiritu,
1081 3579 1402 3654 intelligitur
1418 3585 1718 3638 vivilicatos
1741 3584 1794 3638 in
1819 3585 2019 3649 anima,

451 3676 629 3730 anima
671 3676 816 3729 enim
861 3677 1086 3745 spiritus
1133 3675 1468 3746 intelligitur.
1525 3675 1650 3730 Sive
1681 3676 2023 3731 mortiﬁcatio

451 3765 652 3830 carnis,
681 3775 734 3818 et
761 3765 1052 3820 vivilicatio
1079 3766 1319 3834 spiritus,
1352 3765 1402 3819 in
1432 3767 1694 3836 baptismo
1725 3767 1838 3821 ﬁeri
1869 3768 2024 3822 intel-

451 3855 656 3925 ligitur.
699 3854 871 3909 Morte
896 3855 1038 3908 enim
1068 3855 1269 3910 Christi
1298 3857 1657 3925 baptizamur.
1700 3857 1757 3912 ln
1789 3857 1880 3912 illa
1909 3859 2025 3912 sine

451 3946 616 3999 dubio
645 3952 847 4010 morte,
880 3959 982 4013 qua
1012 3954 1234 4014 peccato
1264 3956 1508 4000 mortuus
1540 3955 1623 4001 est
1652 3948 1847 4014 semel,
1881 3958 1940 4003 ut
1973 3957 2028 4003 et

451 4052 552 4091 nos
577 4051 892 4106 separemur
917 4052 946 4090 a
973 4046 1216 4106 peccato,
1247 4046 1302 4092 et
1328 4040 1570 4094 vivamus
1599 4040 1726 4095 Deo.

523 4126 631 4200 (Ex
660 4125 922 4199 Cassiod.)
961 4128 1133 4182 Aliter
1160 4130 1497 4199 mortiﬁcatos
1539 4148 1729 4197 carne,
1775 4146 1842 4185 ne
1879 4131 2026 4186 litte-

452 4234 568 4273 ram
607 4217 742 4289 legis
768 4219 1056 4274 carnaliter
1085 4220 1470 4289 intelligamus.
1513 4220 1811 4290 Viviﬁcatos
1848 4231 2026 4276 autem

450 4309 656 4380 spiritu,
680 4310 732 4363 id
757 4319 858 4374 est,
881 4311 1234 4378 spiritualiter
1262 4328 1479 4367 sensum
1511 4313 1642 4383 legis
1669 4313 2028 4383 intelligentes

451 4399 714 4452 vivamus.
755 4399 870 4454 Non
897 4401 1041 4454 enim
1071 4401 1272 4456 idcirco
1299 4418 1396 4456 nos
1421 4401 1670 4457 Christus
1695 4403 1962 4456 abstraxit
1994 4418 2023 4454 a

451 4487 568 4559 lege
597 4490 830 4558 peccati,
874 4499 930 4544 ut
959 4492 1210 4546 vetustati
1240 4492 1434 4546 litteras
1461 4492 1791 4556 serviamus,
1824 4491 1876 4544 id
1910 4498 2023 4556 est,

451 4586 511 4630 ut
549 4579 1014 4635 circumcisiouem
1043 4583 1400 4650 recipiamus,
1438 4591 1492 4634 et
1521 4581 1772 4643 sabbata,
1808 4579 1890 4634 vel
1918 4596 2025 4634 ca:-

453 4675 565 4719 tera
584 4707 598 4732 ,
635 4683 754 4738 qua:
779 4677 988 4724 vetusta
1016 4670 1150 4742 legis
1177 4671 1359 4726 littera
1386 4670 1646 4724 continet.
1701 4667 1807 4722 Sed
1837 4676 1897 4721 ut
1927 4667 2028 4737 legi

452 4753 546 4810 Dei
573 4757 625 4810 in
653 4759 872 4827 spiritus
890 4762 1128 4816 novitate
1151 4762 1470 4823 serviamus,
1493 4759 1545 4813 id
1567 4768 1672 4823 est,
1692 4774 1758 4812 ex
1778 4759 2030 4814 omnibus

453 4864 572 4918 qua:
601 4849 652 4904 iu
679 4866 742 4904 ea
769 4853 962 4923 scripta
999 4861 1157 4920 sunt,
1199 4851 1496 4925 spiritalem
1527 4865 1776 4916 sensum,
1819 4833 2023 4920 Spiritu

450 4940 700 5004 donante,
731 4942 1030 5012 capiamus.

521 5020 594 5082 Dc
621 5029 833 5088 Christo
860 5035 1062 5089 dictum
1092 5041 1177 5088 est
1202 5051 1215 5087 :
1251 5031 1604 5100 Mortificatus
1636 5048 1823 5097 carne,
1853 5033 2023 5100 viviﬁ—

449 5130 597 5176 catus
624 5123 831 5194 spiritu.
862 5124 954 5181 Sic
983 5126 1048 5180 de
1074 5124 1293 5180 homine
1320 5123 1425 5178 dici
1451 5131 1631 5193 potest
1657 5143 1669 5178 :
1701 5124 2026 5181 Tabel'actus

450 5225 642 5277 carne,
665 5212 994 5283 justiﬁcatus
1014 5252 1029 5277 ,
1056 5210 1360 5266 viviﬁcatus
1387 5213 1598 5282 spiritu.

519 5299 584 5354 In
608 5318 729 5372 quo.
764 5301 1116 5366 Subauditur,
1146 5301 1199 5355 in
1230 5318 1338 5373 quo
1366 5303 1587 5374 spiritu,
1619 5304 1671 5358 in
1701 5304 1790 5359 illo
1819 5305 2026 5360 scilicet

451 5391 516 5445 de
543 5407 650 5462 quo
681 5391 930 5462 superius
959 5392 1091 5446 dicit
1114 5409 1125 5444 :
1171 5390 1471 5461 Vivi/icatos
1497 5403 1670 5447 autem
1698 5395 1910 5465 spiritu.

521 5483 586 5536 Et
625 5483 705 5536 his
733 5482 823 5552 qui
859 5483 914 5535 in
952 5497 1157 5536 carcere
1194 5495 1360 5539 erant.
1404 5485 1456 5538 ld
1496 5495 1609 5550 est,
1645 5486 1694 5538 in
1737 5501 1894 5547 arca,
1937 5486 2017 5537 τοι

451 5576 504 5629 in
533 5575 774 5644 corporis
802 5589 1016 5627 carcere
1045 5574 1230 5630 Cl.lll$l.

2119 425 2431 478 incarnatus
2460 419 2526 472 de
2551 417 2752 487 Spiritu
2783 421 2971 468 sancto
2997 422 3050 466 et
3082 408 3244 465 Maria
3274 411 3502 479 virgine,
3536 413 3689 467 nobis

2116 522 2300 584 postea
2339 509 2560 564 veniens
2598 506 2854 568 visibilis,
2891 503 3223 573 praedicavit.
3265 501 3382 570 lpse
3422 511 3548 556 tunc
3589 502 3691 556 illis

2116 602 2369 671 spirando
2414 597 2728 669 spiritaliter
2769 592 3111 663 prmdicabat.
3164 591 3388 646 Dicebat
3433 591 3580 645 enim
3623 593 3691 646 ad

2117 692 2270 748 Noe:
2305 690 2426 746 Non
2471 687 2790 760 permanebit
2835 687 3050 755 spiritus
3094 699 3241 737 meus
3286 683 3343 737 in
3387 683 3598 738 homine
3639 685 3692 736 in

2117 792 2367 835 internum
2386 820 2401 843 ,
2431 780 2554 850 quia
2583 794 2707 830 caro
2749 785 2844 830 est.
2889 776 2956 829 Et
2997 773 3126 828 illud
3156 787 3170 826 :
3210 771 3402 826 Delebo
3431 774 3691 827 hominem

2115 887 2266 940 quem
2294 870 2464 923 creavi
2494 887 2526 922 a
2557 868 2692 936 facie
2723 876 2878 920 terra
2900 905 2914 930 ,
2951 864 3015 918 ab
3051 864 3258 918 homine
3283 880 3446 932 usque
3473 864 3543 916 ad
3573 865 3689 918 ani-

2117 965 2346 1028 mantia,
2397 981 2430 1016 a
2475 960 2644 1030 reptili
2691 975 2852 1027 usque
2895 958 2965 1011 ad
3007 955 3241 1011 volucres
3287 955 3434 1021 caeli,
3483 957 3691 1025 panitet

2117 1055 2258 1107 enim
2294 1069 2376 1106 me
2413 1051 2596 1120 fecisse
2631 1065 2738 1103 eos.
2779 1048 2912 1102 ltem
2951 1047 3086 1102 dixit
3123 1046 3381 1100 Dominus
3419 1048 3487 1100 ad
3536 1045 3690 1100 Noe:

2119 1139 2272 1195 Finis
2317 1141 2570 1194 universa:
2615 1138 2789 1192 carnis
2836 1137 2972 1191 venit
3015 1153 3190 1190 coram
3235 1152 3336 1189 me.
3377 1135 3589 1206 Repleta
3619 1146 3694 1190 est

2118 1243 2258 1286 terra
2285 1232 2580 1301 iniquitate,
2609 1239 2658 1284 et
2681 1246 2774 1299 ego
2799 1228 3101 1298 disperdam
3131 1245 3218 1282 eos
3247 1245 3364 1282 cum
3391 1238 3552 1282 terra.
3586 1227 3697 1281 Fac

2117 1322 2211 1375 tibi
2235 1337 2413 1375 arcam
2436 1320 2500 1373 de
2523 1319 2680 1384 lignis
2705 1317 2971 1388 levigatis,
3001 1327 3106 1372 etc.
3143 1316 3307 1388 (Gen.
3336 1334 3387 1373 γι
3409 1318 3447 1387 ).

2189 1410 2293 1476 Qui
2328 1408 2583 1464 increduli
2617 1409 2825 1478 fuerant
2850 1408 3157 1480 aliquando,
3188 1409 3559 1478 exspectabant
3587 1408 3697 1462 Do-

2117 1503 2246 1556 mini
2281 1501 2606 1571 patientiam.
2645 1498 2704 1553 ld
2738 1507 2860 1564 est,
2903 1500 2996 1569 qui
3032 1508 3158 1554 ante
3195 1500 3460 1554 increduli
3496 1508 3655 1554 erant
3678 1538 3693 1564 ,

2123 1596 2402 1649 audientes
2452 1592 2563 1647 Noe
2616 1592 2995 1661 praedicantem
3023 1631 3038 1656 ,
3091 1606 3155 1645 ea
3209 1607 3330 1660 qua:
3381 1606 3413 1644 a
3469 1591 3698 1647 Domino

2047 1689 2091 1746 Β
2119 1684 2362 1749 audiens,
2393 1690 2708 1752 acceperat,
2738 1689 2793 1735 et
2820 1682 3064 1736 videntes
3094 1696 3236 1736 arex
3264 1680 3528 1735 fabricam
3547 1722 3561 1743 ,
3598 1697 3697 1750 per

2120 1781 2337 1829 centum
2374 1787 2673 1835 annorum,
2703 1772 3024 1847 protendere
3062 1781 3274 1840 tempus
3310 1771 3697 1850 crediderunt,

2120 1875 2499 1937 exspectantes
2525 1865 2738 1921 Domini
2766 1865 3080 1936 patientiam
3101 1905 3116 1932 ,
3148 1874 3204 1919 et
3245 1863 3378 1918 salvi
3411 1863 3538 1919 facti
3576 1874 3703 1920 sunt

2121 1960 2175 2013 iu
2208 1974 2355 2012 arca.

2192 2050 2259 2104 In
2282 2067 2386 2120 qua
2410 2049 2594 2119 pauci,
2627 2049 2680 2102 id
2705 2057 2810 2113 est,
2841 2055 2956 2100 octo
2987 2047 3177 2101 animt:
3205 2045 3364 2100 salute
3391 2045 3548 2114 factm
3576 2057 3702 2101 sunt

2119 2157 2211 2209 per
2247 2155 2458 2208 aquam.
2497 2137 2554 2192 ld
2595 2146 2678 2192 est
2706 2145 2936 2205 quatuor
2965 2135 3098 2201 viri,
3129 2135 3274 2200 Noe,
3306 2135 3462 2196 Sem,
3493 2136 3662 2190 Cham
3683 2177 3699 2198 ,

2121 2238 2174 2284 et
2196 2227 2458 2298 Japhcth,
2489 2237 2544 2282 et
2573 2237 2803 2296 quatuor
2830 2242 3028 2281 uxores
3053 2242 3236 2281 eorum
3254 2265 3269 2293 ,
3301 2227 3356 2281 id
3382 2236 3500 2292 est,
3532 2227 3705 2282 Puar—

2119 2320 2232 2375 l'ara
2251 2361 2266 2383 ,
2297 2319 2501 2383 Parlia,
2535 2319 2820 2384 Catalluia,
2849 2319 3020 2372 Fluia.

2191 2413 2298 2483 (Ex
2326 2412 2482 2482 Isid.)
2521 2411 2631 2466 Noe
2674 2413 2830 2477 vero,
2879 2412 2971 2480 qui
3024 2410 3238 2480 requies
3289 2407 3701 2482 interpretatur,

2119 2503 2390 2558 Christum
2439 2502 2730 2572 signiﬁcat,
2773 2501 2864 2570 qui
2902 2501 3068 2556 dicit:
3123 2499 3318 2557 Discite
3355 2520 3389 2558 α
3423 2519 3539 2565 me,
3576 2504 3706 2572 quia

2118 2595 2258 2647 mitis
2303 2609 2448 2655 sum,
2492 2601 2539 2646 et
2584 2592 2795 2645 humilis
2839 2591 3029 2655 corde,
3075 2601 3122 2644 et
3168 2591 3436 2646 invenietis
3479 2592 3706 2661 requiem

2118 2686 2392 2740 animabus
2417 2684 2617 2738 rostris.
2661 2682 2817 2738 Solus
2856 2683 3127 2737 invenitur
3155 2680 3335 2752 justus
3371 2682 3483 2739 Noe
3521 2683 3574 2736 in
3615 2681 3706 2736 illa

2117 2785 2309 2848 gente,
2339 2777 2424 2833 cui
2463 2785 2667 2845 septem
2708 2775 2953 2830 homines
2993 2775 3264 2828 donantur
3299 2783 3519 2843 propter
3546 2773 3708 2843 justi-

2119 2869 2247 2921 tiam
2277 2882 2450 2922 suam.
2493 2865 2651 2920 Solus
2692 2865 2872 2934 justus
2912 2872 2998 2918 est
3040 2862 3320 2928 Christus,
3365 2865 3452 2918 cui
3500 2872 3704 2932 septem

2118 2961 2400 3024 Ecclesia},
2428 2965 2648 3028 propter
2674 2955 3078 3024 septemplicem
3109 2955 3358 3024 spiritum
3402 2954 3707 3008 illuminan-

2121 3065 2229 3110 tem
2249 3092 2263 3115 ,
2294 3051 2348 3104 in
2377 3061 2536 3104 unam
2567 3047 2859 3103 Ecclesiam
2878 3087 2893 3111 ,
2922 3045 3076 3114 quasi
3102 3045 3156 3099 in
3181 3060 3342 3099 unam
3371 3060 3552 3100 arcam
3578 3061 3706 3100 con-

2121 3143 2336 3198 dantur.
2365 3141 2519 3208 Quod
2547 3154 2731 3194 arcam
2765 3138 3019 3192 instruxit
3050 3137 3158 3192 Noe
3187 3137 3252 3193 de
3281 3137 3441 3207 lignis
3471 3115 3577 3192 non
3604 3154 3703 3206 pu.

2123 3231 2504 3296 tresccntibus,
2535 3229 2829 3284 Ecclesium
2869 3226 3168 3297 signiﬁcat,
3212 3242 3332 3296 quae
3372 3229 3706 3282 construitur

2123 3339 2154 3377 a
2183 3323 2398 3378 Christo
2431 3322 2497 3376 de
2540 3318 2849 3374 hominibus
2892 3317 2946 3370 in
2975 3325 3236 3372 aeternum
3278 3317 3521 3371 victuris.
3565 3317 3704 3371 Area

2122 3414 2266 3468 enim
2305 3410 2601 3466 Ecclesium
2638 3409 2998 3466 demonstrat.
3027 3419 3150 3464 (tua:
3188 3413 3343 3461 natat
3369 3407 3424 3460 in
3454 3405 3705 3461 ﬂuctibus

2123 3501 2308 3557 mundi
2354 3501 2531 3570 hujus.
2569 3498 2722 3554 Sicut
2757 3498 2902 3553 enim
2949 3508 3076 3556 tunc
3113 3497 3225 3554 Noe
3277 3511 3400 3552 cum
3449 3498 3562 3552 suis
3608 3513 3706 3566 per

2125 3609 2318 3664 aquam
2348 3601 2404 3648 et
2443 3593 2646 3662 lignum
2686 3590 2924 3644 salvatus
2952 3599 3066 3660 est,
3101 3593 3182 3648 sic
3218 3603 3274 3648 et
3324 3604 3467 3644 nunc
3502 3590 3705 3644 familia

2125 3681 2323 3737 Christi
2353 3696 2448 3751 per
2476 3680 2800 3750 baptismum
2839 3687 2896 3733 et
2931 3679 3113 3735 crucis
3143 3678 3451 3749 passionem
3497 3678 3707 3733 salvan-

2126 3782 2233 3827 tur.
2266 3771 2417 3827 Unde
2441 3778 2500 3826 et
2525 3769 2610 3824 hic
2638 3768 2883 3824 subditur
2914 3785 2928 3822 :

2198 3862 2351 3928 Quod
2388 3871 2436 3916 et
2474 3878 2560 3915 vos
2599 3877 2734 3914 nunc
2772 3858 2956 3912 similis
2995 3858 3179 3928 forma:
3225 3857 3396 3912 salvos
3435 3856 3563 3926 facit
3609 3857 3705 3910 ba-

2125 3955 2336 4024 ptisma.
2369 3952 2504 4019 Quia
2535 3951 2671 4006 sicut
2706 3960 2834 4004 tunc
2875 3964 3014 4019 aqua
3058 3964 3154 4004 eos
3191 3948 3282 4017 qui
3315 3949 3370 4002 in
3397 3963 3524 4003 arca
3549 3957 3709 4002 erant

2127 4041 2388 4106 salvavit,
2429 4041 2504 4094 ita
2539 4048 2596 4094 et
2630 4054 2775 4094 nunc
2810 4053 2936 4103 eos,
2975 4038 3068 4106 qui
3107 4037 3160 4091 in
3200 4037 3462 4092 Ecclesia:
3497 4037 3712 4094 unitate

2129 4141 2479 4206 permanent,
2529 4132 2756 4188 delenda
2804 4138 3027 4200 peccata
3064 4129 3363 4198 baptismus
3398 4137 3710 4185 conservat.

2131 4230 2199 4283 Et
2234 4228 2374 4283 sicut
2412 4235 2540 4280 tunc
2577 4225 2669 4294 qui
2706 4232 2861 4278 extra
2893 4237 3074 4276 arcam
3109 4233 3264 4276 erant
3287 4221 3601 4290 perierunt,
3634 4221 3712 4276 ita

2132 4324 2186 4370 et
2213 4329 2386 4378 nunc,
2415 4313 2507 4381 qui
2534 4319 2691 4365 extra
2720 4307 3016 4364 Ecclesiam
3045 4315 3176 4361 sunt
3199 4307 3472 4376 peribunt.

2201 4405 2324 4460 Non
2359 4405 2533 4458 carnis
2570 4401 2822 4472 depositio
2858 4400 3114 4454 sordium.
3153 4398 3211 4453 ld
3239 4407 3351 4464 est,
3385 4413 3492 4453 non
3523 4397 3708 4466 bapti-

2125 4513 2274 4561 sma,
2322 4494 2465 4565 quod
2507 4493 2696 4549 sordes
2737 4492 2954 4563 deponit
2984 4477 3211 4565 carnis,
3257 4490 3353 4545 sed
3398 4489 3541 4558 quod
3593 4506 3711 4542 ma-

2126 4587 2274 4644 culas
2325 4563 2471 4639 lavat
2514 4583 2730 4638 mentis.
2777 4563 3050 4653 Baptisnia
3095 4581 3240 4635 enim
3290 4579 3494 4635 ablutio
3535 4581 3710 4635 inter-

2125 4684 2374 4747 pretatur
2402 4674 2487 4730 vel
2518 4674 2728 4729 tiuctio.

2206 4765 2310 4820 Sed
2338 4765 2668 4820 conscientia
2699 4761 2845 4816 bonte
2873 4762 3210 4832 interrogatio
3240 4762 3294 4814 in
3322 4759 3508 4814 Deum.
3539 4760 3714 4816 luter-

2132 4857 2340 4926 rogatio
2363 4857 2507 4911 enim
2531 4853 2825 4911 sacerdotis
2849 4860 2932 4906 est
2956 4870 2969 4904 :
2999 4851 3186 4907 Credis
3217 4851 3269 4906 in
3296 4851 3464 4905 Deum
3491 4849 3711 4906 Patrem

2131 4949 2591 5017 omnipotentem,
2619 4953 2676 5000 et
2702 4944 2756 4998 in
2785 4941 2968 4998 Iesum
3009 4940 3280 4997 Christum
3322 4940 3520 4996 Filium
3559 4940 3709 5010 ejus,

2131 5040 2267 5095 etin
2298 5037 2558 5107 Spiritum
2585 5034 2866 5092 sanctum?
2904 5033 3203 5103 Responsio
3239 5041 3418 5088 autem
3459 5035 3613 5089 bona:
3654 5044 3712 5089 et

2132 5129 2393 5200 simplicis
2439 5125 2784 5183 conscientiae
2830 5132 2953 5178 est:
3007 5121 3214 5188 Credo,
3263 5139 3383 5193 qua:
3427 5125 3713 5194 responsio

2132 5218 2407 5274 hominem
2439 5215 2651 5281 salvat,
2681 5222 2735 5268 et
2765 5214 2833 5268 ab
2859 5221 3062 5268 aeterno
3094 5212 3318 5268 interitu
3349 5213 3562 5268 liberat.

2201 5305 2308 5361 Per
2332 5309 2759 5360 resurrect‘onem
2783 5302 2994 5356 Domini
3022 5304 3186 5357 nostri
3212 5302 3337 5358 Iesu
3365 5300 3594 5367 Christi,
3617 5303 3712 5374 qui

2126 5407 2201 5450 est
2230 5397 2285 5449 in
2311 5396 2524 5449 dextera
2551 5393 2670 5448 Dei.
2710 5391 2778 5448 Ut
2818 5392 2948 5445 illud
2975 5409 2987 5444 :
3023 5391 3342 5468 Resurrexit
3372 5407 3402 5445 a
3441 5393 3708 5458 mortuis,

2124 5486 2365 5541 ascendit
2395 5487 2447 5540 in
2477 5481 2944 5543 c.1lum,sedetad
2963 5471 3206 5558 dextram
3237 5475 3510 5558 J,.qu:e
3535 5485 3710 5540 sessio

2123 5576 2482 5645 aequalitatem
2511 5573 2792 5644 potestatis
2825 5573 2937 5641 ejus
2969 5553 3092 5626 cuin
3117 5553 3275 5627 Patre
3305 5553 3592 5644 Signiﬁcat.

3880 521 3881 574 ι

3880 634 3883 732 4

3883 861 3888 964 Χ

3887 982 3889 1038 Α

3891 1216 3893 1310 4
