3978 6436
254 258 364 318 265

500 386 839 429 ενικοειιυκ
881 387 1177 437 ΙΔΊἼἮΕΙ,
1217 387 1336 427 CAP.
1381 385 1604 427 ULTIIO.

335 483 353 515 ι
393 462 658 520 Undecim
681 461 931 533 discipuli
955 463 1210 518 abierunt
1235 463 1290 517 in
1314 460 1594 517 Galilanm
1621 461 1677 516 in
1706 475 1856 516 mon-

263 575 283 608 ‹
323 565 433 612 tem
460 555 556 612 ubi
583 555 950 612 constituerat
975 553 1085 610 illis
1109 552 1291 610 Jesus.
1325 553 1395 608 Et
1422 552 1668 608 videntes
1693 567 1818 607 eum
1837 592 1854 618 ,

263 668 283 701 ι
320 649 724 714 adoraverunt,
754 648 978 720 quidam
1020 654 1202 702 autem
1231 646 1638 702 dubitaverunt.
1671 645 1740 701 Et
1765 661 1857 701 ac-

265 759 286 792 ‹
321 739 521 796 cedens
559 737 752 806 Iesus,
795 738 1010 795 locutus
1043 744 1130 793 est
1170 736 1308 799 illis.
1339 735 1566 792 dicens:
1598 736 1732 792 Data
1771 743 1858 791 est

267 852 285 884 ι
327 832 459 888 mihi
500 834 680 890 omnis
718 840 964 904 potestas
1005 830 1060 885 in
1103 829 1246 886 caelo
1269 836 1326 884 et
1353 829 1410 885 in
1447 837 1613 884 terra.
1653 828 1858 884 Euntes

264 946 284 980 ι
325 926 518 983 docete
542 942 732 983 omnes
758 936 977 996 gentes,
1008 923 1351 996 baptisantcs
1390 937 1514 989 eos,
1545 922 1602 977 in
1639 921 1860 977 nomine

269 1038 287 1069 ι
318 1016 500 1074 Patris
516 1026 572 1071 et
585 1015 706 1072 Filii
737 1016 1046 1088 etSpiritus
1077 1016 1282 1079 sancti,
1320 1016 1580 1071 docentes
1621 1029 1717 1070 eos
1743 1029 1859 1070 ser-

269 1126 292 1160 s
328 1124 459 1164 vare
501 1105 685 1164 omnia
725 1121 1062 1178 quacunque
1105 1105 1362 1162 mandavi
1400 1105 1576 1161 vobis.
1620 1104 1689 1160 Et
1728 1119 1859 1162 ecce

271 1217 292 1250 s
328 1209 429 1270 ego
454 1196 737 1253 vobiscum
762 1211 882 1251 sum
907 1197 1163 1253 omnibus
1185 1196 1406 1262 diebus,
1434 1209 1607 1266 usque
1633 1195 1703 1250 ad
1727 1209 1859 1251 con-

269 1309 291 1341 ‹
329 1289 753 1345 summationem
779 1287 984 1344 sinenti.
1020 1307 1039 1342 ι

339 1379 594 1435 Undecies
623 1377 870 1450 discipuli
895 1379 1138 1434 abierunt
1164 1378 1219 1433 in
1247 1373 1528 1433 Galilteam
1552 1379 1609 1432 in
1631 1386 1855 1432 montem

265 1474 357 1529 ubi
383 1473 724 1526 constituerat
750 1470 858 1526 illis
882 1469 1062 1526 Iesus.
1093 1469 1208 1555 (.Ex
1237 1467 1498 1541 Hieron.)
1526 1467 1657 1524 Post
1681 1481 1858 1522 resur-

267 1564 566 1620 rectionem
592 1562 738 1620 enim
765 1559 926 1617 Jesus
955 1562 1009 1616 in
1036 1559 1254 1616 Galilzea
1285 1567 1469 1616 monte
1495 1556 1856 1628 conspicitur,

267 1657 452 1728 ibique
479 1654 761 1720 adoretur,
789 1653 921 1709 licet
948 1653 1171 1725 quidam
1203 1652 1482 1717 dubitent,
1513 1653 1608 1708 sed
1637 1649 1856 1706 dubita-

269 1750 348 1806 tio
387 1763 578 1805 eorum
617 1756 862 1803 nostram
903 1755 1068 1817 auget
1109 1745 1304 1812 ﬁdem,
1349 1745 1478 1800 dum
1516 1744 1859 1801 manifestius
1887 1733 1938 1794 B

267 1839 571 1896 ostenditur
597 1839 847 1904 Thomre,
889 1845 946 1892 et
984 1837 1127 1893 latus
1166 1835 1356 1894 lancea
1397 1835 1774 1903 vulneratum,
1806 1845 1864 1891 et

269 1948 467 1988 manus
495 1931 632 1986 ﬁxas
656 1931 994 1986 demonstrat
1020 1929 1208 1986 clavis.

341 2023 416 2078 Et
455 2011 706 2077 accedens
745 2019 903 2076 Jesus
923 2061 938 2088 ,
981 2020 1186 2076 locutus
1230 2028 1306 2076 est
1346 2018 1526 2074 dicens
1547 2033 1567 2072 :
1605 2018 1747 2075 Data
1785 2029 1864 2075 est

269 2115 400 2169 mihi
427 2114 594 2168 omnis
612 2121 868 2183 potestas,
893 2119 998 2168 etc.
1033 2111 1165 2166 Data
1189 2120 1274 2167 est
1300 2109 1352 2166 ei
1369 2151 1385 2178 ,
1413 2110 1507 2181 qui
1537 2109 1698 2181 paulo
1736 2119 1865 2166 ante

269 2207 564 2264 cruciﬁxus
589 2214 700 2273 est,
729 2207 823 2277 qui
851 2205 1094 2276 sepultus
1122 2205 1176 2259 in
1211 2203 1455 2270 tumulo,
1490 2203 1586 2272 qui
1615 2210 1866 2258 mortuus

270 2301 548 2372 iacuerat,
579 2301 670 2370 qui
701 2309 892 2370 postea
919 2305 1313 2355 resurrexerat.
1342 2296 1400 2353 In
1429 2296 1782 2367 calcantem
1810 2305 1868 2352 et

273 2398 330 2450 in
357 2401 506 2448 terra
534 2400 777 2464 potestas
805 2392 929 2448 data
956 2398 1074 2456 est,
1106 2400 1168 2445 ιιι
1191 2389 1283 2460 qui
1311 2399 1472 2445 antea
1500 2389 1766 2461 regnabat
1809 2387 1866 2443 in

269 2487 440 2552 cmlo,
468 2501 567 2558 per
595 2484 758 2540 ﬁdem
785 2483 1126 2540 credentium
1155 2491 1345 2554 regnet
1372 2482 1431 2538 in
1461 2481 1648 2538 terris.

346 2581 549 2635 Euntes
583 2595 704 2650 ergo
743 2577 921 2632 docete
946 2592 1125 2632 omnes
1164 2585 1339 2648 gentes
1360 2617 1376 2642 ,
1405 2575 1731 2646 baptizantes
1777 2589 1866 2630 eos

272 2674 333 2727 in
359 2671 567 2726 nomine
603 2669 785 2724 Patris
812 2676 860 2722 et
885 2665 1016 2722 Filii
1052 2677 1101 2721 et
1132 2664 1360 2738 Spiritus
1388 2667 1580 2722 sancti.
1620 2663 1867 2722 Primum

276 2765 475 2820 docent
504 2776 694 2818 omnes
718 2769 928 2833 gentes,
952 2758 1148 2815 deinde
1170 2758 1360 2815 doctos
1383 2758 1657 2829 intingunt
1682 2772 1824 2828 aqua
1848 2773 1865 2824 ;

278 2871 387 2910 non
417 2855 561 2910 enim
589 2861 769 2925 potest
797 2851 914 2909 ﬁeri
942 2862 1003 2908 ut
1027 2867 1228 2922 corpus
1251 2849 1506 2921 baptismi
1535 2850 1760 2920 recipiat
1787 2864 1869 2905 sa-

277 2955 622 3004 cramentum
642 2986 657 3012 ,
686 2944 790 3001 nisi
818 2951 979 3000 antea
1009 2943 1191 2999 anima
1234 2941 1358 2998 ﬁdei
1391 2941 1696 3012 susceperit
1723 2941 1870 2995 veri-

279 3047 470 3093 tatem.
507 3036 860 3106 Baptizantur
886 3041 1102 3100 autem,
1134 3033 1188 3090 in
1217 3031 1437 3087 nomine
1463 3029 1674 3098 Patris,
1703 3039 1759 3087 et
1787 3029 1872 3086 Fi-

279 3130 369 3196 lii,
400 3136 455 3185 et
482 3120 720 3200 Spiritus
745 3125 954 3192 sancti,
986 3132 1046 3180 ut
1074 3137 1311 3196 quorum
1338 3128 1423 3178 est
1450 3135 1557 3175 una
1588 3121 1868 3188 divinitas,

282 3222 355 3277 sit
383 3235 491 3275 una
517 3217 750 3290 largitio,
776 3231 1086 3286 nomenque
1106 3212 1392 3269 Trinitatis
1420 3227 1564 3268 unus
1588 3210 1735 3275 Deus
1764 3218 1868 3267 est.

354 3312 610 3368 Docentes
645 3326 732 3365 eos
778 3324 988 3364 servare
1028 3307 1207 3362 omnia
1249 3320 1574 3377 quaecunque
1622 3301 1874 3357 mandaui

282 3403 450 3459 vobis.
490 3400 636 3458 Ordo
673 3398 998 3472 praecipuus.
1055 3394 1218 3453 lubet
1253 3393 1515 3468 apostolis
1547 3403 1608 3449 ut
1635 3393 1873 3466 primum

281 3493 544 3549 docerent
579 3493 865 3547 universas
913 3495 1137 3561 gentes,
1186 3487 1381 3544 deinde
1430 3485 1556 3544 ﬁdei
1603 3486 1878 3558 tingerent

283 3591 629 3642 sacramento
649 3623 664 3649 ,
693 3588 896 3652 etpost
927 3579 1089 3635 ﬁdem
1116 3594 1182 3635 ac
1208 3577 1478 3650 baptisma
1495 3618 1511 3643 ,
1543 3591 1665 3648 quae
1691 3581 1876 3632 essent

285 3675 627 3732 observanda
653 3673 1033 3747 prazciperent.
1065 3671 1145 3727 Ac
1171 3685 1241 3726 ne
1281 3677 1537 3742 putemus
1576 3668 1716 3725 levia
1755 3683 1885 3724 esse

287 3785 410 3840 quae
443 3765 755 3838 jusserunt,
798 3772 856 3821 et
891 3778 1067 3835 pauca
1109 3762 1300 3818 addit:
1331 3759 1527 3816 Omnia
1553 3764 1877 3832 quacunque

288 3860 536 3916 mandavi
564 3857 738 3924 vobis,
783 3865 845 3912 ut
873 3855 970 3928 qui
1002 3853 1353 3919 crediderint,
1391 3853 1484 3924 qui
1513 3851 1570 3906 in
1609 3851 1879 3908 Trinitate

291 3951 495 4006 fuerint
523 3948 803 4021 baptizati,
831 3946 1015 4002 omnia
1043 3945 1246 4002 faciant
1272 3960 1393 4016 quae
1419 3953 1693 4016 przecepta
1727 3948 1875 3998 sunt.

364 4041 502 4096 Ecce
539 4057 630 4112 ego
669 4039 931 4094 vobiscum
973 4053 1091 4092 sum
1131 4035 1373 4090 omnibus
1409 4032 1594 4088 diebus
1621 4050 1783 4106 usque
1808 4031 1878 4087 ad

292 4133 796 4188 consummationem
837 4127 1040 4183 swculi.
1081 4125 1186 4194 Qui
1222 4139 1395 4196 usque
1435 4123 1504 4179 ad
1529 4137 1879 4180 consumma-

294 4211 500 4282 tiOnem
541 4221 724 4280 saeculi
767 4237 890 4277 cum
930 4218 1210 4290 discipulis
1254 4218 1370 4273 suis
1399 4231 1458 4273 se
1487 4215 1729 4271 futurum
1761 4230 1882 4273 esse

295 4317 594 4389 promittit,
640 4323 696 4371 et
741 4315 860 4370 illos
902 4310 1141 4370 ostendit
1186 4325 1401 4381 semper
1443 4323 1566 4365 esse
1607 4309 1879 4376 victuros,

1084 256 1608 316 COLI.ECTIONES
1646 254 1714 310 IN
1753 251 2136 310 EPISTOLAS
2179 253 2268 308 ET
2307 251 2725 309 EVANGELIA.

3409 249 3553 310 .265

1878 373 1931 432 Α
1955 365 2094 421 milis
2129 365 2317 436 {arma
2352 365 2526 422 salvos
2570 366 2696 438 facit
2729 364 3010 439 baptisma.
3044 365 3398 436 Evangelium
3427 365 3504 421 ait
3531 383 3548 420 :

1956 457 2154 514 Docete
2179 475 2358 514 omnes
2381 469 2578 530 gentes,
2602 459 2927 530 baptisantes
2951 475 3038 514 eos
3060 460 3116 514 in
3137 460 3346 515 nomine
3369 456 3553 512 Patris

1957 560 2007 606 et
2036 549 2170 605 Filii
2195 560 2244 605 et
2273 548 2504 622 Spiritus
2529 551 2733 618 sancti;
2759 553 2851 623 qui
2878 551 3158 607 crediderit
3182 561 3232 606 et
3256 551 3552 623 baptizatus

1959 641 2120 712 fuerit
2141 682 2156 708 ,
2187 640 2364 697 saluus
2394 641 2491 696 erit
2521 639 2540 714 (
2565 640 2757 696 Matth.
2777 643 2834 691 et
2863 635 3034 690 Marc.
3062 633 3285 707 ultim.).

2208 771 2523 830 SABBATO
2557 772 2628 828 IN
2665 771 2945 828 OCTAVA
2977 770 3297 829 PASCHE.

2169 902 2428 943 EPISTOLA
2468 901 2625 942 ΒΕΔΤΙ
2665 901 2826 941 PETRI
2851 899 3065 952 APOS'I'.,
3099 900 3220 940 CAP.
3266 901 3329 940 ιι.

2035 1041 2056 1075 ι
2093 1022 2437 1092 Deponentes
2463 1033 2682 1075 omnem
2712 1017 2979 1074 alitiam
3009 1024 3066 1073 et
3089 1031 3308 1072 omnem
3335 1015 3516 1073 dolum
3535 1057 3550 1079 ,

1967 1130 1986 1165 ι
2021 1121 2080 1168 et
2106 1110 2482 1167 simulationes
2503 1117 2559 1163 et
2577 1108 2845 1174 invidias,
2867 1116 2923 1164 et
2939 1122 3132 1163 omnes
3160 1107 3554 1171 detractiones.

1965 1223 1986 1258 ι
2020 1204 2168 1262 sicut
2192 1203 2354 1259 modo
2379 1200 2548 1271 geniti
2575 1199 2835 1267 infantes,
2865 1198 3238 1266 rationabiles,
3268 1201 3386 1256 sine
3409 1199 3553 1265 dolo,

1966 1312 1988 1347 ο
2022 1294 2108 1350 lac
2133 1292 2535 1364 concupiscite,
2566 1299 2628 1348 ut
2651 1291 2708 1347 in
2737 1306 2804 1348 eo
2831 1290 3094 1348 crescetis
3118 1290 3178 1346 in
3217 1289 3476 1356 salutem,
3507 1291 3554 1346 si

1967 1405 1988 1440 ι
2021 1395 2212 1443 tamen
2238 1386 2499 1458 gustastis
2537 1385 2798 1457 quoniam
2827 1384 3009 1442 dulcis
3028 1393 3115 1440 est
3157 1385 3454 1452 Dominus,
3485 1383 3557 1440 ad

1964 1495 1984 1530 ι
2020 1491 2184 1549 quem
2230 1475 2556 1532 accedentes
2601 1474 2844 1544 lapidem-
2867 1475 3086 1541 vivum,
3128 1474 3199 1530 ab
3241 1474 3556 1531 hominibus

1965 1587 1988 1622 ι
2023 1569 2372 1640 reprobatum
2390 1607 2406 1634 ,
2437 1581 2470 1622 a
2498 1566 2611 1622 Deo
2653 1575 2837 1623 autem
2864 1566 3098 1623 electum
3136 1574 3194 1623 et
3229 1565 3557 1622 honoriﬁca-

1965 1678 1984 1713 ι
2024 1669 2166 1727 uim,
2195 1668 2252 1715 et
2288 1659 2392 1729 ipsi
2438 1667 2702 1728 tanquam
2744 1657 2953 1729 lapides
2992 1658 3105 1715 vivi
3152 1658 3556 1729 supermdilica-

1967 1769 1987 1802 ί
2025 1750 2158 1808 mini
2186 1749 2240 1804 in
2269 1749 2460 1806 domos
2486 1747 2780 1821 spiritales,
2811 1748 3021 1806 hostias
3047 1749 3416 1820 acceptabiles
3444 1749 3556 1804 Deo

1969 1860 1988 1894 ι
2024 1858 2123 1914 per
2145 1840 2333 1898 Jesum
2361 1840 2659 1897 Christum.
2689 1839 2922 1912 Propter
2945 1841 3093 1911 quod
3131 1841 3379 1898 coiitinet
3408 1840 3558 1898 Scri-

1969 1953 1991 1987 s
2023 1944 2227 2006 ptura:
2271 1933 2417 1990 Ecce
2453 1949 2656 2006 ponam
2697 1933 2754 1988 in
2794 1931 2928 1990 Sion
2967 1933 3202 2005 lapidem
3243 1950 3556 2001 summum,

1971 2042 1990 2076 s
2027 2029 2377 2096 angularem,
2427 2023 2698 2090 electum,
2759 2023 3094 2095 pretiosum,
3138 2032 3196 2080 et
3241 2026 3421 2082 omnis
3463 2029 3561 2096 qui

1971 2137 1990 2171 ι
2023 2118 2320 2176 crediderit
2356 2118 2413 2175 in
2455 2133 2580 2173 eum
2621 2133 2730 2174 non
2773 2116 3156 2174 confundetur.
3185 2117 3354 2174 Vobis
3393 2119 3562 2190 igitur

1973 2229 1992 2260 ι
2029 2209 2206 2266 honor
2249 2209 2628 2276 credentibus,
2660 2223 2768 2264 non
2814 2208 3165 2265 credentibus
3209 2218 3396 2266 autem
3421 2209 3564 2282 lapis

1974 2320 1993 2354 ι
2029 2313 2197 2374 quem
2234 2302 2663 2374 reprobaverunt
2703 2301 3067 2368 mdiﬁcantes,
3112 2302 3204 2357 hic
3245 2301 3425 2359 factus
3475 2312 3567 2358 est

1973 2416 1993 2450 ι
2028 2396 2082 2451 in
2133 2405 2296 2466 caput
2341 2394 2559 2466 anguli,
2612 2403 2670 2451 et
2705 2392 2845 2466 lapis
2889 2393 3244 2462 oll‘ensionis,
3296 2402 3354 2451 et
3405 2403 3564 2465 petra

1975 2507 1994 2538 ί
2030 2485 2310 2553 scandali,
2356 2486 2444 2544 his
2488 2486 2580 2557 qui
2625 2485 2906 2544 otl'endunt
2947 2485 3148 2551 verbo,
3189 2499 3293 2542 nec
3331 2486 3566 2542 credunt

1973 2597 1994 2632 ι
2032 2579 2088 2635 in
2111 2593 2220 2651 quo
2253 2586 2311 2634 et
2346 2577 2510 2648 positi
2543 2585 2690 2634 sunt.
2731 2575 2843 2635 Vos
2873 2585 3055 2634 autem
3092 2590 3265 2648 genus
3287 2576 3522 2632 electum
3551 2622 3576 2648 ,

1974 2691 1994 2726 ι
2035 2670 2219 2743 regale
2257 2670 2658 2738 sacerdotium,
2683 2684 2818 2742 gens
2850 2679 3070 2735 metu,
3105 2667 3340 2740 populus
3374 2670 3573 2739 ειαιυί..

1973 2782 1996 2818 s
2031 2763 2246 2822 sitionis
2264 2804 2280 2830 ,
2333 2771 2396 2819 ut
2431 2763 2666 2820 virtutes
2709 2762 3048 2820 annnntietis
3079 2761 3200 2833 ejus
3244 2760 3338 2832 qui
3381 2760 3451 2817 de
3490 2770 3566 2816 te-

1977 2873 1997 2908 ι
2031 2854 2222 2912 nebris
2243 2870 2342 2911 vos
2366 2855 2588 2912 vocavit
2611 2855 2666 2912 in
2693 2853 3019 2912 admir'abiic
3041 2853 3222 2911 lu‘snen
3248 2863 3407 2910 suum
3427 2893 3446 2920 ,
3467 2855 3574 2924 qui

1976 2961 1996 2997 s
2031 2943 2327 3015 aliquando
2356 2959 2465 3000 non
2491 2941 2768 3014 populus,
2786 2958 2935 2998 nunc
2964 2951 3147 3000 autem
3175 2942 3406 3014 populus
3432 2943 3566 3006 Dei,

1980 3054 1998 3090 ι
2035 3036 2131 3108 qui
2154 3051 2264 3092 non
2286 3035 2565 3091 consecuti
2589 3033 3055 3098 misericordiam.
3083 3049 3228 3090 nunc
3251 3043 3436 3091 autem
3462 3035 3566 3090 mi-

1980 3145 2000 3181 r
2033 3126 2389 3182 seritordiam
2419 3124 2720 3182 consecuti.
2753 3143 2778 3178 ι

2044 3216 2372 3289 Deponentes
2400 3231 2606 3272 omnem
2639 3214 2898 3270 malitiam
2935 3223 2990 3271 et
3025 3229 3236 3270 omnem
3269 3213 3488 3282 ἄοινα,
3515 3225 3574 3272 α

1973 3305 2374 3373 simulationes,
2405 3315 2454 3361 et
2491 3305 2750 3372 invidias,
2779 3314 2832 3360 et
2863 3321 3044 3362 omnes
3075 3304 3464 3373 detractiones,
3491 3309 3572 3363 si-

1975 3406 2063 3454 cut
2091 3396 2246 3452 modo
2273 3397 2436 3468 geniti
2464 3396 2726 3467 infantes,
2758 3395 3132 3462 rationabiles,
3159 3396 3274 3452 sine
3299 3395 3455 3466 dolo,
3484 3397 3574 3454 lae

1974 3488 2358 3562 concupiscite,
2384 3497 2494 3546 etc.
2532 3489 2657 3562 (Ex
2683 3488 2892 3563 Beda.)
2931 3487 3038 3560 Qui
3077 3489 3254 3546 renati
3288 3491 3457 3559 estis,
3493 3493 3574 3549 ἰιιι

1977 3581 2126 3654 quit,
2174 3597 2370 3654 nuper,
2412 3591 2468 3638 et
2515 3581 2613 3638 ﬁlii
2657 3581 2756 3638 Dei
2784 3597 2884 3653 per
2910 3581 3182 3654 baptisma
3221 3583 3386 3651 facti,
3435 3585 3574 3642 tales

1977 3674 2144 3732 modo
2169 3682 2348 3731 estote
2369 3689 2468 3746 per
2494 3673 2736 3730 studium
2761 3675 2920 3730 bonae
2941 3676 3376 3734 conversationis
3391 3717 3412 3746 ,
3436 3691 3577 3748 qua-

1981 3764 2062 3822 les
2084 3776 2215 3822 sunt
2241 3779 2435 3822 recens
2460 3763 2594 3820 editi
2619 3763 2888 3832 infantes,
2913 3779 3015 3836 per
3050 3772 3304 3822 naturam
3338 3766 3577 3824 innoxia:

1979 3859 2191 3927 aetatis,
2218 3857 2394 3930 ignari
2421 3856 2643 3914 malitiae
2677 3863 2734 3913 et
2767 3857 2949 3914 omnis
2983 3855 3129 3924 doli,
3167 3857 3460 3926 simulare,
3495 3860 3578 3915 in-

1980 3950 2201 4018 videre,
2225 3950 2546 4014 detrahere,
2571 3948 2802 4019 aliisqne
2838 3947 3150 4018 huiusmodi
3186 3948 3338 4006 vitiis
3368 3951 3580 4006 manci-

1980 4045 2102 4118 pari
2123 4042 2455 4100 omnimodis
2480 4041 2813 4111 ignorantes.
2839 4039 2942 4109 Qui
2962 4041 3105 4098 sicut
3127 4040 3214 4097 lac
3239 4041 3296 4098 in
3311 4050 3578 4098 aeternum

1982 4133 2308 4192 naturaliter
2343 4132 2692 4196 desiderant,
2729 4139 2790 4184 ut
2823 4131 2894 4186 ad
2925 4129 3157 4188 salutem
3200 4145 3454 4188 crescere
3496 4142 3578 4188 at-

1982 4241 2090 4300 que
2122 4224 2189 4278 ad
2224 4237 2423 4294 panem
2461 4220 2855 4278 comedendum
2893 4220 3184 4290 pervenire
3218 4219 3453 4277 valeam.
3495 4221 3578 4280 Ita

1982 4325 2043 4374 et
2062 4331 2162 4374 vos
2191 4313 2460 4385 simplicia
2493 4311 2801 4369 rudimenta
2837 4311 2997 4379 ﬁdei,
3021 4311 3201 4384 primo
3224 4312 3294 4368 de
3316 4312 3580 4372 Ecclesia:

295 4419 353 4465 et
373 4426 431 4466 se
455 4425 729 4480 nunquam
755 4425 786 4464 a
809 4407 1158 4464 credentibus
1182 4420 1549 4462 recessurum.
1577 4403 1678 4472 Qui
1701 4412 1882 4459 autem
1908 4447 1963 4508 Β
1988 4409 2184 4466 matris
2207 4406 2470 4464 uberibus
2497 4405 2758 4476 quaerite,
2783 4405 2890 4461 hoc
2910 4412 3030 4471 est,
3059 4403 3129 4460 de
3165 4405 3452 4476 utrisque
3474 4407 3585 4464 Te-

299 4518 471 4572 usque
516 4500 583 4558 ad
621 4500 1147 4556 consummationem
1194 4497 1382 4554 mundi
1423 4497 1508 4552 sui
1535 4497 1883 4569 praesentiam

299 4593 604 4665 pollicetur,
633 4608 741 4646 non
773 4593 988 4664 ignorat
1014 4606 1140 4648 cum
1159 4590 1326 4658 diem,
1358 4589 1414 4644 in
1441 4605 1549 4662 qua
1577 4587 1664 4645 die
1693 4603 1753 4645 se
1782 4587 1891 4644 scit

301 4687 544 4742 futurum
574 4701 696 4740 cum
726 4686 1006 4756 apostolis.

375 4781 394 4854 (
418 4778 503 4835 Ea:
528 4776 717 4851 Chrys.
744 4780 762 4852 )
804 4779 1085 4848 Quomodo
1113 4779 1249 4836 dixit
1274 4797 1288 4832 :
1336 4775 1472 4832 Ecce
1499 4792 1592 4846 ego
1623 4773 1886 4828 vobiscum

304 4890 420 4928 sum
455 4889 616 4946 usque
652 4872 721 4926 ad
756 4873 1258 4927 consummationem
1293 4867 1496 4925 sceculi.
1539 4865 1610 4923 Et
1644 4867 1884 4920 iterum:

307 4964 438 5020 ch
461 4974 611 5029 sunt,
645 4963 847 5034 inquit,
879 4963 1035 5018 verba
1063 4979 1212 5027 mea,
1241 4977 1362 5014 cum
1405 4959 1580 5013 adhuc
1606 4971 1770 5012 essent
1797 4970 1888 5009 vo—

307 5058 504 5111 biscum
525 5099 540 5123 ,
572 5058 677 5112 hoc
703 5065 816 5123 est,
845 5071 970 5112 cum
1014 5055 1193 5109 adhuc
1232 5051 1479 5107 mortalis
1507 5064 1684 5105 essem
1702 5089 1719 5116 ,
1748 5047 1893 5103 sicut

306 5159 365 5206 et
391 5164 506 5205 vos.
537 5146 672 5204 Cum
704 5147 810 5204 illis
837 5149 981 5204 enim
1008 5156 1128 5203 erat
1154 5145 1443 5216 praesentia
1471 5142 1750 5212 corporis,
1782 5153 1889 5194 non

307 5255 432 5294 cum
464 5238 572 5295 illis
598 5248 717 5294 erat
744 5239 1056 5295 conditione
1085 5235 1466 5295 mortalitatis.
1495 5241 1553 5290 et
1591 5234 1750 5288 modo
1795 5246 1892 5286 no-

309 5333 523 5389 biscum
552 5340 636 5387 est
662 5347 762 5402 per
787 5331 1134 5402 praesentiam
1162 5329 1496 5401 majestatis,
1526 5335 1582 5382 et
1605 5325 1891 5382 nobiscum

311 5440 418 5480 non
447 5431 533 5479 est
558 5424 850 5494 praesentia
875 5423 1143 5495 corporis.

945 5530 1244 5572 CONCOBDIA
1253 5555 1266 5568 .

382 5608 616 5662 latarum
637 5609 864 5664 duarum
889 5609 944 5663 in
974 5613 1322 5664 sacrosancto
1344 5603 1668 5674 baptismate
1690 5600 1752 5657 ﬁt
1771 5617 1902 5658 con-

1991 4497 2249 4558 stamenti
2280 4495 2627 4562 doctoribus,
2662 4495 2759 4567 qui
2793 4493 2980 4550 divina
3021 4494 3270 4565 eloquia,
3315 4496 3414 4553 vel.
3447 4499 3586 4555 scri-

1991 4607 2153 4666 psere
2169 4632 2186 4659 ,
2210 4589 2300 4646 vel
2330 4589 2497 4645 etiam
2520 4588 2644 4644 viva
2669 4602 2810 4643 voce.
2825 4587 2982 4644 vobis
3003 4588 3336 4658 pradicant,
3357 4598 3424 4646 ut
3440 4591 3584 4648 bene

1992 4683 2284 4749 discendo,
2311 4679 2644 4752 perveniatis
2688 4679 2758 4734 ad
2782 4677 3134 4736 refectionem
3159 4679 3318 4749 panis
3343 4681 3452 4736 vivi
3486 4685 3581 4753 qui

1995 4779 2062 4836 de
2099 4777 2241 4834 coelo
2275 4773 2588 4840 descendit,
2612 4773 2719 4829 hoc
2739 4779 2858 4841 est,
2889 4785 2988 4844 per
3021 4781 3366 4828 sacramenta
3399 4772 3586 4834 Domi—

1994 4870 2132 4926 nica
2167 4865 2588 4933 incarnationis,
2625 4864 2828 4936 quibus
2867 4863 3044 4920 renati
3077 4864 3242 4933 estis,
3288 4873 3346 4922 et
3385 4866 3588 4938 quibus

1995 4959 2310 5024 nutrimini,
2344 4957 2676 5029 perveniatis
2717 4957 2787 5013 ad
2819 4955 3339 5028 contemplationem
3385 4958 3592 5016 divina

1996 5050 2303 5122 maiestatis
2346 5067 2361 5104 :
2407 5046 2794 5114 Rationabiles,
2836 5047 3049 5118 inquit,
3085 5056 3137 5103 et
3173 5049 3292 5104 sine
3325 5048 3452 5105 dolo
3501 5048 3590 5108 lac

1995 5145 2380 5218 concupiscite,
2407 5152 2464 5198 ut
2493 5143 2552 5198 in
2585 5159 2658 5198 eo
2689 5143 2938 5197 crescatis
2972 5142 3031 5197 in
3067 5141 3294 5198 salutem
3331 5141 3404 5215 (Ι
3435 5142 3585 5199 Petr.

1998 5237 2099 5310 ιι).
2149 5236 2431 5305 Praacepto
2473 5232 2894 5305 concupiscendi
2932 5233 3017 5290 lac
3062 5232 3247 5300 verbi,
3288 5233 3460 5304 tangit
3491 5249 3592 5290 eos

1999 5327 2092 5399 qui
2117 5326 2187 5382 ad
2212 5323 2507 5381 audiendas
2534 5321 2796 5380 lectiones
2821 5338 3008 5379 sacras
3043 5322 3202 5378 inviti
3229 5331 3287 5378 et
3319 5321 3590 5380 fastidiosi

2001 5417 2321 5480 adveniunt,
2349 5413 2525 5486 ignari
2553 5412 2698 5468 ﬁlius
2719 5413 2840 5469 sitis
2875 5421 2932 5468 et
2965 5413 3202 5479 esuriei,
3229 5412 3297 5468 de
3331 5427 3438 5481 qua
3473 5410 3586 5467 Do-

2004 5512 2185 5566 minus
2227 5510 2343 5564 ait:
2395 5508 2548 5563 Beati
2591 5507 2680 5578 qui
2724 5507 2964 5562 esuriant
3008 5516 3066 5562 et
3097 5507 3283 5561 sitiunt
3316 5505 3591 5574 justitiam.

2007 5601 2244 5675 (Matth.
2283 5617 2312 5655 v
2335 5601 2376 5674 ).
2414 5598 2648 5669 Ideoque
2694 5597 2900 5653 tardius
2944 5597 3013 5652 ad
3052 5595 3354 5669 perfectum
3397 5594 3594 5653 salutis

315 5701 500 5759 cordia
541 5700 856 5759 lectionum.
895 5699 1188 5774 Apostolus
1225 5699 1371 5754 enim
1414 5696 1586 5754 dicit:
1621 5693 1688 5752 Et
1719 5712 1806 5753 vos
1830 5696 1906 5751 si—
2008 5696 2404 5752 incrementum
2428 5690 2839 5767 pervenientes,
2866 5703 2976 5762 quo
2997 5689 3210 5758 possint
3245 5686 3419 5744 solido
3442 5687 3592 5745 verbi

721 5793 1000 5854 Parant.
1050 5790 1181 5854 Cll.
