3978 6418
412 272 518 331 267

1708 256 2062 311 SMARACDl
2106 252 2394 310 ABBATlS

3586 248 3693 307 £68

419 391 541 445 cibo
577 386 730 443 reﬁci
751 428 766 453 ,
800 386 854 441 id
886 392 1001 451 est,
1041 397 1239 438 arcana
1289 393 1618 450 cognoscere
1662 377 1841 433 divina
1862 420 1875 441 ,
1920 377 2002 430 vel
2034 386 2083 444 Α
2109 380 2396 433 εικῖἰῦοὶιιιη
2430 388 2642 448 portat,
2684 382 2738 433 c’t
2775 380 2887 447 ipse
2915 393 2943 431 a
2974 378 3188 431 nomine
3219 385 3489 447 part-itur,
3517 374 3702 432 Dona.

351 482 359 501 ‘
420 478 625 549 majora
663 480 844 533 facere
878 475 1040 530 bona.

437 592 445 601 τ
494 572 555 629 Si
594 583 769 625 tamen
809 567 1063 639 gustastis
1103 565 1353 636 quoniam
1399 562 1569 617 dulcis
1610 571 1684 617 cst
1722 560 1998 616 Dominus.

420 665 564 729 Hoc,
591 661 793 732 inquit,
820 666 1009 729 pacto,
1035 656 1259 712 dimissa
1293 663 1459 727 atque
1495 654 1789 709 emundata
1823 652 2004 708 cordis

416 752 584 809 vestri
616 750 821 806 malitia
846 757 904 804 et
927 746 1224 818 spurcitia,
1256 744 1557 816 Spiritalem
1585 742 1789 800 Christi
1816 742 2005 796 alimo-

419 846 566 899 niam
600 840 999 911 concupiscite,
1036 838 1081 894 si
1117 837 1312 892 divina:
1348 835 1649 891 dulcedinis
1689 842 1891 903 quanta
1935 832 2006 885 sit

420 936 711 992 multitudo
747 934 956 1005 sapitis.
998 928 1134 985 Nam
1168 929 1262 1000 qui
1302 927 1438 984 nihil
1465 928 1532 983 de
1557 941 1793 997 superna
1831 924 2007 979 suavi-

420 1038 532 1086 tate
568 1035 752 1100 gustat
783 1026 1001 1089 animo,
1041 1038 1145 1078 non
1184 1029 1269 1075 est
1304 1021 1535 1084 mirum,
1573 1018 1619 1073 si
1654 1020 1801 1074 hunc
1834 1025 2007 1072 terre-

420 1122 628 1179 stribus
661 1120 933 1176 illecebris
958 1114 1243 1173 sordidare
1272 1108 1387 1167 bon
1424 1114 1611 1167 evitat.
1641 1111 1787 1165 Bene
1818 1116 2005 1164 autem

420 1213 707 1269 Psalmista
732 1218 950 1282 gustare
979 1214 1194 1272 monet,
1228 1219 1389 1275 quam
1419 1203 1592 1259 dulcis
1625 1203 1696 1257 sit
1745 1201 2009 1255 Dominus

422 1303 595 1378 (Psal.
625 1300 842 1374 xxxm),
869 1300 997 1370 quia
1021 1307 1153 1353 sunt
1177 1296 1421 1353 nonnulli
1454 1296 1548 1365 qui
1589 1308 1705 1349 non
1726 1294 1780 1349 id
1806 1294 1871 1348 de
1896 1292 2008 1345 Deo

421 1396 695 1461 sentiunt,
725 1391 872 1463 quod
896 1390 1053 1447 dulce
1076 1389 1133 1444 in
1158 1389 1322 1444 terris
1351 1388 1556 1457 sapiat,
1594 1386 1691 1441 sed
1728 1385 1876 1455 quod
1905 1398 2007 1438 ex-

421 1500 640 1542 cussum
665 1483 908 1541 exterius
933 1489 1108 1537 sonet.
1139 1479 1242 1548 Qui
1266 1488 1322 1534 et
1343 1479 1390 1533 si
1418 1486 1630 1534 secreta
1657 1478 1904 1548 quadam
1931 1475 2010 1530 in-

422 1577 716 1650 telligendo
760 1573 1097 1646 percipiunt,
1147 1585 1336 1626 eorum
1384 1569 1725 1626 dulcedinem
1760 1567 2009 1639 experiri

419 1684 529 1725 non
572 1674 817 1739 possunt.
858 1665 926 1720 Et
964 1666 1010 1720 si
1050 1672 1349 1729 noverunt,
1385 1662 1657 1733 quomodo
1697 1670 1825 1717 sunt
1861 1661 2010 1730 igno-

2108 486 2210 525 nus
2236 478 2317 523 cst
2349 469 2601 525 Christus
2620 513 2633 535 ,
2664 472 2807 525 unde
2834 479 2887 524 et
2913 469 3045 539 lapis
3072 485 3100 523 a
3128 471 3390 540 propheta
3422 471 3702 539 pretiosus

2108 570 2353 628 voratur,
2379 561 2433 616 in
2474 560 2825 615 fundamento
2849 561 3119 615 fundatus.
3152 558 3664 630 Supertrdiﬁcamini
3682 603 3698 626 ,

2109 653 2312 723 inquit,
2340 654 2521 708 domos
2549 653 2831 724 spiritales.
2864 652 2940 707 [ta
2971 653 3094 707 illos
3131 652 3247 706 fieri
3273 652 3461 706 domos
3488 650 3701 722 spirita-

2108 744 2186 799 les
2214 745 2365 809 dicit,
2392 760 2513 800 cum
2541 745 2612 799 sit
2630 760 2738 799 una
2763 744 2955 799 domus
2974 743 3174 798 Christi
3202 743 3257 797 in
3279 742 3488 813 angelis
3509 736 3703 798 electis

2107 844 2163 891 et
2186 836 2498 891 hominibus
2524 836 2748 891 collecta
2768 878 2782 901 ,
2811 836 3101 906 quomodo,
3129 850 3251 890 cum
3279 835 3350 890 sit
3374 850 3483 889 una
3517 830 3702 890 Eccle-

2108 927 2189 982 sia
2212 927 2500 992 catholica,
2518 935 2631 982 toto
2655 927 2787 981 orbe
2809 925 3024 989 diil‘usa,
3050 942 3193 995 saepe
3212 925 3495 997 pluraliter
3519 922 3700 997 appel—

2107 1020 2289 1075 lantur
2311 1021 2568 1077 Ecclesiaa
2587 1061 2600 1084 ,
2630 1027 2854 1090 propter
2875 1014 3173 1073 multifaria
3213 1018 3422 1072 scilicet
3455 1012 3698 1072 fidelium

2110 1111 2482 1181 conventicula
2500 1152 2514 1175 ,
2541 1106 2710 1165 variis
2736 1109 3012 1173 tribubus,
3040 1107 3254 1178 populis
3272 1149 3287 1172 ,
3316 1116 3371 1162 et
3394 1106 3595 1178 linguis
3622 1107 3699 1161 di»

2109 1190 2327 1258 screta':
2364 1218 2470 1257 una
2507 1202 2724 1265 dicitur,
2761 1201 2903 1255 sicut
2939 1199 2992 1253 in
3016 1197 3337 1269 Apocalypsi
3370 1196 3595 1253 Joannis
3620 1195 3700 1252 di-

2109 1296 2252 1352 citur
2276 1313 2290 1349 :
2322 1295 2443 1366 Ipse
2466 1312 2559 1363 ego
2583 1292 2740 1348 Iesus
2770 1292 2888 1346 misi
2914 1290 3157 1361 angelum
3189 1304 3390 1353 meum,
3420 1288 3700 1357 testiﬁcari

2109 1386 2251 1441 vobis
2275 1386 2329 1440 in
2368 1383 2643 1439 Ecclesiis.
2679 1383 2791 1439 Nec
2825 1380 3261 1454 praetereundum
3298 1380 3439 1450 quod
3474 1375 3698 1449 quidam

2110 1480 2325 1536 codices
2359 1478 2561 1534 habent
2595 1492 2825 1532 numero
2840 1474 3157 1554 singulari:
3186 1471 3699 1544 Superwdiﬁcamini

2110 1573 2297 1626 domus
2339 1568 2615 1641 spiritalis.
2661 1568 2765 1623 Alii
2806 1580 3060 1623 rursum:
3106 1562 3476 1634 Ediﬁcamini
3515 1563 3572 1616 in
3607 1561 3701 1615 do-

2113 1679 2255 1718 mum
2286 1660 2607 1735 spiritalem,
2639 1659 2693 1714 in
2722 1674 2830 1730 quo
2864 1657 3120 1713 nimirum
3162 1656 3343 1711 unitas
3378 1653 3492 1725 ipsa
3530 1655 3701 1709 totius

421 1769 581 1828 rant,
605 1768 666 1816 ut
690 1760 834 1826 dixi,
862 1759 1133 1830 quomodo
1160 1759 1398 1828 sapiunt.
1430 1757 1498 1812 Et
1522 1757 1779 1827 quoniam
1806 1756 1863 1811 in
1890 1756 2007 1827 ipso
2036 1752 2082 1813 Β
2111 1766 2311 1816 sancta:
2349 1757 2605 1813 Ecclesiae
2645 1756 2824 1827 aptius
2864 1754 3295 1811 commendatur.
3336 1752 3471 1810 Cum
3515 1758 3702 1806 autem

421 1852 663 1915 Psalmo,
693 1850 761 1906 de
780 1865 890 1921 quo
912 1849 1058 1905 hunc
1083 1848 1411 1903 versiculum
1439 1848 1735 1916 assumpsit
1758 1847 2012 1917 prmmis-

423 1958 542 1999 sum
586 1949 673 2000 est
707 1941 995 1998 :~Accedite
1019 1940 1090 1994 ad
1136 1956 1279 2005 eum,
1316 1948 1365 1994 et
1406 1938 1821 2005 illuminamini;
1858 1948 2011 1995 recte

424 2035 619 2089 beatus
647 2034 842 2088 Petrus
868 2031 1089 2096 subdit,
1117 2030 1345 2086 dicens:

497 2124 579 2178 Ad
608 2139 761 2195 quem
784 2121 1093 2176 accedentes
1116 2120 1346 2193 lapidem
1392 2120 1584 2185 vivum,
1618 2121 1684 2174 ab
1712 2121 2012 2175 hominibus

423 2218 635 2289 quidem
660 2216 1013 2287 reprobatum,
1046 2231 1077 2269 a
1101 2213 1211 2269 Deo
1233 2222 1409 2268 autem
1436 2213 1658 2268 electum
1679 2223 1727 2268 et
1748 2213 2007 2282 honoriﬁ-

426 2318 623 2364 catum.
652 2309 720 2363 Et
743 2309 848 2364 hoc
867 2308 937 2363 de
960 2307 1135 2378 lapide
1169 2306 1541 2363 testimonium
1568 2308 1738 2362 sumit
1760 2292 1826 2361 ei
1853 2306 2009 2362 Psal-

429 2416 518 2457 mo
536 2441 551 2466 ,
581 2399 673 2456 ubi
695 2400 958 2471 scriptum
986 2406 1072 2454 est
1092 2416 1111 2453 :
1149 2397 1405 2469 Lapidem
1429 2412 1581 2469 quem
1610 2400 2011 2470 reprobaverunt

427 2491 749 2561 ludiﬁcantes
768 2529 785 2555 ,
827 2490 912 2546 hic
953 2488 1126 2559 factus
1163 2498 1240 2543 est
1284 2489 1342 2543 in
1386 2499 1544 2560 caput
1589 2489 1773 2561 anguli
1812 2488 2006 2561 (Psal.

424 2582 629 2652 cxvii).
669 2580 825 2648 Quod
859 2595 934 2636 ne
970 2580 1095 2650 quis
1117 2578 1344 2636 Iudaico
1362 2594 1532 2636 sensu
1564 2588 1781 2652 putaret
1807 2582 1873 2637 de
1898 2595 2013 2635 ma-

426 2672 601 2727 teriali
638 2670 869 2741 lapidea
894 2670 1159 2740 propheta
1196 2678 1499 2737 cantatum,
1543 2671 1638 2741 qui
1677 2671 1733 2726 in
1775 2669 2013 2726 aediﬁca—

428 2764 579 2818 tione
615 2770 849 2818 terrente
891 2760 1184 2848 cujuslibet
1222 2761 1448 2828 domus,
1494 2771 1685 2818 contra
1724 2764 2011 2824 hominum

427 2851 837 2923 diqsositiouem
881 2851 1069 2907 divino
1109 2850 1315 2922 judicio
1352 2868 1461 2909 non
1499 2861 1797 2923 poneretur
1818 2894 1833 2921 ,
1876 2870 2010 2911 con-

425 2942 566 2999 sulte
601 2941 779 3006 addit,
809 2941 992 2996 vivum
1018 2957 1034 2996 :
1064 2941 1147 2996 Ad
1175 2957 1329 3014 quem
1358 2943 1692 3010 accedentes,
1722 2944 2011 3017 inquiens,

425 3032 654 3105 lapidem
691 3032 899 3095 suum,
942 3040 1005 3087 ut
1032 3033 1102 3087 de
1131 3031 1353 3089 Christo
1392 3034 1694 3106 signiticet,
1730 3036 1825 3106 qui
1863 3047 2015 3093 recte

425 3124 560 3195 lapis
592 3124 894 3197 appellatus
929 3133 1043 3189 est,
1073 3124 1168 3195 qui
1199 3123 1256 3180 in
1291 3140 1461 3182 carne
1489 3127 1746 3192 veniens,
1781 3126 2013 3182 mdillca-
2038 3115 2084 3178 C

426 3217 562 3274 εἰοιιί
585 3226 796 3274 saneta
816 3219 1106 3285 Ecclesiae,
1143 3233 1253 3288 quo
1279 3220 1423 3276 hanc
1460 3220 1848 3288 conﬁrmaret,
1890 3236 2015 3279 sese

426 3308 673 3364 inserere
720 3309 979 3379 dignatus
1001 3319 1107 3366 est.
1136 3310 1308 3366 Vivus
1338 3318 1521 3366 autem
1568 3313 1663 3382 qui
1704 3312 2015 3383 dicerepo-

426 3398 567 3455 mit:
596 3397 712 3470 Ego
758 3415 876 3455 sum
913 3402 1000 3456 uia
1019 3441 1037 3467 ,
1057 3402 1252 3457 veritas
1276 3411 1327 3457 et
1354 3403 1461 3459 vita
1491 3401 1696 3477 (loan.
1723 3421 1817 3460 xrv
1838 3404 1880 3479 ).
1911 3406 2015 3475 Qui

424 3493 496 3548 ab
531 3491 844 3548 hominibus
875 3493 1200 3565 reprobatus
1237 3502 1361 3562 est,
1410 3510 1535 3552 cum
1580 3497 1825 3555 dicerent
1851 3499 2014 3556 :’Nos

424 3596 533 3638 non
566 3582 819 3640 habemus
856 3600 1066 3657 regem,
1110 3585 1213 3641 nisi
1250 3583 1515 3644 δέεται-ειη
1550 3588 1744 3660 (Joan.
1773 3593 1921 3666 xxx).
1966 3593 2013 3649 A

424 3675 550 3731 Deo
572 3683 757 3731 autem
794 3675 1031 3744 electus,
1071 3693 1197 3734 cum
1232 3678 1351 3750 ipse
1389 3681 1505 3736 ait:
1544 3681 1656 3755 Ego
1680 3693 1855 3739 autem
1888 3701 2013 3740 con-

425 3768 642 3822 stitutus
673 3782 792 3823 sum
828 3784 922 3823 res:
956 3769 1022 3824 ab
1048 3785 1141 3837 eo,
1168 3778 1272 3827 etc.
1303 3770 1323 3844 (
1348 3767 1497 3827 Psal.
1522 3772 1626 3846 ιι).
1665 3772 1733 3828 Et
1755 3775 2015 3831 honorill-

427 3865 584 3915 catus
615 3867 730 3929 est,
768 3860 1025 3930 quoniam
1058 3870 1183 3935 post
1216 3870 1447 3921 mortem
1483 3865 1666 3921 crucis
1691 3864 1836 3922 Deus
1861 3866 2013 3922 illum

414 3951 677 4009 exultavit
698 3962 762 4010 et
796 3954 1008 4011 donavit
1035 3955 1117 4011 illi
1145 3972 1332 4012 nomen
1370 3955 1512 4028 quod
1564 3966 1641 4013 est
1678 3973 1836 4031 super
1862 3975 2014 4015 omne

416 4059 616 4099 nomen
633 4084 647 4111 ,
681 4053 790 4102 etc.
820 4042 1043 4119 (Philip.
1071 4046 1156 4118 ιι).

497 4132 570 4188 Et
606 4133 708 4206 ipsi
747 4143 999 4207 tanquam
1037 4136 1239 4208 lapides
1279 4137 1379 4194 vivi
1419 4139 1918 4210 superwdilicamini
1957 4141 2013 4195 in

427 4223 615 4279 domm
645 4224 929 4297 spiritales.
961 4225 1481 4299 Supertediﬁcamini
1500 4273 1515 4299 ,
1542 4231 1664 4288 illos
1694 4232 1854 4299 dicit,
1885 4233 2012 4304 quia

427 4318 545 4374 sine
566 4316 798 4375 Domino
818 4317 950 4375 Jesu
974 4318 1220 4388 Christo,
1251 4320 1432 4394 lapide
1457 4325 1665 4381 scilicet
1685 4325 1838 4390 vivo,
1866 4325 2013 4380 nulla

2110 1850 2368 1916 dixisset,
2418 1845 2927 1919 supermdillcamini
2976 1846 3167 1901 domos
3213 1843 3527 1919 spiritales,
3581 1841 3703 1897 sive

2110 1945 2304 2001 domus
2329 1943 2586 2014 spiritalis
2603 1984 2618 2009 ,
2645 1942 2796 1997 addit
2825 1959 2837 1994 :

2184 2035 2551 2093 Sacerdotium
2600 2042 2862 2089 sanctum.
2909 2030 2968 2087 ld
3010 2039 3126 2096 est,
3170 2027 3534 2108 sacerdptium
3573 2034 3705 2081 stm—

2111 2137 2257 2184 ctum
2301 2143 2397 2183 vos
2427 2127 2556 2201 ipsi,
2587 2127 2882 2182 existentes
2908 2136 3070 2194 super
3097 2121 3503 2177 fundamentum
3546 2112 3707 2173 Chri-

2111 2220 2200 2275 sti.
2230 2218 2459 2275 Omnem
2495 2228 2626 2289 ergo
2668 2216 2998 2279 Ecclesium,
3045 2212 3409 2269 sacerdotium
3452 2218 3705 2266 sanctum

2110 2314 2377 2385 appellat,
2402 2314 2544 2382 quod
2569 2311 2685 2367 sola
2726 2312 2918 2367 domus
2960 2311 3142 2365 Aaron
3184 2309 3238 2363 in
3270 2307 3388 2380 lege
3424 2322 3623 2362 nomen
3648 2312 3707 2361 et

2109 2406 2345 2463 cilicium
2377 2405 2585 2460 habuit.
2624 2404 2761 2472 Quia
2797 2404 3054 2459 nimirum
3078 2416 3267 2456 omnes
3291 2399 3489 2455 summi
3513 2413 3706 2455 sacer-

2111 2500 2252 2556 dotis
2276 2500 2521 2554 membra
2547 2512 2766 2563 sumus,
2796 2495 2974 2552 cuncti
3012 2493 3132 2549 oleo
3164 2492 3366 2547 lmtitize
3398 2490 3707 2562 signamur,

2112 2592 2381 2649 universis
2407 2592 2661 2663 congruit
2685 2591 2829 2662 quod
2852 2588 3055 2645 subdit.

2183 2683 2391 2754 Olferre
2413 2682 2677 2754 spiritales
2705 2682 2903 2737 hostias
2931 2696 3023 2751 per
3045 2677 3082 2733 Ι
3085 2695 3231 2732 esum
3257 2675 3548 2731 Christum.
3580 2673 3708 2747 Spi—

2115 2773 2301 2829 ritales
2331 2781 2515 2828 autem
2545 2772 2756 2827 hostias
2795 2785 2958 2841 opera
3001 2775 3185 2824 nostra
3207 2809 3223 2834 ,
3259 2766 3614 2837 eleemosynae
3650 2772 3708 2819 et

2111 2881 2301 2937 preces
2322 2865 2597 2930 dicuntur,
2614 2864 2682 2919 ad
2705 2862 3110 2920 distinctionem
3137 2860 3439 2915 carnalium
3462 2856 3709 2928 intelligo

2113 2957 2478 3016 victimarum.
2509 2955 2663 3025 Quod
2691 2963 2871 3010 autem
2901 2954 2954 3009 in
2982 2952 3328 3009 conclusione
3356 2951 3576 3015 dicitur,
3606 2965 3710 3021 per

2111 3047 2298 3104 Jesum
2327 3047 2601 3104 Christum
2622 3088 2639 3115 ,
2670 3046 2737 3103 ad
2764 3053 2961 3102 cuncta
2990 3058 3111 3114 qum
3153 3042 3495 3113 praemiserat
3533 3040 3709 3110 perti-

2115 3150 2227 3198 net.
2256 3142 2526 3211 Quoniam
2554 3156 2654 3213 per
2681 3139 2855 3211 ipsius
2893 3137 3158 3209 gratiam,
3205 3142 3259 3192 et
3298 3130 3707 3205 supersedillca-

2115 3251 2237 3291 mur
2272 3234 2326 3290 in
2376 3232 2465 3291 illo
2515 3248 2678 3305 super
2721 3231 3051 3287 architectos
3098 3227 3403 3300 sapientes,
3442 3227 3548 3281 hoc
3583 3233 3708 3291 est,

2115 3324 2395 3385 ministros
2445 3322 2582 3379 Novi
2636 3319 3006 3386 Testamenti,
3059 3326 3113 3373 et
3162 3317 3356 3374 domus
3404 3315 3712 3388 spiritualis

2114 3411 2385 3472 efficimur
2412 3430 2515 3485 per
2542 3412 2794 3485 spiritum
2824 3410 2973 3482 ejus,
3005 3414 3195 3466 contra
3223 3407 3456 3480 pluvias,
3487 3416 3707 3473 ventos,

2115 3506 2336 3562 ﬂumina
2381 3504 2742 3561 tentationum
2788 3500 3019 3568 muniti,
3064 3507 3120 3556 et
3167 3497 3471 3555 sacerdotio
3514 3504 3709 3553 sancto

2113 3602 2477 3673 participare,
2510 3607 2568 3655 et
2600 3597 2728 3655 boni
2767 3594 3000 3668 aliquid,
3031 3594 3362 3666 acceptabile
3396 3593 3509 3650 Deo
3542 3605 3704 3665 gere-

2114 3708 2176 3750 re
2193 3733 2208 3761 ,
2237 3707 2349 3748 non
2376 3690 2479 3746 nisi
2507 3706 2607 3762 per
2635 3690 2814 3760 ipsum
2842 3686 3104 3744 valemus.
3135 3685 3289 3743 Sicut
3317 3684 3463 3741 enim
3490 3684 3707 3757 palmes

2114 3800 2223 3859 non
2250 3791 2430 3855 potest
2458 3781 2600 3838 ferre
2622 3779 2861 3836 fructum
2890 3794 2920 3834 a
2948 3779 3240 3848 semetipso
3261 3817 3276 3843 ,
3305 3775 3411 3832 nisi
3440 3777 3709 3831 manserit

2115 3877 2170 3932 in
2196 3876 2305 3931 vite
2322 3916 2337 3941 ,
2363 3875 2444 3931 sic
2469 3889 2571 3929 nec
2592 3888 2694 3930 vos
2711 3914 2726 3939 ,
2754 3871 2965 3943 inquit,
2990 3870 3094 3927 nisi
3119 3871 3175 3926 in
3202 3886 3290 3927 me
3318 3868 3648 3925 manseritis.
3698 3928 3705 3936 _

2192 3966 2418 4040 Propter
2456 3966 2596 4039 quod
2640 3966 2868 4020 continet
2913 3960 3192 4035 Scriptura
3237 3980 3256 4018 :
3305 3961 3440 4017 Ecce
3466 3978 3606 4032 pono
3646 3962 3707 4017 in

2116 4042 2243 4116 Sion
2282 4059 2511 4132 lapidem
2549 4075 2846 4125 summum,
2885 4056 3225 4128 angularem,
3253 4063 3360 4113 etc.
3403 4054 3519 4111 Hoc
3546 4054 3706 4110 testi-

2114 4153 2357 4210 monium
2397 4152 2465 4209 de
2502 4150 2644 4207 Isaia
2670 4149 2824 4221 ponit
2851 4147 3000 4218 (Isa.
3029 4146 3236 4219 xxvul)
3276 4147 3343 4202 ad
3373 4145 3706 4203 conﬁrman—

2115 4245 2241 4301 dum
2297 4245 2403 4303 hoc
2459 4244 2604 4315 quod
2656 4241 3012 4314 promiserat,
3061 4241 3130 4296 ad
3173 4255 3336 4311 quem
3386 4238 3706 4295 accedentes

2113 4330 2348 4415 lapidem
2404 4337 2623 4402 vivum,
2681 4342 2933 4390 astruens
2987 4342 3042 4389 et
3094 4331 3368 4388 allirmans
3411 4328 3703 4387 Dominum

428 4406 687 4527 spiritalis
708 4409 996 4467 aediﬁcatio
1018 4421 1163 4469 stare
1183 4420 1383 4485 potest.
1409 4415 1842 4473 Fundamentum
1863 4417 2008 4473 enim

430 4517 456 4527 -
483 4501 573 4527 ζ...]
600 4515 755 4527 ...Α-..ιι
782 4510 958 4527 --.μυ-..ι
984 4510 1187 4527 μΑῌΑ..-
1211 4500 1409 4527 ____’.-_
1433 4507 1481 4527 ε..
1495 4520 1606 4527 ,Αμη
1678 4508 1822 4527 ---9Α--
1849 4506 1988 4527 ..-ξιξ

2120 4406 2443 4485 salvatorem
2499 4437 2724 4498 propter
2777 4424 3088 4491 ﬁrmitatem
3140 4440 3329 4492 suam,
3385 4423 3621 4499 lapidem
3671 4441 3702 4479 a

428 4500 574 4557 aliud
598 4515 759 4557 nemo
782 4510 962 4575 potest
984 4510 1188 4576 ponere
1211 4500 1410 4576 praeter
1433 4507 1641 4579 ipsum,
1671 4508 1825 4579 cujus
1848 4506 2014 4579 parti-

426 4591 713 4662 cipatione,
742 4592 927 4650 ﬁdeles
957 4594 1163 4665 lapides
1198 4597 1307 4652 vivi
1334 4595 1657 4662 eliiciuntur,
1685 4597 1779 4667 qui
1802 4612 1901 4669 per
1925 4596 2013 4652 in-

429 4680 740 4740 lldelitatem
754 4684 966 4755 lapides
987 4686 1446 4755 mortui‘iucrant,
1469 4688 1590 4745 duri
1614 4686 1826 4745 scilicet
1859 4698 1916 4745 et
1936 4689 2014 4744 in-

430 4776 737 4844 sensibiles,
758 4780 957 4850 quibus
978 4781 1178 4839 merito
1198 4783 1509 4839 diceretur:
1534 4781 1789 4851 Auferam
1814 4798 1848 4836 a
1872 4782 2014 4838 vobis

430 4885 525 4926 cor
554 4870 852 4943 lapideum,
885 4881 933 4928 et
969 4872 1107 4929 dabo
1142 4874 1286 4929 vobis
1322 4891 1417 4930 cor
1459 4888 1729 4928 corneum.
1763 4871 1870 4930 Sed
1893 4882 2014 4929 tan-

428 4974 592 5030 quam
619 4959 826 5033 Iapides
848 4963 985 5028 vivi,
1013 4963 1085 5019 ad
1106 4963 1389 5034 spirituale
1413 4959 2012 5037 aediliciumaptantur,

426 5049 521 5122 qui
564 5063 666 5122 per
704 5052 1091 5111 discretionem
1140 5051 1342 5108 eruditi
1393 5044 1671 5116 doctoris,
1719 5052 2021 5123 amputatis

428 5141 847 5215 cogitationibus
876 5143 1194 5218 super-fluis,
1228 5145 1381 5201 velut
1413 5143 1527 5200 ictu
1563 5145 1906 5217 quadmntur
1937 5160 2016 5204 se-

428 5235 596 5292 curis.
627 5235 699 5292 Et
718 5237 861 5294 sicut
880 5237 1106 5294 ordines
1129 5234 1368 5306 lapidum
1400 5236 1454 5291 in
1480 5237 1689 5308 pariete
1721 5224 2015 5309 portantur

431 5326 521 5382 alii
563 5327 637 5385 ab
675 5327 827 5395 aliis,
856 5328 932 5383 ita
969 5334 1262 5399 portantur
1300 5325 1486 5385 ﬁdeles
1525 5330 1724 5402 quique
1753 5348 1783 5388 a
1805 5348 2014 5403 praece-

430 5416 684 5476 dentibus
707 5419 762 5474 in
788 5416 1032 5475 Ecclesia
1053 5414 1238 5484 iustis.
1263 5417 1490 5476 Portant
1517 5429 1572 5477 et
1599 5422 1699 5495 ipsi
1726 5435 2020 5496 sequentes

431 5524 531 5580 per
571 5511 878 5569 doctrinam
921 5516 980 5564 et
1022 5507 1398 5577 tolerantiam,
1439 5527 1612 5584 usque
1653 5516 1723 5570 ad
1765 5516 2015 5572 ultimum

427 5602 652 5671 justum.
678 5603 782 5671 Qui
807 5615 933 5657 cum
958 5614 990 5655 a
1013 5600 1287 5672 prioribus
1309 5614 1578 5676 portetur,
1605 5623 1765 5679 quem
1790 5618 2017 5680 portare

414 5693 629 5751 «debeat
652 5695 768 5768 ipse
791 5700 1109 5767 sequentem
1134 5710 1240 5751 non
1266 5696 1502 5758 habebit.
1530 5700 1631 5771 Qui
1655 5710 1834 5759 autem
1855 5718 2016 5762 omne

2117 4517 2398 4589 prophetis
2433 4516 2650 4582 vocari,
2683 4524 2738 4572 et
2772 4518 2916 4587 quod
2954 4518 3195 4573 addidit:

2188 4605 2259 4661 Et
2303 4605 2472 4661 omnis
2517 4606 2609 4677 qui
2656 4606 2821 4661 credit
2866 4608 2922 4661 in
2965 4623 3114 4674 eum,
3163 4616 3269 4664 etc.
3319 4607 3551 4680 Propter
3595 4609 3707 4669 hoc

2116 4699 2258 4772 quod
2295 4700 2545 4756 dixerat:
2588 4699 2660 4754 Et
2689 4717 2776 4756 vos
2825 4709 3076 4772 tanquam
3120 4699 3322 4771 lapides
3370 4701 3471 4756 vivi
3516 4718 3703 4774 super-

2118 4790 2478 4861 azdi/icamini.
2520 4790 2756 4847 Pulchre
2794 4799 2977 4847 autem
3017 4792 3269 4847 convenit
3304 4792 3432 4847 huic
3463 4794 3702 4864 prophe-

2117 4880 2207 4935 tize
2240 4880 2482 4951 Apostoli
2519 4896 2718 4947 sermo,
2749 4897 2857 4954 quo
2890 4882 3088 4938 dicitur
3116 4900 3131 4937 :
3164 4881 3480 4938 Accedentcs
3513 4884 3584 4938 ad
3618 4883 3701 4938 la-

2115 4971 2289 5042 pidem
2335 4972 2538 5038 vivum,
2590 4972 2676 5029 vel
2721 4973 3005 5029 credentes
3045 4975 3102 5029 in
3148 4988 3214 5031 eo
3260 4989 3368 5030 non
3412 4973 3700 5042 confundi,

2117 5061 2262 5117 illius
2294 5062 2484 5132 psalmi
2523 5063 2817 5128 versiculo,
2854 5064 2909 5119 in
2944 5080 3052 5135 quo
3099 5081 3223 5121 cum
3262 5065 3464 5121 dictum
3510 5076 3700 5123 esset:

2118 5151 2360 5208 Accedite
2388 5154 2458 5208 ad
2485 5171 2634 5221 eum,
2666 5165 2715 5210 et
2746 5154 3151 5225 illuminamini,
3184 5158 3442 5215 continuo
3479 5160 3703 5231 subjuno

2118 5255 2265 5302 ctum
2302 5256 2424 5302 est:
2467 5246 2534 5301 Et
2572 5247 2747 5304 vultus
2782 5249 2938 5304 vestri
2977 5267 3082 5305 non
3118 5252 3435 5308 erubescent.
3488 5250 3586 5309 Cui
3629 5255 3705 5309 si-

2119 5335 2248 5392 mile
2277 5343 2361 5392 est
2388 5339 2530 5406 quod
2557 5334 2795 5395 Joannes
2827 5340 2902 5395 ait
2930 5358 2943 5395 :
2980 5340 3048 5395 Et
3079 5358 3248 5406 nunc,
3278 5343 3465 5413 ﬁlioli,
3493 5355 3702 5400 manete

2117 5430 2174 5484 in
2201 5447 2281 5497 eo,
2308 5439 2365 5484 ut
2392 5447 2509 5485 cum
2534 5435 2868 5503 apparuerit,
2896 5434 3180 5492 habeamus
3205 5437 3459 5507 ﬁduciam
3476 5480 3492 5506 ,
3516 5449 3567 5495 et
3593 5457 3699 5497 non

2119 5510 2510 5592 confundamur
2535 5522 2599 5578 ab
2628 5540 2688 5578 eo
2714 5523 2771 5578 in
2799 5525 3023 5580 adventu
3048 5527 3163 5595 ejus
3196 5528 3215 5599 (
3240 5527 3271 5583 Ι
3326 5528 3490 5585 Joan.
3520 5548 3561 5587 ιι

2196 5612 2354 5670 Vobis
2390 5613 2551 5684 igitur
2582 5614 2748 5669 honor
2785 5617 3132 5673 credentibus.
3176 5619 3270 5675 llle
3302 5622 3559 5678 nimirum
3605 5626 3704 5680 ho-

2118 5723 2235 5774 nor,
2277 5716 2339 5764 ut
2379 5724 2484 5765 non
2527 5708 2928 5767 confundamini
2969 5713 3037 5770 ab
3075 5730 3142 5770 co
3179 5714 3232 5769 in
3273 5715 3507 5771 adventu
3548 5716 3696 5789 ejus,
