  <div class='ocr_page' id='page_1' title='image "/cluster/home/n/w/nwhite01/storage/ocr_20150623/102/umn.31951002477395f/142.png"; bbox 0 0 3978 6424; ppageno 0'>
   <div class='ocr_carea' id='block_1_1' title="bbox 281 313 390 366">
    <p class='ocr_par' dir='ltr' id='par_1_1' title="bbox 281 313 390 366">
     <span class='ocr_line' id='line_1_1' title="bbox 281 313 390 366; baseline -0.009 0"><span class='ocrx_word' id='word_1_1' title='bbox 281 313 390 366; x_wconf 68' lang='grc'><strong>289</strong></span> 
     </span>
    </p>
   </div>
   <div class='ocr_carea' id='block_1_2' title="bbox 1113 316 2730 381">
    <p class='ocr_par' dir='ltr' id='par_1_2' title="bbox 1113 316 2730 381">
     <span class='ocr_line' id='line_1_2' title="bbox 1113 316 2730 381; baseline 0.006 -10"><span class='ocrx_word' id='word_1_2' title='bbox 1113 316 1632 372; x_wconf 80' lang='lat' dir='ltr'><strong>COLLECTIONES</strong></span> <span class='ocrx_word' id='word_1_3' title='bbox 1663 317 1730 371; x_wconf 76' lang='lat' dir='ltr'><strong>IN</strong></span> <span class='ocrx_word' id='word_1_4' title='bbox 1770 316 2149 374; x_wconf 73' lang='lat' dir='ltr'><strong>EPISTOLAS</strong></span> <span class='ocrx_word' id='word_1_5' title='bbox 2191 321 2278 376; x_wconf 83' lang='lat' dir='ltr'><strong>ET</strong></span> <span class='ocrx_word' id='word_1_6' title='bbox 2319 323 2730 381; x_wconf 64' lang='lat' dir='ltr'><strong>EVANGELIA.</strong></span> 
     </span>
    </p>
   </div>
   <div class='ocr_carea' id='block_1_3' title="bbox 3445 333 3553 390">
    <p class='ocr_par' dir='ltr' id='par_1_3' title="bbox 3445 333 3553 390">
     <span class='ocr_line' id='line_1_3' title="bbox 3445 333 3553 390; baseline 0.009 -1"><span class='ocrx_word' id='word_1_7' title='bbox 3445 333 3553 390; x_wconf 75' lang='lat'><strong>270</strong></span> 
     </span>
    </p>
   </div>
   <div class='ocr_carea' id='block_1_4' title="bbox 287 427 3550 514">
    <p class='ocr_par' dir='ltr' id='par_1_4' title="bbox 287 427 3550 514">
     <span class='ocr_line' id='line_1_4' title="bbox 287 427 3550 514; baseline 0.006 -30"><span class='ocrx_word' id='word_1_8' title='bbox 287 432 381 484; x_wconf 80' lang='lat' dir='ltr'><strong>sed</strong></span> <span class='ocrx_word' id='word_1_9' title='bbox 411 431 554 484; x_wconf 81' lang='lat' dir='ltr'><strong>sicut</strong></span> <span class='ocrx_word' id='word_1_10' title='bbox 584 431 696 499; x_wconf 79' lang='lat' dir='ltr'><strong>ipse.</strong></span> <span class='ocrx_word' id='word_1_11' title='bbox 725 429 799 482; x_wconf 90' lang='lat' dir='ltr'><strong>ait</strong></span> <span class='ocrx_word' id='word_1_12' title='bbox 826 448 836 482; x_wconf 90' lang='lat'><strong>:</strong></span> <span class='ocrx_word' id='word_1_13' title='bbox 875 427 932 483; x_wconf 88' lang='lat' dir='ltr'><strong>Si</strong></span> <span class='ocrx_word' id='word_1_14' title='bbox 962 431 1077 500; x_wconf 85' lang='lat' dir='ltr'><strong>quis</strong></span> <span class='ocrx_word' id='word_1_15' title='bbox 1117 431 1242 482; x_wconf 75' lang='lat' dir='ltr'><strong>milii</strong></span> <span class='ocrx_word' id='word_1_16' title='bbox 1273 431 1677 496; x_wconf 79' lang='lat' dir='ltr'><strong>ministraverit,</strong></span> <span class='ocrx_word' id='word_1_17' title='bbox 1709 431 1870 484; x_wconf 77' lang='lat' dir='ltr'><strong>Itono-</strong></span> <span class='ocrx_word' id='word_1_18' title='bbox 1901 433 1947 491; x_wconf 74' lang='grc' dir='ltr'><strong>Α</strong></span> <span class='ocrx_word' id='word_1_19' title='bbox 1976 433 2236 502; x_wconf 83' lang='lat' dir='ltr'><strong>sanguine</strong></span> <span class='ocrx_word' id='word_1_20' title='bbox 2283 437 2453 490; x_wconf 90' lang='lat' dir='ltr'><strong>nostri</strong></span> <span class='ocrx_word' id='word_1_21' title='bbox 2498 435 2892 508; x_wconf 79' lang='lat' dir='ltr'><strong>Redemptoris,</strong></span> <span class='ocrx_word' id='word_1_22' title='bbox 2939 443 3080 511; x_wconf 86' lang='lat' dir='ltr'><strong>quod</strong></span> <span class='ocrx_word' id='word_1_23' title='bbox 3117 453 3236 500; x_wconf 86' lang='lat' dir='ltr'><strong>erat</strong></span> <span class='ocrx_word' id='word_1_24' title='bbox 3278 452 3550 514; x_wconf 82' lang='lat' dir='ltr'><strong>quondam</strong></span> 
     </span>
    </p>
   </div>
   <div class='ocr_carea' id='block_1_5' title="bbox 289 519 1443 594">
    <p class='ocr_par' dir='ltr' id='par_1_5' title="bbox 289 519 1443 594">
     <span class='ocr_line' id='line_1_5' title="bbox 289 519 1443 594; baseline -0.003 -17"><span class='ocrx_word' id='word_1_25' title='bbox 289 523 516 594; x_wconf 79' lang='lat' dir='ltr'><strong>riﬁrabit</strong></span> <span class='ocrx_word' id='word_1_26' title='bbox 544 538 662 574; x_wconf 84' lang='lat' dir='ltr'><strong>cum</strong></span> <span class='ocrx_word' id='word_1_27' title='bbox 693 519 852 573; x_wconf 86' lang='lat' dir='ltr'><strong>Pater</strong></span> <span class='ocrx_word' id='word_1_28' title='bbox 881 537 1024 574; x_wconf 87' lang='lat' dir='ltr'><strong>meus</strong></span> <span class='ocrx_word' id='word_1_29' title='bbox 1053 520 1247 590; x_wconf 79' lang='lat' dir='ltr'><strong>(Joan.</strong></span> <span class='ocrx_word' id='word_1_30' title='bbox 1282 537 1357 576; x_wconf 68' lang='grc' dir='ltr'><strong>χιι</strong></span> <span class='ocrx_word' id='word_1_31' title='bbox 1403 521 1443 592; x_wconf 93' lang='grc'><strong>).</strong></span> 
     </span>
    </p>
   </div>
   <div class='ocr_carea' id='block_1_6' title="bbox 366 609 1870 682">
    <p class='ocr_par' dir='ltr' id='par_1_6' title="bbox 366 609 1870 682">
     <span class='ocr_line' id='line_1_6' title="bbox 366 609 1870 682; baseline -0.002 -14"><span class='ocrx_word' id='word_1_32' title='bbox 366 615 487 669; x_wconf 80' lang='lat' dir='ltr'><strong>Non</strong></span> <span class='ocrx_word' id='word_1_33' title='bbox 518 611 845 666; x_wconf 83' lang='lat' dir='ltr'><strong>credentibus</strong></span> <span class='ocrx_word' id='word_1_34' title='bbox 878 622 1084 676; x_wconf 88' lang='lat' dir='ltr'><strong>autem,</strong></span> <span class='ocrx_word' id='word_1_35' title='bbox 1115 609 1250 680; x_wconf 89' lang='lat' dir='ltr'><strong>lapis</strong></span> <span class='ocrx_word' id='word_1_36' title='bbox 1278 628 1429 682; x_wconf 88' lang='lat' dir='ltr'><strong>quem</strong></span> <span class='ocrx_word' id='word_1_37' title='bbox 1467 612 1870 682; x_wconf 83' lang='lat' dir='ltr'><strong>reprobaverunt</strong></span> 
     </span>
    </p>
   </div>
   <div class='ocr_carea' id='block_1_7' title="bbox 287 704 1872 775">
    <p class='ocr_par' dir='ltr' id='par_1_7' title="bbox 287 704 1872 775">
     <span class='ocr_line' id='line_1_7' title="bbox 287 704 1872 775; baseline -0.002 -12"><span class='ocrx_word' id='word_1_38' title='bbox 287 707 630 775; x_wconf 75' lang='lat' dir='ltr'><strong>trdi/icantes.</strong></span> <span class='ocrx_word' id='word_1_39' title='bbox 671 705 742 761; x_wconf 89' lang='lat' dir='ltr'><strong>Ut</strong></span> <span class='ocrx_word' id='word_1_40' title='bbox 778 705 917 759; x_wconf 91' lang='lat' dir='ltr'><strong>sicut</strong></span> <span class='ocrx_word' id='word_1_41' title='bbox 950 704 1098 759; x_wconf 92' lang='lat' dir='ltr'><strong>illum</strong></span> <span class='ocrx_word' id='word_1_42' title='bbox 1138 705 1562 775; x_wconf 88' lang='lat' dir='ltr'><strong>rcprohaverunt</strong></span> <span class='ocrx_word' id='word_1_43' title='bbox 1591 721 1710 760; x_wconf 92' lang='lat' dir='ltr'><strong>cum</strong></span> <span class='ocrx_word' id='word_1_44' title='bbox 1741 705 1872 760; x_wconf 72' lang='lat' dir='ltr'><strong>tedi-</strong></span> 
     </span>
    </p>
   </div>
   <div class='ocr_carea' id='block_1_8' title="bbox 288 793 1870 860">
    <p class='ocr_par' dir='ltr' id='par_1_8' title="bbox 288 793 1870 860">
     <span class='ocr_line' id='line_1_8' title="bbox 288 793 1870 860; baseline -0.001 -8"><span class='ocrx_word' id='word_1_45' title='bbox 288 801 516 854; x_wconf 82' lang='lat' dir='ltr'><strong>ticarcnt</strong></span> <span class='ocrx_word' id='word_1_46' title='bbox 563 806 719 852; x_wconf 88' lang='lat' dir='ltr'><strong>actus</strong></span> <span class='ocrx_word' id='word_1_47' title='bbox 761 811 920 860; x_wconf 89' lang='lat' dir='ltr'><strong>suos,</strong></span> <span class='ocrx_word' id='word_1_48' title='bbox 966 795 1210 850; x_wconf 79' lang='lat' dir='ltr'><strong>nolentes</strong></span> <span class='ocrx_word' id='word_1_49' title='bbox 1254 809 1377 849; x_wconf 91' lang='lat' dir='ltr'><strong>eum</strong></span> <span class='ocrx_word' id='word_1_50' title='bbox 1420 796 1474 848; x_wconf 90' lang='lat' dir='ltr'><strong>in</strong></span> <span class='ocrx_word' id='word_1_51' title='bbox 1516 793 1870 852; x_wconf 87' lang='lat' dir='ltr'><strong>fundamento</strong></span> 
     </span>
    </p>
   </div>
   <div class='ocr_carea' id='block_1_9' title="bbox 286 887 1868 956">
    <p class='ocr_par' dir='ltr' id='par_1_9' title="bbox 286 887 1868 956">
     <span class='ocr_line' id='line_1_9' title="bbox 286 887 1868 956; baseline -0.001 -13"><span class='ocrx_word' id='word_1_52' title='bbox 286 889 472 944; x_wconf 84' lang='lat' dir='ltr'><strong>cordis</strong></span> <span class='ocrx_word' id='word_1_53' title='bbox 506 889 587 942; x_wconf 90' lang='lat' dir='ltr'><strong>sui</strong></span> <span class='ocrx_word' id='word_1_54' title='bbox 623 902 857 956; x_wconf 90' lang='lat' dir='ltr'><strong>ponere,</strong></span> <span class='ocrx_word' id='word_1_55' title='bbox 892 887 964 940; x_wconf 88' lang='lat' dir='ltr'><strong>ita</strong></span> <span class='ocrx_word' id='word_1_56' title='bbox 1001 895 1056 940; x_wconf 92' lang='lat' dir='ltr'><strong>et</strong></span> <span class='ocrx_word' id='word_1_57' title='bbox 1091 887 1190 956; x_wconf 90' lang='lat' dir='ltr'><strong>ipsi</strong></span> <span class='ocrx_word' id='word_1_58' title='bbox 1224 887 1583 956; x_wconf 88' lang='lat' dir='ltr'><strong>reprobentur</strong></span> <span class='ocrx_word' id='word_1_59' title='bbox 1614 887 1682 941; x_wconf 87' lang='lat' dir='ltr'><strong>ab</strong></span> <span class='ocrx_word' id='word_1_60' title='bbox 1717 902 1780 942; x_wconf 91' lang='lat' dir='ltr'><strong>eo</strong></span> <span class='ocrx_word' id='word_1_61' title='bbox 1814 887 1868 942; x_wconf 93' lang='lat' dir='ltr'><strong>in</strong></span> 
     </span>
    </p>
   </div>
   <div class='ocr_carea' id='block_1_10' title="bbox 286 977 1869 1050">
    <p class='ocr_par' dir='ltr' id='par_1_10' title="bbox 286 977 1869 1050">
     <span class='ocr_line' id='line_1_10' title="bbox 286 977 1869 1050; baseline -0.001 -16"><span class='ocrx_word' id='word_1_62' title='bbox 286 982 521 1035; x_wconf 78' lang='lat' dir='ltr'><strong>adventu</strong></span> <span class='ocrx_word' id='word_1_63' title='bbox 552 980 692 1050; x_wconf 83' lang='lat' dir='ltr'><strong>ejus,</strong></span> <span class='ocrx_word' id='word_1_64' title='bbox 723 978 940 1034; x_wconf 78' lang='lat' dir='ltr'><strong>nolente</strong></span> <span class='ocrx_word' id='word_1_65' title='bbox 971 977 1061 1033; x_wconf 90' lang='lat' dir='ltr'><strong>illo</strong></span> <span class='ocrx_word' id='word_1_66' title='bbox 1091 987 1216 1032; x_wconf 90' lang='lat' dir='ltr'><strong>tunc</strong></span> <span class='ocrx_word' id='word_1_67' title='bbox 1255 993 1348 1032; x_wconf 81' lang='lat' dir='ltr'><strong>eos</strong></span> <span class='ocrx_word' id='word_1_68' title='bbox 1394 977 1487 1046; x_wconf 90' lang='lat' dir='ltr'><strong>qui</strong></span> <span class='ocrx_word' id='word_1_69' title='bbox 1525 992 1583 1032; x_wconf 90' lang='lat' dir='ltr'><strong>se</strong></span> <span class='ocrx_word' id='word_1_70' title='bbox 1614 979 1869 1046; x_wconf 82' lang='lat' dir='ltr'><strong>reproba-</strong></span> 
     </span>
    </p>
   </div>
   <div class='ocr_carea' id='block_1_11' title="bbox 283 1067 1868 1138">
    <p class='ocr_par' dir='ltr' id='par_1_11' title="bbox 283 1067 1868 1138">
     <span class='ocr_line' id='line_1_11' title="bbox 283 1067 1868 1138; baseline 0 -16"><span class='ocrx_word' id='word_1_71' title='bbox 283 1078 480 1124; x_wconf 77' lang='lat' dir='ltr'><strong>verunt</strong></span> <span class='ocrx_word' id='word_1_72' title='bbox 513 1069 566 1124; x_wconf 91' lang='lat' dir='ltr'><strong>in</strong></span> <span class='ocrx_word' id='word_1_73' title='bbox 590 1067 945 1124; x_wconf 67' lang='lat' dir='ltr'><strong>aediﬁcatione</strong></span> <span class='ocrx_word' id='word_1_74' title='bbox 970 1069 1218 1138; x_wconf 86' lang='lat' dir='ltr'><strong>accipere</strong></span> <span class='ocrx_word' id='word_1_75' title='bbox 1243 1067 1436 1122; x_wconf 90' lang='lat' dir='ltr'><strong>domus</strong></span> <span class='ocrx_word' id='word_1_76' title='bbox 1463 1083 1573 1127; x_wconf 65' lang='lat' dir='ltr'><strong>suae</strong></span> <span class='ocrx_word' id='word_1_77' title='bbox 1591 1108 1606 1134; x_wconf 88' lang='lat'><strong>,</strong></span> <span class='ocrx_word' id='word_1_78' title='bbox 1635 1083 1756 1138; x_wconf 73' lang='lat' dir='ltr'><strong>qua:</strong></span> <span class='ocrx_word' id='word_1_79' title='bbox 1784 1075 1868 1124; x_wconf 88' lang='lat' dir='ltr'><strong>est</strong></span> 
     </span>
    </p>
   </div>
   <div class='ocr_carea' id='block_1_12' title="bbox 285 1159 1866 1226">
    <p class='ocr_par' dir='ltr' id='par_1_12' title="bbox 285 1159 1866 1226">
     <span class='ocr_line' id='line_1_12' title="bbox 285 1159 1866 1226; baseline 0 -10"><span class='ocrx_word' id='word_1_80' title='bbox 285 1163 340 1216; x_wconf 87' lang='lat' dir='ltr'><strong>in</strong></span> <span class='ocrx_word' id='word_1_81' title='bbox 368 1161 544 1216; x_wconf 72' lang='lat' dir='ltr'><strong>cmlis.</strong></span> <span class='ocrx_word' id='word_1_82' title='bbox 577 1160 642 1214; x_wconf 90' lang='lat' dir='ltr'><strong>Et</strong></span> <span class='ocrx_word' id='word_1_83' title='bbox 667 1162 782 1216; x_wconf 69' lang='lat' dir='ltr'><strong>haec</strong></span> <span class='ocrx_word' id='word_1_84' title='bbox 807 1161 1084 1216; x_wconf 77' lang='lat' dir='ltr'><strong>distinctio</strong></span> <span class='ocrx_word' id='word_1_85' title='bbox 1109 1160 1331 1215; x_wconf 85' lang='lat' dir='ltr'><strong>honoris</strong></span> <span class='ocrx_word' id='word_1_86' title='bbox 1354 1159 1690 1216; x_wconf 83' lang='lat' dir='ltr'><strong>credentium</strong></span> <span class='ocrx_word' id='word_1_87' title='bbox 1710 1201 1726 1226; x_wconf 94' lang='lat'><strong>,</strong></span> <span class='ocrx_word' id='word_1_88' title='bbox 1759 1176 1866 1216; x_wconf 92' lang='lat' dir='ltr'><strong>non</strong></span> 
     </span>
    </p>
   </div>
   <div class='ocr_carea' id='block_1_13' title="bbox 282 1249 1862 1323">
    <p class='ocr_par' dir='ltr' id='par_1_13' title="bbox 282 1249 1862 1323">
     <span class='ocr_line' id='line_1_13' title="bbox 282 1249 1862 1323; baseline -0.001 -18"><span class='ocrx_word' id='word_1_89' title='bbox 282 1249 618 1305; x_wconf 85' lang='lat' dir='ltr'><strong>credentium</strong></span> <span class='ocrx_word' id='word_1_90' title='bbox 667 1257 845 1304; x_wconf 90' lang='lat' dir='ltr'><strong>autem</strong></span> <span class='ocrx_word' id='word_1_91' title='bbox 893 1250 1199 1320; x_wconf 87' lang='lat' dir='ltr'><strong>rcprohatio</strong></span> <span class='ocrx_word' id='word_1_92' title='bbox 1245 1251 1526 1321; x_wconf 82' lang='lat' dir='ltr'><strong>hucusque</strong></span> <span class='ocrx_word' id='word_1_93' title='bbox 1567 1250 1862 1323; x_wconf 79' lang='lat' dir='ltr'><strong>pertingit;</strong></span> 
     </span>
    </p>
   </div>
   <div class='ocr_carea' id='block_1_14' title="bbox 283 1339 1271 1398">
    <p class='ocr_par' dir='ltr' id='par_1_14' title="bbox 283 1339 1271 1398">
     <span class='ocr_line' id='line_1_14' title="bbox 283 1339 1271 1398; baseline -0.001 -2"><span class='ocrx_word' id='word_1_94' title='bbox 283 1344 414 1397; x_wconf 85' lang='lat' dir='ltr'><strong>hinc</strong></span> <span class='ocrx_word' id='word_1_95' title='bbox 445 1344 574 1397; x_wconf 88' lang='lat' dir='ltr'><strong>item</strong></span> <span class='ocrx_word' id='word_1_96' title='bbox 607 1343 672 1398; x_wconf 91' lang='lat' dir='ltr'><strong>de</strong></span> <span class='ocrx_word' id='word_1_97' title='bbox 699 1342 1042 1397; x_wconf 83' lang='lat' dir='ltr'><strong>credentibus</strong></span> <span class='ocrx_word' id='word_1_98' title='bbox 1072 1339 1271 1396; x_wconf 81' lang='lat' dir='ltr'><strong>infert:</strong></span> 
     </span>
    </p>
   </div>
   <div class='ocr_carea' id='block_1_15' title="bbox 358 1431 1866 1503">
    <p class='ocr_par' dir='ltr' id='par_1_15' title="bbox 358 1431 1866 1503">
     <span class='ocr_line' id='line_1_15' title="bbox 358 1431 1866 1503; baseline 0.002 -17"><span class='ocrx_word' id='word_1_99' title='bbox 358 1432 462 1486; x_wconf 83' lang='lat' dir='ltr'><strong>llic</strong></span> <span class='ocrx_word' id='word_1_100' title='bbox 500 1433 672 1502; x_wconf 80' lang='lat' dir='ltr'><strong>factus</strong></span> <span class='ocrx_word' id='word_1_101' title='bbox 703 1443 776 1488; x_wconf 89' lang='lat' dir='ltr'><strong>est</strong></span> <span class='ocrx_word' id='word_1_102' title='bbox 806 1434 860 1487; x_wconf 87' lang='lat' dir='ltr'><strong>in</strong></span> <span class='ocrx_word' id='word_1_103' title='bbox 891 1442 1042 1503; x_wconf 88' lang='lat' dir='ltr'><strong>caput</strong></span> <span class='ocrx_word' id='word_1_104' title='bbox 1073 1431 1276 1502; x_wconf 82' lang='lat' dir='ltr'><strong>anguli.</strong></span> <span class='ocrx_word' id='word_1_105' title='bbox 1315 1433 1451 1501; x_wconf 85' lang='lat' dir='ltr'><strong>Quia</strong></span> <span class='ocrx_word' id='word_1_106' title='bbox 1477 1432 1760 1497; x_wconf 83' lang='lat' dir='ltr'><strong>videlicet,</strong></span> <span class='ocrx_word' id='word_1_107' title='bbox 1791 1434 1866 1489; x_wconf 91' lang='lat' dir='ltr'><strong>si-</strong></span> 
     </span>
    </p>
   </div>
   <div class='ocr_carea' id='block_1_16' title="bbox 280 1522 1862 1594">
    <p class='ocr_par' dir='ltr' id='par_1_16' title="bbox 280 1522 1862 1594">
     <span class='ocr_line' id='line_1_16' title="bbox 280 1522 1862 1594; baseline -0.001 -17"><span class='ocrx_word' id='word_1_108' title='bbox 280 1533 376 1578; x_wconf 86' lang='lat' dir='ltr'><strong>cut</strong></span> <span class='ocrx_word' id='word_1_109' title='bbox 412 1525 549 1593; x_wconf 85' lang='lat' dir='ltr'><strong>lapis</strong></span> <span class='ocrx_word' id='word_1_110' title='bbox 586 1523 862 1594; x_wconf 85' lang='lat' dir='ltr'><strong>angularis</strong></span> <span class='ocrx_word' id='word_1_111' title='bbox 892 1523 1025 1576; x_wconf 86' lang='lat' dir='ltr'><strong>duos</strong></span> <span class='ocrx_word' id='word_1_112' title='bbox 1051 1523 1285 1592; x_wconf 88' lang='lat' dir='ltr'><strong>parietes</strong></span> <span class='ocrx_word' id='word_1_113' title='bbox 1312 1522 1621 1593; x_wconf 87' lang='lat' dir='ltr'><strong>conjungit,</strong></span> <span class='ocrx_word' id='word_1_114' title='bbox 1648 1523 1722 1578; x_wconf 92' lang='lat' dir='ltr'><strong>ita</strong></span> <span class='ocrx_word' id='word_1_115' title='bbox 1752 1523 1862 1577; x_wconf 87' lang='lat' dir='ltr'><strong>Do-</strong></span> 
     </span>
    </p>
   </div>
   <div class='ocr_carea' id='block_1_17' title="bbox 280 1615 1862 1684">
    <p class='ocr_par' dir='ltr' id='par_1_17' title="bbox 280 1615 1862 1684">
     <span class='ocr_line' id='line_1_17' title="bbox 280 1615 1862 1684; baseline 0.001 -14"><span class='ocrx_word' id='word_1_116' title='bbox 280 1617 465 1672; x_wconf 89' lang='lat' dir='ltr'><strong>minus</strong></span> <span class='ocrx_word' id='word_1_117' title='bbox 495 1615 802 1670; x_wconf 79' lang='lat' dir='ltr'><strong>Judaeorum</strong></span> <span class='ocrx_word' id='word_1_118' title='bbox 836 1615 1047 1684; x_wconf 89' lang='lat' dir='ltr'><strong>plebem</strong></span> <span class='ocrx_word' id='word_1_119' title='bbox 1087 1615 1140 1669; x_wconf 92' lang='lat' dir='ltr'><strong>in</strong></span> <span class='ocrx_word' id='word_1_120' title='bbox 1171 1631 1276 1671; x_wconf 86' lang='lat' dir='ltr'><strong>una</strong></span> <span class='ocrx_word' id='word_1_121' title='bbox 1307 1615 1410 1670; x_wconf 87' lang='lat' dir='ltr'><strong>sibi</strong></span> <span class='ocrx_word' id='word_1_122' title='bbox 1439 1616 1697 1672; x_wconf 77' lang='lat' dir='ltr'><strong>societate</strong></span> <span class='ocrx_word' id='word_1_123' title='bbox 1737 1615 1862 1671; x_wconf 84' lang='lat' dir='ltr'><strong>fidei</strong></span> 
     </span>
    </p>
   </div>
   <div class='ocr_carea' id='block_1_18' title="bbox 277 1706 1823 1778">
    <p class='ocr_par' dir='ltr' id='par_1_18' title="bbox 277 1706 1823 1778">
     <span class='ocr_line' id='line_1_18' title="bbox 277 1706 1823 1778; baseline 0 -16"><span class='ocrx_word' id='word_1_124' title='bbox 277 1717 331 1762; x_wconf 91' lang='lat' dir='ltr'><strong>et</strong></span> <span class='ocrx_word' id='word_1_125' title='bbox 362 1708 602 1778; x_wconf 84' lang='lat' dir='ltr'><strong>gentium</strong></span> <span class='ocrx_word' id='word_1_126' title='bbox 633 1706 928 1774; x_wconf 86' lang='lat' dir='ltr'><strong>copulavit,</strong></span> <span class='ocrx_word' id='word_1_127' title='bbox 960 1722 1022 1761; x_wconf 91' lang='lat' dir='ltr'><strong>ac</strong></span> <span class='ocrx_word' id='word_1_128' title='bbox 1050 1722 1176 1761; x_wconf 82' lang='lat' dir='ltr'><strong>mox</strong></span> <span class='ocrx_word' id='word_1_129' title='bbox 1207 1707 1273 1760; x_wconf 89' lang='lat' dir='ltr'><strong>de</strong></span> <span class='ocrx_word' id='word_1_130' title='bbox 1303 1707 1607 1762; x_wconf 84' lang='lat' dir='ltr'><strong>infidelibus</strong></span> <span class='ocrx_word' id='word_1_131' title='bbox 1632 1706 1782 1762; x_wconf 87' lang='lat' dir='ltr'><strong>addit</strong></span> <span class='ocrx_word' id='word_1_132' title='bbox 1810 1727 1823 1762; x_wconf 90' lang='lat'><strong>:</strong></span> 
     </span>
    </p>
   </div>
   <div class='ocr_carea' id='block_1_19' title="bbox 1971 522 3546 611">
    <p class='ocr_par' dir='ltr' id='par_1_19' title="bbox 1971 522 3546 611">
     <span class='ocr_line' id='line_1_19' title="bbox 1971 522 3546 611; baseline 0.015 -37"><span class='ocrx_word' id='word_1_133' title='bbox 1971 522 2200 590; x_wconf 90' lang='lat' dir='ltr'><strong>populus</strong></span> <span class='ocrx_word' id='word_1_134' title='bbox 2224 523 2385 578; x_wconf 86' lang='lat' dir='ltr'><strong>lsrael</strong></span> <span class='ocrx_word' id='word_1_135' title='bbox 2416 527 2724 596; x_wconf 78' lang='lat' dir='ltr'><strong>redemptus</strong></span> <span class='ocrx_word' id='word_1_136' title='bbox 2755 532 3016 601; x_wconf 83' lang='lat' dir='ltr'><strong>sanguine</strong></span> <span class='ocrx_word' id='word_1_137' title='bbox 3045 534 3167 604; x_wconf 89' lang='lat' dir='ltr'><strong>agni</strong></span> <span class='ocrx_word' id='word_1_138' title='bbox 3199 535 3264 590; x_wconf 89' lang='lat' dir='ltr'><strong>de</strong></span> <span class='ocrx_word' id='word_1_139' title='bbox 3290 535 3546 611; x_wconf 62' lang='lat' dir='ltr'><strong>Egypto.</strong></span> 
     </span>
    </p>
   </div>
   <div class='ocr_carea' id='block_1_20' title="bbox 1977 611 3552 696">
    <p class='ocr_par' dir='ltr' id='par_1_20' title="bbox 1977 611 3552 696">
     <span class='ocr_line' id='line_1_20' title="bbox 1977 611 3552 696; baseline 0.011 -28"><span class='ocrx_word' id='word_1_140' title='bbox 1977 611 2128 668; x_wconf 89' lang='lat' dir='ltr'><strong>Unde</strong></span> <span class='ocrx_word' id='word_1_141' title='bbox 2159 622 2213 667; x_wconf 88' lang='lat' dir='ltr'><strong>et</strong></span> <span class='ocrx_word' id='word_1_142' title='bbox 2241 614 2294 668; x_wconf 92' lang='lat' dir='ltr'><strong>in</strong></span> <span class='ocrx_word' id='word_1_143' title='bbox 2325 619 2570 685; x_wconf 84' lang='lat' dir='ltr'><strong>sequenti</strong></span> <span class='ocrx_word' id='word_1_144' title='bbox 2597 634 2812 688; x_wconf 89' lang='lat' dir='ltr'><strong>quoque</strong></span> <span class='ocrx_word' id='word_1_145' title='bbox 2845 621 3109 679; x_wconf 79' lang='lat' dir='ltr'><strong>versiculo</strong></span> <span class='ocrx_word' id='word_1_146' title='bbox 3135 627 3377 696; x_wconf 71' lang='lat' dir='ltr'><strong>mystica:</strong></span> <span class='ocrx_word' id='word_1_147' title='bbox 3401 640 3552 686; x_wconf 84' lang='lat' dir='ltr'><strong>vete-</strong></span> 
     </span>
    </p>
   </div>
   <div class='ocr_carea' id='block_1_21' title="bbox 1973 706 3552 794">
    <p class='ocr_par' dir='ltr' id='par_1_21' title="bbox 1973 706 3552 794">
     <span class='ocr_line' id='line_1_21' title="bbox 1973 706 3552 794; baseline 0.012 -34"><span class='ocrx_word' id='word_1_148' title='bbox 1973 706 2050 761; x_wconf 89' lang='lat' dir='ltr'><strong>ris</strong></span> <span class='ocrx_word' id='word_1_149' title='bbox 2076 710 2395 764; x_wconf 85' lang='lat' dir='ltr'><strong>recordatur</strong></span> <span class='ocrx_word' id='word_1_150' title='bbox 2435 711 2697 776; x_wconf 78' lang='lat' dir='ltr'><strong>liistoriae,</strong></span> <span class='ocrx_word' id='word_1_151' title='bbox 2746 722 2799 767; x_wconf 90' lang='lat' dir='ltr'><strong>et</strong></span> <span class='ocrx_word' id='word_1_152' title='bbox 2844 714 2984 768; x_wconf 89' lang='lat' dir='ltr'><strong>hanc</strong></span> <span class='ocrx_word' id='word_1_153' title='bbox 3028 732 3166 773; x_wconf 89' lang='lat' dir='ltr'><strong>novo</strong></span> <span class='ocrx_word' id='word_1_154' title='bbox 3212 719 3306 775; x_wconf 90' lang='lat' dir='ltr'><strong>Dei</strong></span> <span class='ocrx_word' id='word_1_155' title='bbox 3354 723 3552 794; x_wconf 88' lang='lat' dir='ltr'><strong>popqu</strong></span> 
     </span>
    </p>
   </div>
   <div class='ocr_carea' id='block_1_22' title="bbox 1972 795 3126 869">
    <p class='ocr_par' dir='ltr' id='par_1_22' title="bbox 1972 795 3126 869">
     <span class='ocr_line' id='line_1_22' title="bbox 1972 795 3126 869; baseline 0.01 -20"><span class='ocrx_word' id='word_1_156' title='bbox 1972 795 2330 866; x_wconf 88' lang='lat' dir='ltr'><strong>spiritualiter</strong></span> <span class='ocrx_word' id='word_1_157' title='bbox 2359 799 2516 854; x_wconf 90' lang='lat' dir='ltr'><strong>docet</strong></span> <span class='ocrx_word' id='word_1_158' title='bbox 2542 800 2870 869; x_wconf 90' lang='lat' dir='ltr'><strong>implendum</strong></span> <span class='ocrx_word' id='word_1_159' title='bbox 2902 804 3086 861; x_wconf 87' lang='lat' dir='ltr'><strong>dicens</strong></span> <span class='ocrx_word' id='word_1_160' title='bbox 3112 825 3126 860; x_wconf 94' lang='lat'><strong>:</strong></span> 
     </span>
    </p>
   </div>
   <div class='ocr_carea' id='block_1_23' title="bbox 2043 887 3549 966">
    <p class='ocr_par' dir='ltr' id='par_1_23' title="bbox 2043 887 3549 966">
     <span class='ocr_line' id='line_1_23' title="bbox 2043 887 3549 966; baseline 0.013 -24"><span class='ocrx_word' id='word_1_161' title='bbox 2043 887 2112 943; x_wconf 88' lang='lat' dir='ltr'><strong>Ut</strong></span> <span class='ocrx_word' id='word_1_162' title='bbox 2153 890 2367 945; x_wconf 78' lang='lat' dir='ltr'><strong>virtutes</strong></span> <span class='ocrx_word' id='word_1_163' title='bbox 2393 894 2712 948; x_wconf 87' lang='lat' dir='ltr'><strong>annuntietis</strong></span> <span class='ocrx_word' id='word_1_164' title='bbox 2735 895 2850 964; x_wconf 88' lang='lat' dir='ltr'><strong>ejus</strong></span> <span class='ocrx_word' id='word_1_165' title='bbox 2878 897 2968 966; x_wconf 87' lang='lat' dir='ltr'><strong>qui</strong></span> <span class='ocrx_word' id='word_1_166' title='bbox 2994 897 3057 951; x_wconf 83' lang='lat' dir='ltr'><strong>de</strong></span> <span class='ocrx_word' id='word_1_167' title='bbox 3079 901 3302 957; x_wconf 74' lang='lat' dir='ltr'><strong>tenebris</strong></span> <span class='ocrx_word' id='word_1_168' title='bbox 3341 921 3429 959; x_wconf 76' lang='lat' dir='ltr'><strong>eos</strong></span> <span class='ocrx_word' id='word_1_169' title='bbox 3457 922 3549 960; x_wconf 77' lang='lat' dir='ltr'><strong>eo-</strong></span> 
     </span>
    </p>
   </div>
   <div class='ocr_carea' id='block_1_24' title="bbox 1969 980 3547 1066">
    <p class='ocr_par' dir='ltr' id='par_1_24' title="bbox 1969 980 3547 1066">
     <span class='ocr_line' id='line_1_24' title="bbox 1969 980 3547 1066; baseline 0.011 -33"><span class='ocrx_word' id='word_1_170' title='bbox 1969 980 2106 1034; x_wconf 82' lang='lat' dir='ltr'><strong>cavit</strong></span> <span class='ocrx_word' id='word_1_171' title='bbox 2135 981 2189 1033; x_wconf 88' lang='lat' dir='ltr'><strong>in</strong></span> <span class='ocrx_word' id='word_1_172' title='bbox 2215 982 2527 1037; x_wconf 88' lang='lat' dir='ltr'><strong>admirabile</strong></span> <span class='ocrx_word' id='word_1_173' title='bbox 2565 983 2740 1040; x_wconf 87' lang='lat' dir='ltr'><strong>lumen</strong></span> <span class='ocrx_word' id='word_1_174' title='bbox 2785 1003 2960 1040; x_wconf 88' lang='lat' dir='ltr'><strong>suum.</strong></span> <span class='ocrx_word' id='word_1_175' title='bbox 3010 985 3162 1044; x_wconf 90' lang='lat' dir='ltr'><strong>Sicut</strong></span> <span class='ocrx_word' id='word_1_176' title='bbox 3200 993 3342 1046; x_wconf 88' lang='lat' dir='ltr'><strong>enim</strong></span> <span class='ocrx_word' id='word_1_177' title='bbox 3371 994 3423 1048; x_wconf 89' lang='lat' dir='ltr'><strong>hi</strong></span> <span class='ocrx_word' id='word_1_178' title='bbox 3453 995 3547 1066; x_wconf 85' lang='lat' dir='ltr'><strong>qui</strong></span> 
     </span>
    </p>
   </div>
   <div class='ocr_carea' id='block_1_25' title="bbox 1968 1070 3544 1150">
    <p class='ocr_par' dir='ltr' id='par_1_25' title="bbox 1968 1070 3544 1150">
     <span class='ocr_line' id='line_1_25' title="bbox 1968 1070 3544 1150; baseline 0.011 -26"><span class='ocrx_word' id='word_1_179' title='bbox 1968 1070 2036 1126; x_wconf 89' lang='lat' dir='ltr'><strong>de</strong></span> <span class='ocrx_word' id='word_1_180' title='bbox 2084 1070 2404 1142; x_wconf 59' lang='lat' dir='ltr'><strong>{Egyptiaca</strong></span> <span class='ocrx_word' id='word_1_181' title='bbox 2452 1075 2713 1129; x_wconf 75' lang='lat' dir='ltr'><strong>servitute</strong></span> <span class='ocrx_word' id='word_1_182' title='bbox 2756 1075 2970 1132; x_wconf 84' lang='lat' dir='ltr'><strong>liberati</strong></span> <span class='ocrx_word' id='word_1_183' title='bbox 3026 1089 3151 1134; x_wconf 92' lang='lat' dir='ltr'><strong>sunt</strong></span> <span class='ocrx_word' id='word_1_184' title='bbox 3192 1095 3291 1150; x_wconf 90' lang='lat' dir='ltr'><strong>per</strong></span> <span class='ocrx_word' id='word_1_185' title='bbox 3338 1083 3544 1148; x_wconf 82' lang='lat' dir='ltr'><strong>Mosen,</strong></span> 
     </span>
    </p>
   </div>
   <div class='ocr_carea' id='block_1_26' title="bbox 1967 1163 3546 1235">
    <p class='ocr_par' dir='ltr' id='par_1_26' title="bbox 1967 1163 3546 1235">
     <span class='ocr_line' id='line_1_26' title="bbox 1967 1163 3546 1235; baseline 0.011 -20"><span class='ocrx_word' id='word_1_186' title='bbox 1967 1175 2186 1217; x_wconf 84' lang='lat' dir='ltr'><strong>carmen</strong></span> <span class='ocrx_word' id='word_1_187' title='bbox 2228 1163 2556 1235; x_wconf 78' lang='lat' dir='ltr'><strong>triumphale</strong></span> <span class='ocrx_word' id='word_1_188' title='bbox 2591 1173 2712 1234; x_wconf 92' lang='lat' dir='ltr'><strong>post</strong></span> <span class='ocrx_word' id='word_1_189' title='bbox 2759 1169 3045 1223; x_wconf 89' lang='lat' dir='ltr'><strong>transitum</strong></span> <span class='ocrx_word' id='word_1_190' title='bbox 3078 1171 3246 1227; x_wconf 90' lang='lat' dir='ltr'><strong>maris</strong></span> <span class='ocrx_word' id='word_1_191' title='bbox 3289 1172 3460 1230; x_wconf 79' lang='lat' dir='ltr'><strong>Rubri</strong></span> <span class='ocrx_word' id='word_1_192' title='bbox 3489 1184 3546 1232; x_wconf 90' lang='lat' dir='ltr'><strong>et</strong></span> 
     </span>
    </p>
   </div>
   <div class='ocr_carea' id='block_1_27' title="bbox 1967 1252 3542 1335">
    <p class='ocr_par' dir='ltr' id='par_1_27' title="bbox 1967 1252 3542 1335">
     <span class='ocr_line' id='line_1_27' title="bbox 1967 1252 3542 1335; baseline 0.01 -25"><span class='ocrx_word' id='word_1_193' title='bbox 1967 1252 2275 1310; x_wconf 88' lang='lat' dir='ltr'><strong>demersum</strong></span> <span class='ocrx_word' id='word_1_194' title='bbox 2303 1253 2602 1311; x_wconf 86' lang='lat' dir='ltr'><strong>Pharaonis</strong></span> <span class='ocrx_word' id='word_1_195' title='bbox 2635 1259 2934 1315; x_wconf 83' lang='lat' dir='ltr'><strong>exercitum</strong></span> <span class='ocrx_word' id='word_1_196' title='bbox 2965 1261 3194 1319; x_wconf 91' lang='lat' dir='ltr'><strong>Domino</strong></span> <span class='ocrx_word' id='word_1_197' title='bbox 3221 1276 3542 1335; x_wconf 84' lang='lat' dir='ltr'><strong>cantarunt,</strong></span> 
     </span>
    </p>
   </div>
   <div class='ocr_carea' id='block_1_28' title="bbox 1967 1341 3544 1424">
    <p class='ocr_par' dir='ltr' id='par_1_28' title="bbox 1967 1341 3544 1424">
     <span class='ocr_line' id='line_1_28' title="bbox 1967 1341 3544 1424; baseline 0.014 -28"><span class='ocrx_word' id='word_1_198' title='bbox 1967 1341 2040 1396; x_wconf 88' lang='lat' dir='ltr'><strong>ita</strong></span> <span class='ocrx_word' id='word_1_199' title='bbox 2066 1343 2114 1398; x_wconf 91' lang='lat' dir='ltr'><strong>ei</strong></span> <span class='ocrx_word' id='word_1_200' title='bbox 2143 1360 2242 1400; x_wconf 91' lang='lat' dir='ltr'><strong>nos</strong></span> <span class='ocrx_word' id='word_1_201' title='bbox 2268 1353 2480 1414; x_wconf 91' lang='lat' dir='ltr'><strong>oportet</strong></span> <span class='ocrx_word' id='word_1_202' title='bbox 2505 1357 2626 1417; x_wconf 91' lang='lat' dir='ltr'><strong>post</strong></span> <span class='ocrx_word' id='word_1_203' title='bbox 2656 1357 2931 1421; x_wconf 86' lang='lat' dir='ltr'><strong>acceptam</strong></span> <span class='ocrx_word' id='word_1_204' title='bbox 2962 1352 3015 1407; x_wconf 88' lang='lat' dir='ltr'><strong>in</strong></span> <span class='ocrx_word' id='word_1_205' title='bbox 3045 1353 3313 1424; x_wconf 87' lang='lat' dir='ltr'><strong>baptismo</strong></span> <span class='ocrx_word' id='word_1_206' title='bbox 3355 1363 3544 1418; x_wconf 88' lang='lat' dir='ltr'><strong>remis-</strong></span> 
     </span>
    </p>
   </div>
   <div class='ocr_carea' id='block_1_29' title="bbox 1966 1434 3544 1509">
    <p class='ocr_par' dir='ltr' id='par_1_29' title="bbox 1966 1434 3544 1509">
     <span class='ocr_line' id='line_1_29' title="bbox 1966 1434 3544 1509; baseline 0.013 -22"><span class='ocrx_word' id='word_1_207' title='bbox 1966 1434 2172 1489; x_wconf 83' lang='lat' dir='ltr'><strong>sionem</strong></span> <span class='ocrx_word' id='word_1_208' title='bbox 2193 1444 2564 1505; x_wconf 86' lang='lat' dir='ltr'><strong>peccatorum,</strong></span> <span class='ocrx_word' id='word_1_209' title='bbox 2596 1439 2786 1509; x_wconf 89' lang='lat' dir='ltr'><strong>dignas</strong></span> <span class='ocrx_word' id='word_1_210' title='bbox 2815 1440 3095 1499; x_wconf 83' lang='lat' dir='ltr'><strong>beneficiis</strong></span> <span class='ocrx_word' id='word_1_211' title='bbox 3119 1446 3429 1505; x_wconf 65' lang='lat' dir='ltr'><strong>coelestibus</strong></span> <span class='ocrx_word' id='word_1_212' title='bbox 3458 1466 3544 1506; x_wconf 88' lang='lat' dir='ltr'><strong>re-</strong></span> 
     </span>
    </p>
   </div>
   <div class='ocr_carea' id='block_1_30' title="bbox 1964 1525 3540 1608">
    <p class='ocr_par' dir='ltr' id='par_1_30' title="bbox 1964 1525 3540 1608">
     <span class='ocr_line' id='line_1_30' title="bbox 1964 1525 3540 1608; baseline 0.013 -28"><span class='ocrx_word' id='word_1_213' title='bbox 1964 1525 2200 1596; x_wconf 88' lang='lat' dir='ltr'><strong>pendere</strong></span> <span class='ocrx_word' id='word_1_214' title='bbox 2241 1530 2464 1600; x_wconf 79' lang='lat' dir='ltr'><strong>gratias.</strong></span> <span class='ocrx_word' id='word_1_215' title='bbox 2535 1529 2670 1586; x_wconf 88' lang='lat' dir='ltr'><strong>Nam</strong></span> <span class='ocrx_word' id='word_1_216' title='bbox 2717 1533 2859 1602; x_wconf 89' lang='lat' dir='ltr'><strong>quod</strong></span> <span class='ocrx_word' id='word_1_217' title='bbox 2901 1533 3160 1608; x_wconf 69' lang='lat' dir='ltr'><strong>Egyptii,</strong></span> <span class='ocrx_word' id='word_1_218' title='bbox 3212 1555 3318 1596; x_wconf 93' lang='lat' dir='ltr'><strong>non</strong></span> <span class='ocrx_word' id='word_1_219' title='bbox 3367 1542 3540 1600; x_wconf 87' lang='lat' dir='ltr'><strong>solum</strong></span> 
     </span>
    </p>
   </div>
   <div class='ocr_carea' id='block_1_31' title="bbox 1964 1615 3537 1702">
    <p class='ocr_par' dir='ltr' id='par_1_31' title="bbox 1964 1615 3537 1702">
     <span class='ocr_line' id='line_1_31' title="bbox 1964 1615 3537 1702; baseline 0.013 -34"><span class='ocrx_word' id='word_1_220' title='bbox 1964 1615 2091 1684; x_wconf 92' lang='lat' dir='ltr'><strong>quia</strong></span> <span class='ocrx_word' id='word_1_221' title='bbox 2139 1616 2393 1688; x_wconf 90' lang='lat' dir='ltr'><strong>p0pulum</strong></span> <span class='ocrx_word' id='word_1_222' title='bbox 2442 1619 2535 1674; x_wconf 89' lang='lat' dir='ltr'><strong>Dei</strong></span> <span class='ocrx_word' id='word_1_223' title='bbox 2585 1619 2912 1692; x_wconf 83' lang='lat' dir='ltr'><strong>aiiligchant,</strong></span> <span class='ocrx_word' id='word_1_224' title='bbox 2962 1640 3150 1681; x_wconf 89' lang='lat' dir='ltr'><strong>verum</strong></span> <span class='ocrx_word' id='word_1_225' title='bbox 3191 1629 3379 1698; x_wconf 91' lang='lat' dir='ltr'><strong>etiam,</strong></span> <span class='ocrx_word' id='word_1_226' title='bbox 3411 1631 3537 1702; x_wconf 89' lang='lat' dir='ltr'><strong>quia</strong></span> 
     </span>
    </p>
   </div>
   <div class='ocr_carea' id='block_1_32' title="bbox 1965 1705 3540 1792">
    <p class='ocr_par' dir='ltr' id='par_1_32' title="bbox 1965 1705 3540 1792">
     <span class='ocr_line' id='line_1_32' title="bbox 1965 1705 3540 1792; baseline 0.011 -33"><span class='ocrx_word' id='word_1_227' title='bbox 1965 1705 2202 1761; x_wconf 76' lang='lat' dir='ltr'><strong>tenebra:</strong></span> <span class='ocrx_word' id='word_1_228' title='bbox 2259 1707 2345 1763; x_wconf 90' lang='lat' dir='ltr'><strong>vel</strong></span> <span class='ocrx_word' id='word_1_229' title='bbox 2396 1709 2773 1766; x_wconf 89' lang='lat' dir='ltr'><strong>tribuiationcs</strong></span> <span class='ocrx_word' id='word_1_230' title='bbox 2831 1713 3300 1785; x_wconf 86' lang='lat' dir='ltr'><strong>interpretantur,</strong></span> <span class='ocrx_word' id='word_1_231' title='bbox 3355 1732 3540 1792; x_wconf 88' lang='lat' dir='ltr'><strong>aperte</strong></span> 
     </span>
    </p>
   </div>
   <div class='ocr_carea' id='block_1_33' title="bbox 350 1796 3546 1882">
    <p class='ocr_par' dir='ltr' id='par_1_33' title="bbox 350 1796 3546 1882">
     <span class='ocr_line' id='line_1_33' title="bbox 350 1796 3546 1882; baseline 0.005 -31"><span class='ocrx_word' id='word_1_232' title='bbox 350 1797 421 1851; x_wconf 84' lang='lat' dir='ltr'><strong>Et</strong></span> <span class='ocrx_word' id='word_1_233' title='bbox 448 1796 582 1867; x_wconf 83' lang='lat' dir='ltr'><strong>lapis</strong></span> <span class='ocrx_word' id='word_1_234' title='bbox 607 1797 928 1866; x_wconf 72' lang='lat' dir='ltr'><strong>oﬁ’ensionis,</strong></span> <span class='ocrx_word' id='word_1_235' title='bbox 957 1806 1002 1850; x_wconf 86' lang='lat' dir='ltr'><strong>et</strong></span> <span class='ocrx_word' id='word_1_236' title='bbox 1025 1807 1174 1868; x_wconf 84' lang='lat' dir='ltr'><strong>petra</strong></span> <span class='ocrx_word' id='word_1_237' title='bbox 1198 1797 1457 1852; x_wconf 85' lang='lat' dir='ltr'><strong>scandali.</strong></span> <span class='ocrx_word' id='word_1_238' title='bbox 1487 1796 1626 1852; x_wconf 81' lang='lat' dir='ltr'><strong>Hinc</strong></span> <span class='ocrx_word' id='word_1_239' title='bbox 1645 1807 1696 1852; x_wconf 89' lang='lat' dir='ltr'><strong>et</strong></span> <span class='ocrx_word' id='word_1_240' title='bbox 1721 1797 1859 1852; x_wconf 88' lang='lat' dir='ltr'><strong>Pau-</strong></span> <span class='ocrx_word' id='word_1_241' title='bbox 1888 1800 1933 1859; x_wconf 89' lang='lat' dir='ltr'><strong>B</strong></span> <span class='ocrx_word' id='word_1_242' title='bbox 1960 1797 2339 1867; x_wconf 89' lang='lat' dir='ltr'><strong>persequentia</strong></span> <span class='ocrx_word' id='word_1_243' title='bbox 2367 1813 2466 1854; x_wconf 90' lang='lat' dir='ltr'><strong>nos</strong></span> <span class='ocrx_word' id='word_1_244' title='bbox 2491 1811 2713 1870; x_wconf 87' lang='lat' dir='ltr'><strong>peccata</strong></span> <span class='ocrx_word' id='word_1_245' title='bbox 2731 1842 2745 1867; x_wconf 89' lang='lat'><strong>,</strong></span> <span class='ocrx_word' id='word_1_246' title='bbox 2788 1803 2882 1858; x_wconf 86' lang='lat' dir='ltr'><strong>sed</strong></span> <span class='ocrx_word' id='word_1_247' title='bbox 2909 1803 2962 1858; x_wconf 90' lang='lat' dir='ltr'><strong>in</strong></span> <span class='ocrx_word' id='word_1_248' title='bbox 2993 1805 3316 1876; x_wconf 85' lang='lat' dir='ltr'><strong>baptismate</strong></span> <span class='ocrx_word' id='word_1_249' title='bbox 3341 1811 3546 1882; x_wconf 79' lang='lat' dir='ltr'><strong>signiﬁ-</strong></span> 
     </span>
    </p>
   </div>
   <div class='ocr_carea' id='block_1_34' title="bbox 276 1885 1856 1959">
    <p class='ocr_par' dir='ltr' id='par_1_34' title="bbox 276 1885 1856 1959">
     <span class='ocr_line' id='line_1_34' title="bbox 276 1885 1856 1959; baseline 0 -17"><span class='ocrx_word' id='word_1_250' title='bbox 276 1888 405 1944; x_wconf 91' lang='lat' dir='ltr'><strong>lus:</strong></span> <span class='ocrx_word' id='word_1_251' title='bbox 459 1887 603 1950; x_wconf 83' lang='lat' dir='ltr'><strong>Nos,</strong></span> <span class='ocrx_word' id='word_1_252' title='bbox 653 1889 856 1958; x_wconf 87' lang='lat' dir='ltr'><strong>inquit,</strong></span> <span class='ocrx_word' id='word_1_253' title='bbox 904 1887 1250 1959; x_wconf 74' lang='lat' dir='ltr'><strong>prwdicamus</strong></span> <span class='ocrx_word' id='word_1_254' title='bbox 1341 1885 1609 1942; x_wconf 83' lang='lat' dir='ltr'><strong>Christum</strong></span> <span class='ocrx_word' id='word_1_255' title='bbox 1644 1888 1856 1957; x_wconf 87' lang='lat' dir='ltr'><strong>cruci/i-</strong></span> 
     </span>
    </p>
   </div>
   <div class='ocr_carea' id='block_1_35' title="bbox 275 1978 1856 2052">
    <p class='ocr_par' dir='ltr' id='par_1_35' title="bbox 275 1978 1856 2052">
     <span class='ocr_line' id='line_1_35' title="bbox 275 1978 1856 2052; baseline -0.001 -17"><span class='ocrx_word' id='word_1_256' title='bbox 275 2000 448 2047; x_wconf 69' lang='lat' dir='ltr'><strong>amn,</strong></span> <span class='ocrx_word' id='word_1_257' title='bbox 496 1981 700 2035; x_wconf 75' lang='lat' dir='ltr'><strong>Judreis</strong></span> <span class='ocrx_word' id='word_1_258' title='bbox 744 1981 950 2052; x_wconf 79' lang='lat' dir='ltr'><strong>quidem</strong></span> <span class='ocrx_word' id='word_1_259' title='bbox 994 1978 1302 2034; x_wconf 85' lang='lat' dir='ltr'><strong>scandalum</strong></span> <span class='ocrx_word' id='word_1_260' title='bbox 1329 2021 1344 2044; x_wconf 92' lang='lat'><strong>,</strong></span> <span class='ocrx_word' id='word_1_261' title='bbox 1395 1981 1632 2052; x_wconf 81' lang='lat' dir='ltr'><strong>gentibus</strong></span> <span class='ocrx_word' id='word_1_262' title='bbox 1682 1990 1856 2035; x_wconf 88' lang='lat' dir='ltr'><strong>autem</strong></span> 
     </span>
    </p>
   </div>
   <div class='ocr_carea' id='block_1_36' title="bbox 272 2057 919 2142">
    <p class='ocr_par' dir='ltr' id='par_1_36' title="bbox 272 2057 919 2142">
     <span class='ocr_line' id='line_1_36' title="bbox 272 2057 919 2142; baseline -0.002 -16"><span class='ocrx_word' id='word_1_263' title='bbox 272 2073 556 2126; x_wconf 83' lang='lat' dir='ltr'><strong>stultitiam</strong></span> <span class='ocrx_word' id='word_1_264' title='bbox 588 2070 672 2142; x_wconf 88' lang='lat' dir='ltr'><strong>(II</strong></span> <span class='ocrx_word' id='word_1_265' title='bbox 697 2068 819 2125; x_wconf 91' lang='lat' dir='ltr'><strong>Cor.</strong></span> <span class='ocrx_word' id='word_1_266' title='bbox 845 2057 919 2142; x_wconf 77' lang='lat'><strong>1).</strong></span> 
     </span>
    </p>
   </div>
   <div class='ocr_carea' id='block_1_37' title="bbox 352 2162 1854 2237">
    <p class='ocr_par' dir='ltr' id='par_1_37' title="bbox 352 2162 1854 2237">
     <span class='ocr_line' id='line_1_37' title="bbox 352 2162 1854 2237; baseline 0.001 -21"><span class='ocrx_word' id='word_1_267' title='bbox 352 2163 400 2216; x_wconf 84' lang='lat' dir='ltr'><strong>Il</strong></span> <span class='ocrx_word' id='word_1_268' title='bbox 409 2167 451 2218; x_wconf 87' lang='lat' dir='ltr'><strong>is</strong></span> <span class='ocrx_word' id='word_1_269' title='bbox 478 2165 568 2234; x_wconf 86' lang='lat' dir='ltr'><strong>qui</strong></span> <span class='ocrx_word' id='word_1_270' title='bbox 597 2163 866 2234; x_wconf 64' lang='lat' dir='ltr'><strong>offendunt</strong></span> <span class='ocrx_word' id='word_1_271' title='bbox 892 2164 947 2217; x_wconf 88' lang='lat' dir='ltr'><strong>in</strong></span> <span class='ocrx_word' id='word_1_272' title='bbox 977 2163 1128 2217; x_wconf 84' lang='lat' dir='ltr'><strong>verbo</strong></span> <span class='ocrx_word' id='word_1_273' title='bbox 1147 2205 1160 2226; x_wconf 89' lang='lat'><strong>,</strong></span> <span class='ocrx_word' id='word_1_274' title='bbox 1194 2179 1288 2217; x_wconf 87' lang='lat' dir='ltr'><strong>nec</strong></span> <span class='ocrx_word' id='word_1_275' title='bbox 1313 2163 1562 2226; x_wconf 86' lang='lat' dir='ltr'><strong>credunt,</strong></span> <span class='ocrx_word' id='word_1_276' title='bbox 1595 2162 1649 2217; x_wconf 90' lang='lat' dir='ltr'><strong>in</strong></span> <span class='ocrx_word' id='word_1_277' title='bbox 1675 2180 1776 2237; x_wconf 82' lang='lat' dir='ltr'><strong>quo</strong></span> <span class='ocrx_word' id='word_1_278' title='bbox 1804 2172 1854 2218; x_wconf 87' lang='lat' dir='ltr'><strong>et</strong></span> 
     </span>
    </p>
   </div>
   <div class='ocr_carea' id='block_1_38' title="bbox 270 2247 1854 2326">
    <p class='ocr_par' dir='ltr' id='par_1_38' title="bbox 270 2247 1854 2326">
     <span class='ocr_line' id='line_1_38' title="bbox 270 2247 1854 2326; baseline -0.001 -16"><span class='ocrx_word' id='word_1_279' title='bbox 270 2257 432 2326; x_wconf 80' lang='lat' dir='ltr'><strong>positi</strong></span> <span class='ocrx_word' id='word_1_280' title='bbox 460 2265 598 2310; x_wconf 88' lang='lat' dir='ltr'><strong>sunt.</strong></span> <span class='ocrx_word' id='word_1_281' title='bbox 630 2253 916 2310; x_wconf 72' lang='lat' dir='ltr'><strong>Offendunt</strong></span> <span class='ocrx_word' id='word_1_282' title='bbox 943 2270 1070 2325; x_wconf 82' lang='lat' dir='ltr'><strong>ergo</strong></span> <span class='ocrx_word' id='word_1_283' title='bbox 1099 2255 1190 2326; x_wconf 89' lang='lat' dir='ltr'><strong>qui</strong></span> <span class='ocrx_word' id='word_1_284' title='bbox 1218 2269 1282 2308; x_wconf 87' lang='lat' dir='ltr'><strong>eo</strong></span> <span class='ocrx_word' id='word_1_285' title='bbox 1313 2255 1429 2323; x_wconf 89' lang='lat' dir='ltr'><strong>ipso</strong></span> <span class='ocrx_word' id='word_1_286' title='bbox 1455 2254 1604 2324; x_wconf 80' lang='lat' dir='ltr'><strong>quod</strong></span> <span class='ocrx_word' id='word_1_287' title='bbox 1629 2247 1854 2309; x_wconf 80' lang='lat' dir='ltr'><strong>verbum</strong></span> 
     </span>
    </p>
   </div>
   <div class='ocr_carea' id='block_1_39' title="bbox 271 2346 1850 2416">
    <p class='ocr_par' dir='ltr' id='par_1_39' title="bbox 271 2346 1850 2416">
     <span class='ocr_line' id='line_1_39' title="bbox 271 2346 1850 2416; baseline 0 -15"><span class='ocrx_word' id='word_1_288' title='bbox 271 2348 374 2402; x_wconf 87' lang='lat' dir='ltr'><strong>Dei</strong></span> <span class='ocrx_word' id='word_1_289' title='bbox 408 2349 594 2403; x_wconf 89' lang='lat' dir='ltr'><strong>audire</strong></span> <span class='ocrx_word' id='word_1_290' title='bbox 624 2362 715 2403; x_wconf 91' lang='lat' dir='ltr'><strong>eos</strong></span> <span class='ocrx_word' id='word_1_291' title='bbox 744 2347 1043 2416; x_wconf 82' lang='lat' dir='ltr'><strong>contingit,</strong></span> <span class='ocrx_word' id='word_1_292' title='bbox 1075 2346 1353 2401; x_wconf 82' lang='lat' dir='ltr'><strong>oiTendunt</strong></span> <span class='ocrx_word' id='word_1_293' title='bbox 1389 2347 1572 2400; x_wconf 86' lang='lat' dir='ltr'><strong>animo</strong></span> <span class='ocrx_word' id='word_1_294' title='bbox 1599 2346 1723 2401; x_wconf 92' lang='lat' dir='ltr'><strong>dum</strong></span> <span class='ocrx_word' id='word_1_295' title='bbox 1751 2361 1850 2401; x_wconf 77' lang='lat' dir='ltr'><strong>no~</strong></span> 
     </span>
    </p>
   </div>
   <div class='ocr_carea' id='block_1_40' title="bbox 271 2438 1852 2511">
    <p class='ocr_par' dir='ltr' id='par_1_40' title="bbox 271 2438 1852 2511">
     <span class='ocr_line' id='line_1_40' title="bbox 271 2438 1852 2511; baseline 0.001 -19"><span class='ocrx_word' id='word_1_296' title='bbox 271 2440 394 2494; x_wconf 89' lang='lat' dir='ltr'><strong>lunt</strong></span> <span class='ocrx_word' id='word_1_297' title='bbox 431 2441 651 2495; x_wconf 87' lang='lat' dir='ltr'><strong>credere</strong></span> <span class='ocrx_word' id='word_1_298' title='bbox 686 2441 827 2510; x_wconf 89' lang='lat' dir='ltr'><strong>quod</strong></span> <span class='ocrx_word' id='word_1_299' title='bbox 851 2439 1105 2505; x_wconf 87' lang='lat' dir='ltr'><strong>audiunt,</strong></span> <span class='ocrx_word' id='word_1_300' title='bbox 1134 2454 1364 2509; x_wconf 89' lang='lat' dir='ltr'><strong>quorum</strong></span> <span class='ocrx_word' id='word_1_301' title='bbox 1387 2438 1670 2493; x_wconf 88' lang='lat' dir='ltr'><strong>stultitiam</strong></span> <span class='ocrx_word' id='word_1_302' title='bbox 1691 2455 1852 2511; x_wconf 83' lang='lat' dir='ltr'><strong>exag-</strong></span> 
     </span>
    </p>
   </div>
   <div class='ocr_carea' id='block_1_41' title="bbox 271 2529 1848 2604">
    <p class='ocr_par' dir='ltr' id='par_1_41' title="bbox 271 2529 1848 2604">
     <span class='ocr_line' id='line_1_41' title="bbox 271 2529 1848 2604; baseline -0.002 -16"><span class='ocrx_word' id='word_1_303' title='bbox 271 2535 515 2604; x_wconf 83' lang='lat' dir='ltr'><strong>gerando</strong></span> <span class='ocrx_word' id='word_1_304' title='bbox 544 2532 799 2601; x_wconf 83' lang='lat' dir='ltr'><strong>subjecit,</strong></span> <span class='ocrx_word' id='word_1_305' title='bbox 829 2548 927 2586; x_wconf 90' lang='lat' dir='ltr'><strong>nec</strong></span> <span class='ocrx_word' id='word_1_306' title='bbox 953 2529 1181 2586; x_wconf 91' lang='lat' dir='ltr'><strong>credunt</strong></span> <span class='ocrx_word' id='word_1_307' title='bbox 1213 2531 1265 2584; x_wconf 92' lang='lat' dir='ltr'><strong>in</strong></span> <span class='ocrx_word' id='word_1_308' title='bbox 1296 2546 1403 2600; x_wconf 89' lang='lat' dir='ltr'><strong>quo</strong></span> <span class='ocrx_word' id='word_1_309' title='bbox 1433 2541 1488 2585; x_wconf 89' lang='lat' dir='ltr'><strong>et</strong></span> <span class='ocrx_word' id='word_1_310' title='bbox 1513 2531 1674 2601; x_wconf 90' lang='lat' dir='ltr'><strong>positi</strong></span> <span class='ocrx_word' id='word_1_311' title='bbox 1703 2542 1848 2588; x_wconf 90' lang='lat' dir='ltr'><strong>sunt.</strong></span> 
     </span>
    </p>
   </div>
   <div class='ocr_carea' id='block_1_42' title="bbox 269 2620 1848 2693">
    <p class='ocr_par' dir='ltr' id='par_1_42' title="bbox 269 2620 1848 2693">
     <span class='ocr_line' id='line_1_42' title="bbox 269 2620 1848 2693; baseline 0.001 -17"><span class='ocrx_word' id='word_1_312' title='bbox 269 2623 377 2690; x_wconf 84' lang='lat' dir='ltr'><strong>Qui</strong></span> <span class='ocrx_word' id='word_1_313' title='bbox 421 2625 473 2677; x_wconf 91' lang='lat' dir='ltr'><strong>in</strong></span> <span class='ocrx_word' id='word_1_314' title='bbox 512 2623 615 2679; x_wconf 87' lang='lat' dir='ltr'><strong>hoc</strong></span> <span class='ocrx_word' id='word_1_315' title='bbox 647 2623 843 2693; x_wconf 91' lang='lat' dir='ltr'><strong>positi,</strong></span> <span class='ocrx_word' id='word_1_316' title='bbox 881 2621 934 2675; x_wconf 90' lang='lat' dir='ltr'><strong>id</strong></span> <span class='ocrx_word' id='word_1_317' title='bbox 968 2629 1083 2686; x_wconf 89' lang='lat' dir='ltr'><strong>est,</strong></span> <span class='ocrx_word' id='word_1_318' title='bbox 1124 2620 1180 2674; x_wconf 90' lang='lat' dir='ltr'><strong>in</strong></span> <span class='ocrx_word' id='word_1_319' title='bbox 1217 2621 1327 2682; x_wconf 79' lang='lat' dir='ltr'><strong>hoc,</strong></span> <span class='ocrx_word' id='word_1_320' title='bbox 1345 2635 1444 2690; x_wconf 89' lang='lat' dir='ltr'><strong>per</strong></span> <span class='ocrx_word' id='word_1_321' title='bbox 1471 2630 1719 2674; x_wconf 89' lang='lat' dir='ltr'><strong>naturam</strong></span> <span class='ocrx_word' id='word_1_322' title='bbox 1749 2622 1848 2678; x_wconf 88' lang='lat' dir='ltr'><strong>ho-</strong></span> 
     </span>
    </p>
   </div>
   <div class='ocr_carea' id='block_1_43' title="bbox 268 2709 1852 2782">
    <p class='ocr_par' dir='ltr' id='par_1_43' title="bbox 268 2709 1852 2782">
     <span class='ocr_line' id='line_1_43' title="bbox 268 2709 1852 2782; baseline -0.002 -13"><span class='ocrx_word' id='word_1_323' title='bbox 268 2715 449 2769; x_wconf 89' lang='lat' dir='ltr'><strong>mines</strong></span> <span class='ocrx_word' id='word_1_324' title='bbox 479 2713 605 2768; x_wconf 88' lang='lat' dir='ltr'><strong>facti</strong></span> <span class='ocrx_word' id='word_1_325' title='bbox 637 2721 792 2776; x_wconf 86' lang='lat' dir='ltr'><strong>sunt,</strong></span> <span class='ocrx_word' id='word_1_326' title='bbox 822 2720 882 2766; x_wconf 91' lang='lat' dir='ltr'><strong>ut</strong></span> <span class='ocrx_word' id='word_1_327' title='bbox 906 2712 1130 2767; x_wconf 90' lang='lat' dir='ltr'><strong>credant</strong></span> <span class='ocrx_word' id='word_1_328' title='bbox 1160 2711 1298 2773; x_wconf 86' lang='lat' dir='ltr'><strong>Deo,</strong></span> <span class='ocrx_word' id='word_1_329' title='bbox 1334 2718 1390 2764; x_wconf 89' lang='lat' dir='ltr'><strong>et</strong></span> <span class='ocrx_word' id='word_1_330' title='bbox 1421 2709 1539 2779; x_wconf 87' lang='lat' dir='ltr'><strong>ejus</strong></span> <span class='ocrx_word' id='word_1_331' title='bbox 1572 2710 1852 2782; x_wconf 85' lang='lat' dir='ltr'><strong>obtempe-</strong></span> 
     </span>
    </p>
   </div>
   <div class='ocr_carea' id='block_1_44' title="bbox 268 2802 1850 2872">
    <p class='ocr_par' dir='ltr' id='par_1_44' title="bbox 268 2802 1850 2872">
     <span class='ocr_line' id='line_1_44' title="bbox 268 2802 1850 2872; baseline -0.002 -13"><span class='ocrx_word' id='word_1_332' title='bbox 268 2819 396 2860; x_wconf 79' lang='lat' dir='ltr'><strong>rent</strong></span> <span class='ocrx_word' id='word_1_333' title='bbox 427 2806 718 2870; x_wconf 88' lang='lat' dir='ltr'><strong>voluntati,</strong></span> <span class='ocrx_word' id='word_1_334' title='bbox 753 2805 1038 2860; x_wconf 87' lang='lat' dir='ltr'><strong>Salomone</strong></span> <span class='ocrx_word' id='word_1_335' title='bbox 1068 2810 1384 2868; x_wconf 87' lang='lat' dir='ltr'><strong>attestantc,</strong></span> <span class='ocrx_word' id='word_1_336' title='bbox 1416 2802 1506 2872; x_wconf 89' lang='lat' dir='ltr'><strong>qui</strong></span> <span class='ocrx_word' id='word_1_337' title='bbox 1538 2803 1650 2857; x_wconf 88' lang='lat' dir='ltr'><strong>ait:</strong></span> <span class='ocrx_word' id='word_1_338' title='bbox 1681 2803 1850 2857; x_wconf 87' lang='lat' dir='ltr'><strong>Deum</strong></span> 
     </span>
    </p>
   </div>
   <div class='ocr_carea' id='block_1_45' title="bbox 268 2893 1850 2966">
    <p class='ocr_par' dir='ltr' id='par_1_45' title="bbox 268 2893 1850 2966">
     <span class='ocr_line' id='line_1_45' title="bbox 268 2893 1850 2966; baseline -0.003 -15"><span class='ocrx_word' id='word_1_339' title='bbox 268 2900 398 2952; x_wconf 84' lang='lat' dir='ltr'><strong>time</strong></span> <span class='ocrx_word' id='word_1_340' title='bbox 431 2907 478 2951; x_wconf 85' lang='lat' dir='ltr'><strong>et</strong></span> <span class='ocrx_word' id='word_1_341' title='bbox 516 2898 765 2951; x_wconf 86' lang='lat' dir='ltr'><strong>mandata</strong></span> <span class='ocrx_word' id='word_1_342' title='bbox 801 2897 916 2966; x_wconf 85' lang='lat' dir='ltr'><strong>ejus</strong></span> <span class='ocrx_word' id='word_1_343' title='bbox 951 2895 1162 2949; x_wconf 87' lang='lat' dir='ltr'><strong>observa</strong></span> <span class='ocrx_word' id='word_1_344' title='bbox 1187 2935 1202 2959; x_wconf 91' lang='lat'><strong>,</strong></span> <span class='ocrx_word' id='word_1_345' title='bbox 1246 2893 1342 2946; x_wconf 86' lang='lat' dir='ltr'><strong>hoc</strong></span> <span class='ocrx_word' id='word_1_346' title='bbox 1383 2903 1461 2946; x_wconf 86' lang='lat' dir='ltr'><strong>est</strong></span> <span class='ocrx_word' id='word_1_347' title='bbox 1505 2893 1642 2947; x_wconf 88' lang='lat' dir='ltr'><strong>enim</strong></span> <span class='ocrx_word' id='word_1_348' title='bbox 1681 2894 1850 2948; x_wconf 88' lang='lat' dir='ltr'><strong>omnis</strong></span> 
     </span>
    </p>
   </div>
   <div class='ocr_carea' id='block_1_46' title="bbox 267 2981 1850 3062">
    <p class='ocr_par' dir='ltr' id='par_1_46' title="bbox 267 2981 1850 3062">
     <span class='ocr_line' id='line_1_46' title="bbox 267 2981 1850 3062; baseline -0.001 -22"><span class='ocrx_word' id='word_1_349' title='bbox 267 2989 428 3041; x_wconf 85' lang='lat' dir='ltr'><strong>homo</strong></span> <span class='ocrx_word' id='word_1_350' title='bbox 458 2987 668 3062; x_wconf 85' lang='lat' dir='ltr'><strong>(Eccle.</strong></span> <span class='ocrx_word' id='word_1_351' title='bbox 697 2987 807 3059; x_wconf 80' lang='lat' dir='ltr'><strong>xn)</strong></span> <span class='ocrx_word' id='word_1_352' title='bbox 829 3027 844 3052; x_wconf 92' lang='lat'><strong>,</strong></span> <span class='ocrx_word' id='word_1_353' title='bbox 875 2987 929 3040; x_wconf 91' lang='lat' dir='ltr'><strong>in</strong></span> <span class='ocrx_word' id='word_1_354' title='bbox 958 2986 1059 3041; x_wconf 90' lang='lat' dir='ltr'><strong>hoc</strong></span> <span class='ocrx_word' id='word_1_355' title='bbox 1088 2982 1410 3038; x_wconf 83' lang='lat' dir='ltr'><strong>naturaliter</strong></span> <span class='ocrx_word' id='word_1_356' title='bbox 1435 2981 1611 3038; x_wconf 86' lang='lat' dir='ltr'><strong>factus</strong></span> <span class='ocrx_word' id='word_1_357' title='bbox 1640 2991 1723 3038; x_wconf 90' lang='lat' dir='ltr'><strong>est</strong></span> <span class='ocrx_word' id='word_1_358' title='bbox 1751 2984 1850 3038; x_wconf 88' lang='lat' dir='ltr'><strong>ho-</strong></span> 
     </span>
    </p>
   </div>
   <div class='ocr_carea' id='block_1_47' title="bbox 267 3074 1844 3145">
    <p class='ocr_par' dir='ltr' id='par_1_47' title="bbox 267 3074 1844 3145">
     <span class='ocr_line' id='line_1_47' title="bbox 267 3074 1844 3145; baseline -0.003 -13"><span class='ocrx_word' id='word_1_359' title='bbox 267 3094 392 3144; x_wconf 89' lang='lat' dir='ltr'><strong>mo,</strong></span> <span class='ocrx_word' id='word_1_360' title='bbox 443 3087 502 3133; x_wconf 89' lang='lat' dir='ltr'><strong>ut</strong></span> <span class='ocrx_word' id='word_1_361' title='bbox 551 3079 717 3134; x_wconf 91' lang='lat' dir='ltr'><strong>Deum</strong></span> <span class='ocrx_word' id='word_1_362' title='bbox 765 3079 994 3141; x_wconf 89' lang='lat' dir='ltr'><strong>timens,</strong></span> <span class='ocrx_word' id='word_1_363' title='bbox 1027 3074 1144 3145; x_wconf 86' lang='lat' dir='ltr'><strong>ejus</strong></span> <span class='ocrx_word' id='word_1_364' title='bbox 1179 3074 1449 3129; x_wconf 88' lang='lat' dir='ltr'><strong>mandatis</strong></span> <span class='ocrx_word' id='word_1_365' title='bbox 1492 3075 1844 3130; x_wconf 90' lang='lat' dir='ltr'><strong>obsecundet.</strong></span> 
     </span>
    </p>
   </div>
   <div class='ocr_carea' id='block_1_48' title="bbox 1958 1887 3538 1967">
    <p class='ocr_par' dir='ltr' id='par_1_48' title="bbox 1958 1887 3538 1967">
     <span class='ocr_line' id='line_1_48' title="bbox 1958 1887 3538 1967; baseline 0.01 -25"><span class='ocrx_word' id='word_1_366' title='bbox 1958 1895 2086 1942; x_wconf 91' lang='lat' dir='ltr'><strong>cant</strong></span> <span class='ocrx_word' id='word_1_367' title='bbox 2121 1887 2320 1943; x_wconf 89' lang='lat' dir='ltr'><strong>deleta.</strong></span> <span class='ocrx_word' id='word_1_368' title='bbox 2353 1889 2629 1946; x_wconf 84' lang='lat' dir='ltr'><strong>Liberatio</strong></span> <span class='ocrx_word' id='word_1_369' title='bbox 2658 1908 2872 1962; x_wconf 87' lang='lat' dir='ltr'><strong>quoque</strong></span> <span class='ocrx_word' id='word_1_370' title='bbox 2907 1894 3137 1952; x_wconf 85' lang='lat' dir='ltr'><strong>ﬁliorum</strong></span> <span class='ocrx_word' id='word_1_371' title='bbox 3166 1897 3352 1967; x_wconf 90' lang='lat' dir='ltr'><strong>Israel,</strong></span> <span class='ocrx_word' id='word_1_372' title='bbox 3386 1910 3442 1958; x_wconf 91' lang='lat' dir='ltr'><strong>et</strong></span> <span class='ocrx_word' id='word_1_373' title='bbox 3470 1905 3538 1958; x_wconf 90' lang='lat' dir='ltr'><strong>ad</strong></span> 
     </span>
    </p>
   </div>
   <div class='ocr_carea' id='block_1_49' title="bbox 1957 1977 3535 2064">
    <p class='ocr_par' dir='ltr' id='par_1_49' title="bbox 1957 1977 3535 2064">
     <span class='ocr_line' id='line_1_49' title="bbox 1957 1977 3535 2064; baseline 0.013 -34"><span class='ocrx_word' id='word_1_374' title='bbox 1957 1977 2280 2048; x_wconf 83' lang='lat' dir='ltr'><strong>promissam</strong></span> <span class='ocrx_word' id='word_1_375' title='bbox 2305 1979 2431 2035; x_wconf 92' lang='lat' dir='ltr'><strong>olim</strong></span> <span class='ocrx_word' id='word_1_376' title='bbox 2461 1982 2692 2052; x_wconf 85' lang='lat' dir='ltr'><strong>patriam</strong></span> <span class='ocrx_word' id='word_1_377' title='bbox 2725 1986 3025 2054; x_wconf 70' lang='lat' dir='ltr'><strong>perdudtio,</strong></span> <span class='ocrx_word' id='word_1_378' title='bbox 3058 1991 3307 2059; x_wconf 79' lang='lat' dir='ltr'><strong>congruit</strong></span> <span class='ocrx_word' id='word_1_379' title='bbox 3331 2003 3535 2064; x_wconf 78' lang='lat' dir='ltr'><strong>myste-</strong></span> 
     </span>
    </p>
   </div>
   <div class='ocr_carea' id='block_1_50' title="bbox 1957 2067 3538 2147">
    <p class='ocr_par' dir='ltr' id='par_1_50' title="bbox 1957 2067 3538 2147">
     <span class='ocr_line' id='line_1_50' title="bbox 1957 2067 3538 2147; baseline 0.013 -27"><span class='ocrx_word' id='word_1_380' title='bbox 1957 2067 2039 2121; x_wconf 90' lang='lat' dir='ltr'><strong>rio</strong></span> <span class='ocrx_word' id='word_1_381' title='bbox 2077 2076 2276 2124; x_wconf 73' lang='lat' dir='ltr'><strong>nostra:</strong></span> <span class='ocrx_word' id='word_1_382' title='bbox 2315 2070 2722 2141; x_wconf 89' lang='lat' dir='ltr'><strong>redemptionis,</strong></span> <span class='ocrx_word' id='word_1_383' title='bbox 2771 2090 2871 2145; x_wconf 90' lang='lat' dir='ltr'><strong>per</strong></span> <span class='ocrx_word' id='word_1_384' title='bbox 2907 2087 3069 2147; x_wconf 89' lang='lat' dir='ltr'><strong>quam</strong></span> <span class='ocrx_word' id='word_1_385' title='bbox 3117 2079 3185 2134; x_wconf 86' lang='lat' dir='ltr'><strong>ad</strong></span> <span class='ocrx_word' id='word_1_386' title='bbox 3234 2080 3408 2138; x_wconf 88' lang='lat' dir='ltr'><strong>lucem</strong></span> <span class='ocrx_word' id='word_1_387' title='bbox 3447 2102 3538 2141; x_wconf 90' lang='lat' dir='ltr'><strong>su-</strong></span> 
     </span>
    </p>
   </div>
   <div class='ocr_carea' id='block_1_51' title="bbox 1954 2159 3536 2233">
    <p class='ocr_par' dir='ltr' id='par_1_51' title="bbox 1954 2159 3536 2233">
     <span class='ocr_line' id='line_1_51' title="bbox 1954 2159 3536 2233; baseline 0.015 -24"><span class='ocrx_word' id='word_1_388' title='bbox 1954 2169 2136 2225; x_wconf 84' lang='lat' dir='ltr'><strong>pernae</strong></span> <span class='ocrx_word' id='word_1_389' title='bbox 2172 2159 2471 2216; x_wconf 89' lang='lat' dir='ltr'><strong>mansionis</strong></span> <span class='ocrx_word' id='word_1_390' title='bbox 2499 2160 2802 2221; x_wconf 86' lang='lat' dir='ltr'><strong>illustrante</strong></span> <span class='ocrx_word' id='word_1_391' title='bbox 2832 2183 2953 2231; x_wconf 88' lang='lat' dir='ltr'><strong>nos,</strong></span> <span class='ocrx_word' id='word_1_392' title='bbox 2985 2184 3050 2225; x_wconf 92' lang='lat' dir='ltr'><strong>ac</strong></span> <span class='ocrx_word' id='word_1_393' title='bbox 3076 2171 3304 2229; x_wconf 90' lang='lat' dir='ltr'><strong>ducente</strong></span> <span class='ocrx_word' id='word_1_394' title='bbox 3333 2173 3536 2233; x_wconf 88' lang='lat' dir='ltr'><strong>Christi</strong></span> 
     </span>
    </p>
   </div>
   <div class='ocr_carea' id='block_1_52' title="bbox 1953 2248 3536 2327">
    <p class='ocr_par' dir='ltr' id='par_1_52' title="bbox 1953 2248 3536 2327">
     <span class='ocr_line' id='line_1_52' title="bbox 1953 2248 3536 2327; baseline 0.014 -27"><span class='ocrx_word' id='word_1_395' title='bbox 1953 2248 2128 2317; x_wconf 86' lang='lat' dir='ltr'><strong>gratia</strong></span> <span class='ocrx_word' id='word_1_396' title='bbox 2153 2250 2444 2316; x_wconf 84' lang='lat' dir='ltr'><strong>tendimus,</strong></span> <span class='ocrx_word' id='word_1_397' title='bbox 2468 2253 2624 2324; x_wconf 85' lang='lat' dir='ltr'><strong>cujus</strong></span> <span class='ocrx_word' id='word_1_398' title='bbox 2646 2255 2819 2310; x_wconf 89' lang='lat' dir='ltr'><strong>lucem</strong></span> <span class='ocrx_word' id='word_1_399' title='bbox 2843 2259 3054 2327; x_wconf 70' lang='lat' dir='ltr'><strong>gratiae,</strong></span> <span class='ocrx_word' id='word_1_400' title='bbox 3083 2263 3246 2318; x_wconf 67' lang='lat' dir='ltr'><strong>etiam</strong></span> <span class='ocrx_word' id='word_1_401' title='bbox 3269 2265 3356 2319; x_wconf 73' lang='lat' dir='ltr'><strong>illa</strong></span> <span class='ocrx_word' id='word_1_402' title='bbox 3377 2267 3536 2322; x_wconf 79' lang='lat' dir='ltr'><strong>nubis</strong></span> 
     </span>
    </p>
   </div>
   <div class='ocr_carea' id='block_1_53' title="bbox 1954 2339 3538 2421">
    <p class='ocr_par' dir='ltr' id='par_1_53' title="bbox 1954 2339 3538 2421">
     <span class='ocr_line' id='line_1_53' title="bbox 1954 2339 3538 2421; baseline 0.015 -28"><span class='ocrx_word' id='word_1_403' title='bbox 1954 2348 2011 2394; x_wconf 92' lang='lat' dir='ltr'><strong>et</strong></span> <span class='ocrx_word' id='word_1_404' title='bbox 2059 2339 2198 2410; x_wconf 84' lang='lat' dir='ltr'><strong>ignis</strong></span> <span class='ocrx_word' id='word_1_405' title='bbox 2245 2343 2494 2400; x_wconf 88' lang='lat' dir='ltr'><strong>columna</strong></span> <span class='ocrx_word' id='word_1_406' title='bbox 2546 2351 2889 2416; x_wconf 85' lang='lat' dir='ltr'><strong>monstravit,</strong></span> <span class='ocrx_word' id='word_1_407' title='bbox 2935 2366 3188 2421; x_wconf 61' lang='lat' dir='ltr'><strong>quae-eos</strong></span> <span class='ocrx_word' id='word_1_408' title='bbox 3219 2356 3274 2412; x_wconf 91' lang='lat' dir='ltr'><strong>in</strong></span> <span class='ocrx_word' id='word_1_409' title='bbox 3303 2365 3418 2414; x_wconf 89' lang='lat' dir='ltr'><strong>toto</strong></span> <span class='ocrx_word' id='word_1_410' title='bbox 3449 2359 3538 2414; x_wconf 89' lang='lat' dir='ltr'><strong>iti-</strong></span> 
     </span>
    </p>
   </div>
   <div class='ocr_carea' id='block_1_54' title="bbox 1953 2432 3536 2522">
    <p class='ocr_par' dir='ltr' id='par_1_54' title="bbox 1953 2432 3536 2522">
     <span class='ocr_line' id='line_1_54' title="bbox 1953 2432 3536 2522; baseline 0.014 -36"><span class='ocrx_word' id='word_1_411' title='bbox 1953 2446 2085 2488; x_wconf 88' lang='lat' dir='ltr'><strong>nere</strong></span> <span class='ocrx_word' id='word_1_412' title='bbox 2130 2432 2222 2488; x_wconf 91' lang='lat' dir='ltr'><strong>illo</strong></span> <span class='ocrx_word' id='word_1_413' title='bbox 2260 2450 2290 2489; x_wconf 89' lang='lat' dir='ltr'><strong>a</strong></span> <span class='ocrx_word' id='word_1_414' title='bbox 2333 2437 2569 2493; x_wconf 85' lang='lat' dir='ltr'><strong>tenebris</strong></span> <span class='ocrx_word' id='word_1_415' title='bbox 2612 2438 2854 2496; x_wconf 80' lang='lat' dir='ltr'><strong>defendit</strong></span> <span class='ocrx_word' id='word_1_416' title='bbox 2901 2445 3158 2510; x_wconf 88' lang='lat' dir='ltr'><strong>noctium,</strong></span> <span class='ocrx_word' id='word_1_417' title='bbox 3197 2454 3253 2503; x_wconf 91' lang='lat' dir='ltr'><strong>et</strong></span> <span class='ocrx_word' id='word_1_418' title='bbox 3294 2450 3360 2504; x_wconf 87' lang='lat' dir='ltr'><strong>ad</strong></span> <span class='ocrx_word' id='word_1_419' title='bbox 3411 2467 3536 2522; x_wconf 78' lang='lat' dir='ltr'><strong>pro-</strong></span> 
     </span>
    </p>
   </div>
   <div class='ocr_carea' id='block_1_55' title="bbox 1955 2529 3386 2609">
    <p class='ocr_par' dir='ltr' id='par_1_55' title="bbox 1955 2529 3386 2609">
     <span class='ocr_line' id='line_1_55' title="bbox 1955 2529 3386 2609; baseline 0.011 -28"><span class='ocrx_word' id='word_1_420' title='bbox 1955 2529 2149 2583; x_wconf 91' lang='lat' dir='ltr'><strong>missas</strong></span> <span class='ocrx_word' id='word_1_421' title='bbox 2178 2529 2368 2599; x_wconf 83' lang='lat' dir='ltr'><strong>patriae</strong></span> <span class='ocrx_word' id='word_1_422' title='bbox 2393 2533 2548 2588; x_wconf 85' lang='lat' dir='ltr'><strong>sedes</strong></span> <span class='ocrx_word' id='word_1_423' title='bbox 2577 2533 2926 2590; x_wconf 88' lang='lat' dir='ltr'><strong>inenarrabili</strong></span> <span class='ocrx_word' id='word_1_424' title='bbox 2956 2537 3093 2593; x_wconf 90' lang='lat' dir='ltr'><strong>calle</strong></span> <span class='ocrx_word' id='word_1_425' title='bbox 3113 2540 3386 2609; x_wconf 80' lang='lat' dir='ltr'><strong>perduxit.</strong></span> 
     </span>
    </p>
   </div>
   <div class='ocr_carea' id='block_1_56' title="bbox 2025 2616 3532 2704">
    <p class='ocr_par' dir='ltr' id='par_1_56' title="bbox 2025 2616 3532 2704">
     <span class='ocr_line' id='line_1_56' title="bbox 2025 2616 3532 2704; baseline 0.012 -32"><span class='ocrx_word' id='word_1_426' title='bbox 2025 2616 2131 2684; x_wconf 82' lang='lat' dir='ltr'><strong>Qui</strong></span> <span class='ocrx_word' id='word_1_427' title='bbox 2177 2620 2464 2693; x_wconf 86' lang='lat' dir='ltr'><strong>aliquando</strong></span> <span class='ocrx_word' id='word_1_428' title='bbox 2504 2639 2607 2679; x_wconf 90' lang='lat' dir='ltr'><strong>non</strong></span> <span class='ocrx_word' id='word_1_429' title='bbox 2654 2625 2897 2697; x_wconf 87' lang='lat' dir='ltr'><strong>populus,</strong></span> <span class='ocrx_word' id='word_1_430' title='bbox 2941 2645 3080 2683; x_wconf 89' lang='lat' dir='ltr'><strong>nunc</strong></span> <span class='ocrx_word' id='word_1_431' title='bbox 3108 2639 3283 2686; x_wconf 85' lang='lat' dir='ltr'><strong>autem</strong></span> <span class='ocrx_word' id='word_1_432' title='bbox 3309 2641 3532 2704; x_wconf 82' lang='lat' dir='ltr'><strong>populus</strong></span> 
     </span>
    </p>
   </div>
   <div class='ocr_carea' id='block_1_57' title="bbox 1952 2707 3529 2785">
    <p class='ocr_par' dir='ltr' id='par_1_57' title="bbox 1952 2707 3529 2785">
     <span class='ocr_line' id='line_1_57' title="bbox 1952 2707 3529 2785; baseline 0.012 -24"><span class='ocrx_word' id='word_1_433' title='bbox 1952 2707 2074 2775; x_wconf 80' lang='lat' dir='ltr'><strong>Dei,</strong></span> <span class='ocrx_word' id='word_1_434' title='bbox 2113 2713 2202 2782; x_wconf 87' lang='lat' dir='ltr'><strong>qui</strong></span> <span class='ocrx_word' id='word_1_435' title='bbox 2238 2729 2344 2768; x_wconf 91' lang='lat' dir='ltr'><strong>non</strong></span> <span class='ocrx_word' id='word_1_436' title='bbox 2384 2717 2648 2770; x_wconf 81' lang='lat' dir='ltr'><strong>consecuti</strong></span> <span class='ocrx_word' id='word_1_437' title='bbox 2691 2717 3128 2785; x_wconf 84' lang='lat' dir='ltr'><strong>misericordiam,</strong></span> <span class='ocrx_word' id='word_1_438' title='bbox 3168 2737 3309 2777; x_wconf 85' lang='lat' dir='ltr'><strong>nunc</strong></span> <span class='ocrx_word' id='word_1_439' title='bbox 3354 2734 3529 2780; x_wconf 83' lang='lat' dir='ltr'><strong>autem</strong></span> 
     </span>
    </p>
   </div>
   <div class='ocr_carea' id='block_1_58' title="bbox 1949 2795 3534 2885">
    <p class='ocr_par' dir='ltr' id='par_1_58' title="bbox 1949 2795 3534 2885">
     <span class='ocr_line' id='line_1_58' title="bbox 1949 2795 3534 2885; baseline 0.015 -35"><span class='ocrx_word' id='word_1_440' title='bbox 1949 2798 2365 2857; x_wconf 87' lang='lat' dir='ltr'><strong>misericordiam</strong></span> <span class='ocrx_word' id='word_1_441' title='bbox 2399 2807 2679 2860; x_wconf 84' lang='lat' dir='ltr'><strong>consecuti.</strong></span> <span class='ocrx_word' id='word_1_442' title='bbox 2717 2795 2922 2864; x_wconf 74' lang='lat' dir='ltr'><strong>Iudicat</strong></span> <span class='ocrx_word' id='word_1_443' title='bbox 2953 2819 3139 2880; x_wconf 88' lang='lat' dir='ltr'><strong>aperte</strong></span> <span class='ocrx_word' id='word_1_444' title='bbox 3160 2828 3258 2885; x_wconf 88' lang='lat' dir='ltr'><strong>per</strong></span> <span class='ocrx_word' id='word_1_445' title='bbox 3285 2815 3383 2871; x_wconf 86' lang='lat' dir='ltr'><strong>hos</strong></span> <span class='ocrx_word' id='word_1_446' title='bbox 3412 2833 3534 2872; x_wconf 82' lang='lat' dir='ltr'><strong>vcr-</strong></span> 
     </span>
    </p>
   </div>
   <div class='ocr_carea' id='block_1_59' title="bbox 1951 2889 3528 2968">
    <p class='ocr_par' dir='ltr' id='par_1_59' title="bbox 1951 2889 3528 2968">
     <span class='ocr_line' id='line_1_59' title="bbox 1951 2889 3528 2968; baseline 0.011 -24"><span class='ocrx_word' id='word_1_447' title='bbox 1951 2889 2172 2956; x_wconf 90' lang='lat' dir='ltr'><strong>siculos,</strong></span> <span class='ocrx_word' id='word_1_448' title='bbox 2196 2893 2338 2962; x_wconf 91' lang='lat' dir='ltr'><strong>quod</strong></span> <span class='ocrx_word' id='word_1_449' title='bbox 2370 2896 2454 2950; x_wconf 87' lang='lat' dir='ltr'><strong>his</strong></span> <span class='ocrx_word' id='word_1_450' title='bbox 2480 2896 2572 2967; x_wconf 88' lang='lat' dir='ltr'><strong>qui</strong></span> <span class='ocrx_word' id='word_1_451' title='bbox 2599 2896 2666 2953; x_wconf 88' lang='lat' dir='ltr'><strong>de</strong></span> <span class='ocrx_word' id='word_1_452' title='bbox 2690 2899 2938 2968; x_wconf 79' lang='lat' dir='ltr'><strong>gentibus</strong></span> <span class='ocrx_word' id='word_1_453' title='bbox 2967 2902 3034 2956; x_wconf 85' lang='lat' dir='ltr'><strong>ad</strong></span> <span class='ocrx_word' id='word_1_454' title='bbox 3060 2900 3218 2957; x_wconf 83' lang='lat' dir='ltr'><strong>ﬁdem</strong></span> <span class='ocrx_word' id='word_1_455' title='bbox 3245 2917 3528 2968; x_wconf 82' lang='lat' dir='ltr'><strong>venerant,</strong></span> 
     </span>
    </p>
   </div>
   <div class='ocr_carea' id='block_1_60' title="bbox 1951 2980 3534 3059">
    <p class='ocr_par' dir='ltr' id='par_1_60' title="bbox 1951 2980 3534 3059">
     <span class='ocr_line' id='line_1_60' title="bbox 1951 2980 3534 3059; baseline 0.011 -26"><span class='ocrx_word' id='word_1_456' title='bbox 1951 2980 2090 3035; x_wconf 88' lang='lat' dir='ltr'><strong>hanc</strong></span> <span class='ocrx_word' id='word_1_457' title='bbox 2116 2982 2335 3051; x_wconf 87' lang='lat' dir='ltr'><strong>scripsit</strong></span> <span class='ocrx_word' id='word_1_458' title='bbox 2359 2985 2674 3055; x_wconf 84' lang='lat' dir='ltr'><strong>Epistolam,</strong></span> <span class='ocrx_word' id='word_1_459' title='bbox 2695 2988 2790 3058; x_wconf 86' lang='lat' dir='ltr'><strong>&#39;qui</strong></span> <span class='ocrx_word' id='word_1_460' title='bbox 2814 2991 3084 3059; x_wconf 83' lang='lat' dir='ltr'><strong>quondam</strong></span> <span class='ocrx_word' id='word_1_461' title='bbox 3109 2993 3326 3049; x_wconf 86' lang='lat' dir='ltr'><strong>alienati</strong></span> <span class='ocrx_word' id='word_1_462' title='bbox 3350 3011 3381 3049; x_wconf 91' lang='lat' dir='ltr'><strong>a</strong></span> <span class='ocrx_word' id='word_1_463' title='bbox 3405 2989 3534 3051; x_wconf 87' lang='lat' dir='ltr'><strong>con-</strong></span> 
     </span>
    </p>
   </div>
   <div class='ocr_carea' id='block_1_61' title="bbox 1951 3073 3534 3158">
    <p class='ocr_par' dir='ltr' id='par_1_61' title="bbox 1951 3073 3534 3158">
     <span class='ocr_line' id='line_1_61' title="bbox 1951 3073 3534 3158; baseline 0.011 -33"><span class='ocrx_word' id='word_1_464' title='bbox 1951 3073 2258 3128; x_wconf 83' lang='lat' dir='ltr'><strong>versatione</strong></span> <span class='ocrx_word' id='word_1_465' title='bbox 2290 3076 2471 3146; x_wconf 89' lang='lat' dir='ltr'><strong>populi</strong></span> <span class='ocrx_word' id='word_1_466' title='bbox 2519 3077 2634 3143; x_wconf 90' lang='lat' dir='ltr'><strong>Dei,</strong></span> <span class='ocrx_word' id='word_1_467' title='bbox 2679 3086 2807 3134; x_wconf 91' lang='lat' dir='ltr'><strong>tunc</strong></span> <span class='ocrx_word' id='word_1_468' title='bbox 2851 3095 2950 3149; x_wconf 89' lang='lat' dir='ltr'><strong>per</strong></span> <span class='ocrx_word' id='word_1_469' title='bbox 2995 3083 3224 3153; x_wconf 81' lang='lat' dir='ltr'><strong>gratiam</strong></span> <span class='ocrx_word' id='word_1_470' title='bbox 3269 3084 3394 3141; x_wconf 85' lang='lat' dir='ltr'><strong>tldei</strong></span> <span class='ocrx_word' id='word_1_471' title='bbox 3436 3102 3534 3158; x_wconf 89' lang='lat' dir='ltr'><strong>po-</strong></span> 
     </span>
    </p>
   </div>
   <div class='ocr_carea' id='block_1_62' title="bbox 265 3146 3534 3248">
    <p class='ocr_par' dir='ltr' id='par_1_62' title="bbox 265 3146 3534 3248">
     <span class='ocr_line' id='line_1_62' title="bbox 265 3146 3534 3248; baseline 0.003 -26"><span class='ocrx_word' id='word_1_472' title='bbox 265 3167 500 3236; x_wconf 89' lang='lat' dir='ltr'><strong>Quidam</strong></span> <span class='ocrx_word' id='word_1_473' title='bbox 531 3170 742 3224; x_wconf 88' lang='lat' dir='ltr'><strong>codices</strong></span> <span class='ocrx_word' id='word_1_474' title='bbox 766 3169 1002 3223; x_wconf 87' lang='lat' dir='ltr'><strong>habent:</strong></span> <span class='ocrx_word' id='word_1_475' title='bbox 1031 3166 1090 3221; x_wconf 89' lang='lat' dir='ltr'><strong>In</strong></span> <span class='ocrx_word' id='word_1_476' title='bbox 1114 3181 1220 3236; x_wconf 91' lang='lat' dir='ltr'><strong>quo</strong></span> <span class='ocrx_word' id='word_1_477' title='bbox 1245 3173 1301 3219; x_wconf 90' lang='lat' dir='ltr'><strong>et</strong></span> <span class='ocrx_word' id='word_1_478' title='bbox 1325 3164 1485 3236; x_wconf 88' lang='lat' dir='ltr'><strong>positi</strong></span> <span class='ocrx_word' id='word_1_479' title='bbox 1517 3171 1675 3225; x_wconf 90' lang='lat' dir='ltr'><strong>sunt.</strong></span> <span class='ocrx_word' id='word_1_480' title='bbox 1705 3166 1848 3234; x_wconf 87' lang='lat' dir='ltr'><strong>quod</strong></span> <span class='ocrx_word' id='word_1_481' title='bbox 1875 3146 1918 3209; x_wconf 60' lang='grc' dir='ltr'><strong>(ἶ</strong></span> <span class='ocrx_word' id='word_1_482' title='bbox 1948 3160 2074 3229; x_wconf 75' lang='grc' dir='ltr'>ΡυΙΟ</span> <span class='ocrx_word' id='word_1_483' title='bbox 2108 3170 2235 3216; x_wconf 75' lang='grc' dir='ltr'><strong>εοηῑ</strong></span> <span class='ocrx_word' id='word_1_484' title='bbox 2274 3162 2392 3230; x_wconf 69' lang='lat' dir='ltr'><strong>Pius</strong></span> <span class='ocrx_word' id='word_1_485' title='bbox 2427 3165 2586 3231; x_wconf 71' lang='grc' dir='ltr'><strong>υηίῑίν</strong></span> <span class='ocrx_word' id='word_1_486' title='bbox 2636 3175 2692 3221; x_wconf 75' lang='grc' dir='ltr'>ει</span> <span class='ocrx_word' id='word_1_487' title='bbox 2737 3146 3170 3225; x_wconf 54' lang='grc' dir='ltr'><strong>ωῖεέτὶοοῖσίῑθηι</strong></span> <span class='ocrx_word' id='word_1_488' title='bbox 3211 3189 3372 3243; x_wconf 83' lang='lat' dir='ltr'><strong>quam</strong></span> <span class='ocrx_word' id='word_1_489' title='bbox 3409 3146 3534 3248; x_wconf 75' lang='lat' dir='ltr'><strong>spe-</strong></span> 
     </span>
    </p>
   </div>
   <div class='ocr_carea' id='block_1_63' title="bbox 265 3254 1851 3332">
    <p class='ocr_par' dir='ltr' id='par_1_63' title="bbox 265 3254 1851 3332">
     <span class='ocr_line' id='line_1_63' title="bbox 265 3254 1851 3332; baseline -0.003 -16"><span class='ocrx_word' id='word_1_490' title='bbox 265 3260 588 3332; x_wconf 83' lang='lat' dir='ltr'><strong>inteiligitur</strong></span> <span class='ocrx_word' id='word_1_491' title='bbox 621 3260 773 3330; x_wconf 84' lang='lat' dir='ltr'><strong>juxta</strong></span> <span class='ocrx_word' id='word_1_492' title='bbox 821 3259 921 3314; x_wconf 90' lang='lat' dir='ltr'><strong>hoc</strong></span> <span class='ocrx_word' id='word_1_493' title='bbox 965 3257 1109 3329; x_wconf 89' lang='lat' dir='ltr'><strong>quod</strong></span> <span class='ocrx_word' id='word_1_494' title='bbox 1158 3255 1358 3310; x_wconf 87' lang='lat' dir='ltr'><strong>Paulus</strong></span> <span class='ocrx_word' id='word_1_495' title='bbox 1404 3255 1470 3310; x_wconf 91' lang='lat' dir='ltr'><strong>de</strong></span> <span class='ocrx_word' id='word_1_496' title='bbox 1513 3254 1742 3310; x_wconf 90' lang='lat' dir='ltr'><strong>Domino</strong></span> <span class='ocrx_word' id='word_1_497' title='bbox 1771 3257 1851 3312; x_wconf 87' lang='lat' dir='ltr'><strong>lo-</strong></span> 
     </span>
    </p>
   </div>
   <div class='ocr_carea' id='block_1_64' title="bbox 264 3337 1850 3424">
    <p class='ocr_par' dir='ltr' id='par_1_64' title="bbox 264 3337 1850 3424">
     <span class='ocr_line' id='line_1_64' title="bbox 264 3337 1850 3424; baseline -0.002 -17"><span class='ocrx_word' id='word_1_498' title='bbox 264 3369 444 3424; x_wconf 86' lang='lat' dir='ltr'><strong>quens</strong></span> <span class='ocrx_word' id='word_1_499' title='bbox 472 3353 586 3407; x_wconf 86' lang='lat' dir='ltr'><strong>ait:</strong></span> <span class='ocrx_word' id='word_1_500' title='bbox 614 3351 682 3406; x_wconf 87' lang='lat' dir='ltr'><strong>In</strong></span> <span class='ocrx_word' id='word_1_501' title='bbox 718 3353 830 3423; x_wconf 86' lang='lat' dir='ltr'><strong>ipso</strong></span> <span class='ocrx_word' id='word_1_502' title='bbox 867 3352 1004 3406; x_wconf 86' lang='lat' dir='ltr'><strong>enim</strong></span> <span class='ocrx_word' id='word_1_503' title='bbox 1037 3337 1256 3403; x_wconf 57' lang='lat' dir='ltr'><strong>viii-imus</strong></span> <span class='ocrx_word' id='word_1_504' title='bbox 1291 3356 1339 3402; x_wconf 87' lang='lat' dir='ltr'><strong>et</strong></span> <span class='ocrx_word' id='word_1_505' title='bbox 1375 3361 1640 3401; x_wconf 82' lang='lat' dir='ltr'><strong>movemur</strong></span> <span class='ocrx_word' id='word_1_506' title='bbox 1673 3356 1721 3403; x_wconf 89' lang='lat' dir='ltr'><strong>et</strong></span> <span class='ocrx_word' id='word_1_507' title='bbox 1757 3366 1850 3404; x_wconf 88' lang='lat' dir='ltr'><strong>su-</strong></span> 
     </span>
    </p>
   </div>
   <div class='ocr_carea' id='block_1_65' title="bbox 263 3441 778 3514">
    <p class='ocr_par' dir='ltr' id='par_1_65' title="bbox 263 3441 778 3514">
     <span class='ocr_line' id='line_1_65' title="bbox 263 3441 778 3514; baseline -0.002 -17"><span class='ocrx_word' id='word_1_508' title='bbox 263 3461 387 3498; x_wconf 87' lang='lat' dir='ltr'><strong>mus</strong></span> <span class='ocrx_word' id='word_1_509' title='bbox 415 3441 432 3514; x_wconf 96' lang='lat'><strong>(</strong></span> <span class='ocrx_word' id='word_1_510' title='bbox 455 3443 571 3496; x_wconf 80' lang='lat' dir='ltr'><strong>Act.</strong></span> <span class='ocrx_word' id='word_1_511' title='bbox 603 3458 712 3496; x_wconf 81' lang='lat' dir='ltr'><strong>xvn</strong></span> <span class='ocrx_word' id='word_1_512' title='bbox 737 3442 778 3513; x_wconf 94' lang='lat'><strong>).</strong></span> 
     </span>
    </p>
   </div>
   <div class='ocr_carea' id='block_1_66' title="bbox 351 3532 1848 3605">
    <p class='ocr_par' dir='ltr' id='par_1_66' title="bbox 351 3532 1848 3605">
     <span class='ocr_line' id='line_1_66' title="bbox 351 3532 1848 3605; baseline 0.001 -20"><span class='ocrx_word' id='word_1_513' title='bbox 351 3532 454 3588; x_wconf 87' lang='lat' dir='ltr'><strong>Vos</strong></span> <span class='ocrx_word' id='word_1_514' title='bbox 487 3544 659 3588; x_wconf 87' lang='lat' dir='ltr'><strong>autem</strong></span> <span class='ocrx_word' id='word_1_515' title='bbox 681 3551 840 3605; x_wconf 86' lang='lat' dir='ltr'><strong>genus</strong></span> <span class='ocrx_word' id='word_1_516' title='bbox 861 3532 1099 3601; x_wconf 86' lang='lat' dir='ltr'><strong>electum,</strong></span> <span class='ocrx_word' id='word_1_517' title='bbox 1126 3534 1296 3605; x_wconf 80' lang='lat' dir='ltr'><strong>regale</strong></span> <span class='ocrx_word' id='word_1_518' title='bbox 1319 3532 1694 3596; x_wconf 86' lang='lat' dir='ltr'><strong>sacerdotium,</strong></span> <span class='ocrx_word' id='word_1_519' title='bbox 1723 3547 1848 3602; x_wconf 84' lang='lat' dir='ltr'><strong>gens</strong></span> 
     </span>
    </p>
   </div>
   <div class='ocr_carea' id='block_1_67' title="bbox 263 3622 1849 3695">
    <p class='ocr_par' dir='ltr' id='par_1_67' title="bbox 263 3622 1849 3695">
     <span class='ocr_line' id='line_1_67' title="bbox 263 3622 1849 3695; baseline -0.001 -16"><span class='ocrx_word' id='word_1_520' title='bbox 263 3635 476 3690; x_wconf 89' lang='lat' dir='ltr'><strong>sancta,</strong></span> <span class='ocrx_word' id='word_1_521' title='bbox 499 3622 718 3694; x_wconf 83' lang='lat' dir='ltr'><strong>populus</strong></span> <span class='ocrx_word' id='word_1_522' title='bbox 745 3625 1122 3695; x_wconf 84' lang='lat' dir='ltr'><strong>acquisitionis.</strong></span> <span class='ocrx_word' id='word_1_523' title='bbox 1156 3624 1269 3681; x_wconf 83' lang='lat' dir='ltr'><strong>Hoc</strong></span> <span class='ocrx_word' id='word_1_524' title='bbox 1291 3633 1375 3680; x_wconf 90' lang='lat' dir='ltr'><strong>est</strong></span> <span class='ocrx_word' id='word_1_525' title='bbox 1403 3623 1581 3679; x_wconf 86' lang='lat' dir='ltr'><strong>laudis</strong></span> <span class='ocrx_word' id='word_1_526' title='bbox 1610 3625 1849 3679; x_wconf 88' lang='lat' dir='ltr'><strong>testimo-</strong></span> 
     </span>
    </p>
   </div>
   <div class='ocr_carea' id='block_1_68' title="bbox 265 3713 1850 3785">
    <p class='ocr_par' dir='ltr' id='par_1_68' title="bbox 265 3713 1850 3785">
     <span class='ocr_line' id='line_1_68' title="bbox 265 3713 1850 3785; baseline -0.001 -13"><span class='ocrx_word' id='word_1_527' title='bbox 265 3719 422 3773; x_wconf 89' lang='lat' dir='ltr'><strong>nium</strong></span> <span class='ocrx_word' id='word_1_528' title='bbox 461 3715 730 3785; x_wconf 89' lang='lat' dir='ltr'><strong>quondam</strong></span> <span class='ocrx_word' id='word_1_529' title='bbox 769 3715 992 3784; x_wconf 87' lang='lat' dir='ltr'><strong>antiquo</strong></span> <span class='ocrx_word' id='word_1_530' title='bbox 1027 3715 1122 3769; x_wconf 90' lang='lat' dir='ltr'><strong>Dei</strong></span> <span class='ocrx_word' id='word_1_531' title='bbox 1163 3714 1360 3784; x_wconf 89' lang='lat' dir='ltr'><strong>populo</strong></span> <span class='ocrx_word' id='word_1_532' title='bbox 1397 3729 1496 3784; x_wconf 90' lang='lat' dir='ltr'><strong>per</strong></span> <span class='ocrx_word' id='word_1_533' title='bbox 1535 3713 1720 3770; x_wconf 79' lang='lat' dir='ltr'><strong>Mosen</strong></span> <span class='ocrx_word' id='word_1_534' title='bbox 1754 3714 1850 3770; x_wconf 88' lang='lat' dir='ltr'><strong>da-</strong></span> 
     </span>
    </p>
   </div>
   <div class='ocr_carea' id='block_1_69' title="bbox 269 3808 1847 3880">
    <p class='ocr_par' dir='ltr' id='par_1_69' title="bbox 269 3808 1847 3880">
     <span class='ocr_line' id='line_1_69' title="bbox 269 3808 1847 3880; baseline 0.001 -16"><span class='ocrx_word' id='word_1_535' title='bbox 269 3819 408 3875; x_wconf 89' lang='lat' dir='ltr'><strong>tum,</strong></span> <span class='ocrx_word' id='word_1_536' title='bbox 435 3809 577 3878; x_wconf 87' lang='lat' dir='ltr'><strong>quod</strong></span> <span class='ocrx_word' id='word_1_537' title='bbox 600 3823 745 3862; x_wconf 91' lang='lat' dir='ltr'><strong>nunc</strong></span> <span class='ocrx_word' id='word_1_538' title='bbox 771 3817 917 3863; x_wconf 89' lang='lat' dir='ltr'><strong>recte</strong></span> <span class='ocrx_word' id='word_1_539' title='bbox 943 3808 1192 3880; x_wconf 80' lang='lat' dir='ltr'><strong>gentibus</strong></span> <span class='ocrx_word' id='word_1_540' title='bbox 1214 3809 1306 3864; x_wconf 91' lang='lat' dir='ltr'><strong>dat</strong></span> <span class='ocrx_word' id='word_1_541' title='bbox 1333 3808 1610 3878; x_wconf 83' lang='lat' dir='ltr'><strong>apostolus</strong></span> <span class='ocrx_word' id='word_1_542' title='bbox 1630 3808 1847 3877; x_wconf 89' lang='lat' dir='ltr'><strong>Petrus,</strong></span> 
     </span>
    </p>
   </div>
   <div class='ocr_carea' id='block_1_70' title="bbox 267 3899 1850 3973">
    <p class='ocr_par' dir='ltr' id='par_1_70' title="bbox 267 3899 1850 3973">
     <span class='ocr_line' id='line_1_70' title="bbox 267 3899 1850 3973; baseline -0.001 -18"><span class='ocrx_word' id='word_1_543' title='bbox 267 3903 363 3973; x_wconf 89' lang='lat' dir='ltr'><strong>qui</strong></span> <span class='ocrx_word' id='word_1_544' title='bbox 414 3899 665 3955; x_wconf 89' lang='lat' dir='ltr'><strong>videlicet</strong></span> <span class='ocrx_word' id='word_1_545' title='bbox 709 3899 765 3954; x_wconf 90' lang='lat' dir='ltr'><strong>in</strong></span> <span class='ocrx_word' id='word_1_546' title='bbox 815 3899 1089 3954; x_wconf 88' lang='lat' dir='ltr'><strong>Christum</strong></span> <span class='ocrx_word' id='word_1_547' title='bbox 1139 3899 1520 3965; x_wconf 88' lang='lat' dir='ltr'><strong>crediderunt,</strong></span> <span class='ocrx_word' id='word_1_548' title='bbox 1578 3900 1672 3970; x_wconf 90' lang='lat' dir='ltr'><strong>qui</strong></span> <span class='ocrx_word' id='word_1_549' title='bbox 1702 3899 1850 3955; x_wconf 88' lang='lat' dir='ltr'><strong>velut</strong></span> 
     </span>
    </p>
   </div>
   <div class='ocr_carea' id='block_1_71' title="bbox 267 3991 1842 4066">
    <p class='ocr_par' dir='ltr' id='par_1_71' title="bbox 267 3991 1842 4066">
     <span class='ocr_line' id='line_1_71' title="bbox 267 3991 1842 4066; baseline -0.002 -17"><span class='ocrx_word' id='word_1_550' title='bbox 267 3995 408 4065; x_wconf 84' lang='lat' dir='ltr'><strong>lapis</strong></span> <span class='ocrx_word' id='word_1_551' title='bbox 455 3992 729 4066; x_wconf 87' lang='lat' dir='ltr'><strong>anguiaris</strong></span> <span class='ocrx_word' id='word_1_552' title='bbox 768 4007 910 4059; x_wconf 87' lang='lat' dir='ltr'><strong>eam,</strong></span> <span class='ocrx_word' id='word_1_553' title='bbox 957 4008 1120 4064; x_wconf 87' lang='lat' dir='ltr'><strong>quam</strong></span> <span class='ocrx_word' id='word_1_554' title='bbox 1156 3991 1323 4048; x_wconf 86' lang='lat' dir='ltr'><strong>Israel</strong></span> <span class='ocrx_word' id='word_1_555' title='bbox 1361 3991 1418 4046; x_wconf 90' lang='lat' dir='ltr'><strong>in</strong></span> <span class='ocrx_word' id='word_1_556' title='bbox 1458 4006 1518 4046; x_wconf 88' lang='lat' dir='ltr'><strong>se</strong></span> <span class='ocrx_word' id='word_1_557' title='bbox 1562 3991 1842 4056; x_wconf 83' lang='lat' dir='ltr'><strong>habuerat,</strong></span> 
     </span>
    </p>
   </div>
   <div class='ocr_carea' id='block_1_72' title="bbox 269 4083 1848 4156">
    <p class='ocr_par' dir='ltr' id='par_1_72' title="bbox 269 4083 1848 4156">
     <span class='ocr_line' id='line_1_72' title="bbox 269 4083 1848 4156; baseline -0.003 -12"><span class='ocrx_word' id='word_1_558' title='bbox 269 4089 500 4144; x_wconf 82' lang='lat' dir='ltr'><strong>salutem</strong></span> <span class='ocrx_word' id='word_1_559' title='bbox 530 4094 717 4156; x_wconf 77' lang='lat' dir='ltr'><strong>gentes</strong></span> <span class='ocrx_word' id='word_1_560' title='bbox 746 4085 1021 4150; x_wconf 86' lang='lat' dir='ltr'><strong>adunavit,</strong></span> <span class='ocrx_word' id='word_1_561' title='bbox 1063 4099 1199 4154; x_wconf 88' lang='lat' dir='ltr'><strong>quos</strong></span> <span class='ocrx_word' id='word_1_562' title='bbox 1236 4100 1398 4156; x_wconf 86' lang='lat' dir='ltr'><strong>genus</strong></span> <span class='ocrx_word' id='word_1_563' title='bbox 1436 4083 1656 4138; x_wconf 87' lang='lat' dir='ltr'><strong>electum</strong></span> <span class='ocrx_word' id='word_1_564' title='bbox 1687 4093 1848 4140; x_wconf 87' lang='lat' dir='ltr'><strong>vocat</strong></span> 
     </span>
    </p>
   </div>
   <div class='ocr_carea' id='block_1_73' title="bbox 268 4174 1848 4255">
    <p class='ocr_par' dir='ltr' id='par_1_73' title="bbox 268 4174 1848 4255">
     <span class='ocr_line' id='line_1_73' title="bbox 268 4174 1848 4255; baseline -0.001 -23"><span class='ocrx_word' id='word_1_565' title='bbox 268 4187 494 4251; x_wconf 85' lang='lat' dir='ltr'><strong>propter</strong></span> <span class='ocrx_word' id='word_1_566' title='bbox 519 4178 676 4232; x_wconf 82' lang='lat' dir='ltr'><strong>ﬁdem</strong></span> <span class='ocrx_word' id='word_1_567' title='bbox 716 4183 776 4230; x_wconf 94' lang='lat' dir='ltr'><strong>ut</strong></span> <span class='ocrx_word' id='word_1_568' title='bbox 809 4175 1101 4255; x_wconf 79' lang='lat' dir='ltr'><strong>distinguat</strong></span> <span class='ocrx_word' id='word_1_569' title='bbox 1130 4176 1199 4231; x_wconf 87' lang='lat' dir='ltr'><strong>ab</strong></span> <span class='ocrx_word' id='word_1_570' title='bbox 1245 4176 1326 4230; x_wconf 85' lang='lat' dir='ltr'><strong>eis</strong></span> <span class='ocrx_word' id='word_1_571' title='bbox 1365 4174 1458 4244; x_wconf 91' lang='lat' dir='ltr'><strong>qui</strong></span> <span class='ocrx_word' id='word_1_572' title='bbox 1505 4175 1738 4245; x_wconf 87' lang='lat' dir='ltr'><strong>lapidem</strong></span> <span class='ocrx_word' id='word_1_573' title='bbox 1767 4175 1848 4230; x_wconf 84' lang='lat' dir='ltr'><strong>vi-</strong></span> 
     </span>
    </p>
   </div>
   <div class='ocr_carea' id='block_1_74' title="bbox 273 4266 1844 4340">
    <p class='ocr_par' dir='ltr' id='par_1_74' title="bbox 273 4266 1844 4340">
     <span class='ocr_line' id='line_1_74' title="bbox 273 4266 1844 4340; baseline -0.001 -16"><span class='ocrx_word' id='word_1_574' title='bbox 273 4287 402 4325; x_wconf 88' lang='lat' dir='ltr'><strong>vum</strong></span> <span class='ocrx_word' id='word_1_575' title='bbox 424 4267 765 4340; x_wconf 88' lang='lat' dir='ltr'><strong>reprobando</strong></span> <span class='ocrx_word' id='word_1_576' title='bbox 794 4266 920 4324; x_wconf 88' lang='lat' dir='ltr'><strong>facti</strong></span> <span class='ocrx_word' id='word_1_577' title='bbox 951 4276 1078 4322; x_wconf 90' lang='lat' dir='ltr'><strong>sunt</strong></span> <span class='ocrx_word' id='word_1_578' title='bbox 1107 4267 1208 4338; x_wconf 89' lang='lat' dir='ltr'><strong>ipsi</strong></span> <span class='ocrx_word' id='word_1_579' title='bbox 1252 4266 1490 4338; x_wconf 85' lang='lat' dir='ltr'><strong>reprobi.</strong></span> <span class='ocrx_word' id='word_1_580' title='bbox 1524 4266 1719 4338; x_wconf 85' lang='lat' dir='ltr'><strong>Regale</strong></span> <span class='ocrx_word' id='word_1_581' title='bbox 1743 4282 1844 4322; x_wconf 83' lang='lat' dir='ltr'><strong>au-</strong></span> 
     </span>
    </p>
   </div>
   <div class='ocr_carea' id='block_1_75' title="bbox 272 4356 1845 4434">
    <p class='ocr_par' dir='ltr' id='par_1_75' title="bbox 272 4356 1845 4434">
     <span class='ocr_line' id='line_1_75' title="bbox 272 4356 1845 4434; baseline 0 -20"><span class='ocrx_word' id='word_1_582' title='bbox 272 4369 380 4415; x_wconf 81' lang='lat' dir='ltr'><strong>tem</strong></span> <span class='ocrx_word' id='word_1_583' title='bbox 425 4358 796 4422; x_wconf 86' lang='lat' dir='ltr'><strong>sacerdotium,</strong></span> <span class='ocrx_word' id='word_1_584' title='bbox 835 4357 926 4428; x_wconf 87' lang='lat' dir='ltr'><strong>qui</strong></span> <span class='ocrx_word' id='word_1_585' title='bbox 957 4356 1100 4412; x_wconf 89' lang='lat' dir='ltr'><strong>illius</strong></span> <span class='ocrx_word' id='word_1_586' title='bbox 1127 4357 1342 4428; x_wconf 87' lang='lat' dir='ltr'><strong>corpori</strong></span> <span class='ocrx_word' id='word_1_587' title='bbox 1383 4364 1518 4434; x_wconf 87' lang='lat' dir='ltr'><strong>sunt</strong></span> <span class='ocrx_word' id='word_1_588' title='bbox 1555 4356 1711 4424; x_wconf 90' lang='lat' dir='ltr'><strong>uniti,</strong></span> <span class='ocrx_word' id='word_1_589' title='bbox 1750 4359 1845 4429; x_wconf 89' lang='lat' dir='ltr'><strong>qui</strong></span> 
     </span>
    </p>
   </div>
   <div class='ocr_carea' id='block_1_76' title="bbox 273 4449 1845 4528">
    <p class='ocr_par' dir='ltr' id='par_1_76' title="bbox 273 4449 1845 4528">
     <span class='ocr_line' id='line_1_76' title="bbox 273 4449 1845 4528; baseline -0.001 -22"><span class='ocrx_word' id='word_1_590' title='bbox 273 4467 368 4506; x_wconf 80' lang='lat' dir='ltr'><strong>rex</strong></span> <span class='ocrx_word' id='word_1_591' title='bbox 398 4463 639 4506; x_wconf 89' lang='lat' dir='ltr'><strong>summus</strong></span> <span class='ocrx_word' id='word_1_592' title='bbox 663 4456 725 4528; x_wconf 70' lang='lat' dir='ltr'><strong>et</strong></span> <span class='ocrx_word' id='word_1_593' title='bbox 751 4449 1005 4504; x_wconf 88' lang='lat' dir='ltr'><strong>sacerdos</strong></span> <span class='ocrx_word' id='word_1_594' title='bbox 1035 4463 1197 4503; x_wconf 87' lang='lat' dir='ltr'><strong>verus</strong></span> <span class='ocrx_word' id='word_1_595' title='bbox 1225 4455 1330 4513; x_wconf 89' lang='lat' dir='ltr'><strong>est,</strong></span> <span class='ocrx_word' id='word_1_596' title='bbox 1356 4463 1582 4520; x_wconf 84' lang='lat' dir='ltr'><strong>regnum</strong></span> <span class='ocrx_word' id='word_1_597' title='bbox 1607 4449 1720 4505; x_wconf 88' lang='lat' dir='ltr'><strong>suis</strong></span> <span class='ocrx_word' id='word_1_598' title='bbox 1747 4449 1845 4504; x_wconf 87' lang='lat' dir='ltr'><strong>tri-</strong></span> 
     </span>
    </p>
   </div>
   <div class='ocr_carea' id='block_1_77' title="bbox 273 4537 1846 4611">
    <p class='ocr_par' dir='ltr' id='par_1_77' title="bbox 273 4537 1846 4611">
     <span class='ocr_line' id='line_1_77' title="bbox 273 4537 1846 4611; baseline -0.002 -15"><span class='ocrx_word' id='word_1_599' title='bbox 273 4543 460 4604; x_wconf 88' lang='lat' dir='ltr'><strong>buens,</strong></span> <span class='ocrx_word' id='word_1_600' title='bbox 491 4549 550 4595; x_wconf 92' lang='lat' dir='ltr'><strong>ut</strong></span> <span class='ocrx_word' id='word_1_601' title='bbox 576 4556 668 4595; x_wconf 82' lang='lat' dir='ltr'><strong>rex</strong></span> <span class='ocrx_word' id='word_1_602' title='bbox 697 4547 753 4594; x_wconf 89' lang='lat' dir='ltr'><strong>et</strong></span> <span class='ocrx_word' id='word_1_603' title='bbox 778 4537 1021 4609; x_wconf 80' lang='lat' dir='ltr'><strong>pontifex</strong></span> <span class='ocrx_word' id='word_1_604' title='bbox 1051 4552 1238 4594; x_wconf 89' lang='lat' dir='ltr'><strong>eorum</strong></span> <span class='ocrx_word' id='word_1_605' title='bbox 1266 4546 1488 4609; x_wconf 89' lang='lat' dir='ltr'><strong>peccata</strong></span> <span class='ocrx_word' id='word_1_606' title='bbox 1512 4539 1594 4594; x_wconf 89' lang='lat' dir='ltr'><strong>sui</strong></span> <span class='ocrx_word' id='word_1_607' title='bbox 1625 4539 1846 4611; x_wconf 87' lang='lat' dir='ltr'><strong>sangui-</strong></span> 
     </span>
    </p>
   </div>
   <div class='ocr_carea' id='block_1_78' title="bbox 272 4629 1842 4699">
    <p class='ocr_par' dir='ltr' id='par_1_78' title="bbox 272 4629 1842 4699">
     <span class='ocr_line' id='line_1_78' title="bbox 272 4629 1842 4699; baseline -0.003 -11"><span class='ocrx_word' id='word_1_608' title='bbox 272 4635 356 4688; x_wconf 89' lang='lat' dir='ltr'><strong>nis</strong></span> <span class='ocrx_word' id='word_1_609' title='bbox 380 4633 553 4687; x_wconf 88' lang='lat' dir='ltr'><strong>hostia</strong></span> <span class='ocrx_word' id='word_1_610' title='bbox 584 4631 866 4685; x_wconf 89' lang='lat' dir='ltr'><strong>mundans.</strong></span> <span class='ocrx_word' id='word_1_611' title='bbox 905 4629 1102 4699; x_wconf 83' lang='lat' dir='ltr'><strong>Regale</strong></span> <span class='ocrx_word' id='word_1_612' title='bbox 1138 4630 1500 4686; x_wconf 87' lang='lat' dir='ltr'><strong>sacerdotium</strong></span> <span class='ocrx_word' id='word_1_613' title='bbox 1535 4645 1629 4686; x_wconf 86' lang='lat' dir='ltr'><strong>eos</strong></span> <span class='ocrx_word' id='word_1_614' title='bbox 1663 4630 1842 4685; x_wconf 81' lang='lat' dir='ltr'><strong>nomi-</strong></span> 
     </span>
    </p>
   </div>
   <div class='ocr_carea' id='block_1_79' title="bbox 271 4720 1844 4792">
    <p class='ocr_par' dir='ltr' id='par_1_79' title="bbox 271 4720 1844 4792">
     <span class='ocr_line' id='line_1_79' title="bbox 271 4720 1844 4792; baseline -0.003 -14"><span class='ocrx_word' id='word_1_615' title='bbox 271 4736 386 4788; x_wconf 88' lang='lat' dir='ltr'><strong>nat,</strong></span> <span class='ocrx_word' id='word_1_616' title='bbox 411 4733 464 4778; x_wconf 89' lang='lat' dir='ltr'><strong>et</strong></span> <span class='ocrx_word' id='word_1_617' title='bbox 491 4731 552 4777; x_wconf 92' lang='lat' dir='ltr'><strong>ut</strong></span> <span class='ocrx_word' id='word_1_618' title='bbox 579 4733 802 4792; x_wconf 86' lang='lat' dir='ltr'><strong>regnum</strong></span> <span class='ocrx_word' id='word_1_619' title='bbox 831 4735 1051 4790; x_wconf 87' lang='lat' dir='ltr'><strong>sperare</strong></span> <span class='ocrx_word' id='word_1_620' title='bbox 1071 4729 1411 4790; x_wconf 82' lang='lat' dir='ltr'><strong>perpetuum,</strong></span> <span class='ocrx_word' id='word_1_621' title='bbox 1438 4728 1493 4776; x_wconf 87' lang='lat' dir='ltr'><strong>et</strong></span> <span class='ocrx_word' id='word_1_622' title='bbox 1518 4721 1722 4776; x_wconf 85' lang='lat' dir='ltr'><strong>hostias</strong></span> <span class='ocrx_word' id='word_1_623' title='bbox 1749 4720 1844 4774; x_wconf 83' lang='lat' dir='ltr'><strong>im-</strong></span> 
     </span>
    </p>
   </div>
   <div class='ocr_carea' id='block_1_80' title="bbox 271 4809 1844 4880">
    <p class='ocr_par' dir='ltr' id='par_1_80' title="bbox 271 4809 1844 4880">
     <span class='ocr_line' id='line_1_80' title="bbox 271 4809 1844 4880; baseline -0.003 -12"><span class='ocrx_word' id='word_1_624' title='bbox 271 4813 550 4868; x_wconf 70' lang='lat' dir='ltr'><strong>maculata:</strong></span> <span class='ocrx_word' id='word_1_625' title='bbox 589 4810 1012 4866; x_wconf 81' lang='lat' dir='ltr'><strong>conversationis</strong></span> <span class='ocrx_word' id='word_1_626' title='bbox 1043 4810 1150 4864; x_wconf 88' lang='lat' dir='ltr'><strong>Deo</strong></span> <span class='ocrx_word' id='word_1_627' title='bbox 1181 4824 1395 4880; x_wconf 82' lang='lat' dir='ltr'><strong>semper</strong></span> <span class='ocrx_word' id='word_1_628' title='bbox 1429 4809 1624 4865; x_wconf 69' lang='lat' dir='ltr'><strong>offerre</strong></span> <span class='ocrx_word' id='word_1_629' title='bbox 1652 4810 1844 4864; x_wconf 88' lang='lat' dir='ltr'><strong>memi-</strong></span> 
     </span>
    </p>
   </div>
   <div class='ocr_carea' id='block_1_81' title="bbox 271 4899 1842 4971">
    <p class='ocr_par' dir='ltr' id='par_1_81' title="bbox 271 4899 1842 4971">
     <span class='ocr_line' id='line_1_81' title="bbox 271 4899 1842 4971; baseline -0.003 -13"><span class='ocrx_word' id='word_1_630' title='bbox 271 4905 468 4958; x_wconf 87' lang='lat' dir='ltr'><strong>nerint.</strong></span> <span class='ocrx_word' id='word_1_631' title='bbox 499 4900 636 4956; x_wconf 82' lang='lat' dir='ltr'><strong>Gens</strong></span> <span class='ocrx_word' id='word_1_632' title='bbox 674 4916 888 4971; x_wconf 88' lang='lat' dir='ltr'><strong>quoque</strong></span> <span class='ocrx_word' id='word_1_633' title='bbox 927 4909 1110 4954; x_wconf 88' lang='lat' dir='ltr'><strong>sancta</strong></span> <span class='ocrx_word' id='word_1_634' title='bbox 1141 4909 1197 4955; x_wconf 89' lang='lat' dir='ltr'><strong>et</strong></span> <span class='ocrx_word' id='word_1_635' title='bbox 1223 4899 1446 4970; x_wconf 84' lang='lat' dir='ltr'><strong>populus</strong></span> <span class='ocrx_word' id='word_1_636' title='bbox 1480 4900 1842 4970; x_wconf 76' lang='lat' dir='ltr'><strong>acquisitiom’s</strong></span> 
     </span>
    </p>
   </div>
   <div class='ocr_carea' id='block_1_82' title="bbox 272 4991 1843 5065">
    <p class='ocr_par' dir='ltr' id='par_1_82' title="bbox 272 4991 1843 5065">
     <span class='ocr_line' id='line_1_82' title="bbox 272 4991 1843 5065; baseline -0.002 -14"><span class='ocrx_word' id='word_1_637' title='bbox 272 5003 554 5059; x_wconf 84' lang='lat' dir='ltr'><strong>vocantur,</strong></span> <span class='ocrx_word' id='word_1_638' title='bbox 580 4995 732 5065; x_wconf 79' lang='lat' dir='ltr'><strong>juxta</strong></span> <span class='ocrx_word' id='word_1_639' title='bbox 759 4995 812 5049; x_wconf 90' lang='lat' dir='ltr'><strong>id</strong></span> <span class='ocrx_word' id='word_1_640' title='bbox 834 4995 978 5062; x_wconf 83' lang='lat' dir='ltr'><strong>quod</strong></span> <span class='ocrx_word' id='word_1_641' title='bbox 1009 4993 1284 5063; x_wconf 86' lang='lat' dir='ltr'><strong>apostolus</strong></span> <span class='ocrx_word' id='word_1_642' title='bbox 1309 4991 1508 5048; x_wconf 82' lang='lat' dir='ltr'><strong>Paulus</strong></span> <span class='ocrx_word' id='word_1_643' title='bbox 1545 4992 1843 5063; x_wconf 74' lang='lat' dir='ltr'><strong>prophetia:</strong></span> 
     </span>
    </p>
   </div>
   <div class='ocr_carea' id='block_1_83' title="bbox 269 5084 1844 5158">
    <p class='ocr_par' dir='ltr' id='par_1_83' title="bbox 269 5084 1844 5158">
     <span class='ocr_line' id='line_1_83' title="bbox 269 5084 1844 5158; baseline -0.003 -16"><span class='ocrx_word' id='word_1_644' title='bbox 269 5104 546 5158; x_wconf 79' lang='lat' dir='ltr'><strong>exponens</strong></span> <span class='ocrx_word' id='word_1_645' title='bbox 585 5085 927 5143; x_wconf 88' lang='lat' dir='ltr'><strong>sententiam.</strong></span> <span class='ocrx_word' id='word_1_646' title='bbox 963 5085 1190 5140; x_wconf 88' lang='lat' dir='ltr'><strong>dicentis</strong></span> <span class='ocrx_word' id='word_1_647' title='bbox 1217 5103 1230 5138; x_wconf 90' lang='lat'>:</span> <span class='ocrx_word' id='word_1_648' title='bbox 1255 5084 1443 5138; x_wconf 83' lang='lat' dir='ltr'><strong>Justus</strong></span> <span class='ocrx_word' id='word_1_649' title='bbox 1490 5094 1664 5138; x_wconf 84' lang='lat' dir='ltr'><strong>autem</strong></span> <span class='ocrx_word' id='word_1_650' title='bbox 1697 5098 1844 5138; x_wconf 86' lang='lat' dir='ltr'><strong>meus</strong></span> 
     </span>
    </p>
   </div>
   <div class='ocr_carea' id='block_1_84' title="bbox 270 5174 1842 5250">
    <p class='ocr_par' dir='ltr' id='par_1_84' title="bbox 270 5174 1842 5250">
     <span class='ocr_line' id='line_1_84' title="bbox 270 5174 1842 5250; baseline -0.004 -15"><span class='ocrx_word' id='word_1_651' title='bbox 270 5198 336 5235; x_wconf 77' lang='lat' dir='ltr'><strong>ex</strong></span> <span class='ocrx_word' id='word_1_652' title='bbox 377 5181 483 5250; x_wconf 79' lang='lat' dir='ltr'><strong>ﬁde</strong></span> <span class='ocrx_word' id='word_1_653' title='bbox 532 5180 652 5234; x_wconf 74' lang='lat' dir='ltr'><strong>vicit</strong></span> <span class='ocrx_word' id='word_1_654' title='bbox 706 5176 939 5248; x_wconf 84' lang='lat' dir='ltr'><strong>(Habac.</strong></span> <span class='ocrx_word' id='word_1_655' title='bbox 991 5175 1076 5248; x_wconf 84' lang='grc' dir='ltr'>ιι).</span> <span class='ocrx_word' id='word_1_656' title='bbox 1125 5175 1280 5241; x_wconf 82' lang='lat' dir='ltr'><strong>Quod</strong></span> <span class='ocrx_word' id='word_1_657' title='bbox 1325 5177 1371 5230; x_wconf 88' lang='lat' dir='ltr'><strong>si</strong></span> <span class='ocrx_word' id='word_1_658' title='bbox 1415 5174 1734 5230; x_wconf 75' lang='lat' dir='ltr'><strong>subtraxerit</strong></span> <span class='ocrx_word' id='word_1_659' title='bbox 1766 5191 1842 5238; x_wconf 85' lang='lat' dir='ltr'><strong>se,</strong></span> 
     </span>
    </p>
   </div>
   <div class='ocr_carea' id='block_1_85' title="bbox 271 5263 1844 5338">
    <p class='ocr_par' dir='ltr' id='par_1_85' title="bbox 271 5263 1844 5338">
     <span class='ocr_line' id='line_1_85' title="bbox 271 5263 1844 5338; baseline -0.004 -14"><span class='ocrx_word' id='word_1_660' title='bbox 271 5287 374 5324; x_wconf 86' lang='lat' dir='ltr'><strong>non</strong></span> <span class='ocrx_word' id='word_1_661' title='bbox 424 5269 646 5338; x_wconf 81' lang='lat' dir='ltr'><strong>placebit</strong></span> <span class='ocrx_word' id='word_1_662' title='bbox 682 5268 873 5320; x_wconf 75' lang='lat' dir='ltr'><strong>animm</strong></span> <span class='ocrx_word' id='word_1_663' title='bbox 922 5282 1068 5320; x_wconf 70' lang='lat' dir='ltr'><strong>mele.</strong></span> <span class='ocrx_word' id='word_1_664' title='bbox 1111 5263 1218 5318; x_wconf 85' lang='lat' dir='ltr'><strong>Nos</strong></span> <span class='ocrx_word' id='word_1_665' title='bbox 1267 5273 1466 5330; x_wconf 70' lang='lat' dir='ltr'><strong>autem,</strong></span> <span class='ocrx_word' id='word_1_666' title='bbox 1503 5264 1697 5334; x_wconf 87' lang='lat' dir='ltr'><strong>inquit.</strong></span> <span class='ocrx_word' id='word_1_667' title='bbox 1740 5279 1844 5318; x_wconf 89' lang='lat' dir='ltr'><strong>non</strong></span> 
     </span>
    </p>
   </div>
   <div class='ocr_carea' id='block_1_86' title="bbox 270 5347 1848 5422">
    <p class='ocr_par' dir='ltr' id='par_1_86' title="bbox 270 5347 1848 5422">
     <span class='ocr_line' id='line_1_86' title="bbox 270 5347 1848 5422; baseline -0.006 -11"><span class='ocrx_word' id='word_1_668' title='bbox 270 5372 452 5412; x_wconf 80' lang='lat' dir='ltr'><strong>sumus</strong></span> <span class='ocrx_word' id='word_1_669' title='bbox 526 5355 902 5408; x_wconf 80' lang='lat' dir='ltr'><strong>sabtractionis</strong></span> <span class='ocrx_word' id='word_1_670' title='bbox 935 5353 1034 5422; x_wconf 81' lang='lat' dir='ltr'><strong>ﬁlii</strong></span> <span class='ocrx_word' id='word_1_671' title='bbox 1049 5353 1104 5405; x_wconf 84' lang='lat' dir='ltr'><strong>in</strong></span> <span class='ocrx_word' id='word_1_672' title='bbox 1141 5349 1636 5415; x_wconf 80' lang='lat' dir='ltr'><strong>perditionem-,sed</strong></span> <span class='ocrx_word' id='word_1_673' title='bbox 1653 5347 1778 5415; x_wconf 75' lang='lat' dir='ltr'><strong>ﬁdei</strong></span> <span class='ocrx_word' id='word_1_674' title='bbox 1793 5350 1848 5401; x_wconf 91' lang='lat' dir='ltr'><strong>in</strong></span> 
     </span>
    </p>
   </div>
   <div class='ocr_carea' id='block_1_87' title="bbox 273 5439 1852 5516">
    <p class='ocr_par' dir='ltr' id='par_1_87' title="bbox 273 5439 1852 5516">
     <span class='ocr_line' id='line_1_87' title="bbox 273 5439 1852 5516; baseline -0.008 -12"><span class='ocrx_word' id='word_1_675' title='bbox 273 5447 676 5516; x_wconf 85' lang='lat' dir='ltr'><strong>acquisitionem</strong></span> <span class='ocrx_word' id='word_1_676' title='bbox 709 5448 924 5501; x_wconf 65' lang='lat' dir='ltr'><strong>animm.</strong></span> <span class='ocrx_word' id='word_1_677' title='bbox 969 5445 1122 5510; x_wconf 64' lang='grc' dir='ltr'><strong>(Πρὸ.</strong></span> <span class='ocrx_word' id='word_1_678' title='bbox 1154 5447 1234 5507; x_wconf 72' lang='lat' dir='ltr'><strong>xi,</strong></span> <span class='ocrx_word' id='word_1_679' title='bbox 1286 5457 1342 5500; x_wconf 84' lang='lat' dir='ltr'><strong>et</strong></span> <span class='ocrx_word' id='word_1_680' title='bbox 1373 5444 1429 5496; x_wconf 86' lang='lat' dir='ltr'><strong>in</strong></span> <span class='ocrx_word' id='word_1_681' title='bbox 1463 5442 1681 5496; x_wconf 85' lang='lat' dir='ltr'><strong>actibus</strong></span> <span class='ocrx_word' id='word_1_682' title='bbox 1706 5439 1852 5508; x_wconf 80' lang='lat' dir='ltr'><strong>Apo-</strong></span> 
     </span>
    </p>
   </div>
   <div class='ocr_carea' id='block_1_88' title="bbox 268 5536 1848 5621">
    <p class='ocr_par' dir='ltr' id='par_1_88' title="bbox 268 5536 1848 5621">
     <span class='ocr_line' id='line_1_88' title="bbox 268 5536 1848 5621; baseline -0.008 -22"><span class='ocrx_word' id='word_1_683' title='bbox 268 5543 562 5621; x_wconf 72' lang='lat' dir='ltr'><strong>stqlorum:</strong></span> <span class='ocrx_word' id='word_1_684' title='bbox 597 5537 702 5593; x_wconf 84' lang='lat' dir='ltr'><strong>Vos</strong></span> <span class='ocrx_word' id='word_1_685' title='bbox 733 5536 968 5606; x_wconf 88' lang='lat' dir='ltr'><strong>Spiritus</strong></span> <span class='ocrx_word' id='word_1_686' title='bbox 992 5543 1205 5589; x_wconf 88' lang='lat' dir='ltr'><strong>sanctus</strong></span> <span class='ocrx_word' id='word_1_687' title='bbox 1249 5541 1421 5604; x_wconf 77' lang='lat' dir='ltr'><strong>posuit</strong></span> <span class='ocrx_word' id='word_1_688' title='bbox 1465 5536 1732 5604; x_wconf 82' lang='lat' dir='ltr'><strong>episcopos</strong></span> <span class='ocrx_word' id='word_1_689' title='bbox 1772 5550 1848 5588; x_wconf 78' lang='lat' dir='ltr'><strong>re-</strong></span> 
     </span>
    </p>
   </div>
   <div class='ocr_carea' id='block_1_89' title="bbox 266 5625 1845 5704">
    <p class='ocr_par' dir='ltr' id='par_1_89' title="bbox 266 5625 1845 5704">
     <span class='ocr_line' id='line_1_89' title="bbox 266 5625 1845 5704; baseline -0.006 -17"><span class='ocrx_word' id='word_1_690' title='bbox 266 5650 384 5704; x_wconf 88' lang='lat' dir='ltr'><strong>gere</strong></span> <span class='ocrx_word' id='word_1_691' title='bbox 412 5629 704 5684; x_wconf 75' lang='lat' dir='ltr'><strong>Ecclesiarn</strong></span> <span class='ocrx_word' id='word_1_692' title='bbox 729 5625 958 5689; x_wconf 87' lang='lat' dir='ltr'><strong>Domini,</strong></span> <span class='ocrx_word' id='word_1_693' title='bbox 985 5640 1141 5695; x_wconf 75' lang='lat' dir='ltr'><strong>quam</strong></span> <span class='ocrx_word' id='word_1_694' title='bbox 1168 5625 1444 5694; x_wconf 77' lang='lat' dir='ltr'><strong>acquisivit</strong></span> <span class='ocrx_word' id='word_1_695' title='bbox 1471 5625 1726 5694; x_wconf 78' lang='lat' dir='ltr'><strong>sanguine</strong></span> <span class='ocrx_word' id='word_1_696' title='bbox 1748 5641 1845 5678; x_wconf 89' lang='lat' dir='ltr'><strong>suo</strong></span> 
     </span>
    </p>
   </div>
   <div class='ocr_carea' id='block_1_90' title="bbox 269 5714 1842 5798">
    <p class='ocr_par' dir='ltr' id='par_1_90' title="bbox 269 5714 1842 5798">
     <span class='ocr_line' id='line_1_90' title="bbox 269 5714 1842 5798; baseline -0.006 -19"><span class='ocrx_word' id='word_1_697' title='bbox 269 5725 402 5798; x_wconf 77' lang='lat' dir='ltr'><strong>(Act.</strong></span> <span class='ocrx_word' id='word_1_698' title='bbox 443 5721 557 5777; x_wconf 68' lang='lat' dir='ltr'><strong>xxi.</strong></span> <span class='ocrx_word' id='word_1_699' title='bbox 594 5717 827 5788; x_wconf 81' lang='lat' dir='ltr'><strong>Populus</strong></span> <span class='ocrx_word' id='word_1_700' title='bbox 858 5731 986 5787; x_wconf 85' lang='lat' dir='ltr'><strong>ergo</strong></span> <span class='ocrx_word' id='word_1_701' title='bbox 1026 5714 1397 5784; x_wconf 87' lang='lat' dir='ltr'><strong>acqttisitionis</strong></span> <span class='ocrx_word' id='word_1_702' title='bbox 1424 5715 1549 5770; x_wconf 87' lang='lat' dir='ltr'><strong>facti</strong></span> <span class='ocrx_word' id='word_1_703' title='bbox 1578 5729 1764 5772; x_wconf 88' lang='lat' dir='ltr'><strong>sumus</strong></span> <span class='ocrx_word' id='word_1_704' title='bbox 1789 5717 1842 5770; x_wconf 92' lang='lat' dir='ltr'><strong>in</strong></span> 
     </span>
    </p>
   </div>
   <div class='ocr_carea' id='block_1_91' title="bbox 1952 3251 3532 3327">
    <p class='ocr_par' dir='ltr' id='par_1_91' title="bbox 1952 3251 3532 3327">
     <span class='ocr_line' id='line_1_91' title="bbox 1952 3251 3532 3327; baseline 0.011 -24"><span class='ocrx_word' id='word_1_705' title='bbox 1952 3251 2121 3306; x_wconf 90' lang='lat' dir='ltr'><strong>rando</strong></span> <span class='ocrx_word' id='word_1_706' title='bbox 2146 3267 2252 3308; x_wconf 92' lang='lat' dir='ltr'><strong>non</strong></span> <span class='ocrx_word' id='word_1_707' title='bbox 2280 3265 2541 3310; x_wconf 88' lang='lat' dir='ltr'><strong>noverant</strong></span> <span class='ocrx_word' id='word_1_708' title='bbox 2574 3257 2773 3327; x_wconf 88' lang='lat' dir='ltr'><strong>adepti.</strong></span> <span class='ocrx_word' id='word_1_709' title='bbox 2817 3257 3060 3315; x_wconf 81' lang='lat' dir='ltr'><strong>Assumit</strong></span> <span class='ocrx_word' id='word_1_710' title='bbox 3104 3269 3282 3317; x_wconf 91' lang='lat' dir='ltr'><strong>autem</strong></span> <span class='ocrx_word' id='word_1_711' title='bbox 3328 3278 3424 3320; x_wconf 83' lang='lat' dir='ltr'><strong>eos</strong></span> <span class='ocrx_word' id='word_1_712' title='bbox 3464 3268 3532 3320; x_wconf 77' lang='lat' dir='ltr'><strong>de</strong></span> 
     </span>
    </p>
   </div>
   <div class='ocr_carea' id='block_1_92' title="bbox 1949 3341 3530 3422">
    <p class='ocr_par' dir='ltr' id='par_1_92' title="bbox 1949 3341 3530 3422">
     <span class='ocr_line' id='line_1_92' title="bbox 1949 3341 3530 3422; baseline 0.011 -28"><span class='ocrx_word' id='word_1_713' title='bbox 1949 3341 2215 3411; x_wconf 84' lang='lat' dir='ltr'><strong>propheta</strong></span> <span class='ocrx_word' id='word_1_714' title='bbox 2253 3341 2411 3409; x_wconf 88' lang='lat' dir='ltr'><strong>Osee,</strong></span> <span class='ocrx_word' id='word_1_715' title='bbox 2441 3345 2626 3417; x_wconf 87' lang='lat' dir='ltr'><strong>qui-de</strong></span> <span class='ocrx_word' id='word_1_716' title='bbox 2654 3347 2938 3403; x_wconf 87' lang='lat' dir='ltr'><strong>vocatione</strong></span> <span class='ocrx_word' id='word_1_717' title='bbox 2959 3351 3200 3422; x_wconf 84' lang='lat' dir='ltr'><strong>gentium</strong></span> <span class='ocrx_word' id='word_1_718' title='bbox 3223 3355 3530 3422; x_wconf 64' lang='lat' dir='ltr'><strong>praecinctis</strong></span> 
     </span>
    </p>
   </div>
   <div class='ocr_carea' id='block_1_93' title="bbox 1950 3431 3527 3516">
    <p class='ocr_par' dir='ltr' id='par_1_93' title="bbox 1950 3431 3527 3516">
     <span class='ocr_line' id='line_1_93' title="bbox 1950 3431 3527 3516; baseline 0.011 -31"><span class='ocrx_word' id='word_1_719' title='bbox 1950 3431 2066 3486; x_wconf 89' lang='lat' dir='ltr'><strong>ait:</strong></span> <span class='ocrx_word' id='word_1_720' title='bbox 2097 3433 2334 3500; x_wconf 75' lang='lat' dir='ltr'><strong>Vocabo,</strong></span> <span class='ocrx_word' id='word_1_721' title='bbox 2386 3435 2580 3506; x_wconf 79' lang='lat' dir='ltr'><strong>inquit,</strong></span> <span class='ocrx_word' id='word_1_722' title='bbox 2631 3453 2739 3493; x_wconf 92' lang='lat' dir='ltr'><strong>non</strong></span> <span class='ocrx_word' id='word_1_723' title='bbox 2788 3439 2998 3510; x_wconf 82' lang='lat' dir='ltr'><strong>plebem</strong></span> <span class='ocrx_word' id='word_1_724' title='bbox 3037 3456 3257 3511; x_wconf 87' lang='lat' dir='ltr'><strong>meam,</strong></span> <span class='ocrx_word' id='word_1_725' title='bbox 3313 3445 3527 3516; x_wconf 85' lang='lat' dir='ltr'><strong>plebem</strong></span> 
     </span>
    </p>
   </div>
   <div class='ocr_carea' id='block_1_94' title="bbox 1952 3527 3528 3606">
    <p class='ocr_par' dir='ltr' id='par_1_94' title="bbox 1952 3527 3528 3606">
     <span class='ocr_line' id='line_1_94' title="bbox 1952 3527 3528 3606; baseline 0.011 -31"><span class='ocrx_word' id='word_1_726' title='bbox 1952 3537 2152 3588; x_wconf 90' lang='lat' dir='ltr'><strong>meam,</strong></span> <span class='ocrx_word' id='word_1_727' title='bbox 2201 3533 2255 3579; x_wconf 90' lang='lat' dir='ltr'><strong>et</strong></span> <span class='ocrx_word' id='word_1_728' title='bbox 2287 3541 2394 3580; x_wconf 91' lang='lat' dir='ltr'><strong>non</strong></span> <span class='ocrx_word' id='word_1_729' title='bbox 2430 3527 2855 3585; x_wconf 88' lang='lat' dir='ltr'><strong>misericordiam</strong></span> <span class='ocrx_word' id='word_1_730' title='bbox 2881 3541 3252 3599; x_wconf 88' lang='lat' dir='ltr'><strong>consecutam,</strong></span> <span class='ocrx_word' id='word_1_731' title='bbox 3275 3535 3392 3606; x_wconf 86' lang='lat' dir='ltr'><strong>jam</strong></span> <span class='ocrx_word' id='word_1_732' title='bbox 3421 3539 3528 3592; x_wconf 60' lang='lat' dir='ltr'><strong>mi-</strong></span> 
     </span>
    </p>
   </div>
   <div class='ocr_carea' id='block_1_95' title="bbox 1951 3613 3526 3691">
    <p class='ocr_par' dir='ltr' id='par_1_95' title="bbox 1951 3613 3526 3691">
     <span class='ocr_line' id='line_1_95' title="bbox 1951 3613 3526 3691; baseline 0.01 -22"><span class='ocrx_word' id='word_1_733' title='bbox 1951 3613 2302 3671; x_wconf 86' lang='lat' dir='ltr'><strong>sericordiam</strong></span> <span class='ocrx_word' id='word_1_734' title='bbox 2333 3627 2704 3686; x_wconf 88' lang='lat' dir='ltr'><strong>consecutam,</strong></span> <span class='ocrx_word' id='word_1_735' title='bbox 2734 3627 2788 3676; x_wconf 88' lang='lat' dir='ltr'><strong>et</strong></span> <span class='ocrx_word' id='word_1_736' title='bbox 2814 3621 2920 3677; x_wconf 91' lang='lat' dir='ltr'><strong>erit</strong></span> <span class='ocrx_word' id='word_1_737' title='bbox 2948 3623 3003 3678; x_wconf 89' lang='lat' dir='ltr'><strong>in</strong></span> <span class='ocrx_word' id='word_1_738' title='bbox 3032 3622 3170 3691; x_wconf 92' lang='lat' dir='ltr'><strong>loco,</strong></span> <span class='ocrx_word' id='word_1_739' title='bbox 3201 3627 3292 3681; x_wconf 87' lang='lat' dir='ltr'><strong>ubi</strong></span> <span class='ocrx_word' id='word_1_740' title='bbox 3323 3627 3526 3684; x_wconf 86' lang='lat' dir='ltr'><strong>dictum</strong></span> 
     </span>
    </p>
   </div>
   <div class='ocr_carea' id='block_1_96' title="bbox 1952 3707 3528 3780">
    <p class='ocr_par' dir='ltr' id='par_1_96' title="bbox 1952 3707 3528 3780">
     <span class='ocr_line' id='line_1_96' title="bbox 1952 3707 3528 3780; baseline 0.01 -19"><span class='ocrx_word' id='word_1_741' title='bbox 1952 3714 2035 3761; x_wconf 91' lang='lat' dir='ltr'><strong>est</strong></span> <span class='ocrx_word' id='word_1_742' title='bbox 2055 3707 2135 3763; x_wconf 90' lang='lat' dir='ltr'><strong>eis</strong></span> <span class='ocrx_word' id='word_1_743' title='bbox 2157 3723 2174 3762; x_wconf 90' lang='lat'><strong>:</strong></span> <span class='ocrx_word' id='word_1_744' title='bbox 2203 3707 2321 3766; x_wconf 81' lang='lat' dir='ltr'><strong>Non</strong></span> <span class='ocrx_word' id='word_1_745' title='bbox 2347 3710 2502 3780; x_wconf 87' lang='lat' dir='ltr'><strong>plebs</strong></span> <span class='ocrx_word' id='word_1_746' title='bbox 2529 3727 2649 3768; x_wconf 89' lang='lat' dir='ltr'><strong>mea</strong></span> <span class='ocrx_word' id='word_1_747' title='bbox 2673 3729 2793 3780; x_wconf 88' lang='lat' dir='ltr'><strong>vos,</strong></span> <span class='ocrx_word' id='word_1_748' title='bbox 2840 3713 2913 3769; x_wconf 89' lang='lat' dir='ltr'><strong>ibi</strong></span> <span class='ocrx_word' id='word_1_749' title='bbox 2945 3716 3285 3774; x_wconf 87' lang='lat' dir='ltr'><strong>vocabuntur</strong></span> <span class='ocrx_word' id='word_1_750' title='bbox 3309 3718 3404 3776; x_wconf 81' lang='lat' dir='ltr'><strong>lilii</strong></span> <span class='ocrx_word' id='word_1_751' title='bbox 3432 3721 3528 3777; x_wconf 85' lang='lat' dir='ltr'><strong>Dei</strong></span> 
     </span>
    </p>
   </div>
   <div class='ocr_carea' id='block_1_97' title="bbox 1952 3797 2374 3872">
    <p class='ocr_par' dir='ltr' id='par_1_97' title="bbox 1952 3797 2374 3872">
     <span class='ocr_line' id='line_1_97' title="bbox 1952 3797 2374 3872; baseline 0.009 -21"><span class='ocrx_word' id='word_1_752' title='bbox 1952 3797 2060 3853; x_wconf 85' lang='lat' dir='ltr'><strong>vivi</strong></span> <span class='ocrx_word' id='word_1_753' title='bbox 2085 3797 2262 3872; x_wconf 70' lang='lat' dir='ltr'><strong>(Osca:</strong></span> <span class='ocrx_word' id='word_1_754' title='bbox 2289 3798 2374 3872; x_wconf 90' lang='grc' dir='ltr'>ιι).</span> 
     </span>
    </p>
   </div>
   <div class='ocr_carea' id='block_1_98' title="bbox 2511 3910 2967 3952">
    <p class='ocr_par' dir='ltr' id='par_1_98' title="bbox 2511 3910 2967 3952">
     <span class='ocr_line' id='line_1_98' title="bbox 2511 3910 2967 3952; baseline 0.004 -4"><span class='ocrx_word' id='word_1_755' title='bbox 2511 3911 2632 3950; x_wconf 71' lang='grc' dir='ltr'><strong>ΑΗΔ</strong></span> <span class='ocrx_word' id='word_1_756' title='bbox 2667 3910 2967 3952; x_wconf 74' lang='grc' dir='ltr'>ειιιοειτιο.</span> 
     </span>
    </p>
   </div>
   <div class='ocr_carea' id='block_1_99' title="bbox 1967 3978 3528 4049">
    <p class='ocr_par' dir='ltr' id='par_1_99' title="bbox 1967 3978 3528 4049">
     <span class='ocr_line' id='line_1_99' title="bbox 1967 3978 3528 4049; baseline 0.01 -16"><span class='ocrx_word' id='word_1_757' title='bbox 1967 4015 1970 4019; x_wconf 88' lang='grc'><strong>-</strong></span> <span class='ocrx_word' id='word_1_758' title='bbox 2021 3978 2346 4049; x_wconf 85' lang='lat' dir='ltr'><strong>Deponentes</strong></span> <span class='ocrx_word' id='word_1_759' title='bbox 2375 3999 2580 4038; x_wconf 82' lang='lat' dir='ltr'><strong>omnem</strong></span> <span class='ocrx_word' id='word_1_760' title='bbox 2602 3984 2881 4040; x_wconf 85' lang='lat' dir='ltr'><strong>malitiam.</strong></span> <span class='ocrx_word' id='word_1_761' title='bbox 2912 3986 3150 4043; x_wconf 84' lang='lat' dir='ltr'><strong>Dicendo</strong></span> <span class='ocrx_word' id='word_1_762' title='bbox 3174 4003 3389 4046; x_wconf 88' lang='lat' dir='ltr'><strong>omnem</strong></span> <span class='ocrx_word' id='word_1_763' title='bbox 3419 4006 3528 4048; x_wconf 84' lang='lat' dir='ltr'><strong>ma-</strong></span> 
     </span>
    </p>
   </div>
   <div class='ocr_carea' id='block_1_100' title="bbox 1949 4065 3528 4144">
    <p class='ocr_par' dir='ltr' id='par_1_100' title="bbox 1949 4065 3528 4144">
     <span class='ocr_line' id='line_1_100' title="bbox 1949 4065 3528 4144; baseline 0.011 -23"><span class='ocrx_word' id='word_1_764' title='bbox 1949 4065 2142 4135; x_wconf 89' lang='lat' dir='ltr'><strong>litiam,</strong></span> <span class='ocrx_word' id='word_1_765' title='bbox 2196 4081 2516 4128; x_wconf 74' lang='lat' dir='ltr'><strong>cunctorum</strong></span> <span class='ocrx_word' id='word_1_766' title='bbox 2558 4074 2850 4130; x_wconf 86' lang='lat' dir='ltr'><strong>criminum</strong></span> <span class='ocrx_word' id='word_1_767' title='bbox 2903 4085 3156 4144; x_wconf 87' lang='lat' dir='ltr'><strong>matrem,</strong></span> <span class='ocrx_word' id='word_1_768' title='bbox 3203 4095 3313 4136; x_wconf 90' lang='lat' dir='ltr'><strong>uno</strong></span> <span class='ocrx_word' id='word_1_769' title='bbox 3361 4083 3528 4138; x_wconf 88' lang='lat' dir='ltr'><strong>verbo</strong></span> 
     </span>
    </p>
   </div>
   <div class='ocr_carea' id='block_1_101' title="bbox 1949 4159 2233 4215">
    <p class='ocr_par' dir='ltr' id='par_1_101' title="bbox 1949 4159 2233 4215">
     <span class='ocr_line' id='line_1_101' title="bbox 1949 4159 2233 4215; baseline 0.011 -3"><span class='ocrx_word' id='word_1_770' title='bbox 1949 4159 2233 4215; x_wconf 86' lang='lat' dir='ltr'><strong>conclusit.</strong></span> 
     </span>
    </p>
   </div>
   <div class='ocr_carea' id='block_1_102' title="bbox 2018 4246 3525 4320">
    <p class='ocr_par' dir='ltr' id='par_1_102' title="bbox 2018 4246 3525 4320">
     <span class='ocr_line' id='line_1_102' title="bbox 2018 4246 3525 4320; baseline 0.013 -20"><span class='ocrx_word' id='word_1_771' title='bbox 2018 4246 2090 4301; x_wconf 84' lang='lat' dir='ltr'><strong>Et</strong></span> <span class='ocrx_word' id='word_1_772' title='bbox 2113 4265 2318 4304; x_wconf 84' lang='lat' dir='ltr'><strong>omnem</strong></span> <span class='ocrx_word' id='word_1_773' title='bbox 2362 4250 2564 4306; x_wconf 82' lang='lat' dir='ltr'><strong>dolum.</strong></span> <span class='ocrx_word' id='word_1_774' title='bbox 2595 4252 2854 4320; x_wconf 79' lang='lat' dir='ltr'><strong>Quamvis</strong></span> <span class='ocrx_word' id='word_1_775' title='bbox 2887 4254 3046 4312; x_wconf 81' lang='lat' dir='ltr'><strong>dolus</strong></span> <span class='ocrx_word' id='word_1_776' title='bbox 3071 4257 3308 4314; x_wconf 79' lang='lat' dir='ltr'><strong>maxime</strong></span> <span class='ocrx_word' id='word_1_777' title='bbox 3335 4261 3404 4316; x_wconf 91' lang='lat' dir='ltr'><strong>ad</strong></span> <span class='ocrx_word' id='word_1_778' title='bbox 3430 4262 3525 4318; x_wconf 84' lang='lat' dir='ltr'><strong>de-</strong></span> 
     </span>
    </p>
   </div>
   <div class='ocr_carea' id='block_1_103' title="bbox 1950 4337 3527 4413">
    <p class='ocr_par' dir='ltr' id='par_1_103' title="bbox 1950 4337 3527 4413">
     <span class='ocr_line' id='line_1_103' title="bbox 1950 4337 3527 4413; baseline 0.01 -21"><span class='ocrx_word' id='word_1_779' title='bbox 1950 4337 2254 4409; x_wconf 89' lang='lat' dir='ltr'><strong>cipiendum</strong></span> <span class='ocrx_word' id='word_1_780' title='bbox 2307 4341 2576 4412; x_wconf 87' lang='lat' dir='ltr'><strong>pertineat</strong></span> <span class='ocrx_word' id='word_1_781' title='bbox 2624 4344 2956 4413; x_wconf 77' lang='lat' dir='ltr'><strong>proximum,</strong></span> <span class='ocrx_word' id='word_1_782' title='bbox 3004 4346 3093 4403; x_wconf 85' lang='lat' dir='ltr'><strong>ille</strong></span> <span class='ocrx_word' id='word_1_783' title='bbox 3134 4357 3314 4404; x_wconf 88' lang='lat' dir='ltr'><strong>tamen</strong></span> <span class='ocrx_word' id='word_1_784' title='bbox 3363 4365 3527 4408; x_wconf 82' lang='lat' dir='ltr'><strong>omne</strong></span> 
     </span>
    </p>
   </div>
   <div class='ocr_carea' id='block_1_104' title="bbox 1949 4430 3525 4510">
    <p class='ocr_par' dir='ltr' id='par_1_104' title="bbox 1949 4430 3525 4510">
     <span class='ocr_line' id='line_1_104' title="bbox 1949 4430 3525 4510; baseline 0.008 -24"><span class='ocrx_word' id='word_1_785' title='bbox 1949 4446 1981 4486; x_wconf 88' lang='lat' dir='ltr'><strong>a</strong></span> <span class='ocrx_word' id='word_1_786' title='bbox 2016 4445 2074 4488; x_wconf 90' lang='lat' dir='ltr'><strong>se</strong></span> <span class='ocrx_word' id='word_1_787' title='bbox 2116 4430 2299 4486; x_wconf 88' lang='lat' dir='ltr'><strong>dolum</strong></span> <span class='ocrx_word' id='word_1_788' title='bbox 2347 4433 2591 4502; x_wconf 89' lang='lat' dir='ltr'><strong>deponit,</strong></span> <span class='ocrx_word' id='word_1_789' title='bbox 2639 4435 2732 4504; x_wconf 88' lang='lat' dir='ltr'><strong>qui</strong></span> <span class='ocrx_word' id='word_1_790' title='bbox 2774 4449 2834 4490; x_wconf 86' lang='lat' dir='ltr'><strong>se</strong></span> <span class='ocrx_word' id='word_1_791' title='bbox 2870 4439 3141 4493; x_wconf 85' lang='lat' dir='ltr'><strong>veraciter</strong></span> <span class='ocrx_word' id='word_1_792' title='bbox 3183 4449 3525 4510; x_wconf 84' lang='lat' dir='ltr'><strong>peccatorem</strong></span> 
     </span>
    </p>
   </div>
   <div class='ocr_carea' id='block_1_105' title="bbox 1947 4523 3530 4596">
    <p class='ocr_par' dir='ltr' id='par_1_105' title="bbox 1947 4523 3530 4596">
     <span class='ocr_line' id='line_1_105' title="bbox 1947 4523 3530 4596; baseline 0.006 -17"><span class='ocrx_word' id='word_1_793' title='bbox 1947 4523 2245 4595; x_wconf 83' lang='lat' dir='ltr'><strong>cognoscit,</strong></span> <span class='ocrx_word' id='word_1_794' title='bbox 2291 4531 2347 4578; x_wconf 87' lang='lat' dir='ltr'><strong>et</strong></span> <span class='ocrx_word' id='word_1_795' title='bbox 2386 4524 2528 4594; x_wconf 87' lang='lat' dir='ltr'><strong>quod</strong></span> <span class='ocrx_word' id='word_1_796' title='bbox 2575 4525 2984 4596; x_wconf 85' lang='lat' dir='ltr'><strong>retinet&#39;corde,</strong></span> <span class='ocrx_word' id='word_1_797' title='bbox 3013 4529 3117 4584; x_wconf 89' lang='lat' dir='ltr'><strong>hoc</strong></span> <span class='ocrx_word' id='word_1_798' title='bbox 3151 4529 3442 4588; x_wconf 82' lang='lat' dir='ltr'><strong>confitetur</strong></span> <span class='ocrx_word' id='word_1_799' title='bbox 3472 4544 3530 4589; x_wconf 87' lang='lat' dir='ltr'><strong>et</strong></span> 
     </span>
    </p>
   </div>
   <div class='ocr_carea' id='block_1_106' title="bbox 1947 4630 2757 4676">
    <p class='ocr_par' dir='ltr' id='par_1_106' title="bbox 1947 4630 2757 4676">
     <span class='ocr_line' id='line_1_106' title="bbox 1947 4630 2757 4676; baseline 0.009 -7"><span class='ocrx_word' id='word_1_800' title='bbox 1947 4630 2064 4670; x_wconf 88' lang='lat' dir='ltr'><strong>ore.</strong></span> <span class='ocrx_word' id='word_1_801' title='bbox 2751 4670 2757 4676; x_wconf 93' lang='lat'><strong>.</strong></span> 
     </span>
    </p>
   </div>
   <div class='ocr_carea' id='block_1_107' title="bbox 2019 4705 3528 4783">
    <p class='ocr_par' dir='ltr' id='par_1_107' title="bbox 2019 4705 3528 4783">
     <span class='ocr_line' id='line_1_107' title="bbox 2019 4705 3528 4783; baseline 0.011 -24"><span class='ocrx_word' id='word_1_802' title='bbox 2019 4705 2090 4760; x_wconf 85' lang='lat' dir='ltr'><strong>Et</strong></span> <span class='ocrx_word' id='word_1_803' title='bbox 2131 4706 2541 4764; x_wconf 76' lang='lat' dir='ltr'><strong>simulationem.</strong></span> <span class='ocrx_word' id='word_1_804' title='bbox 2601 4706 2909 4778; x_wconf 86' lang='lat' dir='ltr'><strong>Simulatio,</strong></span> <span class='ocrx_word' id='word_1_805' title='bbox 2967 4727 3089 4783; x_wconf 76' lang='lat' dir='ltr'><strong>qua:</strong></span> <span class='ocrx_word' id='word_1_806' title='bbox 3140 4713 3248 4769; x_wconf 90' lang='lat' dir='ltr'><strong>alio</strong></span> <span class='ocrx_word' id='word_1_807' title='bbox 3307 4718 3528 4776; x_wconf 86' lang='lat' dir='ltr'><strong>nomine</strong></span> 
     </span>
    </p>
   </div>
   <div class='ocr_carea' id='block_1_108' title="bbox 1949 4798 3527 4881">
    <p class='ocr_par' dir='ltr' id='par_1_108' title="bbox 1949 4798 3527 4881">
     <span class='ocr_line' id='line_1_108' title="bbox 1949 4798 3527 4881; baseline 0.009 -29"><span class='ocrx_word' id='word_1_808' title='bbox 1949 4806 2175 4854; x_wconf 87' lang='lat' dir='ltr'><strong>vocatur</strong></span> <span class='ocrx_word' id='word_1_809' title='bbox 2207 4798 2376 4864; x_wconf 85' lang='lat' dir='ltr'><strong>fictio,</strong></span> <span class='ocrx_word' id='word_1_810' title='bbox 2406 4809 2491 4855; x_wconf 84' lang='lat' dir='ltr'><strong>est</strong></span> <span class='ocrx_word' id='word_1_811' title='bbox 2527 4801 2581 4856; x_wconf 91' lang='lat' dir='ltr'><strong>in</strong></span> <span class='ocrx_word' id='word_1_812' title='bbox 2608 4801 2849 4870; x_wconf 88' lang='lat' dir='ltr'><strong>homine,</strong></span> <span class='ocrx_word' id='word_1_813' title='bbox 2878 4805 3094 4874; x_wconf 89' lang='lat' dir='ltr'><strong>quando</strong></span> <span class='ocrx_word' id='word_1_814' title='bbox 3125 4805 3269 4862; x_wconf 88' lang='lat' dir='ltr'><strong>aliud</strong></span> <span class='ocrx_word' id='word_1_815' title='bbox 3313 4811 3443 4881; x_wconf 83' lang='lat' dir='ltr'><strong>tegit</strong></span> <span class='ocrx_word' id='word_1_816' title='bbox 3473 4812 3527 4866; x_wconf 89' lang='lat' dir='ltr'><strong>in</strong></span> 
     </span>
    </p>
   </div>
   <div class='ocr_carea' id='block_1_109' title="bbox 1951 4890 3525 4974">
    <p class='ocr_par' dir='ltr' id='par_1_109' title="bbox 1951 4890 3525 4974">
     <span class='ocr_line' id='line_1_109' title="bbox 1951 4890 3525 4974; baseline 0.008 -28"><span class='ocrx_word' id='word_1_817' title='bbox 1951 4891 2132 4954; x_wconf 87' lang='lat' dir='ltr'><strong>corde,</strong></span> <span class='ocrx_word' id='word_1_818' title='bbox 2157 4890 2302 4946; x_wconf 88' lang='lat' dir='ltr'><strong>aliud</strong></span> <span class='ocrx_word' id='word_1_819' title='bbox 2325 4901 2593 4948; x_wconf 88' lang='lat' dir='ltr'><strong>monstrat</strong></span> <span class='ocrx_word' id='word_1_820' title='bbox 2611 4895 2665 4949; x_wconf 89' lang='lat' dir='ltr'><strong>in</strong></span> <span class='ocrx_word' id='word_1_821' title='bbox 2688 4909 2874 4966; x_wconf 86' lang='lat' dir='ltr'><strong>opere,</strong></span> <span class='ocrx_word' id='word_1_822' title='bbox 2902 4896 3041 4952; x_wconf 87' lang='lat' dir='ltr'><strong>bona</strong></span> <span class='ocrx_word' id='word_1_823' title='bbox 3072 4899 3310 4955; x_wconf 88' lang='lat' dir='ltr'><strong>ostendit</strong></span> <span class='ocrx_word' id='word_1_824' title='bbox 3335 4915 3525 4974; x_wconf 82' lang='lat' dir='ltr'><strong>super--</strong></span> 
     </span>
    </p>
   </div>
   <div class='ocr_carea' id='block_1_110' title="bbox 1951 4980 2868 5054">
    <p class='ocr_par' dir='ltr' id='par_1_110' title="bbox 1951 4980 2868 5054">
     <span class='ocr_line' id='line_1_110' title="bbox 1951 4980 2868 5054; baseline 0.003 -19"><span class='ocrx_word' id='word_1_825' title='bbox 1951 4980 2092 5046; x_wconf 88' lang='lat' dir='ltr'><strong>iicie,</strong></span> <span class='ocrx_word' id='word_1_826' title='bbox 2123 4990 2178 5037; x_wconf 90' lang='lat' dir='ltr'><strong>et</strong></span> <span class='ocrx_word' id='word_1_827' title='bbox 2203 4982 2345 5036; x_wconf 89' lang='lat' dir='ltr'><strong>mala</strong></span> <span class='ocrx_word' id='word_1_828' title='bbox 2376 4990 2525 5038; x_wconf 87' lang='lat' dir='ltr'><strong>tenet</strong></span> <span class='ocrx_word' id='word_1_829' title='bbox 2546 4983 2600 5038; x_wconf 89' lang='lat' dir='ltr'><strong>in</strong></span> <span class='ocrx_word' id='word_1_830' title='bbox 2629 4993 2868 5054; x_wconf 87' lang='lat' dir='ltr'><strong>pectore.</strong></span> 
     </span>
    </p>
   </div>
   <div class='ocr_carea' id='block_1_111' title="bbox 2031 5072 3527 5138">
    <p class='ocr_par' dir='ltr' id='par_1_111' title="bbox 2031 5072 3527 5138">
     <span class='ocr_line' id='line_1_111' title="bbox 2031 5072 3527 5138; baseline 0.007 -12"><span class='ocrx_word' id='word_1_831' title='bbox 2031 5072 2102 5126; x_wconf 86' lang='lat' dir='ltr'><strong>Et</strong></span> <span class='ocrx_word' id='word_1_832' title='bbox 2163 5073 2436 5128; x_wconf 74' lang='lat' dir='ltr'><strong>invidiam.</strong></span> <span class='ocrx_word' id='word_1_833' title='bbox 2491 5074 2688 5130; x_wconf 87' lang='lat' dir='ltr'><strong>Invidit</strong></span> <span class='ocrx_word' id='word_1_834' title='bbox 2728 5075 2976 5133; x_wconf 81' lang='lat' dir='ltr'><strong>diabolus</strong></span> <span class='ocrx_word' id='word_1_835' title='bbox 3021 5077 3152 5134; x_wconf 68' lang='lat' dir='ltr'><strong>Atia:</strong></span> <span class='ocrx_word' id='word_1_836' title='bbox 3206 5079 3527 5138; x_wconf 79' lang='lat' dir='ltr'><strong>beatitudini</strong></span> 
     </span>
    </p>
   </div>
   <div class='ocr_carea' id='block_1_112' title="bbox 1949 5161 3529 5244">
    <p class='ocr_par' dir='ltr' id='par_1_112' title="bbox 1949 5161 3529 5244">
     <span class='ocr_line' id='line_1_112' title="bbox 1949 5161 3529 5244; baseline 0.007 -26"><span class='ocrx_word' id='word_1_837' title='bbox 1949 5171 2007 5218; x_wconf 86' lang='lat' dir='ltr'><strong>et</strong></span> <span class='ocrx_word' id='word_1_838' title='bbox 2049 5161 2310 5226; x_wconf 84' lang='lat' dir='ltr'><strong>felicitati,</strong></span> <span class='ocrx_word' id='word_1_839' title='bbox 2361 5171 2420 5218; x_wconf 90' lang='lat' dir='ltr'><strong>et</strong></span> <span class='ocrx_word' id='word_1_840' title='bbox 2459 5164 2580 5222; x_wconf 88' lang='lat' dir='ltr'><strong>ideo</strong></span> <span class='ocrx_word' id='word_1_841' title='bbox 2625 5179 2854 5236; x_wconf 85' lang='lat' dir='ltr'><strong>peccare</strong></span> <span class='ocrx_word' id='word_1_842' title='bbox 2901 5167 2978 5223; x_wconf 88' lang='lat' dir='ltr'><strong>illi</strong></span> <span class='ocrx_word' id='word_1_843' title='bbox 3020 5171 3212 5236; x_wconf 85' lang='lat' dir='ltr'><strong>suasit,</strong></span> <span class='ocrx_word' id='word_1_844' title='bbox 3242 5181 3300 5228; x_wconf 88' lang='lat' dir='ltr'><strong>et</strong></span> <span class='ocrx_word' id='word_1_845' title='bbox 3326 5173 3407 5228; x_wconf 89' lang='lat' dir='ltr'><strong>sic</strong></span> <span class='ocrx_word' id='word_1_846' title='bbox 3430 5189 3529 5244; x_wconf 73' lang='lat' dir='ltr'><strong>per</strong></span> 
     </span>
    </p>
   </div>
   <div class='ocr_carea' id='block_1_113' title="bbox 1951 5255 3527 5322">
    <p class='ocr_par' dir='ltr' id='par_1_113' title="bbox 1951 5255 3527 5322">
     <span class='ocr_line' id='line_1_113' title="bbox 1951 5255 3527 5322; baseline 0.008 -11"><span class='ocrx_word' id='word_1_847' title='bbox 1951 5257 2207 5312; x_wconf 81' lang='lat' dir='ltr'><strong>invidiam</strong></span> <span class='ocrx_word' id='word_1_848' title='bbox 2263 5255 2463 5312; x_wconf 81' lang='lat' dir='ltr'><strong>diaboli</strong></span> <span class='ocrx_word' id='word_1_849' title='bbox 2520 5273 2669 5314; x_wconf 85' lang='lat' dir='ltr'><strong>mors</strong></span> <span class='ocrx_word' id='word_1_850' title='bbox 2727 5261 2781 5315; x_wconf 90' lang='lat' dir='ltr'><strong>in</strong></span> <span class='ocrx_word' id='word_1_851' title='bbox 2844 5261 3034 5317; x_wconf 87' lang='lat' dir='ltr'><strong>orbem</strong></span> <span class='ocrx_word' id='word_1_852' title='bbox 3099 5273 3368 5321; x_wconf 86' lang='lat' dir='ltr'><strong>terrarum</strong></span> <span class='ocrx_word' id='word_1_853' title='bbox 3441 5268 3527 5322; x_wconf 79' lang='lat' dir='ltr'><strong>in-</strong></span> 
     </span>
    </p>
   </div>
   <div class='ocr_carea' id='block_1_114' title="bbox 1950 5345 2154 5399">
    <p class='ocr_par' dir='ltr' id='par_1_114' title="bbox 1950 5345 2154 5399">
     <span class='ocr_line' id='line_1_114' title="bbox 1950 5345 2154 5399; baseline 0 -1"><span class='ocrx_word' id='word_1_854' title='bbox 1950 5345 2154 5399; x_wconf 90' lang='lat' dir='ltr'><strong>troivit.</strong></span> 
     </span>
    </p>
   </div>
   <div class='ocr_carea' id='block_1_115' title="bbox 2017 5435 3522 5514">
    <p class='ocr_par' dir='ltr' id='par_1_115' title="bbox 2017 5435 3522 5514">
     <span class='ocr_line' id='line_1_115' title="bbox 2017 5435 3522 5514; baseline 0.008 -25"><span class='ocrx_word' id='word_1_855' title='bbox 2017 5435 2086 5489; x_wconf 81' lang='lat' dir='ltr'><strong>Et</strong></span> <span class='ocrx_word' id='word_1_856' title='bbox 2133 5451 2316 5490; x_wconf 80' lang='lat' dir='ltr'><strong>omnes</strong></span> <span class='ocrx_word' id='word_1_857' title='bbox 2355 5436 2721 5494; x_wconf 84' lang='lat' dir='ltr'><strong>detractiones.</strong></span> <span class='ocrx_word' id='word_1_858' title='bbox 2763 5441 3039 5498; x_wconf 81' lang='lat' dir='ltr'><strong>Detractio</strong></span> <span class='ocrx_word' id='word_1_859' title='bbox 3084 5452 3140 5500; x_wconf 83' lang='lat' dir='ltr'><strong>et</strong></span> <span class='ocrx_word' id='word_1_860' title='bbox 3185 5443 3522 5514; x_wconf 83' lang='lat' dir='ltr'><strong>blasphemia</strong></span> 
     </span>
    </p>
   </div>
   <div class='ocr_carea' id='block_1_116' title="bbox 1945 5530 3521 5604">
    <p class='ocr_par' dir='ltr' id='par_1_116' title="bbox 1945 5530 3521 5604">
     <span class='ocr_line' id='line_1_116' title="bbox 1945 5530 3521 5604; baseline 0.004 -20"><span class='ocrx_word' id='word_1_861' title='bbox 1945 5537 2052 5593; x_wconf 87' lang='lat' dir='ltr'><strong>est,</strong></span> <span class='ocrx_word' id='word_1_862' title='bbox 2095 5539 2149 5584; x_wconf 83' lang='lat' dir='ltr'><strong>et</strong></span> <span class='ocrx_word' id='word_1_863' title='bbox 2183 5530 2480 5599; x_wconf 79' lang='lat' dir='ltr'><strong>suspiciosa</strong></span> <span class='ocrx_word' id='word_1_864' title='bbox 2507 5532 2873 5600; x_wconf 84' lang='lat' dir='ltr'><strong>reprehensio,</strong></span> <span class='ocrx_word' id='word_1_865' title='bbox 2910 5542 2968 5588; x_wconf 87' lang='lat' dir='ltr'><strong>et</strong></span> <span class='ocrx_word' id='word_1_866' title='bbox 3000 5534 3263 5589; x_wconf 84' lang='lat' dir='ltr'><strong>maiorum</strong></span> <span class='ocrx_word' id='word_1_867' title='bbox 3292 5548 3521 5604; x_wconf 87' lang='lat' dir='ltr'><strong>operum</strong></span> 
     </span>
    </p>
   </div>
   <div class='ocr_carea' id='block_1_117' title="bbox 1947 5621 3522 5684">
    <p class='ocr_par' dir='ltr' id='par_1_117' title="bbox 1947 5621 3522 5684">
     <span class='ocr_line' id='line_1_117' title="bbox 1947 5621 3522 5684; baseline 0.004 -10"><span class='ocrx_word' id='word_1_868' title='bbox 1947 5621 2300 5684; x_wconf 80' lang='lat' dir='ltr'><strong>existimatio,</strong></span> <span class='ocrx_word' id='word_1_869' title='bbox 2347 5630 2405 5675; x_wconf 87' lang='lat' dir='ltr'><strong>et</strong></span> <span class='ocrx_word' id='word_1_870' title='bbox 2446 5622 2623 5676; x_wconf 86' lang='lat' dir='ltr'><strong>omnis</strong></span> <span class='ocrx_word' id='word_1_871' title='bbox 2669 5624 2892 5678; x_wconf 89' lang='lat' dir='ltr'><strong>omnino</strong></span> <span class='ocrx_word' id='word_1_872' title='bbox 2933 5632 3193 5678; x_wconf 86' lang='lat' dir='ltr'><strong>venenata</strong></span> <span class='ocrx_word' id='word_1_873' title='bbox 3227 5633 3284 5678; x_wconf 90' lang='lat' dir='ltr'><strong>et</strong></span> <span class='ocrx_word' id='word_1_874' title='bbox 3323 5627 3522 5682; x_wconf 82' lang='lat' dir='ltr'><strong>absens</strong></span> 
     </span>
    </p>
   </div>
   <div class='ocr_carea' id='block_1_118' title="bbox 1949 5711 3524 5772">
    <p class='ocr_par' dir='ltr' id='par_1_118' title="bbox 1949 5711 3524 5772">
     <span class='ocr_line' id='line_1_118' title="bbox 1949 5711 3524 5772; baseline 0.004 -6"><span class='ocrx_word' id='word_1_875' title='bbox 1949 5713 2014 5766; x_wconf 85' lang='lat' dir='ltr'><strong>de</strong></span> <span class='ocrx_word' id='word_1_876' title='bbox 2044 5712 2210 5765; x_wconf 78' lang='lat' dir='ltr'><strong>fratre</strong></span> <span class='ocrx_word' id='word_1_877' title='bbox 2239 5711 2456 5766; x_wconf 89' lang='lat' dir='ltr'><strong>locutio.</strong></span> <span class='ocrx_word' id='word_1_878' title='bbox 2492 5711 2663 5766; x_wconf 83' lang='lat' dir='ltr'><strong>Aliter</strong></span> <span class='ocrx_word' id='word_1_879' title='bbox 2689 5731 2700 5766; x_wconf 83' lang='lat'><strong>:</strong></span> <span class='ocrx_word' id='word_1_880' title='bbox 2734 5711 2934 5766; x_wconf 77' lang='lat' dir='ltr'><strong>Malitia</strong></span> <span class='ocrx_word' id='word_1_881' title='bbox 2967 5713 3149 5767; x_wconf 85' lang='lat' dir='ltr'><strong>hocin</strong></span> <span class='ocrx_word' id='word_1_882' title='bbox 3179 5713 3300 5768; x_wconf 85' lang='lat' dir='ltr'><strong>loco</strong></span> <span class='ocrx_word' id='word_1_883' title='bbox 3327 5715 3524 5772; x_wconf 84' lang='lat' dir='ltr'><strong>intelli-</strong></span> 
     </span>
    </p>
   </div>
  </div>
