3978 6460
257 427 370 486 975

1096 416 1631 478 COLLECTIONES‘
1661 415 1730 471 ΙΝ
1772 413 2154 471 EPISTOLAS
2197 415 2286 470 ET
2327 413 2746 470 EVANCELIA.

3441 412 3548 468 278

262 546 435 604 dicit:
466 539 654 608 Pater,
681 555 812 613 quos
840 535 1032 593 dedisti
1061 536 1213 601 mihi,
1240 533 1354 590 uolo
1385 543 1443 591 ut
1475 533 1563 588 ubi
1593 548 1708 586 sum
1733 549 1848 603 ego,
1882 535 1934 594 Α
1958 529 2105 584 enim
2130 536 2187 585 et
2218 525 2442 584 Simeon
2473 528 2547 582 ait
2573 545 2586 582 :
2624 521 2763 593 Quia
2793 524 3033 581 viderunt
3078 525 3220 582 oculi
3258 527 3356 582 mei
3395 525 3538 581 salu-

263 639 415 697 etilli
444 638 551 692 sint
575 649 802 699 mecum,
837 639 892 684 ut
923 628 1131 686 uideant
1156 625 1451 681 claritatem
1480 640 1673 690 meam,
1698 639 1856 694 quam

265 728 456 786 dedisti
483 725 635 781 mihi.

337 818 461 876 Non
496 817 826 874 credentibus
861 822 1058 878 autem,
1093 809 1227 881 lapis
1259 825 1413 880 quem
1449 805 1855 880 reprobaverunt

264 907 716 984 trdiﬁcantes.(Ex
729 901 1116 977 Cassiod.)Soli
1135 903 1190 958 in
1203 911 1318 957 toto
1333 900 1533 955 mundo
1544 897 1713 954 Judaei
1732 905 1858 952 tunc

263 1004 596 1061 aadiﬁcantes
609 1016 730 1058 esse
747 998 1094 1062 videbantur,
1109 995 1237 1067 quia
1253 994 1378 1049 dum
1391 999 1600 1049 caaterte
1612 989 1859 1046 nationes

265 1099 425 1156 idolis
450 1094 857 1160 sacriﬁcabant,
895 1091 970 1148 illi
999 1079 1291 1146 soli‘Deum
1320 1085 1592 1151 colebant,
1614 1083 1709 1140 sed
1731 1081 1856 1139 ﬁdei

265 1204 381 1245 sua:
407 1187 670 1243 fabricam
698 1184 921 1239 minime
950 1179 1298 1254 perfecerunt
1326 1219 1339 1233 .
1376 1176 1646 1246 Quoniam
1679 1176 1856 1246 ipsum

263 1282 359 1352 qui
400 1286 517 1334 erat
553 1277 692 1348 lupis
729 1273 1079 1336 fortissimus,
1126 1269 1422 1343 angularis,
1452 1284 1607 1324 more
1634 1267 1857 1323 demen-

265 1373 404 1427 tium
450 1372 916 1438 contempserunt.
947 1362 1051 1431 Qui
1076 1361 1254 1418 factus
1297 1375 1419 1418 esse
1455 1360 1512 1414 in
1548 1365 1715 1430 caput
1761 1374 1858 1412 an-

263 1463 375 1534 guli
423 1460 640 1523 dicitur,
686 1457 816 1529 quia
865 1453 1296 1512 circumcisionis
1334 1460 1388 1507 et
1420 1450 1664 1523 gentium
1690 1463 1859 1520 popu-

262 1555 378 1610 lum
409 1550 702 1623 capulavit.
729 1546 972 1621 Angulus
995 1546 1142 1602 enim
1172 1560 1239 1600 ex
1265 1542 1457 1600 Graeco
1485 1555 1737 1598 sermone
1764 1541 1858 1597 de-

264 1643 478 1701 scendit
498 1657 529 1697 a
547 1642 695 1714 16w,
725 1640 869 1712 quod
895 1637 1088 1692 Latine
1116 1635 1315 1692 dicitur
1334 1650 1495 1707 genu,
1526 1634 1630 1689 hoc
1651 1631 1853 1688 inﬂexu

263 1735 505 1805 speciem
548 1731 752 1805 anguli,
793 1728 1060 1786 conformi
1107 1726 1370 1796 qualitate
1428 1725 1690 1790 restituit,
1744 1725 1858 1781 sive

263 1831 407 1902 lapis
449 1825 726 1899 angularis
765 1822 1017 1880 Christus
1055 1820 1282 1885 dicitur,
1308 1826 1533 1890 propter
1555 1816 1857 1887 copulatio—

1960 629 2072 675 tare
2098 628 2266 682 tuum,
2292 617 2432 690 quod
2459 617 2660 690 parasti
2686 625 2807 672 ante
2845 617 3033 687 faciem
3068 617 3298 672 omnium
3328 618 3548 689 populo-

1960 728 2098 768 rum.
2157 709 2359 767 Lumen
2411 711 2498 766 ad
2525 709 2889 765 reuelationem
2936 710 3190 781 gentium,
3231 719 3278 763 et
3321 707 3546 780 gloriam

1957 802 2119 876 plebis
2140 813 2245 859 tua:
2274 801 2464 868 Israel,
2493 811 2601 857 etc.
2636 800 2788 874 (Luc.
2811 800 2928 872 xx).
2956 801 3027 856 Et
3047 801 3162 871 ipse
3184 791 3449 857 Dominus
3479 801 3549 858 de

1959 911 2018 951 se
2061 895 2178 949 ait:
2209 893 2324 966 Ego
2371 910 2487 948 sum
2522 892 2619 947 tua:
2657 892 2864 947 mundi.
2905 891 2974 946 Et
3020 890 3257 950 Joannes
3296 891 3364 948 de
3413 889 3545 946 illo:

1960 985 2092 1040 Erat
2121 983 2214 1039 lux
2232 1001 2376 1051 vera,
2397 1000 2515 1056 qua:
2537 982 2804 1038 illuminat
2828 999 3034 1040 omnem
3061 983 3324 1039 hominem
3347 985 3552 1040 venien-

1956 1089 2058 1136 tem
2087 1081 2142 1134 in
2162 1080 2302 1135 hunc
2333 1078 2791 1152 mundum-(10am
2823 1077 2887 1149 ι).

2029 1171 2133 1238 Qui
2178 1170 2464 1243 aliquando
2501 1188 2604 1225 non
2643 1169 2888 1242 populus,
2931 1186 3070 1224 nunc
3109 1177 3286 1223 autem
3325 1167 3551 1241 pepulus

1956 1255 2074 1318 Dei.
2105 1263 2182 1320 De
2215 1263 2414 1335 papula
2444 1263 2574 1318 dicit
2601 1262 2865 1334 gentium,
2899 1261 2988 1334 qui
3016 1271 3175 1316 antea
3203 1261 3323 1316 sine
3350 1260 3471 1331 lege
3495 1269 3552 1316 et

1945 1353 2236 1426 prophetis
2274 1361 2329 1408 et
2361 1367 2614 1409 sermone
2642 1352 2733 1411 vix
2762 1361 2882 1407 erat
2907 1351 3142 1409 Domini.
3174 1351 3252 1406 De
3278 1367 3386 1422 quo
3412 1358 3468 1406 et
3495 1351 3550 1404 iu

1955 1443 2174 1500 Psalmo
2231 1444 2347 1517 ipse
2397 1443 2661 1501 Dominus
2712 1443 2895 1499 dicit:
2942 1441 3179 1514 Populus
3233 1459 3385 1515 quem
3440 1459 3548 1497 non

1955 1536 2192 1609 cognovi,
2237 1535 2290 1591 id
2316 1544 2418 1602 est,
2444 1537 2511 1591 ad
2541 1551 2701 1606 quem
2741 1551 2848 1591 non
2893 1535 3035 1601 veni,
3087 1536 3384 1606 prophetas
3434 1549 3545 1590 non

1956 1627 2098 1687 ini-si.
2133 1628 2366 1694 servivit,
2393 1628 2447 1683 id
2469 1636 2576 1692 est,
2601 1627 3012 1694 credidit,_mihi
3037 1625 3212 1698 (I’sal.
3237 1629 3396 1700 xvn).
3426 1627 3554 1698 Qui-

1957 1734 2170 1791 cunque
2193 1719 2346 1775 enim
2361 1720 2537 1776 credit
2559 1728 2616 1775 et
2643 1720 2833 1785 servit,
2856 1719 3230 1790 quod‘l‘actum
3257 1729 3342 1775 est
3369 1736 3398 1775 a
3424 1735 3554 1792 gen-

1958 1811 2124 1877 tibus,
2158 1827 2279 1882 qnac
2310 1827 2418 1866 non
2453 1810 2671 1867 fuerant
2709 1826 2740 1866 a
2778 1809 2997 1867 Christo
3029 1810 3325 1866 carnaliter
3363 1809 3546 1882 inqui-

262 1937 392 1978 nem
435 1920 671 1976 duorum
707 1920 1182 1977 testamentorum,
1232 1909 1321 1967 vel
1345 1909 1474 1980 quia
1500 1917 1718 1964 terrena
1749 1923 1860 1964 cte-
1887 1906 1935 1967 B
1962 1902 2103 1957 sitae.

259 2013 519 2080 lestibus,
543 2018 597 2066 et
618 2007 860 2066 caelestia
883 2003 1117 2061 terrenis
1141 2001 1436 2072 paciﬁcans
1457 1997 1750 2070 copulavit.

338 2106 409 2162 Et
444 2104 580 2177 lapis
607 2100 912 2174 oﬂ‘ensionis
939 2105 987 2152 et
1011 2105 1160 2168 petra
1198 2091 1460 2158 scandali,
1487 2091 1568 2145 his
1590 2089 1680 2162 qui
1701 2087 1865 2159 offen-

268 2197 402 2255 dunt
442 2198 500 2250 in
531 2195 681 2251 uerbo
726 2208 818 2247 nec
855 2189 1098 2245 credunt.
1138 2185 1235 2241 llis
1260 2184 1353 2256 qui
1385 2199 1490 2239 non
1520 2181 1752 2238 credunt
1780 2180 1863 2236 in-

273 2289 648 2348 carnationem
691 2281 906 2340 Domini
956 2277 1130 2336 nostri
1178 2275 1308 2333 Iesu
1361 2273 1596 2339 Christi,
1643 2270 1740 2327 vel-
1769 2269 1862 2342 qui

273 2379 614 2438 divinitatem
654 2376 708 2432 in
746 2389 812 2432 eo
859 2387 980 2429 esse
1022 2387 1130 2426 non
1180 2369 1432 2434 credunt,
1486 2365 1580 2422 sed
1625 2364 1862 2430 amicum

271 2471 707 2543 publicanorum,
739 2472 795 2520 et
821 2464 932 2518 vini
972 2468 1283 2534 putatorem
1324 2470 1480 2513 more
1523 2449 1862 2519 Judmorum,

269 2571 328 2619 et
356 2577 549 2634 purum
580 2574 704 2615 eum
733 2555 1010 2612 hominem
1055 2551 1498 2622 blasphemantes
1539 2555 1661 2628 esse
1709 2543 1863 2634 dixe.-

269 2608 402 2710 runrt
454 2651 669 2726 (Matth.
698 2648 798 2715 xi).
836 2645 946 2703 illis
983 2645 1040 2701 in
1082 2608 1439 2699 otl'ensionem
1473 2625 1608 2696 etin
1631 2608 1872 2694 scandae

269 2745 386 2800 lum
423 2725 597 2797 factus
631 2747 716 2796 est
748 2737 1017 2795 Christus.
1048 2731 1404 2791 Olfenderunt
1429 2729 1575 2787 enim
1605 2728 1660 2784 in
1685 2725 1859 2793 illum,

271 2843 331 2892 et
357 2849 462 2890 non
492 2832 778 2890 credentes
799 2828 1103 2900 perierunt.

345 2925 415 2982 In
443 2943 547 2998 quo
569 2933 616 2979 et
646 2922 801 2994 positi
835 2925 987 2974 “sunt.
1035 2917 1096 2973 ln
1143 2913 1362 2972 Christo
1410 2911 1559 2969 enim
1609 2911 1865 2968 dicuntur

267 3017 522 3080 homines
561 3016 748 3089 positi,
796 3013 922 3084 quia
957 3027 1055 3083 per
1095 3010 1277 3081 ipsum
1320 3005 1448 3063 facti
1491 3011 1636 3061 s'unt.
1671 3005 1864 3058 Omnia

267 3113 412 3169 enim
442 3127 536 3182 per
560 3109 733 3180 ipsum
769 3104 912 3176 facta
944 3111 1089 3167 sunt,
1137 3110 1187 3156 et
1231 3099 1342 3155 sine
1385 3099 1497 3169 ipso
1541 3099 1741 3168 factum
1787 3105 1864 3150 est

273 3199 406 3258 nihil
428 3199 610 3272 (Joan.
637 3197 704 3271 ι),
733 3198 788 3252 in
834 3195 952 3266 ipso
982 3191 1128 3250 enim
1161 3205 1369 3255 sumus,
1400 3188 1634 3244 vivimus
1661 3194 1719 3243 et
1748 3201 1862 3241 mo-

269 3310 483 3351 vemur.

353 3381 457 3440 Vos
480 3392 653 3439 autem
679 3395 842 3452 genus
863 3377 1101 3434 electum.
1130 3374 1250 3446 ipse
1276 3373 1425 3430 enim
1445 3371 1709 3428 Dominus
1735 3385 1860 3443 apo-

270 3475 430 3534 stolis
455 3474 532 3528 ait
557 3491 570 3526 :
603 3471 728 3527 Non
760 3487 852 3526 vos
883 3485 964 3523 me
993 3467 1242 3539 elegistis,
1265 3465 1355 3522 sed
1382 3481 1476 3536 ego
1507 3463 1638 3536 elegi
1667 3480 1777 3531 uos,
1803 3467 1861 3518 et

271 3567 402 3623 item
429 3582 445 3620 :
472 3563 587 3636 Ego
636 3561 766 3634 elegi
806 3577 899 3618 vos
931 3559 997 3615 de
1042 3557 1263 3624 mundo,
1302 3565 1577 3629 propterea
1616 3555 1728 3610 odit
1776 3571 1863 3610 vos

269 3657 503 3714 mundus
555 3653 738 3724 (Joan.
820 3654 939 3726 xv).
997 3651 1187 3706 Potest
1227 3656 1410 3704 autem
1461 3653 1518 3702 et
1560 3644 1861 3703 secundum

269 3751 550 3809 Abraham
606 3762 775 3818 genus
822 3760 944 3802 esse
995 3743 1256 3808 electum,
1306 3738 1541 3812 populus
1595 3737 1859 3809 gentium.

269 3843 508 3900 Abraba:
528 3839 675 3895 enim
697 3838 903 3894 dictum
924 3843 1009 3892 est
1034 3852 1048 3890 :
1079 3833 1148 3890 In
1167 3832 1361 3889 semine
1381 3840 1478 3886 tuo
1497 3829 1879 3885 benedicentur

275 3955 456 3995 omnes
481 3945 677 4009 gentes.

346 4025 543 4098 Regale
589 4019 960 4081 sacerdotium.
1021 4014 1195 4074 Nemo
1246 4019 1569 4073 sanctorum-
1613 4019 1728 4080 est,
1771 4011 1865 4084 qui

273 4116 633 4190 spiritualiter
663 4110 950 4172 sacerdotii
981 4105 1158 4167 oﬁicio
1182 4115 1390 4174 careat,
1413 4123 1539 4163 cum
1579 4106 1652 4162 sit
1689 4111 1864 4160 mem-

275 4209 436 4263 brum
484 4205 698 4271 :eterni,
748 4202 947 4261 summi
999 4199 1345 4270 coelestisque
1391 4197 1722 4263 sacerdotis,
1772 4193 1866 4265 qui

273 4315 337 4355 se
380 4297 656 4354 offerendo
691 4289 837 4350 Patri
881 4308 982 4366 pro
1026 4292 1184 4348 nobis
1221 4305 1322 4348 suo
1359 4305 1460 4346 nos
1485 4289 1702 4360 corpori
1733 4287 1868 4344 adu-

277 4391 448 4447 navit.

345 4479 484 4536 Gens
505 4487 708 4535 sancta.
729 4477 813 4536 Ad
833 4476 1302 4550 comparationem
1324 4473 1501 4545 gentis
1530 4469 1864 4538 Iudaeorum,

2035 1991 2151 2060 Qui:
2170 1993 2433 2049 consecuti
2471 1991 2909 2056 misericordiam.
2935 1989 2994 2049 Id
3020 1999 3122 2056 est,
3154 1999 3281 2047 ante
3309 1991 3552 2048 vocatio-

1964 2099 2093 2140 nem
2123 2092 2180 2139 et
2204 2083 2570 2154 baptismum.

2037 2173 2200 2229 Nunc
2225 2183 2401 2229 autem
2427 2171 3158 2228 misericordiamconsecuti.
3195 2169 3553 2238 Subauditur,

1963 2265 2097 2326 estis
2125 2265 2555 2326 misericOrdiam
2589 2263 2695 2320 ﬁde
2722 2263 3434 2334 baptismietpeccatorum
3467 2278 3556 2318 ve-

1964 2358 2110 2413 niam
2133 2356 2436 2423 consecuti,
2467 2356 2791 2426 insuper,,et
2821 2353 2970 2409 illum
3003 2354 3089 2410 cui
3118 2351 3404 2410 Psalmista
3434 2353 3551 2411 ait:

1964 2448 2108 2507 Deus
2137 2468 2284 2507 meus
2320 2449 2686 2505 misericordia
2715 2449 2830 2502 'mea
2854 2444 3028 2519 (Psal.
3061 2447 3238 2518 mn).

2317 2575 2659 2618 ενΑΝῡειιωι
2686 2574 2924 2623 JOANNlS,
2954 2573 3074 2614 CAP.
3103 2575 3194 2614 XX.

2043 2671 2062 2706 s
2094 2652 2215 2710 Una
2244 2651 2458 2710 sabbati
2490 2650 2656 2706 Maria
2688 2641 3006 2724 Magdalcne
3033 2649 3184 2703 venit
3223 2662 3403 2713 mane,
3430 2663 3556 2704 cum

1971 2763 1991 2797 s
2019 2743 2195 2802 adhuc
2235 2745 2475 2800 tenebra:
2520 2749 2706 2797 essent
2749 2742 2815 2796 ad
2862 2747 3293 2804 monumentum,
3344 2746 3399 2794 et
3423 2739 3558 2795 vidit

1970 2855 1990 2889 ‹
2018 2836 2253 2908 lapidem
2291 2835 2562 2893 sublatum
2593 2849 2625 2889 a
2657 2841 3030 2889 monumento.
3059 2829 3312 2888 Cucurrit
3339 2845 3471 2901 ergo
3501 2839 3558 2887 et

1973 2946 1992 2982 α
2020 2928 2170 2984 venit
2211 2926 2281 2984 ad
2329 2925 2608 2983 Simonem
2655 2923 2875 2980 Petrum
2906 2932 2964 2980 et
2992 2923 3061 2980 ad
3099 2923 3267 2978 alium
3317 2922 3557 2993 discipu-

1971 3039 1991 3075 ι
2019 3019 2132 3077 lum
2179 3034 2340 3090 quem
2383 3018 2643 3090 diligebat
2667 3016 2848 3085 Iesus,
2880 3025 2937 3073 et
2973 3016 3106 3072 dicit
3145 3015 3225 3071 eis
3250 3031 3263 3067 :
3291 3012 3558 3069 Tulerunt

1973 3130 1992 3164 ι
2021 3111 2311 3168 Dominum
2338 3110 2406 3166 de
2431 3117 2809 3174 monumento,
2841 3117 2897 3164 et
2924 3107 3115 3163 nescio
3137 3105 3226 3162 ubi
3255 3110 3560 3182 posuerunt

1919 3245 1933 3274 ,
1973 3221 1990 3252 ι
2023 3217 2168 3257 cum.
2196 3200 2380 3256 Exivit
2405 3215 2537 3271 ergo
2564 3199 2768 3256 Petrus
2789 3206 2844 3255 et
2874 3198 2964 3254 ille
2991 3198 3130 3280 alius
3156 3184 3474 3267 discipulus,
3501 3205 3559 3250 et

1971 3311 1990 3345 ‹
2019 3299 2286 3348 venerunt
2313 3291 2380 3348 ad
2410 3299 2840 3348 monumentum.
2879 3288 3193 3346 Currebant
3223 3296 3407 3342 autem
3445 3286 3554 3344 duo

1972 3401 1990 3436 ι
2020 3383 2206 3450 simul,
2253 3391 2309 3439 et
2347 3382 2438 3439 ille
2484 3382 2623 3438 alius
2662 3381 2959 3452 discipulus
2997 3379 3356 3452 praecucurrit
3395 3367 3558 3434 citius

1970 3492 1989 3526 ι
2019 3473 2204 3540 Petro,
2227 3482 2282 3531 et
2304 3474 2453 3529 venit
2475 3473 2685 3545 primus
2705 3472 2773 3527 ad
2799 3479 3228 3528 monumentum.
3261 3469 3328 3528 Et
3353 3484 3476 3524 eum
3498 3484 3558 3525 se

1972 3565 2358 3630 «inclinasset,
2403 3564 2540 3620 vidit
2595 3563 2914 3619 linteamina
2973 3561 3175 3632 posita,
3225 3575 3334 3617 non
3373 3567 3557 3614 tamen

1971 3673 1990 3708 ι
2019 3655 2281 3712 introivit.
2323 3653 2480 3711 Venit
2516 3668 2644 3726 ergo
2672 3652 2863 3709 Simon
2887 3653 3082 3710 Petrus
3120 3666 3354 3721 sequens
3399 3665 3551 3714 eum,

1973 3766 1998 3801 ι
2022 3758 2077 3805 et
2123 3747 2372 3805 introivit
2407 3748 2464 3803 in
2513 3755 2948 3811 monumentum,
2978 3753 3034 3802 et
3061 3744 3196 3798 vidit
3241 3742 3558 3797 linteamina

1973 3858 1991 3892 ι
2019 3840 2216 3910 posita,
2257 3847 2314 3894 et
2349 3837 2626 3894 sudarium
2666 3837 2810 3908 quod
2840 3835 3018 3895 fuerat
3048 3847 3210 3906 super
3239 3840 3404 3903 caput
3443 3830 3560 3901 ejus

1972 3948 2129 3988 rnon
2173 3947 2298 3988 cum
2337 3931 2746 3986 linteaminibus
2787 3929 3026 4000 positum
3053 3968 3068 3994 ,
3112 3925 3207 3982 sed
3260 3927 3555 3996 separatim

1972 4042 1991 4078 ι
2022 4024 2322 4081 involutum
2345 4024 2399 4079 in
2429 4040 2599 4079 unum
2625 4023 2824 4080 locum.
2867 4023 3021 4079 Tunc
3065 4037 3195 4094 ergo
3227 4019 3476 4076 introivit
3501 4026 3558 4073 et

1971 4135 1991 4169 ι
2019 4116 2108 4173 ille
2160 4115 2459 4188 discipulus
2491 4116 2582 4186 qui
2622 4124 2848 4171 venerat
2877 4115 3088 4185 primus
3129 4113 3194 4168 ad
3233 4126 3558 4167 monumen-

1974 4227 1994 4261 t
2026 4216 2161 4274 tum,
2205 4217 2261 4264 et
2295 4207 2430 4262 vidit
2455 4217 2510 4263 et
2545 4207 2796 4264 credidit.
2835 4206 3082 4260 Nondum
3130 4204 3277 4260 enim
3315 4203 3563 4259 sciebant

1973 4319 1999 4372 (4
2023 4299 2384 4372 Scripturam,
2416 4299 2542 4370 quia
2578 4299 2869 4370 oportebat
2899 4312 3022 4353 cum
3052 4313 3084 4352 a
3114 4296 3345 4351 mortuis
3375 4310 3559 4350 resur-

1975 4370 2000 4443 ί
2023 4370 2169 4463 gere.
2200 4410 2220 4443 ι

2041 4480 2164 4536 Una
2205 4481 2412 4537 sabbati
2447 4479 2625 4536 Maria
2667 4472 2983 4551 Magdalene
3031 4479 3168 4534 venit
3215 4491 3403 4559 mane,
3435 4495 3560 4534 cum

274 4585 398 4642 quae
447 4569 548 4626 fuit
584 4570 643 4626 in
689 4567 925 4643 Egypto
967 4567 1202 4640 populus
1251 4564 1619 4628 Christianus,
1671 4562 1763 4632 qui
1803 4561 1869 4617 in

1974 4579 2142 4635 adhuc
2165 4579 2389 4635 tenebrat
2413 4585 2605 4644 essent,
2637 4575 2708 4632 ad
2734 4585 3154 4640 monumentum,
3199 4581 3248 4628 et
3272 4573 3396 4628 vidit
3427 4571 3560 4644 lapi-

274 4664 544 4735 δαρτῑὸωο
569 4661 770 4720 θῖιτίκιί
800 4661 1191 4725 θεοειίίίοθευΐν
1226 4673 1360 4729 gens
1388 4665 1578 4712 sane“!
1607 4663 1862 4720 νοοῧῐιπ»
1961 4670 2081 4725 dem
2101 4668 2365 4724 sublatum
2388 4687 2420 4723 a
2438 4674 2864 4734 monumento,et
2889 4665 2990 4721 rel.
3024 4665 3122 4739 (Ex
3137 4661 3390 4738 August.)
3407 4661 3562 4719 Sicut

275 4754 342 4808 de
368 4754 566 4822 quibus
590 4763 646 4810 et
676 4753 940 4810 Dominus
961 4753 1035 4807 ait
1057 4765 1156 4822 pro
1176 4750 1256 4807 eis
1281 4767 1294 4803 :
1319 4747 1436 4819 Ego
1461 4746 1737 4816 sanctiﬁco
1779 4761 1864 4801 me

1974 4761 2021 4816 in
2065 4759 2335 4831 principio
2381 4758 2579 4814 mulier
2604 4765 2796 4813 auctor
2824 4755 2995 4828 culpae
3020 4755 3138 4811 viro
3169 4751 3293 4821 fuit,
3321 4754 3406 4817 vir
3433 4770 3562 4811 exe-

274 4849 469 4916 ipsum,
494 4856 551 4901 ut
576 4847 682 4901 sint
709 4847 810 4917 ipsi
838 4843 1155 4912 sanctiﬁcati
1177 4843 1238 4896 in
1255 4841 1488 4896 ueritate.

347 4937 588 5009 Populus
611 4935 995 5009 acquisitionis.
1023 4931 1179 4990 Sicut
1205 4933 1348 4987 enim
1375 4930 1442 4986 de
1470 4928 1706 5002 Egypto
1733 4929 1865 4984 edu-

274 5039 399 5086 ctus
429 5031 658 5100 populus
684 5044 785 5100 per
811 5027 1020 5094 Mosen,
1058 5026 1361 5096 acquisitus
1399 5031 1485 5080 est
1530 5023 1662 5089 Deo,
1709 5024 1790 5079 sic
1811 5029 1868 5077 et

275 5121 508 5192 populus
549 5120 893 5176 Christianus
935 5119 1177 5190 pretioso
1224 5115 1496 5187 sanguine
1533 5114 1742 5171 Christi
1779 5129 1866 5170 re-

277 5215 530 5282 demptus
553 5220 656 5277 est,
679 5213 745 5267 de
770 5211 1001 5283 caligine
1027 5218 1082 5267 et
1105 5208 1441 5264 inﬁdelitatis
1467 5207 1706 5264 tenebris
1732 5205 1867 5263 libe-

277 5313 450 5367 ratus,
482 5303 724 5374 quotidie
746 5301 1048 5373 acquiritur
1072 5303 1204 5357 Deo.

351 5391 421 5448 Ut
464 5395 680 5449 uirtutes
730 5393 1052 5448 annuntietis
1096 5393 1231 5463 ejus,
1278 5391 1369 5464 qui
1417 5390 1480 5445 de
1524 5389 1748 5446 tenebris
1774 5407 1864 5445 vos

276 5485 474 5541 rocavit
519 5486 576 5539 in
605 5484 920 5540 admirabile
961 5483 1137 5539 lumen
1178 5501 1352 5538 suum.
1410 5481 1484 5539 Ut
1532 5482 1866 5537 annuntietis

275 5577 507 5632 virtutes
528 5576 865 5647 operationis
893 5575 1121 5642 Christi,
1151 5562 1244 5645 qui
1268 5591 1366 5631 vos
1388 5573 1454 5630 de
1480 5573 1724 5630 tenebris
1750 5572 1867 5628 inﬁ-

279 5664 521 5721 delitatis
551 5667 620 5720 ad
662 5665 842 5731 ﬁdem,
883 5673 939 5721 et
976 5667 1042 5722 de
1078 5665 1397 5736 ignorantiae
1423 5665 1654 5736 caligine
1682 5663 1749 5720 ad
1779 5679 1870 5720 ve-

281 5771 399 5810 ram
425 5755 775 5826 sapientmm,
791 5772 912 5826 qua:
930 5756 1182 5812 Christus
1211 5765 1316 5822 est,
1341 5755 1634 5812 revocavit.
1660 5756 1738 5812 De
1761 5772 1870 5828 quo

276 5852 338 5904 et
369 5844 598 5903 subdit:
631 5844 702 5902 In
737 5846 1050 5904 admirabile
1084 5846 1262 5902 lumen
1305 5863 1481 5903 suum.
1529 5847 1605 5904 De
1651 5847 1871 5907 Christo

1965 4860 2128 4908 cutor
2148 4851 2380 4918 erroris,
2424 4851 2498 4906 ita
2528 4865 2695 4917 nunc,
2746 4865 2870 4920 qua:
2912 4849 3065 4919 prius
3107 4857 3340 4905 mortem
3377 4857 3564 4921 gusta-

1964 4948 2140 5008 verat,
2185 4941 2644 4997 resurrectionem
2683 4939 2838 5010 prior
2873 4938 3030 4993 vidit.
3086 4937 3156 4993 Et
3200 4953 3270 4994 ne
3312 4937 3559 5009 perpetui

1970 5039 2157 5086 reatus
2199 5031 2340 5102 apud
2382 5030 2530 5085 viros
2559 5029 2909 5102 opprobrium
2941 5029 3259 5095 sustineret,
3292 5041 3409 5099 qum
3439 5029 3559 5084 cul-

1970 5137 2096 5194 pam
2139 5119 2260 5177 viro
2300 5120 2689 5185 transfuderat,
2739 5115 3035 5176 transfudit
3065 5127 3121 5175 et
3148 5119 3401 5190 gratiam.
3441 5118 3561 5176 Una

1971 5211 2183 5266 sabbati
2227 5211 2376 5275 dicit,
2430 5227 2595 5282 quam
2631 5211 2747 5282 jam
2791 5211 2933 5268 diem
2972 5205 3307 5268 Dominicam
3341 5221 3562 5284 propter

1970 5301 2184 5358 Domini
2231 5303 2691 5358 resurrectionem
2742 5319 2862 5359 mos
2909 5301 3260 5360 Christianus
3307 5305 3560 5375 appellat,

1969 5409 2130 5464 quem
2154 5393 2442 5450 Matthzeus
2464 5392 2612 5450 solus
2636 5393 2689 5449 in
2711 5393 3073 5467 Evangelistis
3093 5395 3330 5467 primum
3349 5394 3562 5451 sabbati

1970 5483 2292 5539 nominavit.

2041 5571 2286 5628 Cucurrit
2311 5591 2452 5646 ergo,
2485 5584 2533 5629 et
2567 5575 2702 5628 venit
2737 5574 2807 5628 ad
2838 5574 3107 5631 Simonem
3141 5572 3358 5630 Petrum
3396 5585 3446 5630 et
3489 5575 3564 5634 ad

1974 5662 2140 5720 alium
2169 5666 2507 5737 discipulum,
2551 5684 2702 5739 quem
2726 5666 2975 5739 diligebat
3003 5667 3184 5734 Iesus,
3215 5678 3263 5723 et
3291 5669 3417 5723 dicit
3443 5671 3518 5726 eis
3542 5689 3563 5728 :

1978 5755 2231 5812 Tulerunt
2259 5756 2543 5812 Dominum
2575 5774 2746 5812 meum
2791 5757 2856 5811 de
2895 5769 3253 5826 monumento,
3293 5770 3342 5815 et
3391 5761 3564 5817 nescio

1977 5849 2066 5904 ubi
2086 5859 2368 5922 posuerunt
2391 5865 2528 5904 eum.
2555 5847 2754 5905 Amore
2779 5848 2945 5908 nimio
2975 5849 3212 5922 turbata,
3244 5851 3370 5910 dum
3401 5868 3564 5926 quem
