3978 6418
471 343 578 402 275

1773 344 2051 400 SMARAG
2061 345 2123 400 Dl
2157 345 2332 400 ABBA
2341 346 2450 402 TIS
3642 348 3748 404 276

475 463 745 535 quresivit,
791 479 898 519 non
933 461 1157 519 invenit.
1193 461 1452 519 Cucurrit
1478 461 1758 532 discipulis
1783 462 2053 526 nuntiare,
2084 465 2136 524 Α
2159 477 2318 532 super
2353 470 2510 531 caput
2546 461 2703 525 Jesu,
2753 479 2856 516 non
2896 477 3014 515 cum
3053 459 3444 516 linteaminibus
3481 461 3746 533 positum,

475 567 535 611 ut
562 565 658 610 aut
685 571 867 610 secum
895 562 1224 625 quazrerent,
1265 561 1360 609 aut
1398 570 1585 610 secum
1629 554 1878 610 dolerent
1917 553 2060 608 abla-

477 656 588 702 tum
615 646 924 710 Dominum,
956 661 1117 716 quem
1145 646 1434 701 Dominum
1471 645 1756 700 nominare
1793 660 1900 699 non
1945 658 2060 698 me-

475 738 598 803 tuit,
628 739 755 794 dum
785 753 984 808 corpus
1013 737 1158 793 illius
1193 736 1568 793 tantummodo
1597 743 1866 808 quaereret
1889 735 1944 790 in
1971 747 2058 790 se-

471 831 682 902 pulcro.

542 923 721 979 Exivit
752 939 874 993 ergo
908 922 1094 978 Petrus
1126 931 1173 976 et
1204 921 1293 974 ille
1315 920 1453 974 alius
1477 918 1786 991 discipulus,
1827 928 1875 971 et
1911 934 2059 972 rene-

473 1025 595 1071 runt
624 1016 694 1070 ad
734 1025 1150 1069 monumentum.
1201 1013 1498 1069 Currebant
1535 1023 1710 1066 autem
1740 1013 1846 1066 duo
1875 1011 2056 1077 simul,

470 1118 520 1164 ct
543 1123 681 1162 -ecce
720 1106 859 1160 alius
901 1104 1194 1176 discipulus
1231 1101 1576 1175 prtecucurrit
1622 1103 1778 1156 citius
1813 1097 1987 1176 Petro.
2008 1109 2057 1154 et

471 1198 609 1252 venit
641 1198 842 1267 primus
887 1195 958 1248 ad
1005 1167 1418 1248 monumentum.
1470 1192 1815 1246 Advertenda
1867 1167 2059 1246 hicoet

471 1285 901 1343 commendanda
941 1283 1340 1354 recapitulatio,
1372 1282 1642 1352 quomodo
1686 1281 1920 1339 reditum
1951 1287 2054 1345 est,

471 1379 540 1434 ad
565 1379 618 1434 id
647 1378 791 1449 quod
822 1377 1000 1432 fuerat
1028 1375 1476 1448 praetermissum,
1507 1383 1563 1430 et
1595 1383 1850 1443 tauquam
1882 1373 1927 1427 si
1955 1373 2058 1428 hoc

472 1479 792 1543 sequeretur
820 1467 1130 1538 adiunctum
1161 1474 1263 1522 est.
1296 1465 1430 1522 Cum
1461 1467 1604 1520 enim
1644 1464 1759 1535 jam
1803 1463 2054 1529 dixisset,

475 1569 747 1618 venerunt
775 1560 840 1614 ad
872 1566 1304 1624 monumentum,
1336 1572 1619 1628 regressus
1643 1565 1745 1621 est,
1786 1565 1848 1612 ut
1874 1569 2059 1609 narra-

470 1664 557 1712 ret
579 1653 850 1726 quomodo
881 1659 1165 1715 venerunt,
1213 1658 1374 1720 atque
1413 1649 1532 1704 ait:
1561 1645 1854 1702 Currebant
1880 1654 2056 1698 autem

470 1748 578 1802 duo
618 1743 800 1810 simul,
845 1752 950 1799 etc.
999 1741 1101 1798 Ubi
1147 1740 1387 1796 ostendit
1428 1738 1573 1810 quod
1613 1752 1955 1808 prmcurrcns
1986 1735 2060 1790 ad

470 1845 879 1893 monumentum
895 1834 1046 1906 prior
1064 1832 1277 1888 venerit
1293 1832 1381 1885 ille
1400 1831 1540 1884 alius
1561 1828 1874 1898 discipulus,
1892 1841 2052 1896 quem
2083 1825 2130 1885 B

469 1929 711 2001 scipsum
732 1925 1020 1999 signiﬁcat,
1046 1925 1143 1980 sed
1168 1932 1428 1993 tanquam
1449 1923 1515 1978 de
1526 1921 1658 1986 alio,
1679 1933 1832 1975 more
1851 1926 2054 1974 sancta:

470 2018 788 2089 scripturae,
812 2023 1009 2071 cuncta
1031 2023 1240 2068 narrat.

540 2107 611 2162 Et
639 2124 760 2162 cum
784 2123 840 2161 se
867 2103 1199 2169 inclinasset,
1229 2101 1358 2158 vidit
1387 2102 1695 2157 linteamina
1722 2099 1892 2172 posita
1909 2139 1924 2164 ,
1951 2114 2056 2152 non

469 2212 648 2258 tamen
681 2198 930 2254 introivit.
972 2195 1127 2264 Quod
1165 2211 1296 2252 vero
1340 2195 1510 2250 Maria
1559 2191 1868 2264 Magdalene
1908 2189 2059 2246 venit

473 2294 541 2348 ad
577 2298 986 2347 monumentum
1023 2303 1147 2342 cum
1184 2285 1362 2342 adhuc
1387 2283 1626 2340 tenebrae
1653 2290 1872 2348 essent,
1898 2278 2057 2351 juxta

471 2381 756 2438 historiam
813 2385 1068 2434 narratur
1119 2376 1288 2442 hora,
1339 2375 1492 2445 juxta
1543 2371 1878 2428 intellectum
1924 2383 2058 2423 vero

471 2472 761 2544 mysticum
781 2511 800 2536 ,
829 2467 1159 2540 requirentis
1195 2467 1438 2537 signatur
1472 2461 1846 2535 intelligentia.
1888 2458 2055 2514 Maria

469 2563 617 2621 enim
658 2571 938 2619 auctorem
978 2556 1244 2621 omnium,
1285 2569 1446 2625 quem
1469 2567 1636 2608 carne
1671 2551 1883 2606 viderat
1911 2563 2057 2604 mor-

470 2663 650 2719 tuum,
669 2651 946 2724 quaerebat
970 2651 1024 2704 in
1052 2653 1493 2710 monumento,et
1512 2643 1638 2715 quia
1664 2642 1808 2696 hunc
1833 2640 2056 2695 minime

469 2744 710 2810 invenit,
760 2741 998 2800 furatum
1035 2739 1286 2797 credidit.
1324 2737 1518 2792 Adhuc
1545 2749 1678 2805 ergo
1709 2740 1868 2788 erant
1905 2739 2058 2786 tene-

470 2838 617 2902 brae,
657 2851 780 2892 cum
817 2834 966 2888 venit
1001 2833 1068 2888 ad
1102 2837 1531 2887 monumentum.
1570 2825 1825 2883 Cucurrit
1869 2823 2053 2888 citius,

467 2927 747 3000 discipulis
791 2927 1094 2992 nuntiavit,
1137 2926 1231 2980 sed
1277 2923 1354 2979 illi
1399 2938 1511 2993 pra:
1549 2922 1764 2977 caeteris
1803 2932 2056 2976 cucurre-

470 3033 624 3088 runt,
651 3023 742 3092 qui
771 3037 884 3094 pra:
911 3021 1126 3077 exteris
1151 3023 1506 3081 amaverunt,
1539 3013 1824 3077 videlicet,
1856 3011 2053 3067 Petrus

465 3123 523 3171 et
557 3113 815 3169 Joannes.
857 3111 1161 3168 Currebant
1186 3117 1368 3164 autem
1398 3107 1504 3163 duo
1529 3106 1726 3171 simul,
1757 3104 1854 3160 sed
1883 3101 2050 3157 Joan-

2162 559 2267 606 etc.
2305 550 2416 620 (Ex
2439 550 2636 623 Grcg.)
2662 552 2799 620 Quid
2830 560 2915 606 est
2951 551 3094 622 quod
3122 552 3398 606 sudarium
3427 554 3622 624 capitis
3644 555 3739 610 Do-

2160 645 2292 699 mini
2321 661 2445 700 cum
2476 645 2884 700 linteaminibus
2906 660 3012 699 non
3042 643 3317 700 invenitur
3341 645 3397 698 in
3427 661 3741 702 monumen-

2161 744 2252 801 to,
2286 735 2391 790 nisi
2419 736 2544 805 quia
2587 743 2884 790 attestante
2922 734 3125 800 Paulo,
3158 741 3323 804 caput
3359 733 3562 790 Christi
3606 737 3748 795 Deus

2159 838 2280 891 est.
2333 838 2389 884 et
2436 827 2737 883 divinitatis
2785 825 3360 896 incomprehensibilia
3401 840 3745 884 sacramenta

2159 921 2226 973 ab
2251 919 2579 974 inﬁrmitatis
2605 927 2803 973 nostra:
2827 917 3133 988 cognitione
3157 916 3390 984 disjunta
3416 926 3574 982 sunt,
3603 918 3748 987 ejus-

2159 1025 2265 1081 que
2313 1010 2555 1080 potentia
2621 1017 2889 1064 creatura:
2942 1007 3282 1062 transcen'lit
3339 1017 3615 1064 naturam.
3678 1011 3746 1064 Et

2160 1102 2456 1156 notandum
2500 1100 2644 1171 quod
2690 1116 2796 1160 non
2849 1099 3024 1154 solum
3063 1100 3358 1168 separatim
3383 1140 3397 1164 ,
3443 1100 3538 1154 sed
3579 1100 3744 1154 etiam

2160 1194 2456 1252 involutum
2513 1192 2741 1250 inveniri
2790 1191 3008 1246 dicitur.
3059 1189 3308 1245 Linteum
3355 1191 3552 1262 quippe
3596 1193 3742 1261 quod

2160 1287 2470 1351 involvitur,
2497 1287 2614 1357 ejus
2635 1299 2735 1339 nec
2763 1285 2976 1346 initium
3005 1298 3103 1343 nec
3127 1282 3248 1336 linis
3271 1283 3549 1352 aspicitur.
3578 1283 3748 1338 Recte

2158 1397 2288 1452 ergo
2311 1381 2589 1440 sudarium
2616 1380 2811 1448 capitis
2840 1378 3136 1433 involutum
3170 1376 3447 1430 inventum
3473 1385 3593 1440 est,
3618 1378 3745 1447 quia

2157 1471 2426 1528 celsitudo
2472 1471 2802 1535 Divinitatis,
2834 1484 2937 1524 nec
2984 1469 3151 1538 coepit
3208 1483 3365 1531 esse,
3413 1484 3516 1522 nec
3561 1468 3743 1522 desiit.

2157 1563 2303 1618 Bene
2332 1571 2512 1618 autem
2542 1561 2779 1616 dicitur:
2815 1559 2883 1614 In
2913 1576 3084 1614 unum.
3118 1559 3290 1614 locum
3311 1601 3324 1623 ,
3357 1560 3482 1630 quia
3517 1560 3571 1613 in
3612 1561 3749 1616 scis-

2157 1671 2284 1712 sura
2314 1653 2577 1708 mentium
2610 1651 2753 1706 Deus
2780 1667 2889 1706 non
2915 1658 3018 1706 est.
3056 1649 3199 1705 Deus
3227 1651 3424 1720 quippe
3452 1651 3506 1704 in
3538 1651 3750 1705 unitate

2157 1753 2274 1810 est,
2309 1752 2364 1799 et
2394 1743 2466 1798 illi
2496 1742 2613 1813 ejus
2640 1742 2840 1797 habere
2865 1743 3093 1813 gratiam
3136 1752 3438 1806 merentur,
3468 1741 3558 1811 qui
3588 1757 3648 1795 se
3677 1741 3749 1796 ab

2160 1839 2392 1894 invicem
2421 1852 2519 1906 per
2545 1846 2815 1891 sectarum
2842 1837 3100 1891 scandala
3129 1851 3236 1900 non
3263 1836 3527 1890 dividunt.
3558 1836 3749 1890 Potest

2159 1943 2374 2000 quoque
2402 1942 2501 1998 per
2526 1927 2838 1992 sudarium,
2867 1929 3048 1996 passio
3079 1923 3280 1982 Christi
3321 1927 3532 1982 Domini
3572 1927 3748 1982 nostri

2158 2020 2455 2092 designari,
2514 2018 2669 2090 cujus
2710 2019 2983 2089 passionis
3040 2026 3381 2073 sacramenta
3439 2017 3750 2073 inﬁdelibus

2157 2120 2286 2166 sunt
2313 2111 2554 2165 involuta
2575 2151 2590 2175 ,
2617 2110 2744 2180 quia
2771 2124 2932 2180 quem
2959 2108 3215 2163 videbant
3240 2124 3404 2164 carne
3432 2109 3747 2175 mortalem,

2158 2201 2331 2265 Deum
2367 2215 2489 2256 esse
2533 2199 2893 2258 immortalem
2937 2216 3045 2254 non
3088 2201 3403 2256 credebant.
3450 2200 3748 2255 Sudarium

2157 2307 2326 2362 ergo,
2350 2291 2500 2362 quod,
2524 2307 2688 2362 super
2716 2299 2877 2360 caput
2907 2291 3025 2365 eius
3063 2290 3265 2355 fuerat,
3311 2307 3557 2347 seorsum
3597 2292 3774 2351 inve-.

2158 2384 2305 2446 nitur
2327 2424 2341 2449 ,
2382 2383 2510 2454 quia
2541 2384 2655 2453 ipsa
2686 2383 2870 2454 passio
2901 2382 3289 2454 Redemptoris
3314 2383 3485 2438 nostri
3525 2383 3685 2455 longe
3713 2399 3748 2438 a

2156 2475 2408 2544 passione
2451 2483 2638 2532 nostra
2682 2473 2927 2543 seiuncta
2955 2481 3070 2539 est,
3101 2489 3264 2542 quam
3295 2474 3408 2545 ipse
3439 2474 3557 2530 sine
3584 2474 3748 2546 culpa

2129 2565 2397 2637 Qertulit.
2447 2565 2602 2641 Quod
2648 2581 2748 2621 nos
2795 2565 2952 2636 culpa
3005 2563 3339 2630 toleramus,
3385 2565 3503 2635 ipse
3551 2573 3749 2635 sponte

2156 2657 2318 2712 morti
2362 2658 2721 2719 succumbere
2767 2655 2981 2721 voluit,
3029 2655 3098 2711 ad
3141 2671 3309 2726 quam
3353 2671 3455 2710 nos
3495 2657 3750 2712 venimus

2157 2747 2333 2802 inviti.
2367 2746 2628 2818 Sequitur
2650 2765 2664 2802 :

2230 2837 2376 2893 Tunc
2401 2854 2524 2908 ergo
2551 2837 2785 2892 introivit
2813 2847 2861 2892 et
2901 2835 2990 2899 ille
3031 2835 3357 2906 discipulus,
3398 2837 3490 2908 qui
3528 2848 3743 2892 venerat

2154 2930 2300 3000 prius
2341 2927 2411 2981 ad
2453 2938 2869 2982 monumentum.
2903 2925 3195 2995 Postquam
3238 2927 3462 2981 intravit
3509 2925 3742 2993 Petrus,

2156 3018 2429 3088 ingressus
2477 3024 2562 3072 est
2614 3026 2669 3070 et
2718 3014 3005 3071 Joannes:
3046 3016 3315 3086 posterior
3367 3016 3593 3071 intravit
3647 3018 3745 3086 qui

2157 3112 2305 3182 prior
2346 3117 2589 3165 venerat.
2634 3108 2829 3163 Notum
2870 3118 2954 3163 est
3005 3107 3151 3178 quod
3191 3110 3246 3162 in
3285 3107 3391 3162 ﬁne
3434 3108 3620 3162 mundi
3672 3108 3744 3162 ad

3099 3183 3106 3192 ι

466 3221 565 3262 nes
591 3203 951 3277 praecucurrit
972 3201 1138 3257 Petro
1164 3199 1345 3255 citius.
1375 3198 1538 3253 Venit
1578 3197 1730 3267 prior
1766 3196 1834 3250 ad
1861 3209 2051 3249 monu-

467 3303 710 3340 mentum
727 3335 742 3340 _
774 3301 830 3340 et
855 3291 1077 3340 ingredi
1092 3305 1200 3340 non
1229 3288 1596 3340 nrmsumnsit.

2162 3201 2543 3272 Redemptoris
2587 3199 2746 3254 ﬁdem
2794 3200 2958 3254 etiam
3006 3183 3189 3340 Jugzea
3231 3198 3522 3268 colligitur,
3572 3197 3741 3252 Paulo

2162 3301 2446 3340 attestanm
2473 3291 2562 3340 nui
2594 3291 2671 3340 ait
2699 3309 2710 3340 :
2746 3289 2918 3340 Donec
2944 3288 3080 3340 uleni
3108 3288 3211 3340 udo
3238 3289 3467 3340 centium
3492 3289 3740 3340 intraret.

467 3303 710 3354 mentum
727 3335 743 3359 ,
774 3301 830 3347 et
855 3291 1077 3362 ingredi“
1092 3305 1200 3344 non
1229 3288 1596 3360 praesumpsit.

546 3385 698 3441 Venit
724 3400 847 3455 ergo
877 3382 1064 3437 Simon
1092 3377 1281 3433 Petrus
1309 3394 1528 3449 sequens
1553 3393 1672 3430 eum
1694 3417 1710 3442 ,
1741 3385 1789 3430 et
1818 3374 2052 3430 introivit

465 3481 522 3533 in
561 3485 973 3537 monumentum.
1011 3473 1117 3528 Iste
1152 3488 1282 3527 vero
1317 3487 1510 3526 cursus
1547 3471 1773 3526 duorum
1811 3471 2049 3540 discipu-

468 3569 643 3622 lorum
688 3580 942 3637 magnum
985 3565 1149 3628 habet
1194 3563 1532 3634 mysterium.
1579 3560 1718 3628 Quid
1760 3562 1904 3616 enim
1953 3576 2050 3630 per

465 3660 728 3714 Joannem
749 3697 766 3724 ,
799 3655 891 3736 qui
933 3655 1084 3733 prior
1113 3653 1263 3707 venit
1297 3654 1364 3707 ad
1397 3661 1806 3706 monumentum
1847 3661 1900 3707 et
1939 3667 2047 3706 non

467 3751 718 3815 intravit,
759 3749 863 3803 nisi
900 3762 1170 3819 synagoga
1205 3745 1582 3826 signiﬁcatur?
1627 3743 1764 3811 Quid
1812 3760 1907 3814 per
1949 3743 2050 3798 Pe-

468 3858 646 3909 trum,
679 3843 781 3898 nisi
810 3841 1050 3899 Ecclesia
1083 3856 1147 3894 ex
1178 3839 1428 3908 gentibus
1457 3847 1783 3908 congregata
1823 3837 2047 3892 demon-

466 3945 692 4001 stratur,
724 3951 843 4005 qua:
874 3933 1140 4005 posterius
1171 3916 1358 3987 vocata
1389 3939 1443 3986 et
1470 3931 1620 4001 prior
1648 3929 1913 3984 intravit?
1940 3927 2048 3982 Cu-

465 4033 755 4099 currcrunt
784 4025 930 4080 enim
968 4023 1174 4095 pariter
1216 4021 1490 4094 gentilitas
1523 4028 1579 4075 et
1613 4033 1920 4090 synagoga,
1948 4030 2047 4088 per

463 4119 624 4188 hujus
654 4117 832 4175 szeculi
863 4115 1256 4176 successiones,
1289 4113 1382 4169 sed
1411 4127 1518 4167 non
1545 4112 1664 4182 pari
1688 4108 2045 4180 intelligentia

469 4213 781 4276 veniebant.
820 4209 980 4265 Venit
1016 4221 1285 4280 synagoga
1316 4206 1466 4277 prior
1495 4205 1561 4269 ad
1599 4209 2043 4265 monumentum,

464 4311 560 4367 sed
596 4311 818 4365 minime
856 4306 1114 4370 intravit,
1164 4305 1291 4375 quia
1340 4303 1473 4374 legis
1505 4301 1750 4372 quasdam
1785 4297 2044 4353 mandata

359 4453 374 4481 _.
463 4403 735 4481 percepit,
783 4398 1097 4471 prophetias
1142 4397 1210 4451 de
1257 4393 1634 4451 incarnatione
1682 4405 1746 4447 ac
1790 4387 2044 4462 passione

466 4477 748 4554 Dominica
788 4490 1028 4555 audivit,
1073 4487 1168 4543 sed
1199 4485 1425 4542 credere
1455 4484 1512 4538 in
1543 4489 1816 4536 mortuum
1845 4477 2036 4532 noluit.

465 4588 611 4644 Vidit
647 4585 789 4641 enim
823 4581 1058 4638 Joannes
1095 4579 1272 4650 posita
1318 4572 1639 4630 linteamina
1661 4609 1676 4634 ,
1716 4584 1821 4622 non
1861 4575 2041 4620 tamen

462 4677 743 4741 introivit,
775 4675 904 4749 quia
930 4671 1183 4727 videlicet
1213 4679 1486 4740 synagoga
1529 4671 1585 4716 et
1613 4658 1910 4728 Scriptum!
1952 4671 2042 4710 sa-

461 4785 570 4825 cra:
598 4773 935 4822 sacramenta
963 4762 1242 4834 cognovit,
1273 4766 1328 4814 et
1355 4767 1533 4810 tamen
1568 4752 1726 4806 ﬁdem
1755 4748 2045 4805 Dominicte

461 5131 685 5187 civ-dere
724 5129 917 5186 noluit.
965 5125 1104 5194 Quid
1143 5136 1272 5191 ergo
1313 5113 1431 5180 est,
1478 5113 1582 5168 nisi
1628 5111 1753 5182 quia
1791 5119 1849 5166 et
1887 5111 2047 5166 citius

460 5224 732 5292 cucurrit,
761 5231 816 5278 et
842 5230 1026 5275 tamen
1057 5223 1184 5270 ante
1224 5214 1630 5266 monumentum
1661 5221 1828 5260 vacua
1871 5204 2040 5259 stetit.

460 5316 621 5372 Venit
673 5322 856 5370 autem
904 5307 1093 5362 Simon
1148 5303 1346 5357 Petrus
1395 5299 1730 5369 subsequens
1778 5311 1937 5361 eum,
1989 5303 2045 5350 et

459 5407 702 5465 introivit
751 5404 807 5460 in
858 5401 1302 5456 monumentum,
1353 5389 1477 5458 quia
1529 5395 1714 5442 secuta
1771 5386 2043 5456 posterior

462 5499 702 5557 Ecclesia
750 5491 1032 5567 gentium,
1078 5485 1446 5542 mediatorenr
1480 5481 1577 5536 Dei
1622 5489 1678 5536 et
1726 5480 2039 5541 hominum,

461 5591 736 5653 hominem
765 5583 1045 5642 Christum
1071 5577 1287 5642 Jesum,
1319 5585 1372 5631 et
1401 5574 1651 5645 cognovit
1689 5587 1855 5628 carne
1898 5586 2040 5626 mor-

461 5691 643 5744 tuum,
674 5687 731 5732 et
757 5673 1029 5728 viventem
1055 5668 1285 5724 credidit
1311 5666 1502 5721 Deum.
1533 5664 1823 5733 Sequitur:

538 5771 606 5830 Et
636 5767 764 5824 vidit
793 5763 1104 5820 linteamina
1127 5762 1317 5834 posita,
1337 5767 1383 5814 et
1403 5756 1678 5811 sudarium
1705 5753 1844 5827 quod
1874 5755 2044 5825 fuerat

2152 3301 2446 3349 attestante
2473 3291 2562 3361 qui
2594 3291 2671 3344 ait
2699 3309 2710 3342 :
2746 3289 2918 3343 Donec
2941 3288 3211 3360 plenitudo
3237 3289 3467 3358 gentium
3492 3289 3740 3353 intraret,

2152 3394 2200 3441 et
2227 3383 2301 3450 sit;
2330 3385 2497 3437 omnis
2527 3380 2699 3435 Israel
2728 3379 2904 3434 salvus
2933 3379 3079 3448 ﬁeret
3109 3380 3126 3449 (
3150 3377 3302 3432 Rom.
3332 3395 3370 3432 ll
3395 3378 3436 3449 ).

2222 3475 2291 3530 Et
2333 3475 2462 3528 vidit
2505 3483 2550 3526 et
2592 3471 2834 3526 credidit.
2859 3471 2996 3537 Quid
3021 3486 3152 3539 ergo
3192 3469 3344 3536 vidit,
3383 3479 3438 3522 et
3481 3469 3611 3538 quid
3640 3483 3742 3523 ore

2151 3566 2423 3622 credidit?
2461 3564 2613 3626 Vidit
2650 3563 2961 3618 linteamina
3001 3561 3175 3630 posita
3211 3567 3266 3613 et
3314 3560 3544 3614 credidit
3592 3559 3739 3627 quod

2151 3657 2345 3711 mulier
2376 3655 2590 3710 dixerat
2617 3654 2683 3708 de
2715 3661 3068 3708 monumento
3097 3651 3384 3704 Dominum
3416 3649 3583 3705 fuisse
3609 3651 3739 3704 sub-

2149 3748 2336 3803 latum.
2379 3746 2571 3800 Adhuc
2613 3747 2850 3799 tenebrae
2880 3749 3037 3796 erant
3065 3743 3118 3795 in
3149 3751 3519 3805 monumento,
3549 3741 3602 3794 id
3629 3750 3735 3805 est,

2149 3839 2201 3893 in
2233 3837 2503 3891 mentibus
2533 3835 2748 3888 illorum
2773 3875 2787 3897 ,
2823 3832 2941 3887 ideo
2972 3832 3234 3900 sequitur”.

2217 3933 2288 3987 Et
2320 3933 2454 3987 dixit
2479 3947 2497 3986 :
2531 3930 2784 3986 Nondum
2814 3929 2953 3983 enim
2977 3928 3210 3982 sciebant
3242 3925 3580 3996 Scripturas,
3609 3926 3735 3996 quia

2146 4033 2403 4096 oporteret
2447 4039 2566 4077 eum
2614 4040 2646 4075 a
2695 4022 2916 4075 mortuis
2964 4035 3250 4089 resurgere.
3294 4017 3562 4070 Abierunt
3607 4030 3736 4086 ergo

2145 4116 2344 4170 iterum
2374 4111 2618 4184 discipuli
2648 4112 2715 4165 ad
2745 4110 3096 4179 semetipsos,
3140 4107 3193 4161 id
3233 4114 3348 4170 est,
3385 4103 3474 4158 ubi
3523 4105 3738 4158 habita-

2145 4207 2305 4272 bant,
2337 4213 2392 4259 et
2421 4203 2562 4260 unde
2590 4203 2657 4257 ad
2682 4207 3091 4256 monumentum
3119 4203 3475 4252 cucurrerant
3500 4211 3514 4248 :

2784 4326 3102 4367 CONCORDIA.

2214 4417 2283 4471 Et
2312 4415 2368 4470 in
2396 4413 2592 4483 lapidis
2619 4411 2837 4465 nomine
2858 4450 2872 4474 ,
2903 4417 2959 4463 et
2987 4409 3042 4462 in
3072 4407 3300 4462 duorum
3331 4402 3734 4475 signiﬁcatione

2068 4522 2122 4582 D
2146 4505 2500 4576 papulorum,
2536 4503 2760 4556 istarum
2793 4501 3023 4554 duarum
3063 4496 3403 4567 congrua'ﬁt
3443 4493 3736 4549 concordia

2148 4600 2458 4655 lectionum.
2482 4595 2550 4648 Et
2569 4595 2622 4649 in
2644 4592 2888 4662 angulari
2911 4591 3086 4658 lapide
3109 4589 3403 4644 secundum
3429 4584 3735 4654 apostolum

2150 4698 2378 4758 uterque
2417 4687 2644 4758 populus
2672 4685 2975 4754 copulatur,
3007 4683 3142 4737 etin
3183 4680 3394 4735 duobus
3423 4676 3730 4747 Apostolis,

2149 4778 2444 4834 secundum
2484 4775 2834 4845 Evangelium
2871 4773 3085 4841 utrique
3127 4771 3308 4841 populi
3334 4770 3728 4839 designantur:

2147 4873 2384 4928 Ioannes
2411 4871 2557 4925 enim
2593 4867 2931 4931 Judzeorum,
2965 4865 3158 4920 Petrus
3195 4864 3451 4935 populum
3484 4861 3734 4931 gentium

2152 4965 2182 5018 ﬁ
2195 4964 2390 5033 guraba
2399 4970 2431 5017 t.

2338 5073 2655 5130 DUMIMCA
2688 5074 2754 5128 ΙΝ
2794 5074 3066 5131 OCTAVA
3105 5073 3408 5130 PASCIUE.

2229 5192 2488 5246 EPISTOIA
2517 5207 2680 5246 enim
2709 5209 2867 5247 nam
2899 5211 3113 5250 JOANNIS
3143 5215 3430 5267 APOSTOLI,
3461 5215 3586 5256 car.
3621 5216 3675 5256 ν.

2233 5319 2252 5352 ι
2289 5301 2462 5357 Omne
2483 5302 2625 5370 quod
2640 5312 2825 5358 natum
2847 5313 2931 5358 est
2953 5321 3017 5358 ex
3041 5305 3169 5370 Deo,
3189 5308 3650 5366 vincitmundum.
3673 5309 3744 5369 Et

2164 5413 2183 5445 ι
2222 5395 2336 5449 haec
2362 5404 2447 5448 est
2475 5394 2700 5450 victoria
2729 5410 2848 5464 quae
2880 5398 3048 5452 vincit
3077 5401 3335 5454 mundum
3364 5402 3498 5458 ﬁdes
3529 5415 3739 5463 nostra.

2162 5503 2180 5536 ς
2220 5487 2352 5551 Quis
2393 5496 2479 5540 est
2504 5491 2684 5540 autem
2715 5486 2806 5554 qui
2836 5487 3005 5542 vincit
3031 5489 3293 5544 mundum
3319 5532 3332 5556 ,
3365 5492 3470 5547 nisi
3499 5495 3593 5564 qui
3623 5511 3743 5552 cre-

2163 5590 2181 5624 ‹
2216 5573 2319 5636 dit,
2363 5574 2618 5642 quoniam
2648 5571 2805 5628 Jesus
2828 5585 2912 5630 est
2939 5576 3104 5633 Filius
3136 5578 3250 5633 Dei.
3286 5580 3386 5636 llic
3415 5592 3498 5637 est
3523 5585 3617 5652 qui
3650 5602 3739 5641 ve-

2160 5683 2178 5715 (
2215 5665 2294 5718 uit
2315 5679 2412 5734 per
2431 5679 2625 5732 aquam
2648 5667 2703 5720 et
2724 5667 3039 5736 sanguinem
3062 5667 3313 5726 Christus
3332 5670 3511 5728 Jesus.
3538 5675 3656 5729 Non
3683 5677 3735 5730 in

2160 5771 2177 5802 ι
2213 5769 2351 5823 aqua
2382 5753 2554 5808 solum
2576 5795 2590 5820 ,
2620 5756 2711 5811 sed
2740 5756 2791 5809 in
2825 5773 2963 5826 aqua
2997 5767 3051 5813 et
3081 5762 3362 5831 sanguine.
3412 5763 3478 5818 Et
3509 5766 3735 5836 spiritus
