3978 6448
346 363 413 421 ἷ7
1134 362 1659 421 COLLECTIONES
1695 363 1762 419 IN
1796 364 2181 424 EPISTOLAS
2220 368 2309 423 ET
2348 356 2761 427 EVANGELIA.

3479 383 3588 442 278

315 504 345 541 ι
372 493 457 542 est
491 482 583 555 qui
608 480 952 547 testiﬁcatur,
989 479 1249 551 quoniam
1279 479 1532 539 Christus
1558 490 1649 541 est
1669 481 1891 538 veritas.
1920 480 2334 554 Ablasphemi,
2378 486 2474 555 qui
2519 488 2665 545 hunc
2711 489 2978 549 fantasma
3028 509 3151 551 esse
3194 495 3582 567 dogmatizant.

315 599 332 629 ι
368 577 635 646 Quoniam
663 581 925 631 tressunt
948 573 1045 644 qui
1075 573 1451 628 testimonium
1478 572 1610 633 dant
1637 572 1691 628 in
1719 572 1860 630 caele
1878 613 1894 638 ,

316 692 336 725 ι
372 673 554 735 Pater,
571 669 810 725 Verbum
829 674 886 724 et
913 665 1151 737 Spiritus
1168 673 1413 732 sanctus,
1428 674 1484 722 et
1511 665 1567 723 hi
1596 674 1712 722 tres
1730 680 1898 720 unum

317 783 337 815 ο
372 761 638 832 sunt,.qui
659 757 1037 817 testimonium
1052 759 1186 813 dant
1216 756 1269 812 in
1302 764 1465 820 terra,
1490 755 1736 827 spiritus,
1758 770 1899 825 aqua

316 874 334 907 ι
372 862 427 910 et
456 852 698 925 sanguis,
728 850 785 905 hi
814 859 872 905 et
899 856 1013 904 tres
1042 863 1209 903 unum
1242 854 1389 903 sunt.
1424 845 1483 903 Si
1531 846 1898 903 testimonium

318 963 336 998 ι
370 944 648 1001 hominum
677 940 1008 1012 accipimus,
1036 938 1407 994 testimonium
1444 936 1540 993 Dei
1578 934 1758 1006 majus
1793 942 1895 991 est.

319 1056 337 1087 ι
376 1034 639 1104 Quoniam
664 1034 771 1089 hoc
795 1038 881 1087 est
906 1029 1272 1089 testimonium
1297 1027 1394 1083 Dei
1418 1028 1560 1098 quod
1585 1025 1759 1097 majus
1778 1035 1863 1083 est
1881 1066 1896 1092 ,

318 1147 338 1182 ε
374 1127 631 1200 quoniam
661 1124 983 1182 testiﬁcatus
1006 1132 1093 1178 est
1119 1123 1185 1178 de
1210 1121 1347 1177 Filio
1370 1137 1488 1178 suo.
1520 1120 1623 1189 Qui
1645 1119 1817 1177 credit
1843 1120 1899 1176 in

318 1239 338 1272 ι
375 1218 570 1275 Filium
597 1219 725 1285 Dei,
756 1218 916 1273 habet
943 1213 1314 1270 testimonium
1340 1212 1439 1269 Dei
1470 1213 1524 1268 in
1554 1227 1632 1268 se.
1669 1232 1687 1265 ι

386 1310 552 1373 Omne
579 1309 718 1383 quod
744 1318 926 1364 natum
951 1317 1026 1365 est
1053 1323 1119 1363 ex
1141 1306 1287 1374 Deo,
1304 1306 1461 1365 vincit
1489 1304 1764 1363 mundum.
1797 1302 1897 1376 (Ex

312 1404 569 1479 August.)
590 1404 716 1460 Ideo
740 1416 978 1473 namque
1006 1400 1263 1457 mandata
1284 1396 1467 1455 divina
1496 1412 1602 1453 non
1627 1405 1753 1455 sunt
1775 1411 1900 1469 gra-

314 1501 422 1564 via,
444 1499 573 1568 quia
593 1511 784 1553 omnes
805 1495 896 1564 qui
925 1508 1051 1551 vera
1075 1493 1359 1551 devotione
1384 1490 1481 1546 his
1498 1489 1894 1558 mancipantur,

313 1599 371 1647 et
397 1588 625 1644 adversa
652 1585 845 1641 mundi
862 1583 1031 1654 hujus
1052 1591 1113 1638 et
1146 1580 1527 1645 blandimenta.
1552 1579 1672 1650 pari
1715 1586 1900 1634 mente

313 1687 692 1747 contemnunt,
730 1679 909 1749 ipsam
943 1690 1159 1749 quoque
1202 1681 1435 1731 mortem
1457 1713 1472 1743 ,
1504 1672 1653 1728 velut
1692 1671 1901 1742 ingres-

313 1790 434 1832 sum
472 1772 665 1846 patrias
699 1770 836 1828 etnle
867 1769 943 1825 tis
976 1775 1245 1826 amantes.
1290 1765 1357 1822 Et
1383 1782 1453 1821 ne
1490 1763 1615 1834 quis
1650 1778 1750 1819 sua
1788 1761 1899 1816 vir-

1997 574 2201 631 Pereat
2220 576 2289 633 dc
2314 586 2462 633 terra
2487 582 2747 636 memoria
2775 598 2963 640 eorum
2981 626 2999 653 ,
3030 587 3124 656 qui
3150 602 3276 645 eum
3303 587 3389 644 vel
3418 590 3586 646 Deum

1999 664 2083 720 vel
2122 665 2398 722 hominem
2426 684 2547 724 esse
2576 686 2769 727 verum
2798 674 3091 747 denegant.

2073 756 2211 823 Quia
2232 768 2337 814 tres
2358 770 2480 814 sunt
2500 762 2591 831 qui
2610 764 2961 820 testimonium
2982 768 3112 823 dant
3128 811 3143 835 ,
3171 769 3423 841 Spiritus,
3448 789 3591 844 aqua

1998 860 2049 907 et
2073 852 2308 923 sanguis.
2338 852 2578 924 Spiritus
2606 856 2754 913 dedit
2777 858 3149 917 testimonium
3168 903 3184 929 ,
3214 864 3472 933 quoniam
3500 862 3588 919 Je-

1999 958 2095 999 sus
2123 952 2208 1000 est
2228 944 2432 1002 veritas
2453 984 2469 1010 ,
2501 946 2594 1016 qui
2622 962 2787 1017 super
2820 948 3155 1021 baptizatum
3188 954 3492 1011 descendit.
3530 953 3588 1010 Si

1998 1035 2144 1092 enim
2173 1050 2337 1093 verus
2350 1034 2521 1093 Filius
2538 1036 2634 1095 Dei
2658 1055 2769 1095 non
2793 1049 2969 1106 esset,
3004 1057 3350 1115 nequaquam
3378 1045 3433 1101 in
3460 1061 3586 1102 eum

2002 1134 2150 1182 tanta
2176 1125 2616 1187 manifestatione
2634 1132 2873 1202 Spiritus
2906 1143 3129 1192 sanctus
3164 1137 3397 1193 veniret.
3427 1138 3583 1208 Aqua

2000 1217 2166 1273 etiam
2201 1226 2263 1274 et
2295 1220 2522 1289 sanguis
2549 1221 2748 1276 dedere
2780 1224 3186 1292 testimonium,
3218 1228 3473 1301 quoniam
3500 1226 3589 1285 Je-

2000 1324 2094 1364 sus
2132 1319 2220 1364 est
2264 1310 2506 1376 veritas,
2543 1312 2801 1382 quoniam
2845 1315 2914 1371 de
2952 1315 3125 1373 latere
3167 1315 3287 1387 ejus
3327 1319 3383 1374 in
3424 1334 3589 1376 cruce

1999 1399 2202 1455 mortui
2231 1408 2548 1459 manarunt.
2580 1400 2736 1469 Quod
2779 1404 3091 1461 nullatenus
3132 1405 3251 1463 ﬁeri
3289 1416 3507 1478 posset,
3540 1410 3586 1466 si

1999 1504 2187 1547 veram
2211 1492 2394 1561 carnis
2419 1500 2672 1551 naturam
2697 1507 2806 1548 non
2832 1494 3078 1552 haberet.
3105 1495 3211 1553 Sed
3235 1499 3417 1557 ethoc
3436 1501 3588 1571 quod

1976 1592 2128 1653 ante
2152 1585 2499 1654 passionem,
2531 1602 2656 1643 cum
2684 1598 2897 1655 oraret,
2931 1589 3110 1651 factus
3136 1600 3223 1648 est
3261 1594 3432 1651 sudor
3466 1593 3588 1663 ejus

1999 1674 2143 1753 sicut
2167 1683 2336 1754 guttis
2372 1677 2688 1748 sanguinis,
2719 1680 3063 1739 decurrentis
3087 1683 3143 1739 in
3174 1692 3381 1741 terram
3401 1724 3418 1752 ,
3445 1686 3588 1742 veri-

2003 1766 2097 1819 tati
2134 1768 2318 1823 carnis
2346 1778 2637 1839 assumpta:
2666 1772 3035 1828 testimonium
3066 1775 3177 1832 dat.
3209 1775 3324 1834 Nec
3352 1779 3587 1834 reticen-

316 1873 430 1920 tute
458 1841 646 1927 mundi
671 1860 757 1917 vel
797 1859 956 1917 luxus
982 1858 1069 1915 vel
1096 1857 1312 1915 labores
1341 1871 1403 1913 se
1445 1868 1705 1925 superare
1736 1865 1897 1924 posse
1924 1841 1972 1900 Β
1999 1855 2127 1910 dum
2166 1857 2312 1927 quod
2347 1858 2401 1913 in
2456 1859 2560 1918 hoc
2587 1875 2806 1931 quoque
2831 1864 3052 1934 sanguis
3080 1873 3137 1921 et
3162 1881 3303 1937 aqua
3345 1867 3586 1925 testimo-

313 1956 643 2021 contlderet,
674 1953 922 2012 consulte
949 1950 1226 2022 subjungit
1252 1970 1267 2006 :
1850 2000 1857 2009 ,
1997 1947 2150 2003 nium
2178 1947 2256 2003 illi
2283 1948 2585 2017 dederunt,
2615 1952 2760 2021 quod
2789 1953 2860 2009 de
2887 1952 3062 2010 latere
3093 1956 3293 2015 mortui
3323 1958 3588 2015 vivaciter

383 2049 455 2107 Et
488 2050 602 2106 Itth
627 2057 704 2107 est
734 2047 954 2103 uictoria
974 2062 1093 2116 qua:
1125 2045 1282 2100 vincit
1313 2043 1605 2109 mundum,
1635 2041 1895 2111 ﬁdesno-
1996 2038 2355 2107 eliluxerunt,
2398 2042 2545 2112 quod
2591 2052 2713 2103 erat
2759 2054 2954 2102 contra
3003 2055 3257 2103 naturam
3305 2050 3586 2121 corporis,

312 2154 448 2199 stra.
479 2140 575 2197 Illa
604 2139 862 2197 nimirum
891 2138 1026 2195 ﬁdes
1047 2177 1062 2204 ,
1090 2152 1213 2208 qua:
1250 2150 1348 2206 per
1385 2133 1729 2195 dilectionem
1769 2146 1899 2201 ope-
1997 2137 2159 2201 atque
2184 2130 2257 2187 ob
2286 2131 2644 2204 idmysteriis
2669 2143 2885 2205 aptum,
2912 2145 2972 2193 et
2999 2138 3313 2197 testimonio
3333 2142 3585 2200 veritatis

313 2242 505 2301 ratur;
535 2233 626 2290 illa
649 2231 805 2298 ﬁdes,
828 2246 935 2301 qua
958 2231 1077 2301 ejus
1101 2228 1379 2286 humiliter
1401 2225 1664 2283 auxilium
1690 2222 1899 2295 ﬂagita-
1992 2218 2098 2276 fuit
2147 2236 2450 2293 congruunt
2491 2221 2511 2297 (
2535 2226 2700 2286 Joan.
2748 2226 2894 2294 xu).
2930 2228 3229 2297 Videlicet,
3260 2230 3547 2289 insinuans
3568 2274 3585 2300 ,

314 2342 466 2390 mus,
512 2324 602 2395 qui
644 2324 759 2379 ait:
804 2322 891 2378 In.
913 2322 1110 2379 mundo
1149 2337 1453 2393 pressurattt
1481 2318 1769 2383 habebitis,
1804 2316 1896 2372 sed
1997 2313 2142 2385 quod
2170 2324 2225 2370 ct
2254 2314 2433 2386 ipsum
2461 2315 2683 2376 Domini
2711 2332 2947 2389 corpus,
2976 2321 3175 2378 melius
3201 2331 3329 2394 post
3351 2331 3586 2381 mortem

313 2418 717 2488 conﬁdite,ego
748 2416 847 2472 vici
876 2414 1133 2471 mundum
1161 2412 1364 2486 (Joan.
1397 2411 1539 2483 xvi).
1997 2413 2159 2466 esset.
2198 2406 2509 2475 victurum,
2565 2411 2953 2475 resuscitatum
3007 2413 3064 2468 in
3113 2413 3315 2486 gloria,
3364 2422 3424 2470 et
3470 2415 3586 2486 ipsa

386 2508 517 2575 Quis
542 2519 617 2563 est
640 2516 814 2562 autem
839 2508 928 2577 qui
956 2505 1113 2560 vincit
1147 2503 1438 2569 mundum,
1465 2503 1569 2564 nisi
1611 2503 1703 2573 qui
1728 2503 1892 2558 credit
1994 2515 2145 2557 mors
2176 2499 2322 2557 illius
2350 2499 2510 2559 nobis
2534 2501 2709 2557 vitam
2734 2502 2980 2561 donaret.
3025 2503 3140 2561 Hoc
3178 2520 3399 2576 quoque
3437 2507 3583 2576 quod

310 2601 561 2672 quoniam
585 2598 743 2655 Iesus
775 2606 852 2653 est
889 2595 1063 2657 Filius
1093 2595 1191 2651 Dei
1216 2594 1452 2651 ?‘\’incit
1486 2594 1768 2659 mundum,
1801 2596 1893 2665 φὶ
1994 2591 2161 2647 sudor
2186 2591 2309 2662 ejus
2336 2591 2519 2647 instar
2538 2600 2816 2663 guttarum
2856 2594 3139 2664 sanguinis
3176 2595 3505 2652 decurrebat
3533 2596 3587 2652 in

311 2690 499 2751 Jcsum
531 2688 855 2749 esseliiliuru
898 2688 1001 2746 Dei
1028 2688 1294 2753 credens,
1340 2686 1503 2758 digna
1544 2687 1722 2743 eidem
1766 2687 1895 2743 ﬁdei
1997 2677 2232 2746 terrai,
2266 2681 2639 2738 testimonium
2684 2683 3007 2761 perhibebat
3052 2684 3194 2753 illis,
3235 2696 3587 2743 sacrosancto

311 2798 480 2856 opera
520 2783 719 2856 jungit.
760 2782 867 2839 Sed
900 2782 1148 2853 nunquid
1181 2780 1297 2837 sola
1334 2780 1639 2836 divinitatis
1675 2780 1795 2851 ejus
1828 2779 1894 2834 ti-
1997 2772 2291 2843 mysterio.
2338 2773 2482 2842 quod
2531 2772 2833 2830 Ecclesiam
2875 2783 3080 2843 totam,
3122 2789 3223 2849 per
3258 2778 3450 2835 abem
3487 2792 3588 2836 suo

309 2877 445 2944 des,
480 2886 543 2935 et.
568 2876 841 2935 confessio
876 2876 1021 2933 valet
1056 2876 1125 2932 ad
1161 2875 1388 2932 salutem
1435 2871 1737 2941 suillcere‘;
1774 2872 1896 2933 vide
1992 2864 2261 2935 sanguine
2289 2863 2518 2920 levaret.

310 2969 635 3040 sequentia,
1170 3024 1175 3029 ‘
1904 3016 1911 3021 _
1982 2988 1985 2991 ν
2065 2954 2137 3009 Et
2161 2966 2266 3010 tres
2288 2963 2614 3012 unum-sunt.
2637 2954 2916 3012 lndividua
2935 2973 3174 3030 namque
3191 2959 3309 3017 haec
3332 2970 3585 3029 manent,

384 3059 488 3116 Hic
517 3070 597 3117 est
629 3062 718 3133 qui
750 3060 889 3116 venit
925 3076 1020 3131 per
1053 3075 1247 3131 mam
1282 3068 1332 3114 et
1366 3058 1708 3130 sanguinem,
1735 3054 1895 3112 Iesus

1999 3043 2239 3115 nihilque
2276 3059 2467 3101 eorum
2512 3060 2545 3101 a
2588 3045 2673 3101 sui
2703 3046 3045 3103 connexione
3075 3047 3402 3121 sejungitur,
3447 3051 3583 3121 quia

311 3148 575 3206 Christus.
616 3150 718 3218 Qui
754 3166 885 3221 ergo
922 3157 1043 3206 erat
1076 3157 1316 3206 stemus
1346 3149 1442 3205 Dei
1466 3142 1505 3199 Ε
1510 3147 1667 3211 ilius,
1717 3145 1894 3203 factus
1927 3206 1965 3221 Α
1986 3151 2103 3221 nec
2127 3137 2246 3194 sine
2273 3137 2559 3195 divinitate
2593 3153 2723 3195 vera
2762 3140 3112 3209 huntanitas,
3156 3159 3259 3199 nec
3293 3144 3415 3200 sine
3453 3160 3583 3206 vera
3646 3172 3663 3188 -

309 3252 397 3299 est
427 3242 590 3298 homo
625 3206 684 3300 in
721 3206 960 3313 tempore
978 3281 994 3308 ,
1032 3249 1094 3296 ut
1126 3255 1265 3313 quos
1304 3254 1405 3310 per
1434 3206 1735 3295 divinitatis
1780 3251 1894 3293 suae
1921 3206 1968 3270 (ἶ
1994 3220 2267 3285 credenda
2293 3229 2740 3286 estbumanitate
2761 3230 3049 3290 divinitas.
3070 3206 3178 3289 Sed
3207 3234 3323 3291 haec
3344 3235 3401 3291 in
3426 3238 3587 3294 nobis

307 3334 609 3406 potentiam
636 3341 949 3395 creaverat,
972 3348 1070 3404 per
1093 3331 1449 3389 humanitatis
1474 3347 1587 3388 sua:
1610 3330 1895 3386 infirmita—

1999 3334 2169 3375 unum
2198 3326 2357 3385 sunt,-
2386 3334 2497 3375 non
2528 3328 2726 3377 natum
2768 3321 3010 3392 ejusdem
3056 3324 3456 3394 subsistentiis,
3489 3329 3587 3384 sed

309 3434 422 3480 [em
452 3433 745 3480 recrearet.
781 3423 884 3491 Qui
912 3424 1064 3481 venit
1091 3438 1190 3493 per
1216 3436 1417 3493 aquam
1445 3431 1502 3478 et
1537 3423 1855 3494 “agninam
1873 3462 1889 3487 ν
1994 3407 2236 3479 81086801
2265 3410 2582 3481 operatione
2610 3412 2876 3485 mystcrii.
2900 3412 3036 3469 Nam
3064 3414 3211 3472 sicut
3236 3417 3433 3475 beatus
3453 3418 3585 3475 Am-

307 3529 507 3585 εκιιιω
552 3514 804 3571 videlicet
854 3514 1058 3570 lavacri
1078 3554 1094 3580 ,
1143 3521 1200 3569 ει
1246 3512 1583 3582 sanguinem.
1613 3527 1729 3568 sua;
1772 3527 1895 3581 pas.
1994 3499 2209 3558 brosius
2240 3501 2356 3556 ait:
2390 3500 2630 3572 Spiritus
2652 3511 2891 3561 mentem
2917 3514 3179 3573 renovat,
3206 3522 3347 3578 aqua
3372 3509 3588 3578 prolicit

308 3608 504 3664 Bionis.
736 3660 743 3667 ,
1995 3594 2063 3648 ad
2085 3592 2361 3650 lavacrum
2378 3636 2391 3654 .
2412 3596 2633 3667 sanguis
2655 3604 2939 3667 exspectat
2958 3597 3026 3653 ad
3058 3599 3320 3667 pretium.
3345 3598 3584 3672 Spiritus

382 3699 511 3756 Non
538 3700 596 3755 in
620 3714 761 3771 aqua
787 3698 958 3755 solum
974 3730 999 3764 ,-
1020 3698 1115 3754 sed
1136 3699 1194 3753 in
1224 3705 1437 3769 aqua-et
1464 3696 1740 3767 sanguine.
1773 3693 1892 3750 Non
1986 3686 2147 3748 enim
2163 3702 2267 3743 nos
2278 3702 2375 3758 per
2400 3689 2746 3760 adoptionem
2774 3689 2915 3745 filios
2935 3690 3031 3771 Dei
3058 3691 3222 3758 fecit;
3254 3693 3394 3748 sacri
3419 3692 3585 3750 fontis

190 3762 234 3843 ί
305 3791 363 3847 in
399 3807 541 3861 aqua
578 3762 753 3847 solum
788 3762 1053 3862 baptizari
1086 3762 1313 3860 propter
1359 3762 1602 3844 nostra};
1651 3788 1891 3844 abluuo,
1995 3781 2138 3835 unda
2163 3796 2263 3836 nos
2292 3782 2482 3838 abluit.
2525 3784 2748 3853 sanguis
2778 3768 2992 3839 Domini
3020 3799 3124 3840 nos
3151 3785 3404 3841 redemit.
3440 3785 3586 3845 Alte-

307 3900 435 3941 nem
463 3885 716 3957 dignatus
755 3891 883 3951 est,
918 3891 982 3938 ut
1019 3881 1462 3959 nobisbaptismi
1490 3889 1893 3936 sacramentum
1996 3887 2120 3928 rum
2150 3872 2317 3943 igitur
2345 3873 2649 3940 invisibile,
2683 3875 2915 3930 alterum
2942 3874 3175 3943 visibile,
3209 3877 3579 3934 testimonium

309 3982 661 4030 consecraret
704 3989 771 4030 ac
818 3974 1088 4040 traderet,
1142 3987 1333 4029 verum
1366 3972 1533 4028 etiam
1567 3970 1890 4043 sanguinem
1995 3974 2346 4027 sacramento
2371 3966 2729 4035 consequitur
2755 3967 3007 4038 spiritali.

308 4081 469 4123 suum
505 4066 654 4125 dedit
683 4081 785 4137 pro
822 4066 1016 4132 nobis,
1052 4080 1150 4121 sua
1186 4079 1287 4120 nos
1321 4063 1574 4134 passione
1618 4062 1885 4127 redemit,

2068 4072 2131 4130 Si
2174 4074 2528 4130 testimonium
2569 4077 2840 4130 hominum
2870 4080 3166 4149 accepimus
3186 4121 3200 4146 ,
3228 4080 3583 4136 testimonium

307 4158 475 4230 enim
508 4161 868 4219 sacramentis
914 4176 1132 4232 semper
1172 4159 1399 4226 refecti,
1447 4157 1783 4214 nutriremur
1823 4155 1893 4211 ad
1993 4162 2099 4217 Dei
2135 4164 2313 4234 majus
2357 4174 2455 4219 cst.
2504 4164 2769 4231 Quoniam
2816 4167 2919 4220 hoc
2957 4177 3032 4221 est
3086 4170 3438 4223 testimonium
3487 4171 3584 4226 Dei

308 4251 565 4309 salutem.
616 4268 630 4280 ’
1034 4290 1035 4293 η

380 4343 453 4398 Et
478 4342 709 4417 Spiritus
723 4353 799 4400 est
815 4345 905 4416 qui
929 4345 1263 4415 testiﬁcatur,
1284 4343 1535 4415 quoniam
1556 4341 1797 4397 Christus
1806 4350 1892 4396 est

309 4435 521 4491 acritas.
544 4436 826 4507 Baptizati)
848 4437 904 4491 in
928 4434 1165 4493 Jordane
1190 4436 1440 4500 Domino,
1467 4434 1743 4490 descendit
1771 4434 1893 4503 Spi-

311 4528 452 4584 ritus
484 4536 709 4585 sanctus
740 4528 797 4583 in
832 4529 1013 4599 specie
1047 4527 1312 4584 columbae
1350 4542 1515 4597 super
1548 4541 1706 4591 eum,
1740 4526 1893 4581 testi-

310 4619 553 4673 monium
589 4619 666 4674 illi
702 4619 998 4689 perlubens
1049 4619 1178 4689 quia
1233 4619 1439 4683 veritas
1469 4625 1590 4683 est,
1626 4619 1731 4673 hoc
1766 4625 1888 4683 est,

310 4725 475 4765 verus
503 4707 814 4777 DeiFilius,
851 4725 1015 4766 verus
1045 4710 1317 4766 mediator
1349 4710 1445 4765 Dei
1479 4717 1536 4765 et
1573 4710 1852 4765 hominum
1874 4749 1890 4776 ,

310 4816 476 4856 verus
513 4801 733 4856 humani
781 4801 998 4873 generis
1038 4801 1356 4872 redemptor
1398 4816 1463 4857 ac
1507 4800 1893 4857 reconciliator

311 4896 330 4964 (
358 4892 548 4948 Matth.
579 4910 638 4948 ιιι
664 4894 703 4964 ).
746 4893 887 4949 Vere
924 4894 1041 4966 ipse
1074 4894 1313 4949 mundus
1341 4894 1410 4950 ab
1437 4892 1584 4948 omni
1612 4892 1736 4948 labe
1760 4907 1890 4962 pec-

309 4983 456 5048 cati,
504 4999 631 5041 vere
675 4983 950 5041 suiliciens
994 4983 1182 5039 tollere
1225 4991 1448 5054 peccata
1489 4982 1698 5037 mundi.
1737 4980 1892 5048 Quod

307 5076 474 5132 etiam
516 5076 632 5147 ipse
662 5077 911 5148 Baptista
950 5077 1066 5132 viso
1097 5075 1342 5145 ejusdem
1369 5075 1610 5146 Spiritus
1656 5074 1891 5129 adventu

311 5167 620 5239 intelligens
647 5168 760 5223 ait:
797 5167 901 5233 Qui
931 5184 1012 5222 me
1039 5168 1181 5222 misit
1212 5168 1482 5237 baptizare
1513 5168 1569 5220 in
1598 5181 1770 5238 aqua,
1806 5163 1895 5220 illo

311 5259 440 5314 mihi
468 5259 602 5313 dixit
626 5299 642 5325 ,
681 5275 839 5330 super
871 5275 1023 5331 quem
1061 5258 1250 5314 videris
1286 5256 1543 5328 Spiritum
1579 5255 1896 5317 descendat-.-

310 5360 413 5405 tem
450 5359 499 5404 et
532 5360 830 5405 manentem
858 5366 1017 5421 super
1040 5365 1159 5404 eum
1179 5390 1195 5415 ,
1225 5350 1313 5402 hic
1335 5356 1414 5402 est
1444 5348 1534 5418 qui
1568 5347 1803 5417 baptizat
1838 5345 1895 5399 in

310 5438 517 5511 Spiritu
543 5448 750 5501 sancto,
781 5448 829 5493 et
864 5455 959 5509 ego
988 5439 1095 5493 uidi
1117 5477 1132 5503 ,
1160 5446 1207 5491 et
1240 5438 1595 5491 testimonium
1623 5435 1890 5506 perhibui,

308 5533 437 5601 quia
463 5531 550 5587 ωε
577 5540 652 5587 est
684 5529 861 5586 Filius
887 5531 987 5586 Dei
1014 5531 1198 5601 (Joan.
1227 5529 1300 5600 1).
1328 5529 1484 5597 Quod
1510 5543 1643 5597 ergo
1669 5529 1897 5598 spiritus

309 5622 505 5678 Jesum
518 5622 794 5678 Christum
813 5636 936 5677 esse
955 5620 1242 5674 veritatem
1266 5628 1517 5683 testatur,
1540 5619 1655 5688 ipse
1674 5633 1735 5674 se
1756 5618 1900 5673 veri-

312 5724 485 5771 tatem
512 5714 882 5784 cognominat.
913 5712 1157 5783 Baptista
1196 5711 1344 5765 illum
1384 5711 1669 5766 veritatem
1707 5710 1899 5781 prandi?

313 5818 437 5877 cat,
486 5808 633 5867 [ilius
681 5808 907 5864 tonitrui
941 5808 1227 5862 veritatem
1264 5806 1628 5876 evangelizat.
1662 5806 1900 5864 Tarcant

1994 4255 2133 4327 quod
2170 4255 2349 4324 majus
2385 4263 2463 4309 est
2483 4295 2497 4320 ,
2526 4264 2634 4311 etc.
2680 4256 2930 4325 Magnum
2973 4266 3058 4312 est
3085 4259 3450 4315 testimonium
3482 4263 3582 4316 ho-

1996 4345 2160 4400 minis
2184 4385 2199 4411 ,
2225 4345 2369 4415 quod
2398 4343 2882 4417 perhihetdeFtlio
2911 4347 3003 4402 Dei
3034 4348 3259 4405 dicens:
3292 4349 3442 4406 Dixit
3472 4352 3583 4406 Do-

1997 4436 2170 4490 minus
2195 4434 2420 4490 Domino
2436 4452 2568 4501 meo,
2593 4434 2729 4491 Sede
2755 4452 2788 4490 a
2814 4438 3012 4492 dextris
3042 4440 3172 4494 meis
3205 4440 3377 4510 (Psal.
3438 4444 3578 4515 cui).

1998 4526 2067 4582 Et
2092 4543 2160 4583 ex
2188 4540 2419 4596 persona
2448 4526 2593 4582 illius
2619 4526 2712 4581 ﬁlii
2743 4527 2838 4582 Dei
2870 4546 2882 4582 :
2915 4528 3170 4584 Dominus
3200 4530 3335 4584 dixit
3358 4530 3429 4585 ad
3457 4547 3540 4587 me
3561 4547 3580 4585 :

1952 4613 1969 4647 -’
2000 4615 2178 4670 Filius
2228 4632 2377 4671 meus
2407 4630 2460 4672 ss
2510 4627 2569 4671 tu
2602 4613 2796 4689 (.Psul:
2825 4633 2864 4672 ιι
2894 4617 2936 4692 ).
2986 4618 3230 4690 Itemque
3255 4637 3321 4676 ex
3354 4637 3584 4692 persona

2001 4709 2171 4778 patris
2196 4708 2469 4779 loquentis
2497 4709 2563 4765 de
2604 4709 2758 4764 tilio:
2808 4709 2930 4781 Ipse
2973 4711 3230 4768 invocabit
3274 4731 3389 4782 me,
3420 4714 3584 4770 Pater

2001 4818 2147 4856 meus
2192 4818 2248 4856 es
2300 4811 2392 4867 tu,
2438 4800 2583 4859 Deus
2623 4818 2770 4857 meus
2822 4812 2868 4857 et
2908 4813 3176 4875 susceptor
3219 4804 3412 4861 salutis
3451 4822 3581 4863 mere

2001 4892 2021 4963 (
2046 4890 2195 4947 Psai.
2226 4908 2467 4948 Lxxxvnt
2492 4891 2535 4964 ).
2571 4891 2735 4947 Pater
2765 4908 2951 4959 meus,
2993 4895 3122 4964 quia
3148 4894 3304 4967 εεοΕ
3310 4896 3434 4953 ilius
3465 4896 3582 4952 Dei.

2000 4985 2145 5039 Deus
2175 4999 2361 5047 mcus,
2392 4984 2519 5054 quia
2549 4999 2650 5055 ego
2678 4985 2865 5049 homo,
2897 4994 3182 5056 susceptor
3206 4986 3400 5043 salutis
3428 5001 3585 5052 metu,

2002 5074 2128 5143 quia
2175 5088 2275 5144 ego
2319 5088 2582 5143 passurus
2627 5081 2684 5128 et
2718 5089 2749 5127 a
2786 5086 2961 5129 morte
2999 5075 3297 5133 salvandus
3336 5094 3476 5133 sum.
3522 5078 3590 5131 Et

2002 5180 2111 5235 ego
2130 5164 2551 5235 primogenitum
2580 5180 2777 5235 ponam
2810 5165 2994 5230 illum,
3024 5168 3301 5223 excelsum
3343 5185 3453 5239 prce
3496 5185 3585 5223 rc-

2000 5258 2160 5330 gibus
2203 5265 2382 5311 teme.
2436 5255 2685 5326 Magnum
2737 5258 2841 5313 hoc
2886 5259 3289 5325 testimonium,
3331 5241 3494 5316 verax
3533 5266 3589 5313 et

2001 5348 2153 5405 ontni
2182 5346 2499 5415 acceptione
2524 5347 2766 5418 dignum.
2810 5348 2925 5405 Hoc
2961 5351 3333 5406 testimonium
3378 5352 3471 5405 Dei
3501 5360 3589 5406 est

1993 5436 2223 5502 deFilio,
2253 5438 2350 5493 sed
2373 5437 2545 5495 multo
2570 5438 2746 5508 majus
2772 5448 2858 5496 est
2887 5441 3253 5497 testimonium
3282 5442 3411 5506 Dei,
3440 5442 3588 5512 quod

2000 5528 2325 5609 testiﬁcatus
2351 5536 2440 5585 est
2480 5528 2594 5597 ipse
2623 5530 2691 5584 de
2720 5530 2833 5586 ﬁlio
2861 5546 2994 5597 suo,
3022 5547 3146 5587 cum
3175 5532 3243 5586 de
3270 5530 3407 5586 caelo
3437 5531 3584 5586 illum

2001 5621 2303 5693 alloquens,
2330 5620 2438 5675 ait:
2468 5619 2545 5673 Tu
2568 5638 2624 5676 es
2648 5618 2821 5677 Filius
2848 5638 2993 5677 meus
3012 5621 3257 5686 dilectus,
3284 5621 3341 5674 in
3364 5631 3414 5675 te
3437 5640 3584 5677 com-

2002 5715 2200 5786 placuit
2230 5713 2357 5767 mihi
2393 5712 2628 5784 (Matth.
2656 5730 2753 5777 ιιι,
2786 5715 2847 5769 Π
2874 5714 2913 5785 ).
2949 5713 3201 5784 Magnum
3232 5722 3317 5768 est
3345 5716 3594 5771 testimo'

2006 5806 2154 5861 nium
2203 5801 2595 5869 Praecursoris,
2644 5803 2788 5873 quod
2840 5802 2932 5859 Dei
2956 5800 3094 5859 Filio
3137 5803 3429 5875 perhilnns
3466 5807 3583 5861 ait:
