3978 6436
224 347 330 406 281

1069 348 1588 407 COLLECTIONES
1625 349 1691 405 IN
1731 350 2113 409 EPISTOLAS
2150 354 2240 411 ET
2278 355 2694 415 EVANGELIA.

3411 366 3518 424 283

225 472 285 518 et
313 463 370 517 in
397 459 555 519 nobis
575 469 663 518 est
683 459 861 518 futura
884 459 1191 534 signiﬁcat,
1211 463 1340 532 quia
1361 478 1468 518 non
1493 462 1635 519 sicut
1654 462 1820 534 Euty-
1851 465 1902 524 Α
1925 472 2049 533 post
2078 468 2533 525 resurrectionem
2557 471 2768 528 Domini
2803 481 3054 543 patenter
3078 486 3424 548 acceperunt,
3462 489 3523 534 ut

228 558 394 614 chius
420 553 1042 625 Constantinopolitana:
1069 553 1218 610 urbis
1253 554 1539 626 episcopus
1568 554 1785 626 scriplit
1809 571 1822 608 :

235 649 481 722 «Corpus
504 658 755 714 nostrum
775 649 828 704 in
852 646 941 702 illa
965 646 1379 703 resurrectionis
1402 646 1573 717 gloria
1595 647 1700 702 erit
1729 646 1828 700 im-

228 741 501 814 palpubile
519 783 535 808 ,
565 739 744 796 ventis
769 753 1003 810 aereque
1031 737 1301 793 subtilius.
1335 736 1392 792 In
1423 737 1512 792 illa
1541 737 1686 791 enim
1736 752 1824 792 re-

228 833 590 890 surrectionis
604 833 773 906 gloria
788 833 896 888 erit
911 847 1110 902 corpus
1125 839 1375 887 nostrum
1395 830 1592 886 subtile
1607 829 1823 900 quidem

230 944 336 999 per
376 927 629 984 ell’ectum
676 925 976 998 spiritualis
1015 925 1326 996 potentias,
1350 923 1445 979 sed
1477 933 1532 979 et
1557 922 1825 996 palpabile

226 1033 328 1088 per
355 1017 642 1072 veritatem
670 1025 898 1070 naturae.
931 1035 949 1068 ι
980 1013 1166 1084 Neque
1196 1013 1323 1070 huic
1350 1012 1637 1068 assertioni
1663 1021 1822 1085 pute-

229 1114 324 1160 tur
347 1105 592 1177 Apostoli
617 1121 800 1161 sermo
830 1119 1166 1176 repugnare,
1195 1104 1323 1174 quia
1350 1119 1479 1159 caro
1515 1111 1571 1158 ct
1603 1105 1824 1175 sanguis

229 1209 457 1264 regnum
499 1193 594 1250 Dei
637 1211 744 1251 non
783 1195 1158 1267 possidebunt.
1199 1193 1318 1250 Hoc
1353 1194 1499 1250 enim
1533 1193 1654 1249 loco
1679 1193 1822 1265 Apo-

227 1292 398 1349 stolus
425 1294 608 1350 carnis
633 1301 688 1349 et
712 1292 992 1363 sanguinis
1031 1291 1249 1347 nomine
1268 1333 1284 1358 ,
1313 1307 1420 1346 non
1459 1289 1822 1346 substantiam

227 1384 344 1438 veri
369 1383 649 1454 corporis,
691 1383 786 1439 sed
826 1383 1231 1454 corruptionem
1270 1381 1620 1438 mortalitatis
1655 1381 1822 1453 signi-

226 1474 378 1542 ﬁcat,
405 1475 547 1531 sicut
573 1475 688 1547 ipse
709 1483 1108 1546 consequenter
1132 1475 1425 1546 exposuit,
1452 1475 1679 1533 dicens:
1708 1474 1820 1531 Ne-

222 1583 326 1638 que
363 1568 628 1638 corruptio
655 1567 1063 1638 incorruptelam
1085 1567 1386 1638 possidebit.

298 1657 441 1716 Dicit
469 1676 592 1730 ergo
616 1661 690 1715 eis
711 1659 902 1716 iterum
927 1674 946 1712 :
979 1656 1100 1714 Pax
1139 1661 1301 1716 vobis.
1348 1659 1450 1732 (Ex
1479 1659 1668 1732 Greg.)
1706 1657 1815 1714 Ite-

225 1752 369 1807 ratio
422 1751 693 1807 sermonis
739 1751 1080 1808 conﬁrmatio
1120 1760 1222 1808 est.
1273 1751 1428 1820 Quod
1461 1759 1646 1806 autem
1685 1751 1816 1807 dicit

1928 557 2187 628 prodesse
2212 577 2320 616 non
2355 563 2544 632 paucis
2572 565 2667 620 sed
2694 566 2938 636 pluribus
2962 577 3203 638 possent.

2001 649 2226 706 Thomas
2255 664 2430 708 autem
2453 671 2590 711 unus
2617 657 2682 713 de
2701 658 2996 725 duodecim,
3027 662 3118 732 qui
3139 663 3334 718 dicitur
3355 664 3524 738 Didgo

1925 757 2065 808 mus,
2095 761 2198 798 non
2223 755 2359 812 erat,
2401 754 2506 803 etc.
2541 747 2643 820 (Ex
2669 748 2858 822 Greg.)
2907 750 3014 807 Iste
3057 769 3197 807 unus
3224 755 3522 826 discipulus

1925 836 2118 900 deluit,
2147 853 2422 905 reversus,
2469 841 2613 909 quod
2645 851 2856 910 gestum
2901 849 3010 908 est,
3062 845 3288 911 audivit,
3337 847 3519 902 audita

1923 927 2147 983 credere
2178 928 2380 984 renuit.
2419 927 2579 985 Venit
2610 931 2807 987 iterum
2837 932 3122 1001 Dominus,
3165 944 3221 990 et
3261 952 3367 992 non
3402 953 3522 994 cre-

1923 1016 2070 1073 denti
2120 1019 2415 1090 discipulo,
2460 1022 2604 1078 latus
2650 1023 2980 1094 palpandum
3024 1027 3274 1096 praebuit,
3325 1045 3521 1086 manus

1919 1109 2179 1176 ostendit,
2216 1121 2272 1166 et
2299 1121 2516 1169 ostensa
2546 1131 2768 1172 suorum
2813 1117 3099 1174 vulnerum
3130 1119 3404 1184 cicatrice,
3438 1123 3521 1178 in-

1920 1200 2200 1260 ﬁdelitatis
2228 1206 2373 1263 illius
2397 1209 2594 1266 vulnus
2627 1212 2860 1267 sanavit.
2894 1211 3054 1280 Quid,
3088 1212 3289 1270 fratres
3315 1216 3522 1271 charis.

1919 1292 2063 1360 simi,
2099 1295 2231 1364 quid
2273 1296 2416 1352 inter
2451 1299 2567 1355 hzec
2597 1301 3073 1356 animadvertitis?
3097 1295 3350 1375 Nunquid
3388 1321 3515 1361 casu

1917 1395 2130 1458 gestum
2178 1390 2461 1459 creditur,
2521 1401 2582 1448 ut
2639 1393 2846 1451 electus
2901 1395 2990 1452 ille
3040 1395 3337 1466 discipulus
3385 1407 3515 1455 tunc

1917 1478 2154 1546 deesset,
2195 1489 2322 1552 post
2360 1483 2476 1540 haec
2502 1485 2729 1542 veniens
2765 1487 3004 1553 audiret,
3045 1489 3272 1544 audiens
3296 1488 3514 1545 dubita-

1917 1576 2023 1634 ret,
2054 1569 2306 1627 dubitans
2336 1573 2600 1644 palparct,
2643 1575 2870 1646 palpans
2913 1577 3207 1633 crederet?
3259 1577 3376 1634 Non
3407 1579 3514 1636 hoc

1915 1676 2067 1727 casu,
2100 1663 2193 1719 sed
2210 1663 2390 1720 divina
2415 1666 2817 1737 dispensatione
2845 1676 3056 1739 gestum
3085 1677 3188 1725 est.
3217 1669 3342 1741 Egit
3363 1687 3516 1726 nam-

1915 1768 2020 1823 que
2047 1755 2186 1810 miro
2206 1757 2365 1812 modo
2402 1773 2637 1828 superna
2663 1758 2974 1825 clementia,
3000 1768 3059 1814 ut
3083 1761 3382 1832 discipulus
3413 1763 3510 1817 du-

223 1843 462 1898 secundo
489 1861 502 1898 :
538 1842 654 1898 Pax
679 1843 840 1905 vobis,
877 1843 1118 1899 ostendit
1141 1841 1422 1914 paciﬁcata
1459 1857 1579 1898 esse
1603 1857 1723 1912 qua:
1760 1843 1815 1898 in
1844 1835 1892 1895 B
1918 1845 2121 1912 bitans,
2151 1848 2280 1903 dum
2308 1849 2553 1921 magistri
2579 1851 2664 1906 sui
2693 1850 2914 1906 vulnera
2945 1853 3194 1923 palparet
3220 1855 3424 1921 carnis,
3455 1854 3511 1910 in

221 1933 378 1990 cmlis
400 1942 528 1990 sunt
560 1943 614 1990 et
639 1950 758 2006 quae
787 1934 841 1990 in
871 1935 1032 1991 terris
1060 1952 1157 2007 per
1179 1934 1499 2006 sanguinem
1527 1949 1706 1990 suum.

299 2024 446 2080 Sicut
478 2025 619 2081 misit
643 2042 724 2080 me
759 2023 923 2082 Pater
955 2035 1003 2081 et
1028 2043 1122 2096 ego
1149 2026 1296 2081 mitto
1321 2042 1426 2081 vos.
1460 2023 1828 2081 PalchiIium

223 2114 410 2182 misit,
457 2115 550 2186 qui
599 2115 743 2172 hunc
777 2130 875 2186 pro
907 2115 1281 2186 redemptione
1335 2116 1550 2186 generis
1592 2116 1814 2172 humani

222 2205 492 2261 incarnari
521 2209 824 2264 constituit.
875 2205 1046 2275 Quem
1077 2206 1363 2274 videlicet,
1415 2208 1468 2264 in
1495 2208 1698 2264 mundo
1724 2210 1816 2263 vei-

221 2297 342 2352 nire
371 2297 437 2352 ad
467 2297 774 2368 passionem
802 2299 992 2364 voluit,
1027 2298 1124 2354 scd
1173 2306 1356 2354 tamen
1397 2294 1810 2354 amavitFilium

221 2404 382 2458 quem
423 2388 491 2443 ad
537 2389 843 2458 passionem
885 2389 1053 2444 misit.
1106 2389 1321 2444 Eiectos
1365 2403 1495 2444 vero
1539 2387 1814 2458 apostolos

220 2479 480 2536 Dominus
508 2495 613 2536 non
653 2481 721 2535 ad
749 2480 935 2536 mundi
965 2480 1181 2551 gaudia,
1213 2481 1332 2546 sed,
1362 2479 1506 2535 sicut
1531 2480 1645 2550 ipse
1685 2481 1814 2536 mis-

220 2590 315 2629 sus
335 2583 417 2629 est
445 2574 512 2628 ad
539 2574 842 2645 passiones,
881 2574 934 2628 in
968 2571 1226 2630 mundum
1256 2573 1444 2629 mittit.
1497 2570 1652 2628 Sicut
1681 2585 1812 2644 ergo

218 2663 441 2723 etFilius
467 2677 683 2723 amatur
711 2684 742 2723 a
763 2666 945 2733 Patre,
975 2675 1030 2723 et
1055 2676 1234 2722 tamen
1262 2666 1331 2722 ad
1356 2665 1662 2738 passionem
1689 2667 1813 2722 mit-

220 2759 376 2825 titur,
413 2759 486 2814 ita
513 2767 569 2814 et
600 2759 849 2830 discipuli
875 2767 1129 2816 amantur
1166 2774 1197 2812 a
1227 2758 1478 2823 Domino,
1503 2757 1596 2828 qui
1628 2766 1810 2812 tamen

217 2853 286 2907 ad
315 2853 622 2923 passionem
648 2852 940 2906 mittuntur
965 2850 1023 2906 in
1052 2850 1334 2905 mundum.
1365 2849 1551 2920 Itaque
1575 2849 1804 2906 dicitur:

219 2941 366 2997 Sicut
389 2943 527 2997 misit
558 2959 639 2996 me
660 2939 846 3007 Pater,
875 2951 924 2996 et
949 2958 1042 3014 ego
1065 2942 1216 2996 mitto
1241 2959 1349 3006 vos,
1375 2941 1427 2996 id
1451 2950 1556 3006 est,
1588 2956 1651 2996 ea
1680 2941 1810 2996 cha-

219 3036 378 3090 ritate
401 3051 498 3090 vos
525 3035 690 3107 diligo
713 3075 728 3102 ,
764 3051 888 3091 cum
924 3035 1069 3090 inter
1095 3033 1350 3090 scandala
1395 3041 1806 3105 persecutorum

217 3125 392 3191 mitto,
433 3141 540 3197 qua
571 3141 658 3182 me
687 3125 958 3184 cbaritate
978 3122 1145 3182 Pater
1169 3124 1382 3197 diligit,
1428 3141 1590 3196 quem
1621 3125 1806 3182 venire

215 3218 285 3274 ad
313 3218 616 3274 tolerandas
640 3219 921 3290 passiones
949 3215 1097 3272 fecit.

289 3311 405 3366 Hoc
437 3328 557 3367 cum
586 3311 824 3377 dixisset,
855 3311 1133 3384 insuﬁiavit
1153 3350 1169 3374 ,
1202 3321 1249 3364 et
1274 3309 1401 3364 dicit
1430 3311 1507 3365 eis
1533 3324 1552 3363 :
1582 3308 1811 3383 Accipite

217 3401 475 3474 Spiritum
517 3412 777 3458 sanctum.
811 3400 1170 3469 Quaerendum
1203 3399 1360 3456 nobis
1412 3408 1526 3466 est,
1563 3401 1694 3471 quid
1729 3410 1814 3457 est

216 3493 362 3564 quod
386 3491 651 3562 Spiritum
699 3501 947 3549 sanctum
996 3491 1259 3546 Dominus
1301 3498 1508 3557 noster,
1553 3498 1610 3547 et
1641 3491 1810 3547 semel

216 3582 368 3639 dedit
395 3582 449 3637 in
478 3592 623 3639 terra
657 3585 994 3650 consistens,
1041 3591 1096 3640 et
1120 3583 1285 3639 semel
1319 3582 1457 3639 cmlo
1489 3583 1806 3654 praesidens.

217 3677 402 3748 Neque
427 3677 572 3732 enim
599 3675 704 3731 alio
727 3676 782 3730 in
807 3675 927 3732 loco
949 3673 1354 3746 datusSpiritus
1379 3683 1600 3731 sanctus
1620 3683 1809 3746 aperte

215 3775 571 3834 monstratur,
611 3767 716 3824 nisi
751 3775 914 3833 tunc,
954 3782 1080 3822 cum
1108 3781 1209 3838 per
1236 3765 1656 3822 insulﬂationem
1679 3781 1807 3838 per-

213 3863 435 3934 cipitur,
479 3869 537 3917 et
557 3861 900 3932 postmodum
936 3875 1061 3916 cum
1099 3861 1166 3916 de
1201 3859 1343 3915 caelo
1372 3859 1596 3915 veniens
1617 3859 1670 3914 in
1705 3859 1809 3916 lino

212 3953 336 4027 guis
380 3953 546 4008 variis
594 3952 1020 4008 demonstratur.
1065 3949 1176 4006 Cur
1204 3965 1335 4022 ergo
1375 3950 1530 4022 prius
1558 3950 1613 4005 in
1659 3959 1806 4006 terra

213 4045 490 4118 discipulis
513 4045 703 4111 datur,
737 4043 1082 4116 postmodum
1124 4041 1192 4098 de
1224 4042 1366 4097 caelo
1409 4042 1664 4106 mittitur,
1701 4042 1806 4098 nisi

212 4139 357 4212 quod
393 4139 500 4194 duo
547 4145 674 4194 sunt
716 4143 987 4206 praecepta
1032 4133 1336 4198 charitatis,
1373 4131 1591 4188 dilectio
1618 4131 1808 4186 videli-

212 4243 302 4290 cet
331 4230 427 4285 Dei
464 4238 520 4286 et
546 4227 824 4300 proximi?
848 4226 907 4282 In
938 4235 1087 4282 terra
1127 4225 1290 4280 datur
1319 4223 1566 4294 spiritus,
1596 4230 1656 4277 ut
1683 4221 1808 4278 dili-

211 4331 373 4396 gatur
397 4321 708 4393 proximus,
758 4319 898 4376 cmlo
927 4318 1109 4382 datur,
1142 4323 1203 4371 ut
1231 4315 1488 4387 diligatur
1517 4316 1677 4370 Deus.
1720 4314 1808 4371 Si-

211 4425 306 4473 cut
337 4429 466 4485 ergo
492 4427 598 4468 una
624 4420 708 4468 est
735 4410 976 4467 charitas
1007 4416 1081 4486 et
1107 4408 1214 4464 duo
1239 4415 1530 4478 praecepta,
1562 4406 1639 4460 ita
1664 4421 1806 4462 unus

211 4505 439 4576 spiritus
473 4510 531 4556 et
563 4501 668 4556 duo
713 4500 861 4556 data.
912 4495 1073 4554 Prius
1119 4511 1151 4552 a
1201 4495 1534 4552 consistente
1575 4495 1804 4551 Domino

209 4597 268 4651 in
290 4604 461 4660 terra,
487 4591 830 4664 postmodum
855 4591 910 4646 in
933 4588 1092 4654 caelo,
1123 4589 1252 4659 quia
1277 4587 1331 4643 in
1365 4587 1598 4658 proximi
1619 4583 1805 4643 amore

211 4689 464 4752 discitur,
499 4683 736 4754 qualiter
766 4679 1042 4754 perveniri
1071 4678 1270 4734 debeat
1307 4678 1375 4733 ad
1403 4690 1644 4733 amorem
1683 4677 1802 4734 Dei.

211 4780 542 4839 Insulﬁando
567 4775 895 4850 signiﬁcavit
907 4771 1172 4842 Spiritum
1199 4779 1470 4837 sanctum,
1495 4785 1603 4826 non
1629 4768 1810 4826 Patris

211 4871 383 4928 solius
409 4885 528 4926 esse
549 4867 819 4939 spiritum,
847 4863 942 4919 sed
969 4869 1025 4917 et
1054 4877 1233 4916 suum.

287 4961 526 5028 Quorum
553 4955 856 5012 remiseritis
872 4962 1109 5025 peccata,
1134 4951 1472 5006 remittuntur
1493 4951 1589 5014 eis,
1613 4958 1662 5004 et
1683 4967 1809 5022 quo-

213 5069 333 5107 rum
357 5048 697 5113 retinueritis,
729 5053 835 5102 etc.
869 5043 972 5117 (Ex
1000 5040 1190 5111 Beda.)
1220 5041 1360 5096 Ecce
1397 5040 1639 5096 charitas
1684 5056 1805 5110 qua:

213 5139 578 5215 perSpiritum
605 5144 850 5193 sanctum
878 5131 1199 5189 diffunditur
1225 5131 1280 5185 in
1305 5131 1556 5186 cordibus
1581 5131 1802 5196 nostris,

210 5230 540 5303 participem
565 5243 787 5284 suorum
814 5230 1036 5297 peccata
1077 5221 1321 5278 dimittit.
1366 5219 1569 5275 Eorum
1620 5229 1803 5276 autem

213 5321 308 5392 qui
338 5335 447 5375 non
475 5325 602 5374 sunt
627 5316 744 5386 ejus
774 5314 1088 5386 participes,
1108 5319 1274 5369 tenet.
1297 5309 1420 5366 Ideo
1449 5319 1803 5382 posteaquam

215 5413 389 5470 dixit:
435 5409 668 5480 Accipite
691 5406 948 5479 Spiritum
995 5411 1257 5466 sanctum,
1301 5401 1406 5456 hoc
1444 5401 1701 5457 continuo
1737 5402 1805 5458 de

213 5514 564 5580 peccatorum
587 5501 906 5558 remissione
929 5513 994 5553 ac
1014 5497 1326 5552 detentione
1347 5494 1594 5565 subjecit.
1625 5497 1810 5554 Scien-

216 5601 347 5656 dum
394 5612 526 5654 vero
565 5603 679 5660 est,
728 5591 873 5665 quod
900 5590 958 5646 bi
997 5589 1088 5660 qui
1125 5589 1362 5658 primum
1392 5586 1654 5658 Spiritum
1687 5607 1808 5647 san-

215 5700 366 5749 ctum
413 5689 741 5751 habuerunt,
785 5691 848 5738 ut
894 5688 952 5736 et
981 5679 1082 5750 ipsi
1111 5678 1429 5733 innocenter
1457 5678 1722 5746 viverent,
1760 5688 1818 5737 et

217 5783 273 5842 in
299 5780 689 5856 praedicatione
717 5772 1042 5848 quibusdam
1069 5767 1410 5841 prodessent.
1440 5767 1646 5827 Idcirco
1672 5771 1818 5830 hunc

1828 4547 1882 4608 D

1917 1938 2075 1995 nobis
2103 1939 2326 1995 vulnera
2364 1950 2585 1996 sanaret
2613 1941 2971 1998 inﬁdelitatis.
3007 1942 3136 1999 Plus
3160 1946 3308 2000 enim
3351 1946 3510 2001 nobis

1916 2027 2140 2085 Thoma:
2176 2029 2466 2087 inﬁdelitas
2492 2032 2560 2087 ad
2591 2031 2776 2100 ﬁdem,
2810 2049 2971 2104 quam
2997 2034 3131 2090 ﬁdes
3173 2037 3508 2092 credentium

1913 2117 2302 2191 discipulorum
2345 2121 2567 2192 profuit.
2617 2120 2756 2191 Quia
2788 2123 2915 2180 dum
2954 2123 3046 2179 illo
3087 2125 3154 2180 ad
3193 2125 3353 2182 ﬁdem
3389 2126 3508 2196 pal-

1909 2213 2091 2280 pando
2135 2212 2436 2276 reducitur,
2490 2223 2680 2269 nostra
2729 2230 2916 2282 mens,
2969 2216 3120 2272 omni
3174 2216 3522 2292 dubitatione

1912 2304 2238 2373 postposita,
2274 2303 2330 2359 in
2356 2303 2461 2360 ﬁde
2488 2304 2769 2360 solidatur.

1984 2393 2244 2454 Dixerunt
2293 2411 2416 2466 ergo
2467 2396 2514 2450 ei
2561 2395 2654 2450 alii
2704 2396 2999 2468 discipuli:
3046 2396 3285 2454 Vidimus
3323 2399 3512 2454 Domi—

1913 2503 2058 2542 num.
2109 2486 2212 2542 Ille
2234 2497 2410 2542 autem
2434 2488 2569 2543 dixit
2614 2489 2731 2544 eis:
2780 2487 2902 2544 Nisi
2946 2489 3122 2545 t‘idero
3159 2491 3214 2545 in
3266 2491 3510 2546 manibus

1910 2579 2026 2649 ejus
2053 2579 2285 2649 fixuram
2304 2579 2598 2645 clavorum,
2625 2589 2672 2634 et
2695 2579 2899 2635 mittam
2927 2581 3148 2651 digitum
3177 2597 3371 2646 meum,
3399 2589 3506 2635 etc.

1911 2667 2064 2738 Quod
2091 2677 2271 2726 autem
2303 2669 2436 2726 dicit
2474 2667 2738 2736 Joannes,
2778 2686 2889 2726 non
2913 2685 3036 2727 cum
3063 2670 3170 2726 illis
3194 2669 3359 2726 fuisse
3381 2678 3510 2726 tunc

1911 2760 2213 2830 apostolum
2260 2758 2563 2825 Thomam,
2612 2775 2736 2815 cum
2781 2760 3077 2816 secundum
3126 2759 3348 2823 Lucam,
3401 2760 3510 2814 duo

1909 2853 2008 2919 illi,
2052 2868 2284 2924 quorum
2311 2860 2432 2908 erat
2458 2867 2597 2907 unus
2630 2851 2918 2921 Cleophas,
2955 2851 3191 2923 regressi
3221 2851 3278 2906 in
3317 2850 3513 2906 Hiem-

1908 2946 2101 3012 salem,
2155 2947 2482 3002 invenerunt
2508 2953 2865 3016 congregatos
2893 2944 3168 3010 undecim,
3213 2952 3270 2999 et
3296 2959 3392 3000 eos
3415 2944 3508 3014 qui

1907 3051 2031 3093 cum
2076 3035 2208 3105 ipsis
2254 3044 2450 3101 erant,
2483 3033 2672 3105 procul
2733 3034 2897 3090 dubio
2957 3035 3365 3106 intelligendum
3425 3043 3511 3090 est

1908 3124 2053 3195 quod
2078 3123 2204 3179 inde
2251 3123 2746 3199 Thomas‘exierat,
2800 3129 3094 3192 antequam
3119 3124 3202 3178 eis
3243 3123 3507 3179 Dominus

1911 3221 2030 3277 haec
2059 3218 2406 3290 loquentibus
2439 3223 2746 3288 appareret.

1980 3311 2050 3366 Et
2071 3321 2185 3384 post
2207 3311 2319 3366 dies
2345 3319 2482 3374 octo,
2522 3310 2715 3364 iterum
2735 3318 2884 3364 erant
2921 3307 3170 3379 discipuli
3199 3309 3313 3380 ejus
3339 3308 3504 3374 intus,

1908 3413 1955 3458 et
1983 3402 2210 3460 Thomas
2247 3419 2366 3457 cum
2398 3403 2498 3468 eis;
2525 3403 2664 3456 venit
2692 3399 2850 3456 Iesus
2872 3400 3058 3471 januis
3085 3399 3302 3467 clausis,
3329 3409 3380 3455 et
3403 3409 3508 3456 ste-

1907 3496 1970 3550 tit
1994 3497 2052 3550 in
2093 3495 2264 3550 medio
2291 3511 2475 3550 eorum
2504 3503 2554 3549 et
2593 3494 2728 3548 dixit
2770 3492 2846 3548 eis
2869 3508 2888 3547 :
2925 3489 3048 3546 Pax
3086 3491 3248 3547 vobis.
3300 3491 3505 3548 Deinde

1907 3587 2036 3641 dicit
2067 3585 2281 3642 Thomte
2309 3599 2329 3639 :
2378 3584 2532 3656 Infer
2570 3584 2796 3655 digitum
2828 3592 2976 3637 tuum
3003 3583 3105 3636 huc
3124 3623 3140 3648 ,
3172 3591 3220 3636 et
3250 3581 3364 3637 vide
3389 3599 3509 3637 ma-

1908 3694 2008 3733 nus
2041 3694 2215 3742 meas,
2260 3685 2369 3732 etc.
2416 3675 2520 3749 (Ex
2559 3674 2752 3748 Greg.)
2801 3674 2894 3731 Sic
2937 3673 3136 3746 quippe
3181 3672 3504 3744 discipulum

1906 3778 2032 3843 post
2083 3770 2542 3827 resurrectionem
2589 3783 2745 3825 suam
2793 3769 3043 3824 dubitare
3085 3767 3353 3838 permisit,
3405 3782 3507 3823 nec

1907 3871 2090 3918 tamen
2121 3863 2177 3917 in
2211 3862 2551 3918 dubitatione
2589 3861 2855 3926 deseruit,
2901 3859 3042 3917 sicut
3079 3868 3206 3914 ante
3245 3859 3505 3914 nativita-

1907 3963 2019 4010 tem
2047 3969 2201 4010 suam
2230 3955 2436 4010 habere
2478 3953 2706 4010 Mariam
2737 3967 3000 4024 sponsum
3034 3951 3236 4017 voluit,
3284 3951 3379 4022 qui
3419 3959 3504 4006 ta-

1906 4061 2034 4101 men
2071 4045 2141 4099 ad
2171 4043 2290 4113 ejus
2323 4043 2543 4114 nuptias
2583 4058 2689 4099 non
2719 4044 2987 4114 pervenit.
3037 4041 3172 4098 Nam
3205 4043 3281 4098 ita
3326 4041 3504 4097 factus

1905 4143 1991 4192 est
2035 4133 2332 4205 discipulus
2377 4134 2634 4189 dubitans
2673 4143 2732 4189 et
2772 4133 3001 4206 palpans
3041 4133 3196 4189 testis
3235 4148 3379 4188 vera:
3419 4148 3508 4188 rc-

1905 4224 2281 4289 surrectionis,
2314 4224 2456 4280 sicut
2493 4238 2727 4294 sponsus
2751 4224 2942 4278 matris
2976 4221 3156 4278 luerat
3191 4232 3376 4278 custos
3413 4221 3501 4278 in-

1908 4318 2212 4389 tegerrima
2241 4315 2592 4387 virginitatis.
2789 4376 2804 4383 _

1978 4407 2087 4481 (Ea:
2117 4406 2306 4480 Beda.)
2350 4406 2469 4463 Non
2514 4406 2690 4462 solum
2737 4422 2931 4463 manus
2973 4414 3030 4461 et
3076 4405 3263 4478 pedes,
3303 4405 3504 4477 quibus

1907 4501 2106 4558 indicia
2153 4499 2431 4557 clavorum
2456 4500 2702 4556 claruere
2747 4501 2976 4573 vestigia
3002 4541 3018 4566 ,
3069 4501 3166 4557 sed
3208 4508 3504 4556 attestante

1906 4592 2151 4649 Joanne:
2199 4593 2267 4648 Et
2305 4591 2418 4663 jam
2448 4593 2590 4648 latus
2624 4593 2770 4663 quod
2801 4592 2990 4648 lancea
3037 4591 3272 4648 foratum
3322 4590 3502 4647 fuerat

1907 4684 2161 4740 ostendit.
2197 4683 2268 4740 Ut
2301 4683 2575 4748 videlicet,
2608 4692 2826 4739 ostensa
2858 4683 3141 4738 vulnerum
3172 4697 3391 4738 suorum
3423 4683 3502 4738 ci.

1909 4773 2134 4838 catrice,
2170 4772 2462 4828 dubietatis
2500 4780 2664 4842 atque
2695 4771 3030 4827 inﬁdelitatis
3075 4786 3266 4826 eorum
3307 4770 3503 4827 vulnus

1909 4871 2149 4919 sanaret.
2189 4860 2391 4918 Verum
2420 4863 2689 4932 quomodo
2729 4870 2854 4933 post
2894 4862 3350 4918 resurrectionem
3391 4861 3503 4917 cla-

1909 4971 2103 5010 vorum
2162 4953 2248 5009 vel
2297 4954 2500 5010 lancea:
2559 4954 2674 5010 loca
2723 4955 3050 5025 pandendo,
3109 4953 3501 5025 discipulorum

1908 5044 2162 5114 dignatus
2197 5051 2281 5098 est
2321 5043 2484 5100 ﬁdem
2511 5059 2770 5114 spemque
2801 5043 3078 5109 roborare,
3111 5044 3187 5098 ita
3214 5045 3268 5098 in
3297 5045 3384 5100 die
3412 5043 3502 5112 ju-

1909 5138 2036 5194 dicii
2063 5145 2118 5192 et
2145 5137 2333 5192 eadem
2356 5153 2468 5193 suae
2494 5138 2764 5206 passionis
2800 5137 3020 5202 indicia,
3050 5145 3106 5192 et
3140 5137 3316 5208 ipsam
3347 5137 3500 5206 pari-

1909 5235 1996 5282 ter
2035 5241 2256 5281 crucem
2302 5227 2675 5293 monstrando,
2715 5235 2976 5282 venturus
3013 5234 3127 5293 est,
3168 5227 3500 5296 impietatem

1909 5319 2286 5390 superborum,
2315 5317 2796 5389 inﬁdelitatemque
2818 5319 3169 5375 confundere.
3201 5316 3420 5373 Scilicet
3443 5323 3505 5371 ut

1910 5409 2088 5480 ipsum
2116 5424 2176 5464 se
2199 5423 2321 5464 esse
2341 5449 2356 5475 ,
2389 5409 2480 5479 qui
2518 5410 2588 5465 ab
2631 5410 2812 5480 impiis
2841 5419 2897 5464 et
2923 5425 3024 5481 pro
3052 5409 3230 5478 impiis
3258 5413 3507 5463 mortuus

1913 5510 2018 5565 est,
2067 5500 2279 5556 cunctis
2308 5500 2488 5571 palam
2535 5500 2739 5572 angelis
2779 5509 2834 5556 et
2878 5500 3188 5557 hominibus
3231 5499 3501 5563 ostendat,

1916 5592 2260 5663 videamque,
2293 5602 2354 5647 ut
2381 5592 2640 5664 scriptum
2658 5601 2742 5649 est
2763 5608 2778 5648 :
2811 5592 2880 5648 In
2900 5609 3051 5665 quem
3067 5599 3504 5662 compunxerunt,

1923 5693 1972 5738 et
2008 5682 2258 5755 plangant
2286 5700 2342 5738 se
2371 5702 2529 5755 super
2569 5703 2686 5740 eum
2723 5701 2899 5740 omnes
2924 5685 3088 5738 tribus
3115 5693 3268 5737 terra:
3313 5679 3504 5752 ('Zach.

1927 5772 2048 5845 xu).
2088 5774 2234 5831 Sane
2261 5775 2575 5842 notandum,
2611 5776 2753 5846 quod
2785 5775 2959 5830 solent
2996 5775 3052 5830 in
3086 5774 3186 5830 hoc
3228 5774 3344 5830 loco
3372 5786 3501 5846 gen-
