3978 6412
551 262 653 317 283

543 654 673 709 dicis
721 655 945 713 vulnera
985 675 1181 717 curare
1204 666 1511 733 prinvaluit,
1564 662 1659 722 sed
1688 668 2005 726 cicatricum
2033 690 2128 729 ve-

541 744 722 817 stigia,
744 748 943 803 caelum
969 766 1174 819 secum,
1205 763 1266 810 ut
1292 757 1489 823 dicitis,
1518 759 1740 827 invexit,
1769 778 1874 832 qua
1911 766 2130 821 temeri-

539 843 649 891 tate
692 839 901 906 putatis
934 856 1057 897 eum
1107 855 1287 901 vestra
1314 848 1382 903 de
1423 849 1644 918 pulvere
1675 853 1916 908 membra
1950 855 2018 909 ad
2046 856 2129 912 in-

538 934 749 998 tegrum
777 945 898 986 esse
923 941 1354 992 restauraturum
1374 940 1400 994 ἲ
1427 941 1635 1007 Quibus
1656 944 2082 1011 respondendum
2109 967 2122 1001 :

537 1017 674 1083 Quia
717 1020 863 1077 Deus
893 1033 1098 1093 noster,
1128 1029 1223 1098 qui
1266 1045 1418 1085 suam
1446 1042 1704 1113 perpetua
1725 1036 1838 1106 jam
1878 1038 2123 1093 mortali-

538 1112 651 1161 tate
700 1107 1055 1180 gloriﬁcatam
1100 1116 1167 1171 de
1209 1110 1471 1188 sepulcro
1508 1136 1729 1177 carnem
1777 1126 2118 1193 resuscitare,

536 1198 752 1263 quando
789 1199 958 1263 voluit
981 1242 996 1266 ,
1035 1211 1090 1258 et
1136 1207 1408 1274 quomodo
1457 1209 1656 1275 voluit,
1704 1214 1879 1283 potuit
1905 1256 1919 1280 ,
1958 1217 2120 1272 etiam

534 1286 743 1353 qualem
782 1290 976 1357 voluit,
1025 1296 1326 1352 suscitavit.
1379 1297 1565 1369 Neque
1593 1303 1739 1358 enim
1780 1320 2121 1378 consequens

532 1384 631 1440 est,
663 1385 724 1432 ut
762 1379 855 1449 qui
882 1382 1088 1452 majora
1114 1385 1307 1443 fecisse
1343 1391 1635 1458 probatur,
1684 1396 1895 1453 minora
1940 1400 2119 1457 facere

530 1468 859 1539 nequiverit,
882 1473 976 1529 sed
1000 1483 1148 1532 certe
1173 1478 1590 1549 dispensationis
1611 1486 1804 1555 gratia,
1829 1489 1921 1558 qui
1946 1491 2117 1560 majus

529 1557 675 1625 fecit,
727 1564 907 1620 mimis
932 1564 1111 1623 facere
1152 1572 1481 1640 supersedit,
1523 1576 1627 1631 hoc
1652 1587 1757 1645 est,
1806 1557 1897 1651 qui
1924 1557 2116 1642 mortis

528 1662 694 1718 regna
749 1654 1054 1725 destruxit,
1111 1659 1263 1731 signa
1320 1665 1513 1720 mortis
1567 1668 1861 1727 obliterare
1915 1676 2108 1733 noluit.

525 1734 705 1795 Primo
726 1742 991 1812 videlicet,
1021 1757 1081 1802 ut
1108 1764 1209 1820 per
1234 1752 1351 1808 haec
1390 1754 1669 1827 discipulis
1693 1760 1854 1818 ﬁdem
1881 1781 1992 1823 sua:
2027 1785 2113 1825 ne-

521 1832 872 1889 surrectiouis
894 1844 1186 1906 astrueret,
1213 1842 1408 1899 deinde
1431 1853 1492 1899 ut
1519 1849 1660 1916 patri
1685 1865 1783 1921 pro
1810 1856 1965 1912 nobis
1991 1874 2112 1931 sup-

520 1920 766 1989 plicans,
813 1927 976 1995 quale
1022 1943 1194 2000 genus
1236 1935 1459 2000 mortis,
1505 1952 1611 2007 pro
1648 1945 1956 2003 mortalium
1997 1920 2108 2007 vita

520 2011 823 2079 pertulerit,
865 2022 1300 2087 superostendat.
1352 2023 1536 2081 Tertio
1576 2044 1634 2088 ut
1675 2047 1773 2089 sua
1799 2045 1971 2094 morte
2019 2055 2107 2096 re-

520 2101 772 2172 demptis,
800 2121 965 2177 quam
996 2112 1428 2175 misericorditer
1451 2123 1563 2179 sint
1589 2125 1777 2196 adjuti,
1814 2131 2107 2201 propositis

517 2204 736 2262 semper
758 2194 1000 2265 ejusdem
1028 2204 1224 2261 mortis
1245 2203 1465 2267 innovet
1488 2194 1733 2289 indiciis,
1752 2194 1981 2290 ideoque
2003 2223 2105 2277 mi-

515 2283 840 2343 sericordias
862 2287 1079 2348 Domini
1100 2295 1156 2350 in
1184 2305 1453 2357 aeternum-
1474 2313 1699 2363 cantare
1724 2324 1831 2365 non
1866 2321 2098 2381 cessent,

511 2655 730 2716 nentur,
762 2662 980 2712 ostensa
1016 2660 1161 2717 inter
1182 2665 1287 2721 alia
1328 2667 1560 2743 ﬂagitia,
1601 2655 1765 2739 etiam
1787 2655 2098 2759 lvuleerum

509 2750 634 2835 qua:
755 2743 837 2800 eis
863 2751 1099 2822 suscepit
1121 2755 1375 2816 cicatrice
1394 2739 1674 2825 denuntiet
1691 2811 1706 2835 ,
1731 2748 1894 2829 veiuti
1921 2776 1967 2831 si
1998 2778 2100 2832 mi-

511 2827 592 2887 les
622 2831 820 2936 aliquis
871 2838 1199 2936 fortissimus
1235 2850 1459 2921 iubente
1486 2875 1585 2915 suo
1629 2827 1758 2936 rege
1790 2827 1894 2935 pro

506 2932 621 3026 suae
649 2927 864 3026 gentis.
891 2930 1065 2989 salute
1134 2937 1393 3011 singulari
1438 2927 1735 3008 certamine
1784 2927 2054 3015 desudans
2078 3002 2094 3026 ,

506 3010 694 3107 multis
720 3014 953 3107 quidem
998 3010 1312 3086 vulneribus
1340 3038 1612 3106 exceptis,
1662 3010 1875 3099 hostem

504 3096 823 3172 interﬁciat,
857 3109 1026 3178 spolia
1058 3114 1176 3185 ejus
1204 3118 1445 3190 diripiat,
1476 3096 1921 3189 victoriamqsute
1947 3139 2094 3207 genti

501 3198 772 3261 reportet,
829 3206 885 3253 et
939 3200 1307 3277 interrogatus
1352 3227 1382 3265 a
1434 3217 1647 3273 medico
1691 3220 1781 3276 cui
1823 3198 2095 3286 curandus

499 3286 881 3356 committitur,
909 3292 983 3348 ita
1012 3311 1080 3351 ne
1106 3300 1235 3355 velit
1261 3302 1466 3370 curari,
1496 3315 1555 3362 ut
1579 3325 1680 3365 nec
1715 3314 1942 3386 vestigia
1971 3320 2090 3374 vul-

500 3386 702 3429 nerum
744 3379 850 3434 ulla
907 3385 1209 3454 resideant,
1261 3408 1332 3446 an
1370 3398 1541 3466 magis
1585 3401 1660 3456 ita
1707 3412 1767 3458 ut
1809 3406 2090 3467 cicatrices

498 3461 719 3528 quidem
768 3483 1102 3543 remaneant,
1154 3479 1471 3542 deformitas
1508 3504 1636 3546 vero
1662 3509 1883 3563 prorsus
1911 3502 2088 3559 omnis

498 3557 560 3603 et
584 3550 803 3613 fmditas
827 3561 1002 3630 absit,
1049 3572 1375 3639 respondeat
1422 3593 1482 3633 se
1525 3550 1705 3650 potius
1746 3587 1821 3644 ita
1864 3606 1923 3647 se
1950 3595 2086 3651 velle

497 3649 701 3716 sanari,
733 3659 795 3707 ut
824 3663 937 3712 toto
963 3660 1150 3719 salutis
1178 3667 1496 3742 decorisque
1518 3677 1731 3745 pristini
1761 3690 1902 3739 statu
1936 3702 2087 3743 recu-

493 3749 723 3806 perato,
773 3757 1091 3817 perpetuam
1135 3771 1319 3814 secum
1362 3766 1498 3820 tanti
1543 3768 1893 3832 circumferat
1929 3778 2082 3851 signa

495 3830 775 3936 triumphi.
814 3835 905 3894 Sic
927 3844 1169 3912 profecto
1198 3849 1479 3925 Dominus,
1503 3863 1746 3932 perpetis
1768 3868 1839 3922 ob

1466 3918 1475 3925 ν
1503 3918 1523 3929 -
1604 3918 1619 3932 ι
1728 3918 1739 3919 ί
1778 3918 1831 3922 *ν’
1867 3918 2076 3940 "O"""'

492 3918 754 3991 victoriie,
804 3944 911 3985 non
952 3946 1176 4007 excepta
1214 3957 1313 4012 pro
1339 3948 1493 4005 nobis
1536 3953 1757 4012 vulnera
1784 3961 2076 4030 passionis,

491 4012 586 4066 sed
626 4014 866 4084 ipsorum
906 4025 1188 4088 cicatrices
1233 4037 1373 4093 ctelo
1414 4041 1616 4100 inferre
1653 4064 1816 4117 quam
1861 4053 2079 4114 abolere

489 4105 699 4162 maluit.
732 4109 844 4168 Nec
871 4123 1049 4174 tamen
1077 4123 1147 4179 ab
1172 4125 1257 4181 liis
1291 4131 1568 4203 quippiam
1608 4105 1732 4194 ﬁdei
1758 4151 1959 4200 nostra:
1987 4160 2074 4203 re-

487 4205 842 4265 surrectionis
873 4212 1207 4287 pnejudicat,
1246 4222 1314 4279 de
1356 4241 1461 4295 qua
1505 4234 1685 4287 veraci
1711 4228 2075 4305 promissione

483 4293 831 4434 l,praidicatur,
884 4310 941 4357 et
974 4308 1199 4377 capillus
1245 4314 1312 4368 de
1354 4293 1532 4389 capite
1562 4293 1747 4380 vestro
1786 4341 1893 4382 non
1923 4332 2071 4398 peri-

522 4380 585 4434 it.

522 4380 585 4435 it.

479 4658 622 4713 disti.
671 4660 809 4720 Dum
834 4680 965 4739 ergo
986 4671 1122 4729 vidit
1152 4675 1407 4746 Thomas,
1450 4683 1575 4737 dum
1599 4686 1857 4756 palpavit,
1889 4706 1987 4745 cur
2014 4658 2064 4748 ei

479 4751 715 4811 dicitur:
746 4758 886 4825 Quia
914 4765 1087 4822 vidisti
1131 4787 1232 4836 me,
1272 4775 1562 4842 credidisti,
1599 4751 1705 4833 'seii
1736 4751 1880 4836 aliud
1906 4785 2061 4852 vidit,

476 4843 629 4901 aliud
674 4853 920 4910 credidit.
966 4857 1013 4912 A
1059 4864 1273 4918 mortali
1301 4865 1499 4936 quippe
1541 4869 1759 4927 homine
1806 4843 2061 4933 divinitas

473 4935 647 4996 videri
675 4958 780 4999 non
808 4948 1011 5015 potuit,
1061 4950 1338 5009 hominem
1386 4935 1552 5028 igitur
1592 4959 1748 5028 vidit,
1798 4972 1854 5018 et
1884 4964 2050 5023 Deum

470 5028 753 5089 confessus
790 5045 874 5091 est
896 5037 1119 5095 dicens:
1150 5042 1409 5100 Dominus
1450 5064 1594 5103 meus
1634 5061 1683 5106 et
1727 5052 1863 5111 Deus
1909 5057 2059 5117 meus’

470 5118 652 5188 (Joan.
674 5138 744 5178 xx
768 5124 809 5197 ).
865 5127 1108 5185 Videndo
1155 5146 1287 5202 ergo
1330 5136 1594 5205 credidit,
1643 5142 1733 5210 qui
1796 5149 2049 5205 conside-

467 5210 641 5266 rando
668 5213 964 5282 hominem,
1004 5233 1193 5274 verum
1232 5221 1378 5279 hunc
1418 5225 1586 5283 Deum
1613 5272 1628 5296 ,
1666 5248 1829 5302 quem
1868 5239 2053 5298 videre

464 5317 572 5356 non
606 5313 839 5372 poterat,
869 5309 1211 5368 exclamavit.
1303 5309 1333 5338 ⁸
1520 5304 1530 5313 ’

530 5392 687 5448 Beati
721 5398 813 5466 qui
839 5415 947 5453 non
974 5402 1211 5460 viderunt
1251 5418 1301 5463 et
1331 5412 1681 5471 crediderunt.
1728 5418 1787 5472 In
1828 5420 1928 5476 hac
1956 5422 2041 5477 ni-

459 5486 659 5541 mirum
688 5492 958 5546 sententia
985 5509 1086 5551 nos
1128 5501 1437 5570 specialiter
1466 5506 1659 5577 signati
1709 5526 1919 5578 sumus,
1949 5516 2041 5583 qui

455 5586 580 5629 eum
605 5591 764 5659 quem
792 5595 956 5638 carne
979 5601 1084 5642 non
1106 5590 1360 5660 vidimus,
1387 5607 1567 5652 mente
1592 5603 1902 5657 retinemus.
1934 5604 2040 5660 Nos

454 5664 650 5738 signati
688 5684 893 5737 smnus,
926 5676 1019 5731 sed
1044 5678 1089 5734 si
1119 5679 1275 5737 ﬁdem
1308 5696 1548 5742 nostram
1580 5693 1832 5760 operibus
1860 5695 2037 5762 sequi-

1848 278 1984 334 SMA
1994 280 2202 337 RACDl
2242 284 2529 342 ABBATIS

2231 779 2379 823 verat
2402 774 2878 840 prmdestiuatione
2896 781 3010 853 jam
3036 784 3259 854 factum,
3280 790 3373 845 sed
3390 791 3475 847 bis
3502 794 3685 851 verbis
3704 812 3832 867 pro-

2227 858 2345 928 prie
2380 864 2639 931 gentium,
2671 876 2730 922 ut
2755 870 3013 941 diximus,
3040 875 3174 933 ﬁdes
3196 878 3532 952 designatur.

2298 948 2470 1006 Multa
2499 957 2710 1026 quidem
2746 970 2794 1014 et
2826 961 2933 1016 aiia
2972 966 3121 1037 signa
3152 968 3274 1040 fecit
3306 948 3463 1028 jesus
3507 975 3564 1031 in
3602 995 3826 1051 conspe-

2226 1050 2311 1095 ctu
2341 1044 2721 1115 discipulorum
2749 1070 2965 1108 suorum
2993 1097 3007 1122 ,
3058 1076 3177 1130 qua:
3226 1080 3330 1117 non
3371 1076 3491 1121 sunt
3525 1070 3728 1139 scripta
3769 1075 3825 1128 in

2224 1132 2356 1187 libro
2395 1136 2513 1191 hoc.
2558 1138 2838 1211 Signiﬁcat
2870 1149 3200 1219 evangelista
3237 1154 3469 1223 plurima
3506 1132 3709 1216 fecisse
3734 1160 3824 1218 Je-

2223 1240 2340 1280 sum
2369 1228 2519 1299 signa
2547 1239 2602 1285 et
2633 1235 2893 1290 miracula
2922 1239 3111 1297 salutis
3134 1254 3188 1298 et
3217 1247 3645 1317 praedicationis,
3700 1271 3821 1325 qua:

2221 1331 2327 1370 non
2358 1319 2558 1389 scripta
2583 1332 2782 1391 essent,
2804 1337 3025 1398 propter
3052 1333 3456 1394 multitudinem
3486 1319 3822 1399 illarumie-

2220 1422 2339 1461 rum
2363 1425 2483 1484 quae
2506 1420 2654 1480 gesta
2679 1414 2898 1472 fuerunt
2919 1417 2987 1472 ab
3010 1434 3095 1477 eo.

2290 1497 2420 1553 Hice
2460 1511 2633 1557 autem
2660 1508 2855 1577 scripta
2883 1520 3026 1578 sunt,
3055 1521 3113 1566 ut
3136 1516 3362 1572 credatis
3390 1521 3517 1591 quia
3553 1521 3715 1578 Iesus
3741 1537 3818 1580 est

2217 1588 2459 1648 Christus
2471 1592 2520 1646 F
2522 1595 2643 1653 ilius
2658 1597 2757 1653 Dei
2766 1609 2813 1654 et
2827 1610 2880 1655 ut
2895 1603 3158 1661 credentes
3174 1609 3331 1664 vitam
3346 1588 3598 1668 retentam
3618 1616 3818 1671 habea-

2215 1686 2281 1738 tis
2296 1686 2349 1739 in
2372 1690 2580 1743 nomine
2601 1692 2735 1761 ejus.
2759 1692 2854 1748 llle
2876 1696 3021 1752 enim
3050 1699 3141 1769 qui
3164 1703 3371 1770 credit,
3396 1705 3521 1775 quia
3547 1705 3712 1763 Jcsus
3734 1718 3819 1765 est

2621 1747 2641 1761 ,
2811 1747 2846 1748 η
3054 1747 3141 1769 Ἰ--
3167 1747 3337 1757 ων..-
3357 1747 3371 1770 ,
3435 1747 3521 1759 μ...
3547 1747 3712 1763 -..ους
3734 1747 3813 1765 ω-

2139 1747 2188 1806 B
2218 1774 2465 1834 Christus
2491 1780 2632 1838 ﬁlius
2670 1784 2788 1852 Dei,
2819 1789 3092 1845 credendo
3117 1747 3500 1862 ipsumFlliiim
3530 1799 3586 1853 in
3618 1816 3681 1856 se
3710 1803 3813 1857 lia-

2214 1865 2326 1932 bet,
2358 1869 2606 1926 habendo
2624 1870 2905 1945 Filium,et
2933 1878 3099 1935 vitam
3129 1883 3311 1938 habet.
3328 1884 3465 1953 Quia
3492 1888 3608 1958 ipse
3638 1891 3808 1947 dixit:

2215 1959 2328 2031 Ego
2357 1979 2475 2017 sum
2506 1966 2609 2030 eia,
2657 1969 2846 2023 veritas
2889 1981 2937 2025 et
2964 1973 3067 2027 vita
3097 1972 3277 2047 (Joan.
3326 1977 3458 2050 xw).
3501 1980 3733 2053 Insuper
3756 1994 3814 2040 et

2212 2051 2379 2104 vitam
2400 2068 2523 2111 cum
2551 2057 2753 2112 sanctis
2772 2061 3065 2129 possidebit
3093 2074 3372 2134 a-temam,
3404 2070 3494 2125 ubi
3524 2051 3809 2131 eritﬁcerta

2212 2142 2513 2210 securitas,
2567 2148 2894 2217 sempiterna
2936 2151 3167 2212 felicitas
3192 2198 3208 2223 ,
3257 2158 3625 2219 inenarrabile
3665 2182 3807 2237 gau-

2209 2231 2382 2299 dium,
2412 2234 2484 2289 ibi
2512 2236 2824 2308 implebitur
2850 2241 2980 2298 illud
3012 2262 3025 2299 :
3064 2244 3173 2301 Ero
3198 2247 3411 2305 illorum
3431 2251 3593 2321 Deus,
3624 2231 3808 2328 et'ipsi

2208 2334 2361 2378 erunt
2396 2325 2526 2380 mihi
2573 2329 2796 2399 populus
2843 2330 2979 2399 (Jer.
3010 2335 3165 2409 xm)
3195 2379 3210 2404 ,
3260 2340 3312 2394 id
3348 2348 3468 2409 est,
3517 2357 3614 2399 cro
3657 2325 3806 2403 unde

2207 2417 2490 2481 satientur,
2516 2434 2612 2475 ero
2641 2438 2829 2478 eorum
2859 2425 2994 2490 vita,
3018 2434 3073 2481 et
3116 2430 3284 2498 salus,
3305 2444 3359 2488 et
3390 2435 3583 2501 virtus,
3626 2446 3683 2491 et
3713 2453 3807 2494 co-

2205 2508 2314 2583 pia,
2343 2518 2400 2565 et
2424 2511 2612 2584 glo'ria,
2641 2522 2695 2567 et
2725 2514 2919 2582 honor,
2964 2525 3020 2572 et
3047 2534 3170 2587 pax,
3212 2531 3267 2577 et
3306 2525 3490 2580 omnia
3525 2526 3688 2593 bona,
3745 2540 3804 2586 et

2205 2601 2283 2657 sic
2314 2601 2623 2679 implebitur
2658 2604 2789 2668 illud
2813 2605 3091 2681 Apostoli:
3141 2609 3209 2667 Ut
3240 2613 3306 2667 sit
3352 2613 3489 2670 Deus
3533 2619 3713 2673 omnia
3745 2621 3802 2675 in

2204 2692 2465 2760 omnibus,
2486 2694 2598 2765 ipse
2627 2696 2882 2758 ﬁniscrit
2911 2699 3304 2757 desideriorum
3328 2714 3637 2761 nostrorum
3655 2748 3670 2773 ,
3701 2712 3799 2780 qui

2204 2782 2322 2837 sine
2348 2781 2453 2839 ﬁne
2475 2785 2773 2855 videbitur,
2803 2789 2920 2844 sine
2948 2789 3165 2848 fastidio
3199 2794 3491 2863 amabitur,
3521 2799 3642 2855 sine
3667 2798 3798 2856 fati-

2203 2876 2419 2953 gatione
2440 2876 2775 2939 laudabitur.

2840 2991 3099 3034 CONCOBDI
3108 2994 3158 3033 Α.

2273 3066 2594 3138 Quanquam
2620 3068 2748 3124 etin
2775 3068 3022 3140 pluribus
3036 3074 3217 3130 verbis
3242 3082 3298 3132 et
3313 3077 3581 3142 sensibus,
3608 3087 3791 3136 tamen

2198 3156 2253 3211 in
2277 3157 2382 3212 hoc
2408 3159 2551 3228 quod
2580 3158 2732 3224 dicit,
2762 3160 2886 3231 quia
2920 3160 3077 3218 Jcsus
3113 3172 3197 3220 est
3239 3165 3382 3221 ﬁlius
3409 3166 3528 3235 Dei,
3557 3170 3789 3226 istarum

2195 3247 2423 3303 duarum
2446 3250 2726 3321 aptissima
2762 3250 2823 3306 ﬁt
2844 3255 3130 3309 concordia
3159 3255 3472 3315 lectionum.

2440 3381 2768 3440 DOMINICA
2794 3384 2970 3441 POST
3002 3387 3158 3444 OCT'.
3197 3390 3513 3447 PASCI‘DE.

2342 3510 2514 3550 BPI‘ST.
2552 3512 2716 3552 PRIMA
2762 3514 2921 3555 ΒΕΔἹΊ
2958 3517 3116 3557 PETRI
3150 3521 3364 3573 APOS'I'.,
3396 3523 3512 3564 CAP.
3554 3526 3614 3565 ll.

2263 3624 2281 3656 ‹
2318 3606 2566 3664 Christus
2594 3625 2785 3689 passus
2808 3619 2890 3666 est
2913 3628 3010 3683 pro
3051 3617 3228 3683 nobis,
3280 3621 3435 3675 nobis
3464 3623 3779 3694 relinquens

2190 3719 2209 3752 c
2247 3701 2573 3771 exemplum,
2605 3711 2665 3757 ut
2693 3707 2994 3774 sequamini
3022 3710 3247 3781 vestigia
3284 3710 3419 3780 ejus.
3454 3714 3554 3781 Qui
3586 3732 3775 3786 pecca-

2191 3811 2209 3843 ¢
2247 3801 2362 3847 tum
2400 3809 2503 3848 nou
2535 3793 2666 3850 fecit
2690 3811 2787 3851 nec
2818 3798 3065 3854 inventus
3107 3808 3191 3855 est
3225 3803 3380 3860 dolus
3408 3806 3462 3859 in
3506 3823 3604 3863 ore
3631 3809 3771 3879 ejus.

2188 3900 2206 3933 ι
2244 3882 2344 3950 Qui
2372 3899 2494 3937 cum
2520 3885 2953 3952 maledicerctur,
2981 3904 3088 3944 non
3118 3892 3491 3964 maledicebat,
3522 3915 3647 3954 cum
3670 3917 3769 3973 pa-

2188 3993 2206 4027 ι
2238 3982 2463 4039 teretur,
2490 3992 2596 4031 non
2622 3980 3076 4038 comminabatur.
3126 3983 3397 4042 Tradebat
3422 3998 3602 4044 autem
3622 3990 3770 4060 judi-

2185 4089 2209 4121 ι
2238 4071 2380 4127 canti
2407 4086 2465 4126 se
2497 4070 2721 4139 injuste,
2761 4075 2887 4142 quia
2912 4085 3132 4145 peccata
3173 4087 3357 4135 nostra
3398 4082 3511 4153 ipse
3546 4086 3768 4154 pertulit

2184 4180 2209 4212 ι.
2242 4162 2296 4215 in
2335 4177 2562 4231 corpore
2605 4178 2703 4217 suo
2732 4179 2892 4233 super
2917 4165 3144 4238 lignum,
3177 4178 3236 4223 ut
3274 4173 3515 4239 peccatis
3541 4177 3765 4241 mortui,

2182 4272 2201 4305 ε
2231 4251 2457 4323 justitiie
2495 4253 2765 4319 vivamus,
2811 4254 2964 4324 cujus
2990 4257 3159 4313 livore
3187 4261 3358 4314 sanati
3387 4262 3539 4317 estis.
3582 4264 3764 4321 Eratis

2182 4362 2200 4395 ι
2236 4344 2381 4399 enim
2426 4344 2715 4414 aliquando
2745 4346 2883 4400 sicut
2914 4363 3042 4403 oves
3072 4359 3349 4417 errantes,
3388 4355 3481 4408 sed
3512 4360 3761 4413 conversi

2094 4452 2147 4511 D
2180 4455 2198 4487 ι
2235 4436 2373 4491 estis
2417 4451 2560 4490 nunc
2588 4438 2656 4491 ad
2685 4446 2959 4507 pastorem
3001 4447 3054 4495 et
3099 4443 3410 4514 episcopum
3450 4448 3757 4506 animarum

2173 4547 2194 4579 ο
2230 4534 2552 4582 vestrarum.
2593 4545 2610 4577 ι
2721 4588 2732 4599 δ

2239 4618 2477 4674 Christus
2488 4636 2673 4689 passus
2687 4631 2759 4675 est
2781 4639 2876 4693 pro
2903 4624 3071 4688 nobis,
3096 4625 3240 4681 nobis
3268 4628 3559 4701 relinquens
3581 4650 3750 4689 exem-

2164 4706 2339 4778 plum,
2354 4715 2408 4761 ut
2449 4710 2740 4780 sequamini
2777 4714 2991 4783 vestigia
3037 4714 3168 4784 ejus,
3221 4718 3312 4788 qui
3347 4731 3620 4789 peccatum
3649 4742 3753 4780 non

2163 4799 2303 4868 fecit,
2335 4807 2441 4854 etc.
2477 4799 2578 4871 (Ex
2614 4799 2805 4874 Beda.)
2840 4800 3009 4859 Audis
3039 4814 3240 4872 autem,
3281 4807 3528 4867 Christus
3558 4828 3752 4882 passus

2160 4899 2245 4945 est
2282 4907 2381 4961 pro
2425 4892 2598 4955 nobis,
2632 4900 2686 4946 et
2728 4895 2952 4964 gaudes,
3001 4898 3125 4967 quia
3156 4915 3255 4968 pro
3288 4908 3341 4955 te
3374 4912 3623 4960 mortuus
3666 4916 3745 4962 est

2160 4982 2428 5038 Christus.
2475 4982 2707 5042 Attende
2746 4986 2887 5054 quod
2919 4989 3200 5057 sequitur:
3251 4990 3568 5065 Relinquens
3597 5000 3746 5053 nobis

2157 5074 2491 5145 exemplum,
2543 5086 2599 5128 ut
2642 5080 2933 5147 sequamini
2982 5082 3193 5153 vestigia
3236 5084 3369 5154 ejus.
3420 5086 3742 5158 Exemplum

2157 5162 2563 5218 tribulationum
2586 5181 2697 5223 non
2720 5167 3055 5236 deliciarum,
3086 5175 3562 5245 contumeliarum,
3588 5182 3743 5253 ﬂagi-

2153 5253 2375 5319 tiorum,
2412 5244 2679 5323 dolorum,
2724 5259 3159 5329 opprobriorum,
3192 5265 3466 5334 spinarum
3487 5310 3503 5333 ,
3533 5273 3737 5337 crucis,

2151 5340 2434 5396 vulnerum
2460 5332 2673 5400 mortis.
2713 5342 2771 5399 lu
2798 5346 3013 5404 Psalnio
3050 5332 3310 5423 scriptum
3344 5365 3464 5417 est:
3511 5356 3738 5432 Propter

2149 5430 2303 5484 verba
2354 5431 2613 5488 Iabiorum
2660 5443 2912 5503 tuorum,
2962 5456 3054 5510 ego
3101 5444 3357 5499 custodiri
3408 5449 3517 5503 vias
3567 5452 3734 5509 duras

2149 5510 2320 5591 (Ps’at.
2359 5522 2487 5592 xvi).
2534 5523 2763 5594 Propter
2802 5542 2923 5597 qua:
2951 5532 3113 5586 verba
3146 5532 3411 5590 labiorum
3442 5538 3575 5607 Dei,
3621 5545 3730 5601 nisi

2146 5610 2339 5678 quibus
2362 5613 2628 5681 promittit
2657 5615 2820 5671 vitam
2851 5627 3128 5677 :etcrnam.

2220 5697 2323 5762 Qui
2346 5712 2558 5768 peccata
2601 5715 2774 5759 nostra
2807 5708 2912 5777 ipse
2948 5713 3161 5781 pertulit
3188 5717 3241 5770 in
3267 5735 3482 5791 corpore
3508 5742 3605 5781 suo
3630 5744 3722 5783 su-
