3978 6426
182 412 183 415 η
218 313 335 381 εδδ

1049 307 1568 367 COLLECTIONES
1604 311 1680 368 ΙΝ.
1712 310 2093 375 EPISTULAS
2134 313 2223 371 ET
2268 311 2690 369 EVANGELIA.

3402 310 3508 368 286

219 448 322 507 per
343 428 573 504 lignum,
596 436 703 488 etc.
734 426 870 486 Cum
893 440 1057 496 supra
1086 425 1156 482 ad
1181 440 1379 483 servos.
1396 427 1705 502 specialiter
1726 427 1804 482 fa-
1838 433 1893 492 Α
1919 431 1987 486 tis
2011 432 2097 485 via
2128 445 2292 501 quam
2338 445 2671 500 sequamur,
2712 428 2954 498 apposita
2984 427 3159 483 forma
3188 428 3274 483 cui
3320 428 3509 498 impri-

219 527 379 580 ceret
406 533 734 586 sermonem,
765 535 910 575 nunc
934 519 1259 592 generaliter
1279 520 1552 587 admonet,
1575 530 1633 577 ut
1653 523 1819 585 etiam
1871 599 1875 603 ν
1921 540 2155 579 mamur.
2196 524 2437 583 Primum
2463 522 2623 584 nobis
2659 530 2744 581 est
2779 523 3053 578 exteriora
3085 530 3271 577 nostra
3298 523 3509 578 miseri-

219 609 434 668 domini
478 609 563 665 sui
592 611 913 666 memoriam
956 618 1207 679 revocet,
1251 612 1382 681 quid
1410 628 1511 683 pro
1539 613 1645 668 illis
1675 612 1818 669 Deus
1919 614 2157 672 corditer
2182 615 2373 669 ovibus
2398 612 2515 682 ejus
2544 613 2874 684 impendere.
2924 611 3266 668 Postremum
3305 627 3435 669 vero
3460 613 3507 668 si

222 701 489 758 Dominus
510 700 849 757 sustinuerit.
894 700 1007 756 imo
1036 710 1204 756 totam
1233 701 1535 767 Ecclesiam
1561 703 1814 768 instruat,

218 793 358 873 quid
378 806 479 869 pro
506 789 624 861 ejus
653 790 970 847 liberatione
997 806 1127 846 suus
1155 799 1344 847 auctor
1369 792 1672 865 pertulerit.
1698 790 1816 847 Non

220 885 372 943 enim
410 882 527 939 ait:
576 890 798 953 peccata
843 890 1045 947 vestra,
1094 882 1192 938 sed
1214 882 1380 936 etiam
1408 897 1467 937 se
1491 881 1696 947 addito,
1723 883 1817 951 qui

217 985 458 1054 peccata,
508 974 705 1044 inquit,
756 982 933 1029 nostra
965 974 1080 1054 ipse
1108 973 1330 1046 pertulit
1374 974 1429 1029 in
1457 988 1688 1046 corpore
1716 988 1816 1045 suo

222 1046 393 1144 super
418 1064 645 1141 lignum.
1007 1046 1012 1055 ’

298 1152 481 1207 Eratis
506 1153 645 1217 enim
673 1154 807 1215 sicut
854 1169 970 1217 oves
999 1162 1252 1209 errantes.
1303 1152 1582 1224 Quomodo
1610 1160 1665 1211 et
1688 1166 1817 1211 oves

222 1243 394 1312 dicit,
421 1251 478 1299 et
502 1254 779 1310 errantes,
817 1260 940 1300 cum
991 1245 1049 1305 hi
1081 1244 1173 1315 qui
1209 1245 1263 1299 in
1303 1258 1491 1301 errore
1518 1244 1685 1298 vitam
1711 1244 1812 1299 du-

222 1342 361 1395 cunt
380 1334 657 1389 haedorum
687 1336 867 1405 potius
896 1351 1060 1407 quam
1084 1336 1267 1391 ovium
1298 1336 1517 1391 nomine
1547 1348 1812 1391 censean-

222 1434 337 1492 tur,
377 1425 483 1481 nisi
506 1427 631 1496 quia
657 1427 803 1482 novit
834 1426 1097 1482 Dominus
1143 1427 1237 1497 qui
1276 1436 1404 1482 sunt
1444 1427 1595 1499 ejus,
1641 1427 1733 1497 qui
1760 1435 1815 1482 et

222 1516 429 1572 multos
454 1516 544 1571 diu
571 1517 711 1572 male
752 1525 1136 1573 conversantes
1166 1517 1417 1585 sustinet,
1464 1532 1602 1589 quos
1631 1527 1812 1573 tamen

224 1610 284 1669 in
345 1608 528 1663 ovium
579 1624 802 1665 suarum
843 1624 1083 1682 numero
1141 1609 1427 1668 salvandos
1492 1624 1613 1665 esse
1669 1624 1810 1681 pra:-

223 1698 367 1754 vi‘dit
379 1701 405 1750 't

1919 720 2141 763 necesse
2164 706 2261 770 sit,
2307 706 2471 765 etiam
2502 712 2730 758 mortem
2762 711 3006 759 nostram
3037 719 3138 773 pro
3167 702 3369 758 eisdem
3394 703 3507 757 ovi-

1916 799 2019 863 bus
2040 798 2370 853 ministrare.
2421 796 2524 865 Qui
2552 811 2662 851 non
2688 796 2781 849 dat
2808 810 2906 867 pro
2931 794 3122 850 ovibus
3146 795 3504 849 substantiam

1916 910 2103 971 suam,
2124 894 2341 964 quando
2363 891 2590 947 daturus
2627 898 2712 947 est
2739 890 2978 944 animam
3009 890 3208 943 suam?
3243 889 3511 960 Exposui-

1915 1001 2038 1049 mus
2084 984 2177 1039 vel
2198 984 2374 1054 magis
2410 982 2639 1040 Domino
2678 982 2906 1035 docente
2950 978 3311 1034 intelleximus
3333 1020 3348 1045 ,
3385 977 3509 1048 quis

1915 1076 1987 1132 sit
2011 1083 2216 1146 pastor,
2247 1075 2371 1145 quis
2396 1074 2620 1138 ostium,
2667 1072 2790 1142 quis
2816 1071 3094 1136 ostiarius,
3144 1071 3236 1141 qui
3261 1072 3425 1126 etiam
3450 1078 3506 1125 et

1914 1184 2062 1235 oves,
2091 1183 2193 1224 nec
2216 1184 2325 1223 non
2351 1168 2444 1237 qui
2472 1168 2581 1222 sint
2611 1166 2760 1221 fures
2786 1174 2842 1221 et
2863 1165 3105 1220 latrones
3133 1163 3503 1235 cognovimus.

1916 1258 2022 1315 Sed
2050 1259 2210 1319 modo
2257 1259 2324 1312 de
2356 1256 2691 1317 mercenario
2720 1265 2776 1311 et
2798 1256 2925 1329 lupo
2974 1254 3397 1310 consideremus.
3428 1250 3508 1307 De

1914 1349 2113 1424 quibus
2140 1351 2254 1419 ipse
2282 1349 2544 1409 Dominus
2572 1348 2746 1402 dixit:

1986 1441 2344 1497 Mercenarius
2382 1450 2585 1506 autem,
2616 1449 2664 1494 et
2698 1439 2788 1512 qui
2832 1455 2937 1496 non
2978 1446 3054 1493 est
3099 1444 3311 1505 pastor,
3350 1433 3506 1505 cujus

1914 1549 2018 1588 non
2049 1540 2170 1587 sunt
2196 1547 2314 1585 oues
2337 1528 2727 1602 propriw,videt
2767 1528 2947 1598 lupum
2978 1527 3283 1590 uenientem,
3330 1533 3378 1578 et
3419 1521 3506 1576 di-

1910 1623 2071 1677 mittit
2099 1640 2216 1677 oves
2236 1631 2284 1676 et
2315 1620 2468 1693 fugit.
2496 1618 2614 1675 Non
2635 1629 2842 1691 pastor,
2893 1619 2988 1674 sed
3017 1602 3388 1672 mercenarius
3411 1629 3504 1685 vo-

1913 1726 2090 1782 catur,
2136 1715 2264 1787 quia
2298 1731 2407 1770 non
2434 1730 2533 1786 pro
2562 1728 2746 1769 amore
2774 1713 2967 1767 intimo
3013 1726 3143 1766 oves
3168 1708 3502 1774 dominicas,

299 1786 406 1856 Sed
443 1790 686 1845 conuersi
702 1790 824 1851 estis
868 1806 1006 1847 nunc
1032 1791 1103 1846 ad
1131 1800 1414 1863 pastorem,
1460 1800 1568 1847 etc.
1618 1788 1814 1862 Tangit

1923 1809 2011 1865 sed
2061 1786 2505 1877 aditemporales
2552 1804 2831 1861 mercedes
2880 1803 3072 1873 pascit.
3128 1799 3505 1856 Mercenarius

223 1881 594 1954 evangelieam
620 1882 930 1954 parabolam
953 1925 969 1951 ,
991 1884 1082 1939 ubi
1104 1884 1227 1955 pius
1251 1891 1459 1955 pastor,
1485 1882 1690 1939 relictis
1717 1897 1814 1939 no-

224 1974 449 2044 naginta
475 1988 667 2029 novem
688 1974 880 2031 ovibus
904 1975 958 2030 in
981 1976 1217 2042 deserto,
1249 1975 1472 2035 visitare
1482 1975 1627 2031 venit
1648 1990 1816 2037 unam

224 2078 349 2134 quae
381 2071 677 2119 erraverat.
707 2062 843 2119 Nam
864 2064 1009 2136 quod
1038 2064 1113 2120 ibi
1140 2064 1345 2120 dictum
1371 2071 1478 2131 est,
1503 2064 1648 2134 quod
1673 2064 1815 2118 hanc

224 2155 509 2210 inventam
538 2155 861 2225 imposuerit
889 2155 945 2213 in
970 2156 1228 2213 humeros
1264 2170 1393 2213 suos
1422 2155 1680 2228 gaudens,
1710 2152 1814 2209 hoc

226 2246 354 2311 istic
382 2245 573 2301 beatus
608 2245 804 2309 Petrus
844 2247 1143 2317 praemisit,
1183 2246 1410 2304 dicens:
1457 2245 1561 2321 Qui
1599 2253 1813 2316 peccata

226 2345 410 2395 nostra
436 2340 548 2408 ipse
563 2338 790 2413 portauit
812 2337 869 2399 in
893 2354 1108 2415 corpore
1132 2354 1229 2399 suo
1257 2353 1412 2408 super
1437 2336 1656 2413 lignum,
1685 2334 1813 2416 quia

227 2425 487 2480 nimirum
530 2426 606 2481 ita
632 2441 729 2481 nos
757 2427 1029 2491 redimere
1056 2427 1255 2492 voluit,
1296 2434 1362 2488 ut
1384 2426 1590 2499 lignum
1620 2427 1674 2480 in
1704 2439 1813 2496 quo

226 2526 450 2588 peccata
475 2525 661 2574 nostra
684 2518 919 2585 tolleret,
947 2519 1188 2591 pendens
1214 2520 1269 2582 in
1293 2518 1551 2584 humeris
1566 2517 1809 2585 haberet.

226 2609 313 2664 Ad
331 2618 614 2681 pastorem,
646 2625 796 2683 ergo,
834 2611 1026 2683 inquit,
1057 2621 1113 2668 et
1145 2612 1480 2668 visitatorem
1508 2611 1815 2666 animarum

226 2706 531 2755 vestrarum
556 2740 574 2767 ,
615 2709 891 2771 pastorem
935 2702 1208 2769 videlicet,
1260 2703 1386 2774 quia
1413 2717 1616 2773 pascua
1656 2702 1814 2758 nobis

225 2782 354 2837 vita:
376 2781 540 2839 donat
559 2792 798 2853 sternte,
825 2801 1027 2857 pascua
1065 2787 1119 2842 in
1144 2788 1400 2859 praesenti
1435 2786 1813 2858 temporalium

227 2880 455 2944 praestat
475 2875 794 2946 gratiarum.
840 2878 1196 2935 Visitatorem
1232 2893 1362 2934 vero
1391 2879 1697 2934 animarum
1724 2894 1815 2934 ve-

229 2973 493 3031 strarum,
521 2966 649 3035 quia
680 2966 906 3023 uisitauit
938 2985 1033 3024 nos
1064 2970 1237 3025 oriens
1261 2985 1326 3024 ea:
1354 2968 1484 3035 alto,
1513 2968 1814 3024 illuminare

228 3055 312 3110 Itis
334 3057 512 3127 quiin
533 3057 765 3113 tenebris
792 3068 841 3114 et
882 3060 938 3114 in
962 3061 1149 3116 umbra
1173 3063 1357 3116 mortis
1378 3065 1577 3116 sedent.
1617 3059 1815 3116 Visitat

231 3148 474 3219 quotidie
502 3148 672 3219 ipsam
701 3150 756 3205 in
781 3151 954 3217 nobis,
974 3153 1100 3223 quia
1125 3154 1345 3210 donavit
1372 3152 1570 3221 lucem,
1599 3168 1667 3208 ne
1682 3151 1813 3211 defi-
1838 3137 1884 3199 C

232 3237 341 3293 eiet
365 3239 626 3294 servando
648 3279 665 3306 ,
707 3241 815 3296 imo
844 3249 903 3296 ut
930 3251 1208 3314 accrescat
1232 3252 1289 3299 et
1315 3252 1528 3299 crescat
1549 3242 1808 3312 iuvando.

231 3328 460 3395 Quidam
488 3329 703 3387 codices
735 3331 912 3402 ipsum
950 3332 1199 3390 Graecum
1235 3333 1456 3400 habent,
1502 3335 1627 3392 διλλά
1664 3337 1811 3391 ima—

230 3425 442 3507 τράφη
465 3431 555 3481 νῦν
581 3427 666 3482 ἐπὶ
707 3427 790 3483 τὸν
816 3429 1033 3498 ποιμένα
1059 3431 1144 3485 καὶ
1172 3429 1447 3484 ἐπίσκοπον
1493 3435 1592 3487 τῶν
1621 3427 1814 3501 ψυχῶν

230 3517 395 3589 ὑμῶν,
424 3515 504 3569 ad'
515 3525 775 3586 pastorem
799 3527 849 3571 et
868 3517 1255 3589 adepiscopum
1282 3519 1580 3573 animarum
1614 3529 1812 3573 vestra-

232 3626 372 3664 ram.
418 3610 714 3687 Episcopus
749 3620 927 3667 autem
966 3610 1160 3667 Latine
1188 3611 1638 3682 superintendens
1683 3612 1816 3667 dici-

235 3712 342 3770 tur,
391 3703 517 3781 quia
562 3703 819 3770 nimirum
861 3703 1003 3760 oculi
1045 3704 1261 3759 Domini
1309 3719 1473 3774 super
1511 3702 1717 3772 justos,
1759 3710 1815 3759 et

232 3809 397 3851 aures
422 3793 538 3863 ejus
566 3795 633 3851 ad
660 3810 851 3865 preces
876 3812 1088 3863 eorum,
1119 3804 1182 3858 ut
1204 3812 1270 3852 ex
1296 3797 1550 3859 omnibus
1596 3796 1817 3853 tribula-

233 3883 474 3941 tionibus
492 3898 681 3939 eorum
709 3884 903 3940 liberet
927 3900 1049 3943 eos.

603 3990 941 4034 EVANGELIUII
988 3993 1220 4043 JOANNIS,
1248 3992 1366 4033 CAP.
1400 3995 1454 4034 Χ.

309 4084 333 4121 ι
365 4065 485 4137 Ego
521 4081 643 4123 sum
671 4075 856 4138 pastor
903 4068 1100 4125 bonus.
1134 4069 1313 4125 Bonus
1354 4078 1542 4141 pastor
1581 4069 1817 4124 animam

238 4176 265 4215 α
295 4172 453 4217 suam
476 4160 571 4215 dat
593 4173 692 4229 pro
726 4160 919 4216 ovibus
945 4161 1077 4216 suis.
1121 4159 1487 4216 Mereenarius
1511 4168 1691 4216 autem
1712 4201 1726 4227 ,
1760 4170 1817 4216 et

240 4267 265 4304 ί
294 4249 389 4323 qui
429 4264 536 4305 non
560 4256 646 4305 est
683 4257 888 4320 pastor,
919 4249 1072 4319 cujus
1099 4264 1208 4305 non
1236 4257 1365 4304 sunt
1406 4263 1538 4305 oves
1562 4250 1814 4319 proprize,

243 4358 265 4393 ε
299 4339 447 4395 videt
473 4338 657 4409 lupum
682 4340 1008 4407 venientem,
1056 4346 1113 4395 et
1155 4339 1382 4395 dimittit
1405 4354 1534 4394 oves
1575 4347 1630 4394 et
1656 4338 1817 4411 fugit,

242 4451 266 4485 ι
295 4440 352 4488 et
372 4431 528 4502 lupus
555 4432 697 4502 rapit
717 4440 773 4487 et
793 4433 1059 4502 dispergit
1079 4446 1228 4488 oves.
1253 4432 1617 4488 Mercenarius
1638 4439 1817 4487 autem

245 4539 265 4575 ι
301 4520 454 4592 fugit,
502 4521 632 4592 quia
671 4522 1043 4578 mercenarius
1082 4530 1198 4588 est,
1237 4531 1293 4577 et
1338 4537 1446 4578 non
1477 4522 1714 4591 pertinet
1752 4523 1821 4577 ad

243 4633 266 4668 ι
300 4629 425 4670 eum
453 4614 525 4670 de
546 4614 755 4671 ovibus.
799 4615 910 4685 Ego
939 4630 1060 4670 sum
1093 4622 1281 4685 pastor
1303 4614 1501 4679 bonus,
1543 4621 1599 4669 et
1625 4627 1822 4684 cogno-

243 4725 264 4759 ι
297 4721 391 4763 sco
417 4720 586 4772 meas,
631 4713 689 4762 et
711 4713 1047 4777 cognoscunt
1080 4720 1168 4760 me
1193 4720 1346 4761 mem.
1387 4705 1542 4760 Sicut
1562 4705 1711 4760 novit
1736 4717 1824 4759 me

244 4817 266 4851 ε
300 4805 491 4868 pater,
530 4805 585 4852 et
615 4812 716 4869 ego
746 4812 979 4869 agnosco
1001 4794 1240 4862 Patrem,
1287 4803 1342 4851 et
1382 4796 1617 4850 animam
1645 4811 1822 4851 meam

245 4906 267 4941 ι
303 4903 443 4958 pono
467 4904 568 4959 pro
609 4888 801 4943 ovibus
839 4888 1005 4954 meis;
1044 4896 1099 4941 et
1124 4886 1259 4941 alias
1299 4901 1430 4941 oves
1464 4887 1655 4951 habeo,
1705 4900 1824 4955 quae

247 4996 268 5031 ι
301 4992 411 5033 non
441 4985 571 5033 sunt
603 4992 672 5033 ex
702 4977 806 5032 hoc
834 4977 986 5042 ovili,
1034 4983 1091 5031 et
1130 4975 1250 5030 illas
1274 4984 1490 5046 Oportet
1532 4991 1621 5030 me
1650 4976 1822 5030 addu-

247 5086 269 5121 ι
303 5084 448 5134 cere,
477 5075 534 5123 et
558 5082 748 5123 vocem
762 5081 945 5123 meam
965 5066 1206 5131 audient,
1236 5075 1293 5121 et
1311 5066 1402 5121 tlet
1424 5081 1589 5120 unum
1611 5064 1748 5120 ovile
1769 5074 1825 5120 et

247 5181 268 5215 ο
304 5176 443 5217 unus
462 5169 670 5231 pastor.
704 5180 725 5214 ι

311 5250 426 5323 Ego
450 5267 567 5305 sum
589 5259 773 5322 pastori
789 5250 974 5305 bonus.
994 5249 1174 5303 Bonus
1207 5257 1389 5319 pastor
1416 5249 1647 5301 animum
1671 5264 1822 5301 suam

241 5342 335 5395 dat
363 5356 458 5413 pro
476 5340 657 5396 ovibus
678 5342 807 5395 suis.
838 5340 974 5394 Dum
1000 5340 1261 5393 Dominus
1282 5338 1407 5393 boni
1433 5337 1666 5407 pastoris
1689 5352 1826 5405 opus

239 5432 529 5487 ostendere
552 5431 743 5495 voluit,
785 5446 844 5486 se
872 5430 1045 5500 ipsum
1072 5429 1355 5498 proposuit
1381 5429 1435 5481 in
1462 5427 1711 5496 exemplo
1739 5428 1822 5481 di-

242 5539 411 5579 cens:
458 5523 639 5580 Bonus
665 5531 853 5595 pastor
920 5524 1159 5577 animam
1203 5536 1357 5575 suam
1393 5520 1485 5575 dat
1511 5534 1609 5589 pro
1633 5520 1823 5575 ovibus

244 5615 376 5671 suis.

314 5708 424 5781 (Ea:
443 5706 625 5781 (ἶνες.)
662 5708 891 5765 Ostenss
914 5715 998 5763 est
1032 5708 1189 5763 nobis
1224 5708 1642 5775 de‘contcmptn
1683 5724 1826 5762 mor—

1915 1897 2112 1969 quippe
2135 1904 2238 1963 est,
2267 1896 2360 1969 qui
2382 1894 2559 1951 locum
2583 1894 2799 1965 quidem
2831 1890 3066 1962 pastoris
3091 1896 3258 1953 tenet,
3301 1888 3396 1943 sed
3423 1886 3505 1940 lu-

1914 2003 2005 2044 cra
2041 1987 2345 2042 animarum
2393 2000 2501 2040 non
2542 1983 2754 2054 quaerit.
2804 1981 3058 2037 Terrenis
3094 1977 3393 2035 commodis
3423 1976 3507 2031 in-

1914 2079 2049 2144 hiat,
2079 2079 2288 2133 honore
2315 2075 2643 2155 praelationis
2668 2073 2883 2145 gaudet,
2930 2068 3315 2140 temporalibus
3338 2066 3508 2121 lucris

1911 2170 2187 2241 pascitur,
2220 2169 2466 2238 impensa
2495 2165 2600 2222 sibi
2631 2165 2701 2220 ab
2743 2163 3057 2219 hominibus
3085 2158 3387 2216 reverentia
3415 2156 3511 2212 la;-

1913 2268 2081 2316 tatur.
2119 2257 2242 2314 ista:
2280 2262 2410 2313 sunt
2444 2255 2592 2311 enim
2613 2252 2893 2309 mercedes
2919 2242 3273 2314 mercenarii,
3318 2254 3387 2301 ut-
3405 2258 3510 2316 pro

1911 2364 1980 2406 eo
2001 2350 2120 2420 ipso
2153 2363 2260 2418 quo
2288 2347 2342 2402 in
2366 2345 2632 2417 regimine
2658 2344 2887 2408 laborat,
2919 2342 3010 2397 hic
3031 2340 3174 2412 quod
3203 2338 3401 2410 quaerit
3426 2337 3512 2392 in-

1912 2444 2131 2511 veniat,
2163 2449 2221 2498 et
2268 2440 2338 2501 ab
2385 2438 2704 2501 haereditate
2745 2434 2927 2513 gregis
2968 2434 3025 2490 in
3053 2439 3333 2505 posterum
3378 2428 3513 2488 alie-

1912 2549 2018 2590 nus
2043 2534 2262 2589 existat.

1983 2621 2054 2676 Et
2075 2621 2228 2693 lupus
2254 2619 2392 2689 rapit
2420 2628 2470 2675 et
2495 2618 2750 2690 dispergit
2778 2632 2915 2671 oves.
2936 2613 3121 2686 Lupus
3145 2611 3289 2688 rapit
3313 2618 3370 2665 et
3397 2608 3514 2665 dis-

1912 2713 2093 2785 pergit
2135 2693 2265 2768 oves
2292 2725 2428 2767 eum
2445 2709 2611 2764 alium
2632 2709 2700 2763 ad
2722 2706 2992 2762 luxuriam
3018 2703 3308 2776 pertrahit,
3340 2699 3509 2754 alium

1914 2804 1968 2858 in
2006 2802 2296 2858 avaritiam
2340 2799 2632 2866 accendit,
2685 2798 2852 2854 alium
2895 2797 2951 2851 in
2980 2794 3288 2865 superbiam
3327 2790 3513 2862 erigit,

1913 2896 2077 2951 alium
2105 2911 2204 2966 per
2231 2895 2564 2951 iracundiam
2593 2893 2804 2949 dividit.
2829 2891 2986 2947 Hunc
3015 2888 3216 2945 invidia
3241 2884 3515 2949 stimulat,

1914 2987 2066 3043 illum
2109 2986 2163 3040 in
2192 2985 2401 3046 fallacia
2433 2983 2764 3056 supplantat,
2810 2982 2978 3051 Quasi
3021 2995 3152 3051 ergo
3177 2991 3413 3050 gregem.
3430 2974 3515 3031 lu-

1912 3094 2015 3150 pus
2058 3078 2506 3149 dissipatﬁcum
2537 3074 2778 3137 ﬁdelium
2820 3072 3077 3144 populum
3123 3070 3369 3126 diabolus
3415 3082 3523 3137 per

1917 3168 2245 3224 tentationes
2304 3174 2483 3221 necat.
2538 3165 2647 3229 Sed
2712 3171 2913 3221 contra.
2958 3162 3076 3217 haec
3140 3158 3517 3215 mercenarius

1916 3259 2063 3316 nullo
2089 3259 2205 3314 zelo
2233 3258 2567 3321 accenditur,
2618 3255 2768 3315 nullo
2795 3253 3009 3309 fervore
3035 3249 3340 3311 dilectionis
3366 3247 3515 3302 exci—

1915 3360 2108 3407 tatur:
2147 3351 2272 3421 quia
2301 3349 2431 3404 dum
2473 3346 2590 3403 sola
2625 3344 2901 3402 exteriora
2941 3341 3222 3399 commoda
3263 3336 3512 3409 requirit.

1916 3444 2182 3499 interiora
2212 3441 2393 3514 gregis
2414 3439 2611 3495 damna
2641 3436 2978 3509 negligenter
2999 3433 3225 3504 patitur.

1988 3531 2349 3589 Mercenarius
2398 3540 2573 3585 autem
2613 3527 2787 3600 fugit,
2840 3526 2965 3599 quia
3010 3520 3369 3578 mercenarius
3412 3527 3510 3584 est,

1915 3634 2025 3682 etc.
2079 3623 2207 3680 Sola
2260 3638 2389 3694 ergo
2447 3636 2609 3677 causa
2662 3626 2748 3674 est
2794 3625 2855 3673 ut
2902 3613 3274 3671 mercenarius
3318 3610 3510 3682 fugiat,

1916 3718 2044 3789 quia
2066 3715 2439 3772 mercenarius
2468 3722 2571 3769 est.
2611 3710 2689 3779 Ac
2712 3710 2760 3766 si
2787 3716 2975 3780 aperte
3002 3707 3278 3762 diceretur
3303 3721 3316 3757 :
3356 3700 3518 3758 Stare

1914 3809 1976 3876 in
2005 3794 2250 3878 periculo
2273 3804 2454 3860 ovium
2484 3818 2593 3858 non
2621 3810 2828 3872 potest,
2860 3799 2955 3869 qui
2983 3799 3036 3852 in
3061 3812 3127 3853 eo
3153 3796 3296 3866 quod
3326 3793 3518 3848 ovibus

1917 3905 2116 3968 praeest
2140 3911 2247 3951 non
2278 3910 2408 3950 oves
2436 3893 2648 3962 diligit,
2691 3890 2784 3946 sed
2826 3889 3037 3944 lucrum
3066 3895 3340 3943 terrenum
3371 3897 3518 3954 quae-

1921 3992 2009 4045 rit.
2042 3990 2177 4044 Dum
2206 3988 2352 4042 enim
2374 3986 2639 4041 honorem
2667 3983 3012 4052 amplectitur
3031 4021 3046 4046 ,
3075 3981 3201 4035 dum
3238 3986 3514 4045 tempora-

1918 4079 2063 4134 libus
2090 4076 2386 4133 commodis
2416 4075 2651 4140 lzetatur,
2685 4086 2959 4144 opponere
2988 4084 3048 4126 se
3078 4078 3266 4125 contra
3292 4066 3511 4136 pericu-

1919 4168 2031 4222 lum
2057 4165 2313 4235 trepidat,
2334 4179 2402 4219 ne
2431 4164 2536 4220 hoc
2563 4162 2706 4231 quod
2732 4162 2905 4231 diligit
2929 4148 3160 4214 amittat.
3197 4158 3331 4212 item
3357 4156 3523 4226 lupus

1922 4274 2085 4328 super
2121 4272 2252 4313 oves
2283 4257 2466 4321 venit,
2518 4271 2641 4311 cum
2689 4253 2916 4324 quilibet
2945 4252 3178 4321 injustus
3222 4256 3277 4304 et
3324 4255 3514 4318 raptor

1923 4348 2108 4403 ﬁdeles
2132 4361 2375 4417 quosque
2416 4354 2577 4415 atque
2601 4342 2832 4397 humiles
2856 4338 3129 4411 opprimit.
3175 4336 3281 4392 Sed
3328 4335 3374 4390 is
3420 4334 3513 4403 qui

1923 4446 2111 4509 pastor
2145 4451 2265 4495 esse
2292 4436 2576 4492 videbatur
2603 4441 2657 4488 et
2681 4447 2786 4487 non
2814 4438 2969 4495 erat,
3002 4427 3260 4497 relinquit
3298 4441 3428 4481 oves
3456 4432 3514 4480 et

1925 4530 2083 4602 fugit,
2131 4527 2258 4598 quia
2284 4527 2412 4581 dum
2454 4524 2558 4581 sibi
2586 4525 2654 4580 ab
2685 4539 2751 4580 eo
2776 4520 3076 4593 periculum
3119 4517 3330 4581 metuit,
3377 4516 3510 4572 resi-

1923 4629 2070 4679 stere
2110 4617 2228 4687 ejus
2275 4616 2555 4687 iniustitiae
2595 4630 2705 4669 non
2751 4611 3049 4683 praesumit.
3096 4608 3259 4680 Fugit
3306 4613 3508 4669 autem,

1926 4725 2033 4764 non
2061 4706 2322 4762 mutando
2347 4706 2548 4771 locum,
2582 4704 2679 4759 sed
2707 4700 3075 4761 subtrahendo
3105 4697 3393 4761 solatium;
3429 4695 3512 4750 fu-

1926 4800 2004 4871 git
2026 4800 2148 4869 quia
2179 4797 2499 4868 injustitiam
2534 4795 2663 4850 vidit
2690 4801 2745 4848 et
2769 4793 2938 4848 tacuit
2963 4808 2977 4856 ;
3020 4790 3176 4861 fugit,
3204 4786 3297 4857 qui
3327 4799 3386 4841 se
3411 4786 3512 4841 sub

1925 4890 2140 4947 silentio
2160 4888 2463 4944 abscondit.
2503 4884 2610 4942 Sed
2633 4893 2718 4941 est
2739 4885 2880 4939 alius
2900 4882 3055 4952 lupus
3074 4922 3088 4945 ,
3130 4880 3220 4950 qui
3249 4878 3367 4934 sine
3387 4891 3510 4933 ces-

1929 4981 2139 5037 satione
2180 4978 2419 5049 quotidie
2456 4992 2563 5032 non
2597 4990 2849 5046 corpora,
2877 4975 2970 5029 sed
3009 4979 3220 5027 mentes
3244 4969 3510 5026 dilaniat:

1927 5071 2195 5143 malignus
2230 5069 2481 5125 videlicet
2511 5067 2761 5136 spiritus,
2793 5066 2883 5134 qni
2911 5064 3092 5119 caulas
3118 5061 3353 5118 fidelium
3380 5058 3512 5113 insi-

1929 5160 2108 5225 dians,
2137 5159 2335 5214 circuit
2361 5165 2417 5212 et
2441 5167 2645 5211 mortes
2672 5156 2972 5210 animarum
3011 5151 3224 5222 quaerit.

2001 5250 2114 5321 Ego
2138 5266 2253 5303 sum
2294 5256 2476 5320 pastor
2503 5231 2685 5302 bonus.
2734 5245 2871 5313 Quia
2911 5245 3159 5316 superius
3203 5242 3512 5310 redemptor

1929 5349 2118 5397 noster
2138 5339 2322 5408 culpas
2360 5338 2467 5393 ficti
2499 5339 2731 5410 pastoris
2772 5337 3025 5393 innotuit.
3055 5334 3252 5390 lterum
3280 5329 3510 5386 formam

1928 5432 2014 5487 cui
2043 5430 2333 5486 debeamus
2358 5427 2603 5497 imprimi
2617 5428 2856 5483 ostendit
2880 5428 3102 5482 dicens:
3137 5424 3250 5494 Ego
3279 5436 3395 5476 sum
3416 5434 3512 5487 pa-

1927 5533 2038 5578 stor
2081 5522 2263 5575 bonus.
2294 5521 2470 5592 Atque
2496 5520 2799 5591 subjungit:
2840 5518 2907 5573 Et
2938 5533 3191 5589 cognosco
3218 5528 3378 5572 meas,
3407 5510 3511 5565 hoc

1927 5621 2030 5678 cst,
2061 5611 2246 5681 diligo,
2279 5620 2326 5664 et
2353 5617 2670 5681 cognoscunt
2704 5624 2785 5662 me
2820 5622 2971 5671 metr,
3015 5605 3067 5660 id
3093 5612 3177 5660 est
3204 5602 3509 5670 obseqnun‘

1928 5719 2016 5763 tur
2044 5706 2342 5775 diligentes.
