3978 6414
505 330 612 386 287

1810 333 2161 391 SMARAGDI
2197 336 2490 393 ABBATIS

3697 347 3804 410 288

577 444 727 500 Sicut
754 444 891 500 novit
921 461 1003 500 me
1040 442 1235 513 Pater,
1282 456 1332 501 et
1372 464 1464 519 ego
1507 463 1733 519 agnosco
1775 446 2010 512 Patrem,
2045 459 2096 502 et
2121 450 2173 509 Α
2198 463 2298 503 nos
2339 463 2554 520 quoque
2595 450 2863 522 Epistolas
2897 453 3048 510 beati
3089 455 3238 511 Petri
3269 456 3505 530 scriptas
3547 463 3802 531 credens,

502 537 735 589 animam
761 551 928 590 meam
953 553 1093 607 pono
1117 553 1211 608 pro
1240 538 1417 592 ovibus
1445 540 1593 594 meis.
1621 539 1697 595 Ac
1720 541 1766 595 si
1797 549 1981 611 aperte
2008 538 2090 594 di-

501 638 629 684 cat:
677 629 736 684 In
762 629 866 684 hoc
892 638 1146 698 constat,
1188 631 1314 700 quia
1348 641 1404 688 et
1431 649 1701 704 cognosco
1736 631 1950 688 Patrem
1973 675 1989 700 ,
2035 642 2091 689 et

498 736 800 792 cognoseor
840 721 1086 790 aPatre,
1136 724 1263 794 quia
1305 725 1541 780 animam
1584 740 1760 782 meam
1806 742 1947 796 pono
1990 744 2089 798 pro

501 815 692 870 ovibus
713 816 871 871 meis.
900 815 956 871 ld
987 823 1092 882 est,
1121 833 1185 871 ea
1211 817 1478 874 charitate
1497 834 1603 888 qua
1631 834 1729 889 pro
1755 819 1945 874 ovibus
1975 834 2090 875 mo-

497 906 630 971 rior,
647 916 910 976 quantum
930 917 1140 980 patrem
1164 908 1380 980 diligam
1404 911 1650 966 ostendo.
1676 910 1809 979 Quia
1830 923 1961 966 vero
1979 925 2087 966 non

499 995 674 1052 solum
701 996 960 1061 Judrcam.
991 999 1085 1055 sed
1107 1000 1271 1055 etiam
1313 1000 1670 1071 gentilitatem
1702 1004 1971 1058 redimere
1996 1017 2088 1058 ve-

499 1099 678 1157 nerat,
711 1092 972 1165 adjnngit.

572 1182 640 1238 Et
665 1183 801 1240 alias
832 1204 947 1241 oves
972 1186 1158 1252 habeo,
1185 1204 1304 1259 qua
1332 1206 1434 1243 non
1460 1200 1582 1244 sunt
1613 1207 1679 1244 ea:
1706 1190 1804 1244 hoc
1839 1191 1993 1256 ovili,
2037 1202 2086 1247 et

499 1273 623 1329 illas
647 1285 844 1346 oportet
882 1294 962 1330 me
988 1277 1269 1343 adducere,
1297 1288 1346 1332 et
1372 1296 1543 1334 vocent
1571 1298 1742 1335 meant
1767 1282 2005 1348 audient,
2037 1293 2086 1338 et

494 1366 586 1434 ﬁet
625 1383 786 1420 unum
829 1367 962 1422 ovile
985 1377 1033 1421 et
1074 1385 1210 1422 unus
1246 1380 1443 1439 pastor.
1492 1369 1935 1449 Redemptioncm
1984 1389 2084 1429 nc-

495 1466 664 1513 stram
693 1499 709 1523 ,
766 1459 857 1528 qui
905 1475 972 1514 ex
1017 1461 1200 1530 gentili
1247 1462 1442 1532 populo
1488 1463 1777 1530 venimus,
1828 1465 2086 1525 Dominus

494 1559 812 1620 aSpexerat,
859 1566 982 1606 cum
1021 1567 1080 1606 se
1131 1552 1398 1608 adducere
1445 1562 1502 1608 et
1529 1554 1666 1610 alias
1695 1569 1824 1610 oves
1849 1556 2082 1611 dicebat.

496 1639 611 1696 lloc
631 1642 872 1711 quotidie
896 1642 1033 1708 ﬁeri,
1052 1643 1269 1706 fratres,
1292 1645 1556 1717 aSpieitis,
1579 1645 1683 1702 hoc
1723 1646 2085 1703 reconciliatis

491 1733 741 1804 gentibus
762 1733 962 1791 factum
1001 1736 1164 1793 hodie
1195 1739 1408 1804 videtis,
1451 1739 1607 1809 quasi
1638 1755 1703 1795 ex
1729 1739 1939 1796 duobus
1961 1755 2084 1812 gre-

490 1823 651 1894 gibus
677 1841 844 1880 unum
873 1827 1015 1883 ovile
1048 1825 1231 1894 eﬂicit,
1268 1830 1395 1900 quia
1425 1829 1710 1886 Iudaicum
1743 1839 1798 1886 et
1825 1831 2080 1901 gentilem

489 1917 748 1986 populum
776 1919 832 1974 in
859 1935 958 1976 sua
983 1918 1088 1976 fide
1132 1920 1427 1994 conjungit,
1478 1921 1645 1977 Paulo
1673 1931 1964 1979 attestante
1988 1924 2081 1995 qui

488 2005 602 2059 ait:
651 2007 770 2078 ipse
810 2017 895 2065 est
934 2025 1043 2080 pax
1079 2018 1286 2077 nostra,
1335 2011 1429 2081 qui
1461 2011 1588 2067 iecit
1616 2021 1842 2082 utraque
1888 2029 2076 2069 unum.

489 2094 626 2150 Dum
674 2099 824 2152 enim
854 2099 921 2154 ad
961 2110 1224 2156 :eternam
1265 2103 1434 2157 vitam
1477 2117 1542 2157 ex
1595 2113 1823 2173 utraque
1859 2105 2083 2162 natione

488 2186 764 2259 simplices
793 2188 972 2262 elegit,
1002 2191 1067 2246 ad
1095 2190 1237 2247 ovile
1263 2191 1542 2262 proprium
1565 2205 1697 2249 oves
1731 2194 1968 2251 deducit.

1114 2339 1412 2382 CONCORDIA
1423 2365 1438 2380 .

555 2431 790 2489 lstarum
814 2435 1045 2491 duarum
1069 2444 1126 2492 et
1152 2438 1424 2495 iii-ovibus
1449 2449 1502 2496 et
1532 2440 1584 2495 in
1607 2449 1825 2512 pastore
1851 2441 1912 2498 iit
1945 2457 2076 2500 con-

485 2522 709 2578 veniens
736 2527 1025 2581 concordia
1056 2526 1370 2583 lectionmu.

575 2653 904 2713 DOMINICA
930 2653 1246 2713 SECUNDA
1275 2657 1446 2716 POST
1471 2659 1626 2717 OCT.
1656 2658 1972 2719 PASCHIE.
1998 2684 2001 2688 ·

577 2781 832 2823 εΗετοιΑ
863 2784 1025 2824 Ριῑιλ
1054 2786 1216 2826 ΒΕΑΤΙ
1252 2783 1410 2828 PETRI
1440 2789 1690 2830 ηοω-σω
1709 2815 1725 2841 ,
1753 2791 1873 2832 CAP.
1905 2792 1968 2832 ﬂ.

564 2915 584 2947 ι
619 2895 860 2953 Obsecro
884 2913 980 2955 vos
1002 2908 1255 2972 tanquam
1273 2904 1508 2961 advenas
1525 2916 1579 2960 et
1604 2909 1920 2980 peregrinos
1944 2908 2069 2966 abs-

488 3006 510 3036 ο
547 2987 718 3042 tinere
760 3004 858 3044 vos
897 3005 929 3044 a
974 2991 1283 3047 carnalibus
1332 2994 1636 3062 desideriis,
1665 3012 1788 3066 qua:
1835 2999 2072 3056 militant

489 3097 508 3129 ι
545 3079 803 3134 adversus
833 3080 1087 3136 animam.
1137 3081 1616 3142 Comet-sationem
1655 3097 1893 3145 vestram
1923 3092 2068 3147 inter

485 3190 502 3220 ς
537 3169 735 3226 Gentes
763 3171 1026 3229 habentes
1061 3175 1287 3241 bonam,
1321 3184 1380 3231 ut
1411 3178 1464 3232 iu
1493 3194 1560 3234 eo
1584 3181 1727 3249 quod
1758 3181 2066 3240 detractant
2093 3143 2138 3207 Ο

483 3281 502 3312 ι
539 3263 604 3317 de
619 3265 793 3330 vobis,
821 3272 1081 3335 tanquam
1097 3265 1164 3321 de
1191 3267 1634 3327 malefactori‘bus
1660 3288 1727 3328 ex
1751 3275 1909 3331 bonis
1931 3291 2062 3348 cpe-

485 3370 502 3400 i
539 3352 708 3418 ribus,
748 3369 845 3407 vos
881 3354 1286 3412 considerantes
1313 3357 1615 3429 gloriﬁcent
1644 3361 1814 3419 Deum
1839 3366 1892 3420 in
1930 3375 2067 3423 tem-

485 3459 506 3490 ι
538 3456 668 3510 pore
724 3442 1067 3499 visitationis.
1113 3445 1353 3514 Subjecti
1391 3458 1565 3506 estote
1613 3455 1762 3511 omni
1801 3466 2064 3516 creaturas

484 3552 503 3584 ι
538 3534 1036 3606 humanm'pmpter
1063 3536 1259 3606 Deum,
1299 3540 1412 3595 sive
1441 3543 1592 3613 regi,
1640 3546 1794 3616 quasi
1837 3551 2062 3619 praecer-

489 3643 519 3701 ιν
547 3625 708 3692 lenti,
734 3627 848 3682 sive
868 3628 1094 3684 ducibus
1123 3636 1378 3701 tanquam
1407 3633 1476 3689 ab
1500 3651 1566 3690 eo
1596 3637 1777 3694 missis
1803 3641 1870 3697 ad
1890 3643 2064 3698 vindi-

483 3700 519 3766 ι’
540 3725 686 3770 ctam
715 3717 1123 3774 malefactorum
1143 3761 1158 3787 ,
1190 3719 1401 3777 laudem
1439 3739 1566 3780 vero
1595 3727 1877 3784 bonorum.
1925 3731 2062 3800 Quia

485 3827 501 3857 ι
539 3807 619 3862 sic
653 3817 738 3864 est
761 3809 1010 3865 voluntas
1035 3811 1154 3877 Dei,
1186 3820 1243 3867 ut
1263 3813 1662 3874 benefacieutes
1688 3818 2063 3881 obmutescere

482 3897 750 3954 «faciatis
824 3899 1246 3970 imprudentium
1320 3905 1601 3964 hominum
1674 3909 2058 3982 ignorantiam.

483 4008 501 4040 ο
543 3988 707 4058 Quasi
736 3991 917 4058 liberi,
947 4001 1003 4048 et
1033 4010 1138 4049 non
1169 3997 1321 4065 quasi
1348 3998 1594 4057 velamen
1623 4003 1884 4061 habentes
1907 4008 2064 4065 mali-

480 4101 498 4133 t
539 4081 627 4137 tia:
653 4080 982 4149 libertatem,
1027 4086 1122 4142 sed
1148 4088 1288 4144 sicut
1329 4092 1471 4147 Servi
1510 4092 1622 4150 Dei.
1663 4096 1864 4154 Omnes
1893 4099 2062 4158 bono-

480 4190 498 4223 ι
537 4180 673 4238 rate,
721 4173 1116 4232 fraternitatem
1166 4179 1392 4252 diligite,
1426 4183 1597 4240 Deum
1629 4186 1831 4254 timete,
1877 4206 2055 4263 regem

478 4283 496 4314 ι
531 4263 902 4320 honorificate.
956 4264 1134 4335 Servi,
1165 4271 1365 4326 subditi
1393 4279 1565 4330 estote
1601 4275 1653 4330 in
1685 4278 1831 4333 omni
1865 4281 2059 4338 timore

477 4373 495 4406 α
529 4356 793 4424 dominis,
819 4374 924 4413 non
948 4369 1156 4415 tantum
1181 4361 1337 4420 bonis
1372 4374 1428 4420 et
1452 4368 1735 4434 modestis,
1770 4372 1864 4426 sed
1889 4373 2055 4428 etiam

476 4467 495 4499 σ
532 4448 783 4519 dyscolis.
819 4449 946 4507 Haec
976 4461 1060 4508 est
1086 4455 1232 4510 enim
1260 4457 1434 4526 gratia
1464 4458 1519 4514 in
1549 4459 1765 4516 Christo
1790 4461 1916 4518 Jesu
1947 4464 2054 4521 Do-

476 4557 494 4588 ι
531 4539 679 4594 mino
705 4550 914 4598 nostro.
946 4562 964 4595 ι

540 4625 763 4682 Obsecro
810 4647 901 4686 vos
953 4641 1201 4716 tanquam
1231 4635 1458 4691 advenas
1510 4647 1560 4692 et
1599 4642 1924 4710 peregrinos.
1951 4643 2050 4716 (Ex

466 4717 657 4792 Beda.)
682 4719 918 4779 Advcna:
948 4709 1163 4792 Latine,
1203 4725 1391 4782 Grmce
1416 4725 1673 4785 dicuntur
1715 4709 2049 4808 wpoa’ri).urot.

466 4815 584 4882 Quo
610 4816 828 4872 nomine
856 4819 1199 4888 appellabant
1222 4816 1393 4876 Judzci
1443 4837 1539 4878 eos
1581 4825 1672 4893 qui
1713 4825 1780 4882 de
1803 4831 2054 4898 gentibus

464 4905 599 4972 nati,
628 4907 682 4961 in
707 4907 874 4964 Deum
915 4909 1214 4976 credidere,
1263 4907 1487 4981 ejusque
1519 4913 1931 4978 circumcisione
1956 4939 2050 4980 ac-

463 5007 617 5068 cepta
654 4998 880 5056 Iudaico
916 5015 1090 5067 more,
1130 4999 1288 5069 juxta
1317 5003 1411 5058 Dei
1438 5003 1631 5074 legem,
1659 5009 1823 5065 vitam
1849 5013 2048 5073 ducere

463 5090 766 5145 voluerunt.
800 5091 877 5147 De
905 5107 1137 5161 quorum
1163 5107 1388 5148 numero
1417 5091 1568 5152 fuere
1609 5100 1828 5169 quidam
1858 5119 2046 5166 eorum

460 5179 551 5250 qui
582 5179 638 5234 in
662 5181 750 5236 die
774 5190 962 5236 sancto
987 5180 1365 5249 Pentecostes-,
1405 5199 1514 5254 quo
1546 5193 2043 5268 apostoliSpiritum

460 5280 706 5339 sanctum
744 5273 798 5327 in
830 5272 972 5343 ignis
999 5271 1208 5328 visione
1253 5289 1646 5347 perceperunt,
1686 5286 1754 5340 ad
1784 5289 2043 5356 praedica-

460 5365 663 5420 tionem
711 5378 901 5420 eorum
947 5362 1164 5419 Christo
1212 5367 1593 5438 crediderunt,
1642 5375 1855 5435 dicente
1894 5382 2042 5440 Scri-

456 5462 638 5524 ptura,
659 5453 804 5522 quod
830 5450 1236 5544 Judaeiquoque
1264 5465 1319 5512 et
1337 5461 1594 5533 proselyti
1621 5466 1872 5525 adessent
1897 5473 2040 5544 (Act.

459 5543 542 5613 ιι).
594 5540 703 5596 Sed
736 5549 791 5596 et
822 5557 925 5598 nos
974 5543 1022 5598 si
1057 5545 1325 5601 veraciter
1358 5565 1480 5604 cum
1507 5551 1775 5624 Propheta
1821 5540 1929 5618 Deo
1958 5567 2041 5620 di-

456 5647 583 5686 cere
625 5647 932 5701 possumus,
969 5635 1223 5705 quoniam
1257 5635 1440 5693 Incola
1471 5657 1565 5696 nos
1593 5660 1774 5701 sumus
1803 5653 1946 5719 apud
1988 5665 2039 5710 te

457 5723 516 5778 in
541 5729 704 5790 terra,
734 5733 783 5778 et
819 5726 1100 5798 peregrini,
1135 5727 1270 5784 sicut
1301 5746 1477 5789 omnes
1505 5743 1682 5803 patres
1716 5743 1880 5795 nostri
1904 5760 1925 5810 ;
1967 5747 2034 5802 ad

2190 549 2246 595 et
2275 543 2430 612 quasi
2465 544 2623 600 nobis
2651 545 2847 602 missas
2877 546 3059 618 legere
3085 549 3367 607 debemus.

2261 632 2526 688 Abstinete
2556 651 2642 690 vos
2673 654 2705 690 a
2732 637 3038 692 carnalibus
3070 639 3368 707 desideriis,
3411 661 3533 716 qua:
3565 645 3800 703 militant

2189 722 2437 777 adversus
2475 725 2727 780 animam.
2782 725 2922 781 Dum
2965 730 3423 800 concupiscentiis
3465 733 3802 791 blandienti-

2188 813 2290 868 bus
2316 830 2444 872 caro
2473 827 2798 885 enervatur,
2847 819 3185 892 subjugatur,
3211 824 3323 894 jam
3351 825 3608 882 vitiorum
3640 843 3802 884 exer-

2189 902 2332 958 citus
2361 903 2590 961 ﬁrmiter
2619 905 2877 964 adversus
2907 911 3147 965 animam
3171 922 3435 968 armatur.
3467 915 3616 982 Quos
3643 933 3799 973 com-

2187 1000 2434 1063 petenter
2461 995 2698 1052 advenas
2741 1009 2899 1054 vocat
2929 1008 2985 1054 et
3013 1003 3364 1073 peregrinos,
3408 1014 3469 1059 ut
3515 1023 3584 1062 eo
3613 1010 3798 1067 minus

2189 1085 2420 1140 terrenis
2453 1087 2615 1141 rebus
2661 1088 2903 1144 animum
2932 1101 3269 1162 supponant,
3320 1112 3429 1166 quo
3455 1113 3513 1153 se
3555 1101 3795 1168 patriam

2189 1174 2241 1230 in
2266 1176 2420 1232 cmlis
2447 1178 2648 1234 habere
2677 1181 3058 1249 meminerint;
3104 1199 3338 1256 namque
3370 1186 3474 1242 hoc
3498 1188 3706 1244 distare
3737 1193 3794 1245 in

2187 1267 2291 1322 hac
2316 1269 2426 1323 vita
2458 1269 2603 1324 inter
2643 1270 2846 1327 electos
2874 1271 3014 1328 solet
3037 1283 3092 1329 et
3123 1278 3404 1345 reprobos,
3453 1280 3599 1348 quod
3627 1281 3792 1336 electi

2186 1360 2456 1430 peregrini
2493 1376 2636 1416 nunc
2663 1370 2718 1416 et
2761 1364 2979 1420 exsules
3006 1367 3239 1436 patriam
3270 1379 3594 1439 exspectant
3621 1373 3676 1426 in
3710 1372 3792 1427 fu-

2187 1454 2342 1513 turo,
2390 1453 2653 1520 Lauteque
2679 1452 2860 1509 minus
2887 1453 2940 1509 in
2977 1459 3233 1526 praesenti
3266 1460 3478 1528 gaudiis
3506 1461 3791 1518 delectan-

2188 1551 2276 1597 tur
2303 1545 2551 1611 caducis,
2600 1558 2806 1617 quauto
2837 1546 3017 1606 futura
3057 1553 3178 1608 sine
3207 1554 3312 1610 line
3345 1557 3544 1628 gaudia
3577 1574 3637 1614 se
3667 1575 3791 1630 spe-

2187 1641 2308 1688 rant
2338 1635 2606 1705 accipere,
2638 1648 2694 1692 et
2726 1638 2780 1692 in
2819 1650 3085 1696 internum
3128 1657 3360 1715 regnare
3387 1661 3512 1700 cum
3539 1646 3785 1705 Christo.

2183 1724 2253 1778 At
2287 1740 2419 1780 vero
2459 1727 2672 1798 reprobi
2725 1730 2853 1786 hinc
2882 1731 3081 1788 habent
3114 1736 3370 1803 patriam,
3421 1736 3582 1806 cujus
3609 1739 3786 1794 solum

2183 1815 2307 1869 vita:
2340 1816 2626 1875 desideriis
2664 1830 2862 1876 norunt
2905 1821 3137 1880 inhiare.
3206 1826 3440 1897 [deoque
3475 1839 3604 1898 post
3644 1830 3787 1886 hanc

2182 1907 2346 1963 vitam
2376 1909 2427 1965 in
2457 1911 2705 1968 e\silium
2735 1914 3030 1986 religantur
3049 1927 3386 1990 perpetuum,
3433 1921 3524 1976 ubi
3568 1925 3784 1980 cunctis

2180 2008 2428 2054 carentes
2460 1999 2823 2073 voluptatibus
2887 2004 2999 2060 sola
3051 2006 3106 2062 in
3168 2009 3456 2066 tormentis
3495 2013 3785 2082 patiantur

2179 2088 2427 2144 adversa.

2249 2175 2319 2233 Ut
2347 2178 2400 2234 in
2422 2197 2482 2236 eo
2502 2183 2642 2250 quod
2677 2183 2974 2242 detractant
3004 2188 3071 2244 de
3093 2189 3232 2245 vobis
3261 2203 3516 2263 tanquam
3546 2196 3780 2266 malefa-

2175 2274 2428 2336 ctoribus,
2455 2291 2521 2328 ex
2550 2274 2698 2332 bonis
2730 2280 2970 2347 operibus
2999 2297 3084 2336 vos
3113 2283 3526 2351 considerantes,
3573 2288 3780 2359 glori/i-

2173 2375 2288 2416 cent
2327 2362 2495 2419 Deum
2533 2366 2589 2420 in
2640 2367 2726 2422 die
2769 2369 3104 2428 visitationis.
3148 2371 3473 2446 Plerumque
3507 2380 3781 2452 contingit

2172 2460 2234 2506 ut
2283 2455 2477 2526 pagani
2537 2457 2629 2526 qui
2675 2455 2834 2514 ﬁdem
2869 2462 3305 2519 Christianorum
3366 2466 3774 2537 vituperabant,

2172 2557 2345 2613 quare
2384 2543 2516 2601 deos
2561 2563 2689 2602 suos
2717 2547 3156 2620 dereliquissent,
3211 2557 3554 2624 postmodum
3589 2561 3775 2614 cousi-

2173 2636 2426 2689 derantes
2454 2649 2663 2692 castam
2694 2655 2878 2694 eorum
2911 2644 3401 2707 conversationem,
3431 2649 3773 2706 etinvietum

2171 2721 2224 2778 in
2255 2722 2473 2781 Christo
2497 2728 2761 2794 animum,
2794 2743 3075 2788 cessarent
3106 2734 3186 2789 eis
3211 2735 3520 2802 detrahere,
3569 2743 3776 2810 magis-

2169 2828 2276 2884 que
2290 2813 2458 2893 Deum
2481 2819 2806 2889 gionticare,
2832 2815 2897 2878 ac
2915 2823 3472 2898 laudareinciperent,
3494 2832 3587 2902 qui
3615 2832 3775 2889 boni-

2170 2913 2280 2962 tate
2309 2922 2374 2964 ac
2390 2908 2601 2980 iustitia
2632 2913 2900 2971 cultorum
2927 2933 3146 2974 suorum
3175 2922 3348 2978 bonus
3372 2937 3492 2979 esse
3507 2927 3772 2994 probare-

2169 3007 2258 3055 tur
2287 3012 2342 3057 et
2365 3001 2582 3071 justus:
2613 3006 2947 3077 Gloriﬁcant.
2983 3012 3185 3081 inquit,
3217 3013 3388 3068 Deum
3429 3016 3481 3070 in
3516 3017 3603 3072 die
3638 3020 3770 3073 visi-

2170 3091 2406 3159 tationis,
2457 3094 2560 3150 hoc
2588 3105 2692 3162 est,
2745 3099 2796 3153 in
2833 3113 3076 3172 tempore
3107 3103 3509 3169 retributionis,
3559 3120 3770 3177 quanta

2168 3181 2322 3238 vobis
2349 3183 2423 3238 sit
2448 3184 2617 3253 gloria
2646 3202 2741 3258 per
2763 3187 2930 3245 Deum
2958 3191 3225 3248 donanda.
3257 3195 3377 3250 iam
3405 3213 3548 3254 nunc
3569 3215 3770 3270 cogno-

2167 3283 2322 3328 scant
2350 3273 2610 3332 increduli
2633 3294 2758 3334 cum
2785 3277 3168 3340 vos‘instanter
3195 3302 3291 3356 per
3315 3287 3582 3345 obstantia
3620 3293 3773 3362 peri-

2167 3363 2286 3418 cula
2317 3364 2465 3420 illum
2495 3369 2648 3438 sequi
2675 3374 3071 3441 perspexerint.

2239 3452 2473 3525 Subjecti
2521 3469 2681 3513 estote
2734 3463 2875 3515 omni
2930 3471 3174 3522 humana:
3227 3481 3486 3525 creatura:
3545 3485 3766 3543 propter

2169 3543 2355 3601 Deum.
2389 3547 2547 3604 Omni
2586 3551 2834 3609 humana:
2860 3569 3124 3615 creatura:
3154 3561 3305 3627 dicit,
3334 3564 3480 3619 omni
3509 3565 3764 3635 dignitati

2165 3631 2466 3699 hominum,
2506 3642 2654 3695 omni
2680 3657 2947 3712 personae.
2997 3649 3141 3704 omni
3176 3651 3523 3722 principatui,
3552 3659 3640 3712 cui
3666 3675 3764 3716 vos

2164 3723 2343 3782 divina
2374 3729 2657 3800 dispositio
2687 3735 2842 3790 subdi
2883 3738 3130 3794 voluerit.
3186 3741 3295 3798 Hoc
3333 3756 3415 3800 est
3439 3747 3582 3802 enim
3613 3751 3762 3819 qutnl

2164 3817 2262 3883 ait,
2285 3832 2497 3891 propter
2534 3821 2720 3879 Deum.
2771 3827 2905 3895 Quia
2947 3848 3048 3886 non
3075 3842 3149 3888 est
3175 3847 3402 3904 po'estas
3433 3840 3535 3894 nisi
3560 3859 3593 3895 a
3627 3817 3758 3908 Deo,

2161 3917 2210 3961 et
2239 3911 2328 3978 qui
2356 3914 2595 3968 potestati
2621 3916 2813 3971 resistit
2852 3918 2947 3974 Dei
2973 3925 3294 3981 ordinationi
3321 3929 3531 3985 resistit.
3581 3934 3760 4000 Quam

2161 4011 2468 4058 creaturam
2496 4005 2889 4078 subsequenter
2917 4015 3142 4085 exponit
3165 4018 3499 4090 adjungens:

2231 4112 2349 4170 Sive
2374 4118 2483 4188 regi
2503 4121 2656 4188 quasi
2679 4125 3028 4194 pra'cellenti,
3064 4130 3171 4185 sive
3195 4133 3450 4199 ducibus,
3503 4147 3758 4209 tauquam

2159 4207 2224 4261 ab
2251 4224 2310 4262 eo
2338 4212 2532 4267 missis.
2560 4213 2683 4270 Ideo
2706 4217 2815 4287 regi
2843 4227 3051 4275 tantum
3081 4237 3146 4278 ac
3169 4223 3414 4290 ducibus,
3438 4243 3543 4283 non
3571 4207 3755 4286 autem

2158 4306 2213 4352 et
2236 4298 2471 4358 dominis
2511 4302 2663 4371 dicit,
2712 4308 2836 4376 quia
2871 4309 2975 4365 hoc
3012 4311 3066 4366 in
3099 4312 3216 4369 loco
3263 4314 3382 4371 illos
3419 4319 3752 4388 specialiter,

2158 4395 2218 4440 ut
2247 4389 2458 4458 praefati
2487 4406 2696 4461 sumus,
2746 4396 2965 4454 instruxit
3006 4401 3102 4470 qui
3129 4412 3259 4459 sunt
3307 4405 3516 4461 Domini
3567 4425 3756 4466 servo-

2080 4489 2132 4553 D
2160 4492 2300 4534 rum.
2345 4480 2753 4552 Subsequenter
2777 4504 2905 4544 vero
2923 4531 2940 4558 ,
2980 4503 3036 4548 et
3063 4509 3252 4552 servos
3283 4500 3555 4568 quomodo
3580 4503 3754 4560 domi-

2158 4566 2242 4621 nis
2271 4566 2602 4628 i'amulentnr
2648 4577 2922 4636 admonet.
2965 4582 3129 4639 Docet
3158 4566 3528 4657 ergotideles,
3578 4591 3754 4650 famu-

2156 4657 2243 4714 los
2265 4660 2515 4718 videlicet
2538 4669 2728 4724 aeterni
2769 4671 2914 4743 regis
2933 4711 2948 4738 ,
2979 4675 3143 4730 etiam
3173 4680 3354 4734 mundi
3390 4685 3750 4750 potestatibus

2155 4752 2335 4820 subdi,
2382 4771 2450 4810 ne
2505 4759 2590 4814 vet
2631 4761 2684 4816 in
2721 4763 2826 4818 hoc
2868 4765 2989 4822 ﬁdei
3040 4779 3096 4824 ct
3138 4771 3382 4844 religioni
3422 4775 3748 4837 Christiana:

2154 4844 2327 4912 possit
2355 4845 2604 4916 detrahi,
2645 4853 2788 4920 quod
2817 4870 2914 4924 per
2957 4871 3076 4912 eam
3123 4860 3375 4917 humanae
3417 4866 3749 4925 conditionis

2145 4929 2273 5000 jura
2315 4937 2622 4995 turbentur.
2678 4941 2813 4998 Nam
2858 4954 2914 5000 et
2961 4947 3038 5003 ita
3074 4959 3254 5020 potest
3300 4962 3446 5008 recte
3495 4955 3741 5029 intelligi,

2151 5027 2296 5096 quod
2320 5028 2527 5084 dictum
2561 5041 2646 5088 est
2672 5048 2689 5087 :
2727 5035 2885 5091 Omni
2910 5039 3157 5096 humanae
3181 5053 3459 5109 creatures,
3492 5055 3551 5100 ut
3576 5027 3746 5119 signi-

2151 5115 2342 5173 ﬁcetur
2369 5128 2425 5174 et
2453 5119 2699 5180 ﬁdelibus
2729 5134 2784 5180 et
2812 5127 3103 5186 incredulis
3131 5147 3314 5187 rerum
3344 5133 3600 5192 dominis.

2218 5207 2301 5261 Ad
2331 5209 2613 5266 vindictam
2658 5213 3102 5286 ntalefactorum,
3155 5219 3366 5276 laudem
3416 5242 3534 5279 vero
3578 5227 3742 5282 bono—

2147 5312 2284 5351 rum.
2332 5297 2450 5355 Non
2495 5303 2638 5371 quod
2668 5317 2860 5362 omnes
2904 5309 2998 5378 qui
3039 5325 3070 5364 a
3118 5312 3338 5382 regibus
3378 5316 3530 5371 missi
3573 5319 3742 5378 duces

2143 5399 2288 5455 sunt,
2328 5392 2414 5448 vel
2443 5395 2822 5454 malefactores
2851 5402 3045 5468 punire
3078 5403 3162 5458 vel
3193 5405 3415 5461 laudare
3443 5409 3616 5466 bonos
3642 5427 3740 5467 no~

2141 5481 2337 5546 verint,
2387 5483 2482 5538 sed
2515 5501 2636 5554 quae
2661 5503 2783 5544 esse
2812 5490 3010 5546 debeat
3035 5494 3180 5549 actio
3221 5496 3349 5551 boni
3375 5497 3558 5564 ducis,
3606 5503 3738 5558 sim-

2141 5570 2354 5640 pliciter
2381 5583 2588 5641 narrat,
2622 5579 2726 5634 hoc
2749 5589 2832 5635 est
2854 5622 2868 5646 ,
2919 5590 2978 5636 ut
3009 5583 3148 5639 male
3174 5585 3436 5644 facientes
3462 5602 3732 5660 coerceat,

2139 5668 2196 5714 et
2213 5660 2350 5717 bene
2375 5673 2598 5734 agentes
2627 5679 2954 5726 nemuneret.
2984 5672 3086 5739 Qui
3114 5675 3278 5730 etiam
3300 5676 3345 5731 si
3377 5677 3578 5746 injuste
3600 5683 3732 5754 agit,

2137 5749 2184 5805 si
2233 5751 2404 5810 bonos
2452 5755 2712 5829 damnat,
2762 5760 3114 5820 nihilominus
3162 5765 3232 5822 ad
3273 5765 3491 5826 laudem
3534 5749 3728 5829 eorum
