3978 6438
185 251 298 306 289

1015 239 1544 304 COLLECTIONES
1581 240 1651 296 lN
1691 239 2071 297 EPISTOLAS
2110 240 2199 297 ET
2235 242 2652 302 EVANGELIA.

3363 251 3469 311 290

186 361 430 435 pertinet
475 375 596 432 quae
632 358 796 426 facit,
843 356 890 413 si
917 356 1187 428 patienter
1227 354 1346 426 ejus
1385 351 1784 424 improbitatem
1812 353 1861 412 Α
1888 350 2089 420 gistros
2123 367 2319 406 vacare
2351 353 2543 416 solent,
2579 355 2718 411 unde
2742 357 2933 429 σχολὴ,
2953 357 3167 412 vacatio
3203 358 3474 433 interpre-

189 454 465 519 tolerant,
499 459 556 508 et
589 450 864 522 sapienter
889 448 1006 520 ejus
1033 446 1275 502 stultitia:
1299 445 1576 500 resistunt.
1625 443 1778 498 Unde

186 556 243 603 et
270 545 472 603 Paulus
498 562 512 599 :
550 541 641 597 Vis
670 559 775 597 non
815 541 995 595 timere
1028 547 1336 611 potestatem
1355 577 1370 602 ,
1402 537 1592 590 bonum
1621 534 1706 604 fac
1731 542 1779 588 et

155 631 162 640 ’
187 637 404 693 habebis
426 635 639 690 laudem
665 649 730 688 ex
753 631 868 698 illa,
896 647 1004 688 non
1029 631 1181 695 dicit,
1215 630 1284 684 ab
1309 628 1422 694 illa,
1450 629 1545 683 sed
1569 641 1633 681 ex
1666 625 1776 680 illa.

189 729 330 798 Quia
357 737 416 784 et
462 727 510 782 si
548 733 792 797 potestas
821 732 874 780 te
903 723 1173 778 mundana
1202 737 1308 778 non
1335 720 1546 784 laudat,
1605 719 1714 774 imo
1734 719 1781 774 si

187 822 357 877 etiam
382 818 749 890 persequitur,
789 815 834 871 si
879 814 1080 870 occidit
1113 812 1310 884 gladio,
1343 820 1404 866 ut
1443 810 1690 877 Paulum,
1732 810 1779 866 si

187 910 484 983 cruciﬁgit,
529 917 592 964 ut
619 908 862 973 Petrum,
905 905 1134 962 habebis
1169 918 1234 959 ex
1267 903 1358 959 illa
1384 902 1621 968 laudem,
1651 902 1780 958 dum

186 1021 257 1060 ex
281 1020 349 1060 eo
371 1046 386 1071 ,
419 1003 564 1074 quod
589 1002 678 1057 illa
706 999 1001 1066 malefeeit,
1030 998 1085 1054 in
1113 1007 1168 1054 te
1183 996 1390 1067 justum
1413 1005 1469 1051 et
1496 996 1777 1051 innoxium

188 1107 301 1152 tum
327 1097 546 1152 virtutis
570 1095 830 1167 pauentia
866 1107 1123 1148 coronam
1147 1091 1323 1146 laudis
1346 1097 1605 1145 meretur.
1643 1087 1779 1144 Nam

185 1199 248 1244 et
285 1190 392 1244 hoc
420 1187 718 1242 intendisse
761 1185 978 1240 beatum
1012 1182 1236 1238 Petrum
1277 1181 1332 1236 in
1378 1181 1482 1236 hac
1511 1179 1778 1235 sententia

191 1279 358 1335 verba
384 1278 666 1349 sequentia
693 1277 907 1341 docent,
939 1275 1136 1346 quibus
1159 1274 1361 1329 dicitur
1384 1291 1398 1327 :

264 1371 407 1438 Quia
430 1372 508 1427 sic
529 1378 606 1425 est
644 1367 881 1423 voluntas
909 1366 1155 1432 Domini,
1204 1375 1262 1419 ut
1289 1364 1666 1435 benefacientes
1685 1358 1780 1418 ob-

187 1473 479 1518 mutescere
521 1460 730 1532 faciatis
756 1457 1165 1530 imprudentium
1212 1456 1482 1510 hominum
1523 1454 1777 1525 ignoran-

193 1557 344 1610 tiam.
387 1554 512 1609 [lare
538 1560 625 1609 est
648 1566 778 1623 ergo
801 1550 919 1604 laus
941 1549 1206 1605 bonorum
1225 1589 1238 1613 ,
1267 1547 1336 1602 ad
1367 1562 1530 1618 quam
1556 1545 1721 1602 duces
1747 1560 1776 1600 a

194 1661 320 1716 rege
345 1645 476 1702 dicit
496 1645 694 1700 missos
711 1683 727 1708 ,
755 1643 882 1698 dum
911 1639 1212 1709 ignorantia
1243 1638 1438 1694 ducum
1470 1635 1780 1708 impruden-

1881 447 2046 494 tatur.
2065 440 2305 512 Denique
2317 442 2370 496 in
2386 441 2598 498 Psalmo
2610 445 2698 500 ubi
2713 446 2959 502 canimus
2975 466 2988 502 :
3018 446 3209 504 Vacate
3223 460 3274 505 et
3287 452 3472 520 ridete,

1878 531 2130 600 quoniam
2151 548 2244 602 ego
2272 549 2386 586 sum
2420 533 2699 604 Dominus,
2724 553 2824 608 pro
2857 555 2921 594 eo
2945 542 3089 611 quod
3120 559 3218 598 nos
3241 544 3473 602 dicimus

1878 629 2068 676 vocate
2094 663 2109 688 ,
2156 623 2209 678 in
2237 623 2427 680 Graeco
2457 626 2720 693 habetur,
2771 633 3088 703 σχολάσατι.
3141 633 3467 694 scholastici

1881 721 2008 767 sunt
2052 727 2183 784 ergo
2210 714 2442 802 eruditi,
2495 717 2696 786 dyscoli
2727 719 2934 776 indocti
2961 731 3017 778 et
3060 736 3318 796 agrestes,
3366 729 3465 783 sed

1879 802 2124 870 utrisque
2173 801 2286 857 vult
2335 801 2556 860 obedire
2597 807 2862 873 subditos,
2912 812 3192 882 exulicans
3232 817 3474 886 apertius

1880 894 2150 965 quomodo
2198 911 2300 951 nos
2348 912 2512 967 supra
2569 900 2718 955 omni
2764 910 3030 958 creatura:
3068 905 3296 974 jusserit
3351 924 3474 964 esse

1879 983 2175 1053 subjectos.
2209 985 2329 1041 Alia
2356 987 2523 1044 editio
2553 1004 2653 1059 pro
2679 990 2914 1062 dyscolis
2939 994 3173 1064 difﬁciles
3209 998 3393 1067 habet,
3421 1010 3478 1056 et

1880 1085 2100 1133 sanctus
2124 1080 2351 1136 antistes
2379 1079 2698 1153 Fulgentius
2740 1084 2795 1138 in
2838 1087 3113 1155 opusculis
3135 1089 3247 1144 suis
3272 1092 3351 1146 sic
3378 1107 3476 1161 po-

1879 1169 2350 1229 nitchervieutes
2389 1190 2512 1230 cum
2553 1190 2772 1240 amore,
2824 1194 2932 1232 non
2962 1187 3174 1235 tantum
3220 1182 3379 1238 bonis
3421 1193 3477 1239 et

1878 1261 2137 1317 modestis
2158 1302 2174 1327 ,
2209 1264 2304 1319 sed
2330 1265 2494 1320 etiam
2519 1265 2926 1324 difﬁcilioribus.
2961 1288 2981 1322 ι

1951 1353 2055 1410 Sed
2080 1356 2128 1410 si
2161 1355 2540 1426 benefacientes
2575 1368 2624 1414 et
2660 1361 2915 1430 patientes
2942 1363 3232 1430 sustinetis,
3264 1364 3376 1419 lucc
3399 1377 3476 1421 est

1878 1444 2016 1499 enim
2050 1447 2223 1517 gratia
2264 1447 2322 1503 in
2368 1448 2579 1503 Christo
2625 1448 2777 1505 Iesu.
2825 1451 2952 1508 llmc
2981 1461 3065 1509 est
3110 1455 3253 1509 enim
3299 1459 3476 1526 gratia

1881 1539 2021 1608 apud
2064 1539 2254 1605 Deum,
2300 1540 2356 1595 in
2385 1541 2487 1596 hoc
2512 1543 2659 1598 enim
2688 1545 2863 1599 vocati
2893 1546 3046 1610 estis,
3093 1547 3219 1616 quia
3243 1556 3299 1603 et
3321 1549 3478 1605 Chri-

1880 1637 2000 1684 stus
2031 1644 2233 1714 passus
2259 1639 2342 1686 est
2384 1647 2485 1702 pro
2514 1633 2700 1701 nobis,
2751 1635 3062 1706 relinquens
3104 1638 3260 1694 nobis
3293 1655 3479 1695 exem-

197 1738 330 1792 tium
355 1779 371 1804 ,
424 1736 552 1792 boni
601 1734 669 1790 ad
712 1734 924 1789 laudem
969 1747 1125 1788 suam
1169 1739 1485 1803 perpetuam
1537 1732 1674 1787 bene
1719 1745 1778 1786 se
1804 1718 1852 1779 B
1877 1721 2048 1790 plum,
2094 1730 2201 1777 etc.
2247 1720 2552 1779 Notandum
2581 1726 2844 1782 attentius
2866 1743 3028 1798 quam
3057 1744 3267 1785 summe
3291 1732 3479 1787 condi-

195 1825 406 1896 agendo
430 1831 676 1879 utuntur.

267 1917 436 1984 Quasi
467 1916 618 1975 liberi
641 1925 689 1970 et
726 1931 830 1970 non
855 1914 1008 1986 quasi
1028 1911 1260 1968 velamen
1283 1913 1529 1968 habentes
1561 1911 1780 1967 malitia:

194 2009 510 2063 libertatem.
540 2005 704 2074 Quasi
731 2005 887 2062 liberi
913 2006 1053 2060 bona
1079 2003 1303 2070 faciunt,
1328 2005 1421 2074 qui
1441 2019 1551 2075 quo
1574 2003 1780 2074 majore

195 2099 339 2170 apud
389 2099 636 2155 homines
667 2097 921 2153 libertate
971 2104 1219 2162 utuntur,
1266 2111 1334 2151 eo
1377 2095 1616 2162 arctius,
1671 2097 1780 2152 imo

196 2189 420 2246 liberius
472 2190 656 2244 divino
701 2187 981 2243 famulatui
1031 2187 1407 2258 subjugantur.
1446 2185 1555 2243 Sed
1608 2196 1665 2243 et
1704 2187 1780 2242 illi

195 2282 350 2351 quasi
389 2280 545 2336 liberi
583 2278 927 2336 benefaciunt
950 2318 966 2344 ,
1013 2278 1106 2349 qui
1142 2279 1199 2333 in
1238 2276 1542 2346 exemplum
1580 2275 1781 2348 Joseph

196 2372 551 2444 patriarchae,
578 2370 794 2426 tametsi
820 2369 1044 2425 servitio
1072 2368 1450 2440 deprimuntur
1477 2368 1776 2434 hominum,

197 2464 343 2518 servi
372 2476 494 2525 esse
517 2463 774 2518 vitiorum
801 2460 946 2517 nulla
973 2468 1092 2516 arte
1117 2459 1530 2531 compelluntur.
1561 2460 1633 2515 At
1653 2475 1782 2516 vero

198 2555 501 2611 libertatem
536 2569 690 2609 suam
736 2554 792 2609 in
817 2553 1065 2608 velamen
1105 2552 1325 2606 malitia:
1373 2559 1618 2617 vertunt,
1657 2566 1781 2607 cum

196 2662 304 2717 quo
333 2647 515 2703 minus
534 2646 755 2702 humani
780 2644 1071 2701 famulatus
1091 2643 1221 2716 jugo
1249 2645 1591 2710 cohibentur,
1619 2659 1684 2700 eo
1705 2643 1784 2699 la-

196 2741 308 2796 tius
337 2745 686 2810 peccatorum
729 2737 971 2792 dominio
1005 2737 1405 2806 mancipantur.
1456 2735 1524 2791 Et
1551 2751 1675 2790 cum
1702 2737 1783 2791 vi~

198 2831 291 2886 tiis
324 2829 544 2900 impune
583 2827 843 2893 serviunt,
889 2827 1198 2884 libertatem
1231 2836 1449 2883 vocant.
1499 2826 1616 2882 Hoc
1639 2843 1781 2898 prae-

199 2927 388 2975 texunt
412 2919 628 2976 nomine
646 2919 886 2990 culpam.
913 2917 1102 2974 Potest
1114 2926 1293 2972 autem
1314 2916 1471 2986 juxta
1499 2916 1629 2972 illud
1657 2931 1786 2987 apo-

197 3011 322 3065 stoli
346 3009 496 3064 Pauli
523 3009 848 3080 generaliter
888 3009 1092 3078 accipi,
1140 3025 1228 3063 vos
1260 3009 1315 3062 in
1341 3006 1577 3061 libertate
1612 3007 1782 3061 vocati

1881 1813 2082 1867 tionem
2111 1828 2394 1868 servorum
2424 1815 2722 1885 gloriﬁcet,
2772 1833 2909 1888 quos
2950 1819 3374 1887 benefacientes,
3421 1832 3479 1878 et

1879 1905 2086 1974 absque
2114 1904 2224 1959 ulla
2242 1905 2399 1976 culpa
2418 1907 2800 1977 vapulantes.a
2827 1910 3061 1966 dominis
3081 1911 3393 1970 crudelibus
3421 1925 3478 1970 ct

1880 1994 2143 2065 improbis
2164 1996 2467 2053 imitatores
2486 2013 2606 2053 esse
2618 1998 2914 2056 Dominicaa
2934 2001 3202 2072 passionis
3219 2001 3474 2059 atiirmat.

2236 2104 2576 2146 EVANGELIUI
2601 2105 2838 2160 JOANNIS,
2865 2109 2982 2148 CAP.
3008 2108 3118 2149 XVI.
3391 2137 3396 2142 μ

1957 2199 1976 2233 ς
2011 2179 2277 2236 Modicum
2319 2188 2374 2236 et
2408 2179 2522 2250 jam
2567 2197 2677 2238 non
2713 2184 2968 2240 videbitis
3013 2199 3136 2253 me,
3177 2192 3234 2244 et
3279 2185 3477 2243 iterum

1887 2287 1904 2321 ι
1939 2270 2213 2326 modicum
2255 2278 2311 2326 et
2337 2270 2593 2328 videbitis
2619 2288 2707 2328 me
2729 2313 2745 2339 ,
2796 2274 2922 2344 quia
2947 2274 3089 2330 vado
3130 2276 3201 2332 ad
3241 2276 3475 2333 Patrem.

1888 2379 1906 2415 ι
1941 2361 2208 2416 Dixerunt
2266 2376 2398 2434 ergo
2444 2378 2512 2418 ex
2567 2364 2847 2434 discipulis
2895 2365 3013 2436 ejus
3065 2367 3134 2422 ad
3196 2368 3473 2424 invicem:

1888 2474 1906 2507 ι
1943 2456 2082 2523 Quid
2125 2467 2210 2513 est
2253 2459 2356 2513 hoc
2389 2459 2534 2529 quod
2563 2458 2698 2515 dicit
2723 2459 2881 2516 nobis
2913 2475 2928 2514 :
2963 2459 3253 2528 Modicum,
3280 2470 3336 2517 et
3367 2478 3476 2518 non

1888 2569 1907 2600 ι
1935 2550 2189 2606 videbitis
2233 2565 2320 2607 me
2346 2592 2361 2616 ,
2415 2560 2470 2606 et
2517 2551 2717 2607 iterum
2765 2551 3078 2618 modicum,
3120 2561 3175 2607 et
3224 2553 3480 2608 videbitis

1888 2661 1906 2694 ι
1939 2658 2044 2710 me,
2067 2645 2195 2714 quia
2239 2645 2378 2701 vado
2413 2646 2481 2702 ad
2503 2642 2767 2701 Patrem?
2819 2645 3082 2702 Dicebant
3129 2661 3300 2717 ergo:
3338 2645 3478 2714 Quid

1889 2753 1909 2786 ‹
1941 2743 2024 2790 est
2072 2735 2178 2790 hoc
2228 2736 2373 2805 quod
2422 2736 2555 2792 dicit
2607 2738 2786 2804 nobis,
2833 2738 3144 2794 modicum?
3193 2737 3478 2795 Nescimus

1889 2844 1909 2877 ι
1944 2826 2074 2896 quid
2102 2825 2362 2896 loquitur.
2418 2827 2683 2899 Cognovit
2727 2838 2910 2884 autem
2946 2829 3106 2885 Jesus
3156 2830 3286 2900 quia
3333 2829 3482 2885 vole-

1891 2935 1910 2969 ι
1945 2919 2078 2974 bant
2119 2932 2244 2974 eum
2274 2921 2635 2994 interrogare,
2687 2931 2743 2977 et
2769 2923 2904 2978 dixit
2943 2923 3064 2978 eis:
3096 2924 3174 2979 De
3204 2923 3308 2978 hoc
3335 2940 3484 2995 qute.

1893 3027 1910 3061 ι
1945 3009 2066 3066 ritis
2099 3011 2244 3066 inter
2264 3026 2382 3078 vos,
2411 3013 2536 3083 quia
2563 3013 2676 3070 dixi
2713 3014 2986 3069 modicum
3014 3023 3069 3068 et
3093 3030 3202 3069 non
3228 3014 3484 3070 videbitis

198 3100 346 3165 estis,
371 3077 576 3169 fratres,
600 3106 890 3152 tantumne
915 3077 1206 3151 libertatem
1233 3097 1290 3150 in
1312 3096 1638 3150 occasionem
1662 3111 1784 3150 car-
1809 3077 1854 3141 C
1892 3119 1910 3151 ι
1945 3115 2057 3167 me,
2107 3108 2163 3156 et
2211 3077 2411 3158 iterum
2429 3077 2745 3169 modicum,
2793 3111 2849 3159 et
2887 3103 3142 3159 videbitis
3180 3117 3301 3170 me,
3355 3103 3481 3174 quia

201 3189 284 3246 nis
309 3189 463 3244 detis.
505 3186 689 3243 Liberi
729 3187 876 3243 enim
904 3195 1052 3243 recte
1079 3201 1362 3253 vocamur,
1397 3187 1524 3256 quia
1551 3199 1650 3255 per
1687 3185 1784 3240 ha-

201 3283 400 3352 ptisma
434 3295 468 3335 a
505 3287 852 3352 peccatorum
893 3294 1080 3335 sumus
1107 3278 1334 3334 nexibus
1359 3277 1616 3343 absoluti,
1653 3278 1781 3348 quia

201 3389 235 3428 a
263 3372 590 3429 daemoniaci!
618 3371 879 3428 servitute
921 3371 1208 3441 redempti,
1254 3369 1379 3440 quia
1407 3368 1502 3423 ﬁlii
1530 3368 1624 3424 Dei
1649 3368 1781 3424 effe-

200 3465 298 3520 cti.
341 3462 458 3520 Non
503 3471 682 3521 tamen
725 3464 888 3519 dono
913 3462 1182 3518 libertatis
1207 3461 1473 3532 potiorem
1519 3459 1782 3532 peccandi

203 3553 517 3609 facultatem
572 3551 656 3606 vel
697 3551 973 3610 licentiam
1024 3552 1368 3621 accepimus,
1415 3549 1688 3620 quinimo,
1738 3549 1784 3605 si

205 3659 514 3716 peccamus,
541 3659 667 3699 mox
692 3642 944 3699 libertate
968 3641 1179 3713 perdita
1203 3643 1346 3698 servi
1374 3640 1641 3697 efﬁcimur
1659 3655 1786 3712 peo-

203 3737 332 3793 cati.
370 3736 438 3792 Et
467 3735 695 3808 quisque
722 3750 781 3791 se
818 3742 889 3791 ab
921 3734 1026 3790 hoc
1054 3733 1342 3790 liberatum
1365 3749 1396 3788 a
1426 3732 1656 3788 Domino
1687 3747 1788 3802 pu-

205 3837 307 3896 tat,
338 3838 399 3884 ut
421 3829 672 3884 licentius
687 3835 895 3900 peccet,
927 3827 1054 3884 talis
1091 3841 1247 3882 suam
1272 3825 1580 3882 libertatem
1611 3825 1666 3880 in
1694 3841 1788 3881 ve-

204 3921 384 3977 lamen
408 3920 624 3984 malitia;
650 3928 841 3976 mutat.
884 3919 1013 3978 Vult
1041 3927 1224 3978 autem
1250 3934 1350 3975 nos
1374 3919 1567 3976 beatus
1591 3918 1789 3974 Petrus

207 4012 407 4070 liberos
443 4027 566 4072 esse
591 4028 622 4068 a
647 4012 872 4070 servitio
898 4011 1183 4084 culparum
1208 4051 1226 4079 ,
1253 4019 1316 4068 ut
1343 4012 1486 4067 servi
1524 4012 1792 4068 creatoris

207 4103 380 4160 nostri
416 4103 542 4160 boni
573 4118 642 4173 et
684 4102 870 4160 ﬁdeles
916 4117 1241 4173 permanere
1286 4102 1559 4173 possimus
1585 4141 1601 4168 ,
1647 4102 1796 4158 unde

207 4197 599 4267 subsequentur
623 4193 869 4266 adiungit
898 4214 911 4250 :

279 4289 388 4346 Sed
421 4289 556 4344 sicut
576 4289 710 4344 servi
727 4288 848 4344 Dei.
873 4285 1073 4343 Omnes
1102 4288 1378 4352 honorate,
1407 4285 1790 4356 fraternitatem

208 4382 442 4454 diligite,
493 4381 663 4437 Deum
721 4382 895 4436 timete
915 4421 932 4446 ,
982 4396 1154 4451 regem
1195 4379 1559 4449 honori/Scots.
1609 4377 1789 4434 Monet

211 4488 343 4545 ergo
366 4488 666 4545 congruum
689 4471 908 4528 cunctis.
920 4471 1232 4542 impendere
1253 4470 1535 4533 honorem,
1563 4477 1617 4525 et
1631 4468 1788 4538 juxta

212 4565 496 4636 imperium
541 4563 785 4630 Domini,
836 4561 1037 4621 Caesari
1086 4576 1208 4632 qua:
1251 4560 1485 4618 Caesaris
1529 4569 1693 4629 sunt,
1737 4570 1794 4618 et

213 4657 326 4713 Deo
366 4656 592 4713 reddere
633 4671 752 4726 qua:
777 4655 875 4712 Dei
907 4663 1051 4713 sunt.
1090 4654 1160 4710 Et
1186 4654 1323 4710 bene
1349 4653 1494 4709 inter
1532 4652 1640 4708 alia
1671 4651 1789 4707 fra-

213 4749 524 4811 ternitatem
551 4748 776 4821 diligere
793 4746 952 4816 jubet
970 4747 1196 4814 liberos,
1222 4755 1284 4802 ut
1307 4761 1403 4802 eos
1439 4760 1656 4817 quoque
1696 4745 1790 4816 qui

213 4839 318 4896 sibi
339 4839 619 4911 temporali
650 4840 960 4898 conditione
985 4837 1214 4908 subjecti
1243 4845 1404 4904 sunt,
1449 4835 1648 4894 fratres
1687 4837 1791 4892 sibi

215 4933 271 4988 in
296 4932 508 4989 Christo
530 4947 651 4990 esse
692 4931 867 4989 factos
910 4932 1187 5000 recolant,
1215 4947 1325 4988 una
1365 4946 1490 4987 cum
1534 4931 1669 5001 ipsis
1696 4945 1794 5001 pa-

216 5035 358 5084 trem
382 5026 698 5084 invocantes
732 5041 876 5092 eum,
923 5026 1017 5098 qui
1045 5026 1164 5084 sine
1198 5025 1514 5096 acceptione
1538 5039 1796 5094 persona.

217 5134 338 5174 rum
356 5117 582 5188 iudicat.

289 5207 460 5274 Servi,
485 5208 681 5264 subditi
711 5215 870 5264 estote
893 5209 950 5263 in
991 5207 1134 5264 omni
1169 5207 1356 5262 timore
1387 5206 1648 5274 dominis,
1691 5225 1796 5263 non

215 5309 424 5356 tantum
443 5299 592 5355 bonis
613 5309 663 5356 et
685 5299 953 5364 modestis,
983 5299 1074 5354 sed
1087 5298 1254 5358 etiam
1269 5297 1518 5369 dyscolis.
1551 5300 1796 5355 Δύσκολοι

215 5399 348 5448 sunt
375 5389 642 5458 diciles,
671 5391 792 5448 sine
813 5391 1050 5448 scholari
1075 5391 1344 5447 doctrina.
1390 5389 1633 5445 Discolos
1660 5391 1800 5445 indi-

215 5486 540 5557 sciplinatos.
575 5485 745 5551 dicit,
796 5486 1016 5541 nomine
1057 5484 1222 5540 ducto
1261 5498 1294 5538 a
1338 5481 1529 5538 Graeco
1561 5479 1798 5552 eloquio.

215 5578 354 5646 Quia
373 5575 564 5633 Graece
586 5576 770 5634 schola
797 5583 1024 5633 vocatur
1047 5575 1199 5631 locus
1222 5574 1275 5629 in
1301 5587 1412 5644 quo
1432 5573 1804 5630 adolescentes

215 5669 547 5728 litteralihus
571 5669 764 5729 studiis
783 5683 1006 5739 operam
1025 5669 1176 5733 dare,
1201 5676 1256 5722 et
1275 5667 1342 5723 ad
1369 5665 1664 5724 audiendos
1690 5683 1804 5723 ma-

1813 4426 1868 4486 D

1890 3207 1910 3242 ι
1944 3192 2085 3248 vado
2111 3193 2180 3249 ad
2198 3192 2436 3249 Patrem.
2467 3193 2828 3255 Amemamen
2856 3193 2979 3250 dico
3005 3195 3179 3262 vobis,
3222 3196 3348 3266 quia
3371 3195 3485 3265 plo-

1891 3304 1908 3336 ι
1943 3285 2136 3343 rabitis
2175 3293 2230 3342 et
2267 3284 2464 3343 ﬂebitis
2499 3304 2597 3344 vos
2622 3329 2637 3354 ,
2687 3289 2922 3344 mundus
2963 3298 3146 3345 autem
3197 3290 3474 3361 gaudebit.

1889 3395 1908 3429 ι
1946 3377 2054 3433 Vos
2078 3387 2261 3433 autem
2287 3378 2766 3446 contristabimini,
2797 3379 3132 3436 sedtristitia
3159 3388 3342 3434 vestra
3368 3395 3486 3434 ver-

1891 3489 1909 3523 ι
1951 3479 2095 3526 tetur
2121 3471 2177 3526 in
2205 3473 2481 3543 gaudium.
2525 3469 2722 3528 Mulier
2749 3487 2872 3528 cum
2898 3473 3044 3544 parit
3067 3471 3354 3528 tristitiam
3382 3472 3482 3528 ha-

1891 3581 1910 3614 c
1947 3563 2078 3630 bet,
2128 3565 2256 3636 quia
2304 3565 2453 3620 venit
2497 3565 2634 3621 hora
2679 3566 2815 3634 ejus.
2861 3563 2998 3622 Cum
3047 3575 3227 3623 autem
3274 3566 3486 3637 peperit

1891 3671 1910 3704 α
1946 3669 2199 3725 puerum,
2222 3654 2336 3724 jam
2363 3671 2470 3711 non
2499 3656 2751 3712 meminit
2773 3672 3061 3726 pressura,
3106 3665 3328 3728 propter
3351 3672 3487 3729 gau-

1892 3763 1912 3797 ‹
1945 3745 2113 3812 dium,
2141 3746 2267 3816 quia
2296 3755 2458 3802 natus
2482 3755 2566 3803 est
2585 3748 2748 3803 homo
2775 3749 2830 3802 in
2858 3748 3138 3804 mundum.
3183 3749 3252 3804 Et
3271 3764 3367 3804 vos
3390 3749 3484 3820 igi-

1893 3855 1912 3888 ‹
1947 3845 2038 3891 tur
2066 3853 2210 3892 nunc
2233 3837 2452 3908 quidem
2483 3838 2762 3894 tristitiam
2790 3839 3025 3906 habetis,
3075 3839 3272 3895 iterum
3300 3847 3481 3894 autem

1893 3945 1912 3981 ‹
1945 3928 2142 3983 videbo
2165 3945 2264 3985 vos
2305 3937 2362 3984 et
2403 3928 2662 4000 gaudebit
2696 3943 2792 3984 cor
2825 3937 3063 3984 vestrum
3084 3969 3100 3996 ,
3143 3937 3197 3983 et
3226 3929 3481 4000 gaudium

1893 4039 1913 4074 ί
1949 4029 2193 4075 vestrum
2218 4036 2379 4076 nemo
2407 4021 2562 4076 tollet
2588 4036 2618 4076 a
2649 4021 2821 4077 vobis.
2851 4041 2870 4074 ι

1959 4108 2229 4165 Modicum
2264 4120 2313 4164 et
2333 4110 2450 4182 jam
2487 4128 2589 4166 non
2621 4112 2857 4166 videbitis
2886 4128 2985 4174 me,
3015 4121 3066 4165 et
3092 4112 3282 4165 iterum
3310 4112 3484 4165 modi-

1890 4215 2008 4254 cum
2037 4208 2086 4253 et
2113 4199 2350 4254 videbitis
2383 4216 2485 4254 me.
2517 4200 2598 4255 Ad
2620 4200 2742 4255 illos
2769 4201 3077 4270 specialiter
3106 4201 3223 4256 haec
3261 4217 3380 4270 quae
3407 4202 3487 4256 di-

1893 4296 1980 4344 cta
2007 4296 2136 4344 sunt
2158 4289 2466 4359 pertinent,
2495 4290 2589 4360 qui
2620 4290 2738 4360 ejus
2766 4290 3110 4362 discipulatui
3143 4291 3487 4361 praedicantis

1893 4377 1950 4433 in
1975 4393 2138 4434 carne
2175 4378 2471 4444 adhaerere,
2515 4389 2570 4434 et
2595 4388 2719 4452 post
2748 4381 3029 4436 tristitiam
3058 4382 3328 4452 passionis
3352 4398 3484 4450 suae,

1896 4469 2012 4524 visa
2043 4469 2443 4525 resurrectione
2473 4479 2530 4525 et
2549 4471 2865 4527 ascensione
2896 4468 3031 4539 ejus,
3082 4470 3346 4525 laetiﬁcari
3373 4488 3488 4527 me-

1897 4573 2144 4619 ruerunt.
2175 4563 2443 4618 Modicum
2458 4565 2622 4620 etiam
2642 4563 2744 4620 fuit
2768 4565 2836 4619 ab
2858 4565 2946 4619 illa
2969 4565 3104 4620 hora
3145 4564 3287 4619 illius
3313 4567 3490 4622 noctis

1895 4670 2003 4726 qua
2029 4656 2258 4712 traditus
2281 4663 2364 4711 est
2390 4657 2445 4711 in
2472 4657 2605 4712 hora
2637 4657 2908 4728 passionis
2931 4673 3059 4722 sum,
3087 4655 3230 4727 quod
3259 4671 3380 4711 cum
3409 4657 3490 4712 di-

1897 4747 2091 4819 scipuli
2119 4748 2411 4804 carnaliter
2448 4749 2722 4804 videbant.
2765 4748 2834 4802 Et
2858 4750 3046 4803 iterum
3076 4749 3338 4802 modicum
3365 4747 3489 4814 fuit,

1898 4842 2042 4912 quod
2079 4841 2300 4898 clausus
2344 4843 2400 4898 in
2449 4842 2700 4913 sepulcro
2747 4841 2908 4898 tertia
2952 4843 3039 4897 die
3083 4850 3492 4898 resurrecturus

1893 4933 2096 5004 jacuit,
2139 4943 2196 4990 et
2214 4935 2430 4991 illorum
2475 4935 2784 5007 aspectibus
2810 4935 2984 4990 videri
3027 4951 3132 4989 non
3162 4935 3356 5004 potuit,
3390 4935 3493 4990 hoc

1899 5032 1985 5080 est
2012 5027 2154 5096 quod
2198 5026 2310 5080 ait:
2365 5023 2634 5081 Modicum
2683 5035 2732 5082 et
2775 5043 2880 5082 non
2926 5027 3161 5081 videbitis
3191 5044 3292 5081 me.
3337 5027 3491 5094 Quod

1797 5169 1802 5174 ,
1900 5130 2031 5170 vero
2065 5115 2183 5169 ait:
2235 5115 2438 5170 lterum
2479 5115 2743 5171 modicum
2773 5127 2819 5170 et
2852 5116 3090 5171 videbitis
3130 5133 3243 5196 me,
3287 5117 3492 5187 signifi-

1903 5211 1994 5259 cat
2013 5212 2226 5274 tempus
2251 5213 2374 5275 post
2402 5206 2881 5272 resurrectionem,
2926 5222 3034 5276 quo
3065 5222 3187 5261 cum
3213 5207 3492 5276 ὰίεοιρυιίε

1900 5307 2254 5356 conversatus
2276 5308 2382 5366 est,
2420 5308 2478 5354 et
2501 5300 2606 5355 illis
2651 5301 2968 5356 multimoda
2993 5303 3302 5358 ostensione
3328 5316 3494 5371 appa-

1899 5393 2034 5456 ruit,
2078 5407 2252 5463 usque
2277 5392 2404 5448 dum
2434 5393 2679 5447 ascendit
2705 5394 2758 5448 in
2797 5394 2994 5451 cmlum
3022 5394 3129 5450 illis
3160 5394 3490 5458 videntibus,

1902 5495 1963 5542 ut
1989 5487 2043 5541 in
2071 5486 2365 5558 Evangelio
2397 5495 2453 5542 et
2485 5487 2542 5542 in
2583 5485 2808 5542 Actibus
2852 5487 3234 5556 Apostolorum
3271 5487 3488 5558 legitur.

1905 5578 1974 5632 Et
2018 5579 2124 5633 hoc
2149 5586 2254 5643 est,
2286 5579 2431 5648 quod
2478 5577 2593 5634 ait:
2637 5575 2777 5643 Quia
2821 5577 2952 5631 vado
2989 5579 3058 5630 ad
3084 5574 3324 5642 Patrem,
3356 5591 3420 5630 ac
3444 5575 3492 5630 si

1906 5680 2155 5743 patenter
2178 5672 2364 5730 dicat:
2402 5671 2538 5740 Quia
2577 5677 2701 5742 post
2741 5669 3012 5726 modicum
3047 5685 3076 5724 a
3111 5669 3310 5725 vestris
3336 5683 3494 5740 aspes
