3978 6432
486 308 593 364 291

1772 296 2127 355 SMARAGDI
2163 297 2452 352 ABBATIS

3665 298 3767 353 21H

486 423 664 479 ctibus
707 422 760 476 in
803 420 1135 476 monumenti
1167 419 1402 476 claustra
1433 417 1763 479 abscondor,
1796 424 1851 468 et
1877 415 2070 468 iterum
2099 416 2148 473 Α
2175 413 2367 465 mulier
2409 421 2537 466 nato
2569 414 2621 467 in
2667 413 2808 468 hunc
2838 411 3094 466 mundum
3144 414 3362 467 homine
3398 412 3660 475 laetatur,
3701 415 3773 470 ita

488 524 611 586 post
651 513 947 578 modicum,
988 512 1265 567 destructo
1314 510 1506 564 mortis
1538 508 1784 575 imperio,
1816 505 1969 559 vobis
2000 504 2080 557 in-

491 606 723 661 tuendus
749 618 1004 675 appareo,
1034 603 1159 673 quia
1203 611 1417 672 tempus
1466 608 1569 663 est,
1621 606 1682 651 ut
1720 596 1933 666 expleta
1972 594 2082 648 dis-

488 695 806 767 pensatione
846 702 1138 764 assumpta:
1182 690 1549 753 mortalitatis,
1579 704 1705 743 cum
1737 686 2084 742 resurrectio-

492 787 576 841 nis
623 786 900 857 triumpho
935 785 1051 854 jam
1095 793 1341 840 revertar
1390 783 1459 838 ad
1496 780 1733 835 Patrem.
1777 776 1905 834 Haec
1952 793 2081 833 vero

492 878 657 930 verba
688 876 940 941 Domini,
988 884 1048 929 ut
1074 874 1182 930 dixi
1202 916 1216 940 ,
1248 875 1353 930 illis
1390 873 1701 943 speciatim,
1732 870 1824 942 qui
1850 868 1967 938 ejus
1992 884 2078 924 re-

495 972 892 1026 surrectionem
918 971 1105 1024 videre
1133 975 1427 1040 potuerunt
1452 966 1800 1030 conveniunt,
1824 979 1946 1034 qua:
1964 978 2087 1032 apo-

496 1068 617 1121 stoli
677 1075 805 1120 tunc
854 1064 1110 1134 temporis
1155 1079 1260 1118 non
1303 1069 1595 1132 potuerunt
1638 1059 1957 1129 intelligere.
2018 1056 2087 1112 Et

500 1161 641 1214 hanc
667 1154 877 1212 illorum
919 1156 1274 1227 ignorantiam
1318 1156 1439 1226 pius
1473 1155 1733 1224 magister
1758 1153 2084 1224 intelligens,

501 1253 896 1319 subsequenter
928 1248 1222 1303 secundum
1248 1247 1442 1301 anima:
1465 1244 1678 1301 illorum
1698 1243 2089 1300 dubitationem

501 1340 793 1410 respondit,
835 1338 989 1408 quasi
1019 1338 1364 1407 expositurus
1390 1334 1518 1405 quid
1547 1342 1711 1400 esset,
1737 1334 1882 1405 quod
1906 1334 2044 1389 dixit
2071 1350 2083 1385 :

504 1431 770 1485 Modicum
796 1440 844 1483 et
877 1446 981 1484 non
1012 1428 1248 1483 videbitis
1290 1444 1403 1491 me,
1429 1436 1478 1480 et
1520 1427 1707 1480 iterum
1735 1424 2001 1478 modicum
2040 1433 2088 1478 et

505 1524 740 1580 videbitis
770 1541 870 1578 me.

572 1615 820 1686 Cognovit
850 1632 969 1685 ergo
1010 1614 1167 1669 Jesus
1202 1614 1327 1684 quia
1350 1611 1585 1668 volebant
1608 1628 1725 1666 eum
1750 1612 2090 1681 interrogare,

501 1718 548 1761 et
578 1708 710 1761 dixit
733 1707 806 1759 eis
834 1720 852 1757 :
876 1705 952 1759 De
974 1706 1069 1758 hoc
1096 1704 1331 1774 quaeritis
1357 1704 1492 1757 inter
1510 1719 1619 1768 vos,
1641 1703 1765 1773 quia
1789 1701 1902 1756 dixi
1927 1701 1945 1755 Ξ
1975 1699 2093 1754 Μο-

2181 503 2421 557 Ecclesia
2474 514 2603 558 nato
2648 505 2701 558 in
2755 505 2920 559 vitam
2966 503 3205 560 futuram
3259 505 3501 562 ﬁdelium
3553 508 3771 577 populo,

2182 594 2344 665 digna
2375 594 2739 651 exsultatione
2767 596 3024 665 repletur,
3060 612 3161 667 pro
3193 614 3300 667 qua
3339 596 3459 667 ejus
3492 599 3778 654 nativitate

2183 683 2412 737 multum
2431 684 2683 740 laborans
2708 695 2762 740 et
2784 702 3004 756 gemens
3032 686 3087 741 in
3114 689 3388 757 praesenti,
3409 688 3569 758 quasi
3596 699 3783 760 partu-

2183 774 2329 829 riens
2351 775 2512 830 dolet.
2543 774 2651 830 Nec
2678 792 2874 831 novum
2902 778 3062 832 debet
3088 778 3284 847 cuique
3311 778 3506 845 videri,
3544 780 3592 836 si
3619 788 3781 836 natus

2184 863 2401 929 dicitur,
2431 865 2526 934 qui
2562 880 2631 920 ex
2661 867 2765 920 hac
2792 866 2901 920 vita
2929 867 3264 936 migraverit.
3317 868 3604 936 Quomodo
3631 871 3777 924 enim

2185 968 2440 1011 consuete
2484 959 2631 1013 nasci
2673 959 2904 1023 dicitur,
2952 975 3077 1014 cum
3114 960 3238 1030 quis
3268 961 3334 1016 de
3379 969 3538 1016 utero
3586 964 3780 1017 matris

2184 1054 2485 1122 procedens
2510 1056 2651 1111 hanc
2678 1056 2733 1110 in
2762 1055 2938 1111 lucem
2966 1059 3255 1126 egreditur,
3288 1058 3363 1113 ita
3390 1060 3556 1113 etiam
3586 1062 3781 1115 rectis.

2186 1146 2322 1201 sime
2356 1155 2535 1216 potest
2571 1155 2732 1202 natus
2767 1148 3058 1217 appellari,
3108 1149 3198 1218 qui
3241 1148 3447 1205 solutus
3485 1165 3517 1205 a
3548 1150 3783 1206 vinculis

2186 1237 2368 1292 carnis
2389 1238 2455 1291 ad
2481 1237 2655 1293 lucem
2684 1237 3011 1293 sublimatur
3037 1246 3294 1294 aeternam
3313 1276 3330 1303 ,
3356 1240 3500 1294 unde
3526 1255 3649 1296 mos
3683 1241 3782 1295 ob-

2190 1328 2348 1383 tinuit
2370 1327 2862 1392 ecclesiasticus,ut
2886 1328 3003 1384 dies
3032 1329 3311 1385 beatorum
3341 1338 3645 1400 martyrum
3665 1331 3785 1383 sive

2189 1418 2557 1476 confessorum
2591 1417 2830 1484 Christi,
2860 1418 3059 1487 quibus
3080 1419 3146 1473 de
3180 1418 3379 1474 stucqu
3418 1420 3779 1483 transierunt,

2190 1511 2399 1566 natales
2461 1510 2796 1575 vocitemus,
2835 1526 3134 1581 eorumque
3182 1511 3442 1566 solemnia
3478 1525 3587 1567 non
3628 1511 3786 1566 fune—

2189 1602 2330 1666 bria,
2361 1602 2455 1657 sed
2481 1601 2726 1656 natalitia
2764 1601 3036 1667 dicantur.
3074 1603 3142 1658 Et
3167 1618 3263 1658 vos
3294 1602 3460 1674 igitur
3486 1618 3632 1659 nunc
3661 1604 3784 1673 qui-

2193 1695 2316 1749 dem
2345 1693 2623 1748 tristitiam
2650 1693 2889 1759 habetis,
2920 1694 3117 1749 iterum
3147 1703 3327 1750 autem
3353 1694 3546 1750 videbo
3578 1710 3699 1760 vos,
3728 1704 3786 1749 et

501 1798 677 1851 dicam
704 1805 751 1850 ει
780 1812 884 1849 non
931 1794 1165 1849 videbitis
1194 1810 1310 1859 me,
1344 1806 1393 1848 ει
1419 1794 1609 1848 iterum
1642 1791 1903 1845 modicum
1931 1800 1981 1844 et
2014 1790 2088 1843 vi.
2115 1774 2162 1833 Β
2191 1784 2442 1854 gaudebit
2483 1799 2579 1839 COI'
2617 1794 2856 1838 vestrum
2877 1826 2892 1849 ,
2940 1792 2993 1839 et
3039 1786 3289 1856 gaudium
3334 1793 3574 1840 vestrum
3610 1799 3778 1840 nemo

500 1888 688 1941 debitis
714 1902 813 1940 me.
863 1885 1029 1939 Amen
1064 1901 1217 1938 amen
1251 1885 1368 1938 dico
1398 1884 1568 1946 vobis,
1596 1882 1721 1953 quia
1747 1880 2018 1951 plorabitis
2044 1890 2091 1934 et

499 1978 689 2048 ﬂebitis
722 1993 829 2040 vos,
860 1975 1087 2028 mundus
1108 1983 1281 2045 autem
1302 1973 1580 2045 gaudebit;
1599 1989 1686 2026 vos
1712 1980 1886 2025 autem
1905 1971 2121 2045 (ξοπιενὶ-⁶

500 2065 787 2130 stabimini,
815 2074 921 2121 etc.
956 2063 1069 2118 lloc
1095 2073 1148 2118 et
1172 2066 1413 2134 ipsorum
1436 2072 1490 2118 et
1521 2063 1686 2119 totius
1712 2061 1965 2116 Ecclesia:
1985 2070 2092 2114 sta-

505 2157 581 2211 tui
609 2155 880 2227 congruit.
930 2153 1223 2209 Plorabant
1265 2154 1463 2224 quippe
1502 2163 1557 2207 et
1600 2152 1800 2207 ﬂebant
1825 2158 2093 2206 amatores

503 2246 734 2311 Christi,
780 2261 903 2301 cum
927 2245 1077 2301 illum
1107 2244 1514 2315 comprehendi,
1542 2244 1611 2299 ab
1636 2243 1884 2298 hostibus
1912 2241 2091 2311 ligari,

505 2337 572 2390 ad
595 2334 884 2390 concilium
923 2336 1069 2400 duci,
1095 2335 1363 2401 damnari,
1393 2334 1637 2406 cruciﬁgi
1656 2374 1673 2399 ,
1702 2334 1839 2388 mori
1865 2340 1920 2388 et
1944 2347 2097 2402 sepe-

506 2428 589 2482 liri
637 2428 902 2482 viderent.
950 2426 1268 2483 Gaudebant
1305 2426 1490 2481 mundi
1540 2433 1835 2490 amatores,
1862 2440 2000 2495 quos
2024 2424 2094 2479 ob

504 2517 721 2573 inﬁmas
761 2518 1117 2589 cogitationes
1154 2516 1417 2570 mundum
1443 2521 1599 2569 vocat
1646 2514 1938 2576 Dominus,
1971 2527 2095 2567 cum

507 2616 684 2663 utorte
733 2607 1047 2677 turpissima
1076 2606 1503 2661 condemnarent
1546 2605 1721 2669 illum,
1772 2603 1865 2674 qui
1914 2602 2097 2674 gravis

504 2706 625 2753 erat
649 2698 730 2753 eis
760 2698 925 2752 etiam
953 2698 1019 2752 ad
1064 2697 1372 2751 videndum.
1420 2696 1891 2752 Contristabantur
1933 2693 2097 2749 disci-

504 2791 617 2861 puli
653 2790 831 2861 posito
862 2789 916 2843 in
953 2798 1149 2853 morte,
1179 2791 1272 2844 sed
1304 2789 1486 2859 agnita
1515 2790 1679 2844 etiam
1708 2787 1826 2857 ejus
1846 2801 2094 2842 resurre-

505 2882 707 2946 ctione,
739 2880 963 2935 tristitia
1004 2878 1219 2935 illorum
1247 2894 1405 2935 versa
1434 2887 1520 2935 est
1550 2880 1604 2935 in
1634 2878 1911 2951 gaudium.
1966 2878 2096 2933 Visa

507 2973 843 3030 ascensionis
869 2972 1143 3043 potentia,
1186 2970 1299 3041 jam
1329 2970 1536 3043 majore
1571 2968 1769 3042 gaudio
1806 2968 2095 3035 sublevati,

507 3064 802 3119 laudabant
821 3072 876 3119 et
902 3063 1294 3119 benedicebant
1317 3061 1626 3128 Dominum,
1656 3070 1718 3115 ut
1743 3059 1918 3116 Lucas
1937 3074 2097 3115 evan-

507 3116 696 3226 gas;
712 3116 1121 3209 sanast
1140 3116 1201 3209 ξι
1225 3116 1441 3208 suos;
1469 3116 1735 3217 ﬁdelibus,
1769 3149 1860 3206 hic
1882 3149 2097 3207 Domini
2122 3116 2169 3181 ο

507 3260 688 3301 sermo
729 3244 1021 3311 convenit,
1090 3245 1184 3315 qui
1229 3260 1329 3315 per
1376 3244 1649 3316 lacrymas
1704 3256 2099 3315 pressurasque

506 3344 804 3405 praesentes
832 3335 900 3390 ad
925 3335 1120 3406 gaudia
1145 3343 1349 3391 aeterna
1392 3334 1678 3406 pervenire
1716 3334 2054 3390 contendunt
2078 3353 2092 3389 :

511 3428 614 3495 Qui
670 3428 945 3483 seminant
992 3428 1049 3484 in
1093 3428 1379 3501 lacrymis,
1434 3437 1495 3484 ut
1523 3428 1578 3483 in
1615 3427 1810 3500 gaudio
1851 3437 2092 3486 metant:

512 3516 713 3572 Euntes
747 3517 890 3572 ibant
934 3527 983 3573 et
1020 3517 1212 3588 ﬂebant
1257 3517 1431 3591 (Psal.
1480 3518 1641 3592 cxxv)
1671 3560 1687 3588 ,
1732 3528 1998 3590 quatenus
2042 3522 2097 3577 in

511 3618 713 3665 teterna
746 3609 1077 3665 beatitudine
1108 3610 1313 3665 laboris
1352 3610 1437 3665 sui
1472 3612 1779 3668 mercedem
1810 3612 2095 3682 recipiant.

510 3701 748 3756 Mundus
776 3711 950 3756 autem
975 3742 991 3767 ,
1019 3702 1072 3757 id
1098 3710 1180 3757 est
1199 3742 1215 3768 ,
1267 3701 1452 3757 mundi
1480 3711 1755 3760 amatores
1787 3704 2100 3775 gaudebunt

512 3792 607 3863 qui
628 3793 696 3848 ad
720 3801 921 3847 aeterna
948 3792 1140 3864 gaudia
1167 3807 1226 3848 se
1253 3809 1561 3865 prteparare
1602 3810 1701 3865 per
1745 3793 2015 3867 lacrymas
2044 3803 2099 3851 et

514 3882 833 3938 amictiones
886 3882 1212 3953 despiciunt.
1260 3881 1369 3942 Vos
1413 3892 1594 3938 autem
1644 3884 2098 3940 contristabimini

512 3991 612 4046 per
634 3975 849 4031 labores
870 3982 924 4030 et
950 3990 1251 4045 pressurae,
1281 3976 1376 4032 sed
1404 3976 1622 4033 tristitia
1650 3986 1832 4035 vestra
1855 3986 2100 4034 vertetur

513 4067 567 4121 in
596 4075 813 4121 mternze
838 4065 1183 4121 beatitudinis
1211 4066 1472 4122 laetitiam.

586 4155 782 4211 Mulier
817 4174 934 4211 cum
976 4157 1224 4229 parturit,
1264 4158 1535 4215 tristitiam
1581 4160 1759 4226 habet,
1809 4161 1935 4233 quia
1964 4161 2099 4217 venit

512 4251 643 4303 hora
677 4249 812 4319 ejus.
846 4248 1123 4305 Mulierem
1164 4250 1296 4306 dicit
1339 4261 1582 4307 sanctam
1610 4251 1942 4319 Ecclesiam,
1968 4269 2098 4324 pro-

512 4353 634 4409 pter
681 4338 1061 4393 fecunditatem
1090 4338 1355 4395 bonorum
1391 4357 1636 4411 operum.
1684 4342 1755 4397 Et
1777 4342 1904 4412 quia
1938 4343 2101 4412 spiri-

515 4429 688 4483 tuales
717 4430 826 4484 Deo
855 4429 991 4485 ﬁlios
1019 4430 1238 4502 gignere
1268 4447 1545 4502 nunquam
1571 4432 1789 4498 desinit,
1839 4434 1955 4488 haec
1981 4449 2099 4488 mu-

515 4522 614 4575 lier
647 4536 770 4576 cum
808 4522 1061 4591 parturit,
1098 4523 1374 4578 tristitiam
1398 4523 1594 4588 habet,
1624 4524 1749 4592 quia
1796 4525 1943 4579 venit
1964 4526 2098 4581 hora

515 4614 650 4683 ejus.

586 4700 719 4757 Cum
746 4714 920 4758 autem
943 4705 1135 4776 peperit
1153 4722 1395 4776 puerum,
1422 4705 1542 4776 jam
1567 4722 1671 4760 non
1696 4706 1928 4760 meminit
1955 4725 2100 4779 pres-

512 4810 676 4857 surte,
705 4803 912 4863 propter
935 4796 1188 4865 gaudium
1212 4836 1228 4861 ,
1277 4797 1401 4867 quia
1438 4806 1592 4849 natus
1620 4805 1696 4850 est
1738 4788 1893 4851 homo
1922 4799 1979 4852 in
2001 4800 2098 4854 hoc

514 4884 731 4937 mundo.
763 4883 898 4951 Quia
927 4886 1183 4941 nimirum
1222 4896 1407 4942 sancta
1449 4885 1710 4952 Ecclesia,
1756 4890 1993 4958 quandiu
2043 4892 2098 4946 in

515 4975 715 5029 mundo
756 4975 1118 5046 spiritualium
1163 4978 1424 5031 virtutum
1483 4976 1818 5046 profectibus
1872 4980 2093 5048 insistit,

515 5080 789 5135 nunquam
833 5067 1019 5123 mundi
1048 5068 1439 5122 tentationibus
1463 5070 1707 5124 exerceri
1738 5070 1969 5128 desistit.
2025 5073 2097 5128 At

514 5170 638 5209 cum
663 5155 875 5212 devicto
918 5156 1165 5211 laborum
1194 5158 1492 5212 certamine
1531 5159 1598 5215 ad
1634 5160 1868 5229 palmam
1906 5179 2094 5233 perve-

514 5246 684 5312 nerit,
715 5248 829 5319 jam
866 5264 972 5303 non
1011 5248 1283 5315 meminit,
1330 5250 1536 5319 inquit,
1586 5268 1854 5324 pressura:
1894 5271 2095 5325 praece-

513 5340 729 5405 dentis,
789 5348 1012 5410 propter
1069 5339 1323 5409 gaudium
1370 5353 1638 5415 percepta:
1694 5347 2092 5413 retributionis,

513 5430 640 5499 quia
692 5446 797 5483 non
822 5438 941 5482 sunt
972 5429 1242 5499 condigna:
1268 5433 1532 5502 passiones
1562 5435 1721 5506 hujus
1755 5438 1999 5507 temporis
2026 5438 2095 5491 ad

514 5530 944 5591 superventuram
993 5519 1217 5589 gloriam
1245 5562 1260 5587 ,
1315 5541 1433 5595 qua:
1486 5527 1799 5581 revelabitur
1844 5530 1898 5583 in
1946 5530 2094 5584 nobis

516 5612 695 5682 (Rom.
726 5612 867 5683 vui).
913 5611 1034 5666 Non
1060 5614 1311 5681 meminit,
1359 5617 1552 5687 inquit,
1599 5636 1859 5688 pressura:
1885 5632 2096 5692 propter

516 5701 790 5772 gaudium,
818 5705 941 5775 quia
967 5713 1119 5759 natus
1156 5717 1230 5761 est
1253 5708 1406 5764 homo
1433 5710 1487 5765 in
1518 5710 1731 5765 mundo.
1767 5710 1919 5767 Sicut
1947 5713 2092 5768 enim

2123 4474 2177 4535 D

2193 1874 2344 1928 tollet
2365 1890 2394 1929 a
2427 1876 2602 1930 nobis.
2641 1874 2794 1942 Quod
2820 1876 2885 1930 de
2915 1875 3046 1944 ipsis
3070 1876 3289 1946 quidem
3317 1874 3598 1945 discipulis
3624 1874 3786 1931 facile

2193 1967 2537 2038 intelligitur,
2570 1969 2694 2037 quia
2721 1969 3000 2024 tristitiam
3030 1968 3356 2034 habuerunt,
3399 1984 3567 2041 passo
3589 1984 3657 2025 ac
3689 1984 3782 2025 se-

2192 2058 2341 2130 pulto
2398 2058 2668 2125 Domino,
2722 2060 2815 2116 sed
2861 2070 3080 2129 peracta
3131 2062 3545 2117 resurrectionis
3590 2060 3783 2132 gloria,

2191 2151 2359 2222 gavisi
2391 2160 2518 2205 sunt
2544 2152 2660 2206 viso
2709 2152 2955 2207 Domino.
3000 2153 3070 2208 Et
3106 2153 3361 2225 gaudium
3397 2167 3586 2208 eorum
3621 2167 3788 2208 nemo

2194 2241 2317 2296 tulit
2358 2241 2425 2296 ab
2453 2243 2564 2306 eis,
2611 2242 2738 2298 licet
2765 2259 3049 2313 pressuras
3092 2259 3158 2298 ac
3201 2244 3607 2313 persecutiones
3633 2242 3786 2313 passi

2192 2340 2372 2386 essent
2402 2333 2455 2387 in
2482 2334 2584 2388 hoc
2610 2333 2838 2394 mundo.
2894 2349 3109 2404 semper
3137 2334 3193 2389 in
3234 2349 3328 2404 spe
3364 2333 3670 2405 gaudebant
3698 2331 3788 2387 fu-

2194 2429 2327 2476 tura:
2354 2422 2744 2488 retributionis,
2775 2438 2873 2493 pro
2898 2439 2965 2479 eo
2988 2425 3131 2493 quod
3156 2425 3305 2495 digni
3333 2431 3518 2480 essent
3542 2438 3645 2494 pro
3690 2439 3790 2478 no-

2193 2513 2339 2567 mine
2381 2511 2507 2569 Jesu
2549 2516 2904 2571 contumelias
2939 2516 3093 2586 pati:
3143 2516 3346 2572 Iterum
3386 2526 3564 2571 autem
3603 2516 3789 2571 uidebo

2193 2621 2316 2671 vos,
2358 2614 2406 2660 et
2439 2607 2685 2676 gaudebit
2731 2624 2822 2661 cor
2851 2618 3119 2671 oestrum,
3163 2617 3213 2663 et
3258 2608 3515 2678 gaudium
3552 2616 3789 2662 vestrum

2194 2715 2346 2753 nemo
2372 2698 2517 2754 tollet
2544 2718 2575 2754 a
2615 2701 2775 2755 vobis.
2822 2701 2979 2757 Videt
3018 2702 3199 2771 itaque
3225 2700 3430 2757 electos
3464 2708 3589 2771 post
3615 2697 3789 2755 tristi-

2196 2790 2329 2847 tiam
2357 2790 2634 2856 Dominus,
2680 2808 2806 2849 cum
2835 2808 3025 2849 eorum
3064 2793 3380 2864 patientiam
3409 2793 3663 2848 damnato
3688 2791 3790 2847 im-

2194 2893 2492 2955 pugnatore
2522 2894 2872 2940 remur-erat:
2928 2884 3121 2941 Videbo
3153 2902 3263 2950 vos,
3297 2886 3349 2940 id
3376 2893 3491 2951 est,
3538 2898 3664 2939 cum
3700 2898 3791 2938 as-

2194 2990 2475 3045 sumpsero
2518 2992 2617 3031 vos
2642 2976 2711 3030 ad
2743 2992 2829 3033 me
2864 2977 3060 3047 ipsum.
3111 2977 3181 3033 Ut
3210 2977 3300 3032 ubi
3334 2992 3455 3032 sum
3480 2990 3582 3047 ego
3610 2984 3666 3030 et
3686 2989 3788 3029 vos

2196 3065 2335 3132 sitis,
2373 3074 2428 3121 et
2462 3066 2515 3121 in
2542 3066 2630 3121 illa
2658 3067 2866 3123 visione
2899 3075 3175 3138 perpetua:
3196 3066 3388 3137 gloria
3412 3065 3669 3138 gaudebit
3692 3080 3793 3120 eor

2200 3163 2441 3212 vestrum
2461 3198 2476 3221 ,
2521 3164 2577 3213 et
2602 3156 2855 3227 gaudium
2882 3163 3125 3212 vestrum
3156 3171 3315 3211 nemo
3344 3155 3495 3211 tollet
3535 3171 3568 3210 a
3601 3154 3783 3221 vobis,

2197 3245 2325 3316 quia
2354 3245 2425 3300 ibi
2456 3245 2637 3302 nullus
2665 3245 3034 3310 adversarius,
3066 3244 3244 3300 nullus
3263 3254 3602 3315 persecutor,
3625 3258 3792 3299 nemo

2195 3336 2289 3406 qui
2315 3335 2596 3391 tristitiam
2619 3336 2830 3407 ingerat
2857 3336 3054 3392 animis
3080 3336 3277 3393 vestris
3294 3376 3310 3400 ,
3356 3336 3485 3391 dum
3513 3335 3793 3390 videbitur

2195 3424 2340 3483 Dens
2379 3426 2605 3482 deorum
2649 3426 2705 3481 in
2736 3426 2898 3492 Sion,
2938 3433 2995 3481 et
3026 3442 3146 3481 cum
3188 3425 3490 3497 apparuerit
3520 3424 3788 3492 Christus,

2196 3529 2320 3574 tunc
2343 3529 2394 3574 et
2428 3535 2516 3575 vos
2544 3519 2893 3591 apparebitis,
2934 3528 2995 3575 ut
3029 3517 3319 3590 Apostolus
3340 3518 3435 3585 ait,
3467 3534 3588 3573 cum
3617 3517 3711 3573 illo
3734 3519 3793 3573 in

2196 3608 2388 3681 gloria.

2312 3698 2634 3757 DOMINICA
2663 3698 2918 3755 TERTIA
2945 3697 3121 3755 POST
3150 3697 3304 3754 OCT.
3331 3696 3652 3755 PASCHE.

2406 3804 2662 3845 EPISTOLA
2691 3805 2850 3844 ΒΕΔΤΙ
2874 3804 3053 3845 ιλοοιιι
3084 3802 3359 3852 Ανοδτοιι,
3386 3802 3505 3843 CAP.
3529 3803 3569 3843 ι.

2274 3918 2295 3951 ‹
2327 3899 2500 3956 Omne
2535 3899 2722 3955 datum
2767 3899 3028 3969 optimum
3048 3938 3064 3965 ,
3099 3905 3155 3953 et
3180 3909 3343 3952 omne
3365 3895 3565 3952 donum
3612 3896 3792 3968 perfe-

2206 4008 2226 4042 s
2261 3998 2410 4046 etum
2453 3990 2740 4045 desursum
2770 3996 2872 4053 est,
2901 3988 3237 4043 descendens
3266 4002 3296 4041 a
3318 3986 3479 4042 Patre
3500 3987 3790 4053 luminum,

2205 4101 2225 4135 ε
2260 4082 2401 4153 apud
2426 4096 2589 4151 quem
2614 4096 2722 4136 non
2750 4089 2835 4135 est
2861 4080 3244 4135 transmutatio
3272 4092 3375 4134 nec
3397 4079 3792 4135 vicissitudinis

2206 4191 2224 4225 ι
2257 4173 2617 4228 obumbratio.
2651 4171 2963 4228 Voluntarie
2986 4172 3131 4226 enim
3160 4170 3345 4242 genuit
3378 4186 3478 4226 nos
3500 4172 3669 4228 verbo
3693 4188 3791 4228 ve-

2206 4281 2225 4314 ι
2263 4263 2438 4318 ritatis
2463 4303 2478 4328 ,
2523 4269 2585 4316 ut
2612 4260 2785 4316 simus
2826 4259 3038 4315 initium
3084 4259 3302 4330 aliquod
3347 4267 3612 4316 creatura:
3650 4259 3788 4330 eius.

2207 4371 2225 4403 ε
2262 4352 2445 4418 Scitis,
2495 4351 2692 4406 fratres
2717 4350 2824 4406 mei
2864 4349 3218 4406 dilectissimi.
3269 4348 3354 4404 Sit
3398 4357 3578 4404 autem
3612 4351 3793 4407 omnis

2208 4466 2225 4498 ι
2261 4446 2424 4502 homo
2459 4445 2615 4499 velox
2655 4445 2723 4498 ad
2749 4444 3075 4498 audiendum
3099 4484 3113 4508 ,
3159 4443 3347 4497 tardus
3384 4450 3567 4497 autem
3604 4443 3676 4499 ad
3712 4443 3794 4498 lo-

2207 4563 2226 4595 c
2260 4542 2567 4613 quendam,
2593 4550 2651 4610 et
2675 4541 2863 4595 tardus
2888 4539 2956 4594 ad
2995 4538 3154 4592 iram.
3202 4536 3286 4592 Ira
3329 4538 3473 4591 enim
3509 4537 3611 4591 viri
3629 4535 3794 4605 justi-

2207 4654 2225 4686 ε
2266 4636 2401 4690 tiam
2437 4633 2531 4688 Dei
2560 4648 2667 4689 non
2705 4640 2980 4703 Operatur.
3032 4630 3260 4701 Propter
3300 4631 3443 4700 quod
3473 4628 3793 4698 abjicientes

2206 4749 2224 4782 ι
2257 4742 2471 4785 omnem
2516 4724 2913 4781 immunditiam
2940 4729 2998 4777 et
3030 4720 3417 4775 abundantiam
3459 4719 3700 4785 malitia,
3733 4721 3790 4775 in

2206 4842 2224 4873 ‹
2260 4819 2670 4876 mansuetudine
2729 4815 2987 4884 suscipite
3052 4814 3276 4869 insitum
3325 4814 3549 4869 verbum
3577 4854 3594 4879 ,
3640 4815 3790 4885 quod

2208 4932 2225 4964 ι
2259 4920 2438 4983 potest
2456 4910 2667 4965 salvare
2687 4909 2898 4962 animas
2915 4914 3147 4961 vestras.
3196 4923 3219 4959 ι

2274 5003 2440 5060 Omne
2463 5004 2647 5057 datum
2669 5001 2944 5071 optimum,
2989 5008 3039 5053 et
3077 5014 3229 5052 omne
3260 4997 3458 5052 donum
3498 4996 3786 5069 perfectum

2199 5096 2473 5149 desursum
2493 5100 2590 5156 est,
2611 5088 2923 5143 descendens
2945 5104 2976 5140 a
2992 5086 3147 5140 Patre
3173 5086 3450 5140 luminum.
3471 5084 3572 5157 (Ex
3594 5084 3786 5156 Beda.)

2199 5184 2490 5253 Postquatn
2522 5181 2703 5236 docuit
2741 5178 3139 5248 vitia,.quibus
3166 5184 3442 5231 lentamnr
3464 5190 3573 5231 non
3601 5191 3634 5230 a
3676 5176 3788 5231 Deo

2198 5274 2388 5337 nobis,
2431 5271 2526 5325 sed
2554 5285 2585 5324 a
2628 5269 2785 5324 nobis
2815 5268 2948 5339 ipsis
2988 5268 3171 5322 inesse
3193 5266 3468 5331 ostendit;
3509 5281 3543 5321 c
3567 5276 3784 5331 contra,

2201 5361 2463 5433 quidquid
2486 5360 2614 5415 boni
2655 5358 2885 5429 agimus,
2913 5358 3018 5413 hoc
3058 5371 3090 5411 a
3135 5356 3244 5410 Deo
3274 5355 3509 5410 donante
3536 5356 3786 5427 percepi-

2202 5466 2341 5506 mus.
2395 5449 2522 5506 lnde
2559 5448 2760 5503 etenim
2797 5444 3011 5502 Patrem
3041 5446 3305 5501 luminum
3344 5444 3615 5516 appellat,
3657 5447 3786 5517 quia

2202 5549 2478 5596 auctorem
2504 5538 2653 5593 novit
2681 5536 3003 5607 spiritalium
3030 5537 3437 5592 charismatum.
3469 5535 3570 5591 Cui
3595 5551 3787 5592 conso-

2200 5636 2296 5683 nat
2329 5627 2459 5682 illud
2487 5625 2715 5697 apostoli
2752 5625 2902 5680 Pauli
2926 5643 2941 5683 :
2978 5623 3121 5691 Quid
3146 5625 3285 5680 enim
3320 5625 3480 5680 habes
3509 5626 3656 5697 quod
3683 5643 3788 5681 non

2199 5718 2443 5790 accepisti
2469 5717 2522 5791 (I
2548 5716 2671 5773 Cor.
2701 5714 2802 5788 tv)?
