3978 6458
496 176 513 203 1

138 272 251 331 993

978 275 1499 332 COLLECTIONES
1534 275 1603 331 IN
1644 274 2025 330 EPISTOLAS
2064 270 2152 329 ΕΤ
2196 275 2607 332 EVANGELIA.

3330 277 3445 340 ’294

214 390 373 463 Apud
399 406 553 462 quem
588 404 690 445 non
730 401 804 445 est
832 394 1224 459 transmutatio,
1252 409 1342 448 nec
1372 392 1746 448 vicissitudinis
1774 399 1824 458 Α
1852 389 2001 460 cipit,
2033 398 2091 445 ut
2140 407 2247 446 non
2278 393 2549 463 quaslibet
2574 392 2643 449 ob
2670 409 2864 451 causas
2892 397 3239 454 serenitatem
3270 403 3440 456 nostri

140 483 499 537 obumbratio.
541 482 677 549 Quia
710 482 764 535 in
798 481 894 537 Dei
926 491 1119 538 natura
1144 482 1476 538 mutabilitas
1500 498 1605 538 non
1635 492 1736 549 est,

140 588 320 643 neque
352 574 535 629 lumen
579 573 696 643 ejus
742 576 883 629 sicut
922 574 1101 630 lumen
1135 574 1297 644 hujus
1327 575 1511 630 mundi
1559 576 1738 646 aliqua

139 665 537 721 vicissitudinis
576 665 769 721 umbra
810 666 1105 722 intercidit.
1153 664 1349 736 Liquet
1393 666 1583 737 utique
1612 667 1738 736 quia

136 756 255 811 sola
296 756 457 811 nobis
481 756 624 812 dona
660 756 797 811 lucis
821 798 835 821 ,
881 764 937 811 et
966 771 1071 812 non
1097 758 1264 814 etiam
1294 756 1547 813 tenebras
1573 758 1740 813 mittit

132 863 409 903 errorum.
1610 852 1631 874 '

223 937 533 993 Voluntaria
559 941 734 1009 genuit
762 954 854 994 nos
883 939 1035 994 verbo
1077 932 1338 994 veritatis.
1380 938 1450 994 Et
1477 938 1739 994 Dominus

139 1032 191 1085 in
225 1029 519 1101 Evangelio
546 1049 559 1083 :
598 1029 722 1085 Non
750 1047 837 1085 vos
861 1047 943 1085 me
967 1029 1193 1101 elegistis
1212 1072 1226 1096 ,
1251 1032 1341 1085 sed
1363 1048 1456 1103 ego
1486 1031 1617 1103 elegi
1646 1047 1737 1086 vos

140 1121 325 1193 (Joau.
374 1120 489 1192 xv).
536 1122 601 1176 Et
630 1122 685 1178 in
707 1120 846 1177 Osee
872 1124 1136 1194 propheta
1162 1140 1175 1177 :
1206 1123 1439 1194 Diligam
1468 1140 1556 1177 eos
1580 1140 1738 1195 spon-

138 1225 292 1266 tanee
324 1210 501 1283 (Osee.
545 1211 679 1284 xxv).
725 1211 861 1278 Quia
888 1227 1018 1284 ergo
1044 1213 1256 1268 dixerat
1276 1227 1296 1266 »ε
1344 1211 1512 1267 Omne
1551 1213 1735 1267 datum

131 1305 413 1374 optimum,
436 1313 487 1359 et
510 1319 660 1359 omne
679 1303 875 1359 donum
903 1305 1191 1375 perfectura
1217 1323 1250 1359 a
1269 1303 1382 1360 Deo
1402 1305 1732 1371 descendere,

132 1404 538 1466 consequenter
576 1396 800 1460 astruit,
869 1395 1154 1451 addendo:
1202 1397 1330 1468 quia
1366 1414 1474 1453 non
1534 1397 1735 1453 nostris

136 1488 391 1555 meritis,
432 1488 528 1543 sed
570 1503 680 1543 sua:
720 1487 987 1545 beneﬁcio
1023 1489 1348 1557 voluntatis,
1396 1505 1497 1561 per
1537 1488 1734 1561 aquam

138 1580 565 1652 regenerationis
593 1581 661 1636 de
680 1580 806 1636 ﬁliis
836 1583 1207 1649 tenebrarum,
1231 1599 1332 1640 nos
1354 1584 1407 1639 in
1434 1583 1572 1640 ﬁlios
1600 1583 1734 1641 lucis

136 1676 452 1731 mutaverit.

1842 480 2022 536 vultus
2047 481 2098 535 in
2123 484 2498 538 austeritatem
2525 493 2820 552 vertamus,
2869 489 2964 543 sed
2993 499 3142 545 certa
3169 490 3442 549 existente

1844 571 2075 638 ratione,
2108 573 2259 627 verbi
2294 575 2487 645 gratia,
2514 576 2558 629 si
2588 576 2746 631 aliter
2775 580 2973 651 corrigi
3015 582 3294 651 proximos
3320 599 3439 638 ma-

1839 661 1985 716 xime
2011 662 2105 733 qui
2133 663 2289 717 nobis
2326 668 2601 721 commissi
2628 677 2775 735 sunt,
2812 685 2921 724 non
2948 686 3105 740 posse
3128 688 3437 742 cernamus,

1841 753 2183 808 severitatem
2212 768 2340 823 erga
2369 770 2465 810 eos
2507 757 2657 812 verbi
2684 798 2699 823 ,
2747 759 2834 813 vel
2861 762 3025 816 etiam
3061 762 3325 832 judicium
3351 764 3437 820 di-

1840 845 2139 901 strictionis
2185 847 2581 913 exhibeamus,
2641 859 2895 906 manente
2947 860 3127 908 tamen
3175 867 3438 925 quantum

1838 945 2032 990 natura
2069 937 2303 992 humana
2343 938 2546 1008 patitur
2575 947 2720 994 statu
2753 949 2955 996 nostra:
2991 944 3190 999 mentis
3220 958 3435 1000 sereno.

1838 1028 2041 1099 Credo,
2088 1030 2353 1099 Pbinees,
2398 1032 2655 1101 Samuel,
2697 1034 2877 1104 Elias,
2929 1046 2983 1091 et
3021 1036 3246 1105 Petrus,
3297 1038 3438 1094 tardi

1836 1119 2054 1175 fuerunt
2084 1121 2153 1177 ad
2181 1122 2340 1189 iram,
2372 1131 2427 1178 et
2456 1129 2639 1180 tamen
2665 1134 2987 1195 peccantes,
3016 1126 3103 1181 vel
3132 1128 3321 1195 verbo,
3350 1130 3436 1184 vel

1837 1212 2014 1282 gladio
2042 1224 2411 1286 peremerunt.
2442 1216 2549 1272 Sed
2580 1227 2635 1275 et
2661 1218 2868 1287 Moses,
2900 1236 3022 1275 cum
3051 1230 3195 1278 esset
3223 1224 3308 1278 vir
3335 1225 3437 1277 mi-

1838 1306 2113 1373 tissimus,
2171 1307 2340 1363 exivit
2381 1324 2415 1364 a
2453 1309 2738 1365 Pharaone
2764 1352 2778 1376 ,
2811 1326 2973 1381 quem
3014 1312 3435 1385 incorrigibiletn

1834 1397 2003 1467 vidit,
2035 1397 2210 1454 iratus
2236 1400 2428 1467 nimis,
2467 1403 2830 1461 comminatus
2855 1403 2906 1458 ei
2936 1418 3154 1474 ptenam
3188 1421 3352 1476 quam
3381 1415 3439 1462 et

1835 1504 2001 1561 opere
2025 1492 2283 1563 patravit.
3338 1478 3339 1481 “

1908 1581 2002 1637 Ira
2040 1584 2177 1639 enim
2208 1584 2308 1638 viri
2344 1582 2611 1654 justitiam
2657 1582 2759 1639 Dei
2795 1602 2900 1640 non
2929 1596 3197 1658 operatur.
3236 1584 3437 1646 Facilis

1836 1679 1920 1728 est
1946 1688 2159 1739 sensus,
2183 1674 2311 1744 quia
2333 1675 2426 1744 qui
2454 1674 2749 1730 iracundiae
2788 1678 2922 1732 vitio
2948 1694 3007 1733 se
3031 1678 3283 1751 incautus
3307 1682 3436 1736 sub-

212 1766 282 1822 Ut
327 1769 494 1823 simus
535 1769 744 1824 initium
784 1768 1000 1842 aliquod
1036 1780 1295 1827 creaturte
1318 1773 1452 1843 ejus.
1476 1772 1557 1829 Ne
1582 1775 1637 1829 in
1664 1789 1731 1831 eo
1759 1777 1807 1836 B
1826 1764 2002 1838 ineat.
2034 1774 2090 1821 ει
2118 1767 2164 1822 Si
2192 1767 2503 1823 hominibus
2524 1768 2706 1839 justus
2729 1780 2976 1840 θρρατει,
3019 1771 3073 1825 in
3098 1772 3281 1827 (Πνὶηο
3305 1788 3436 1828 ϐιο-

133 1858 284 1930 quod
309 1858 417 1926 ait,
448 1860 669 1931 genuit,
699 1860 803 1917 hoc
833 1876 932 1917 nos
959 1860 1075 1917 ﬁeri
1105 1859 1423 1933 putaremus
1451 1866 1593 1935 quod
1622 1865 1735 1938 ipse

133 1960 241 2007 est.
280 1951 407 2009 Ideo
447 1951 808 2023 principatum
837 1952 1150 2024 quemdam,
1198 1955 1250 2011 in
1278 1964 1530 2012 creatura
1578 1959 1735 2015 nobis

135 2044 239 2098 hac
251 2043 543 2125 adoptione
553 2056 873 2099 concessum
893 2045 1149 2099 ostendit.
1180 2044 1337 2102 Hunc
1353 2047 1551 2102 etenim
1565 2048 1735 2133 versi;

133 2134 321 2189 culum
347 2132 567 2204 quidam
596 2134 669 2188 ita
695 2134 1002 2190 transtulit:
1036 2133 1230 2191 Valens
1258 2139 1435 2208 genuit
1456 2154 1553 2192 nos
1577 2132 1732 2193 verbo

134 2229 399 2291 veritatis,
429 2235 488 2281 ut
522 2228 687 2281 simus
716 2228 964 2299 primitias
1012 2239 1377 2283 creaturarum
1408 2231 1545 2301 ejus,
1577 2231 1732 2287 idest

133 2327 195 2373 ut
223 2319 435 2375 caneris
463 2334 600 2390 quos
629 2322 901 2392 cernimus
924 2323 1219 2389 creaturis,
1258 2323 1427 2379 simus
1454 2323 1726 2381 meliores.

135 2406 413 2466 Primitias
441 2426 675 2482 namque
714 2411 928 2482 frugum
958 2413 1043 2469 vel
1075 2414 1456 2481 animantium,
1503 2415 1729 2470 Domino

131 2501 449 2556 consecrari
480 2501 567 2556 lex
592 2502 854 2573 przecipit.
882 2501 1161 2560 Primitias
1189 2504 1307 2559 auri
1336 2514 1391 2560 et
1419 2505 1630 2577 argenti
1660 2504 1729 2560 ad

132 2608 272 2665 opus
296 2593 632 2649 tabernaculi
655 2593 819 2663 jussit
843 2594 1103 2663 conferri,
1129 2595 1184 2651 id
1209 2607 1315 2662 est,
1347 2596 1553 2668 optima
1581 2613 1730 2667 qua:-

132 2702 242 2758 que
266 2686 325 2741 in
362 2685 596 2742 metallis
633 2684 830 2759 (Exod.
862 2702 1007 2752 χχιι,
1057 2688 1241 2760 xxut).
1293 2687 1359 2742 Et
1398 2689 1466 2743 de
1503 2688 1728 2758 antiquo

131 2777 232 2832 Dei
259 2776 457 2847 populo
488 2775 627 2832 dixit
668 2774 932 2846 propheta
956 2776 1224 2832 Jeremias
1250 2794 1262 2830 :
1299 2776 1529 2833 Sanctus
1557 2776 1729 2834 Israel

132 2868 364 2923 Domino
390 2868 639 2940 primitiis
668 2866 879 2939 frugum
909 2868 1025 2939 ejus
1053 2868 1188 2941 (Jer.
1222 2869 1306 2944 ιι).

209 2958 366 3042 Sg'tis
403 2968 601 3026 autem,
633 2958 826 3029 fratres
856 2960 957 3014 mei
982 2957 1332 3016 dilectissimi.
1376 2960 1729 3018 Notissimum

133 3051 345 3123 inquit,
372 3051 528 3107 vobis
561 3058 676 3116 est,
720 3049 865 3121 quod
906 3063 938 3105 a
973 3050 1129 3106 vobis
1175 3046 1309 3121 ipsis
1356 3052 1623 3109 habuistis
1661 3053 1729 3109 ad

1845 1857 1992 1932 mine
2054 1859 2291 1914 nondum
2345 1859 2586 1930 perfecte
2630 1857 2816 1928 justus
2856 1872 2959 1917 est.
3019 1858 3212 1919 Verum
3272 1863 3435 1919 altius

1840 1958 2018 2021 potest
2041 1950 2289 2023 intelligi,
2303 1950 2448 2022 quod
2466 1967 2497 2005 a
2518 1950 2968 2007 Domino-dictum
2989 1962 3103 2010 est:
3125 1954 3204 2009 Tu
3227 1964 3433 2023 autem,

1839 2041 2067 2098 Domine
2096 2041 2381 2111 virtutum,
2425 2058 2550 2098 cum
2591 2043 2984 2114 tranquillitate
3006 2045 3220 2115 judicas
3251 2064 3264 2100 :
3295 2063 3433 2117 qua-

1835 2131 2120 2203 liscunque
2139 2132 2305 2203 judex
2328 2135 2513 2200 homo,
2561 2135 2760 2190 amissa
2793 2135 2991 2192 mentis
3023 2138 3432 2207 tranquillitate,

1835 2225 2235 2297 delinquentem
2257 2223 2485 2293 judicat,
2538 2226 2704 2282 etiam
2754 2226 2799 2282 si
2824 2224 3235 2297 justejudicat,
3272 2228 3436 2298 justi-

1834 2315 1965 2370 tiam
2013 2323 2195 2371 tamcn
2243 2316 2413 2371 divini
2460 2315 2767 2381 examinis,
2814 2317 2869 2371 in
2899 2332 3061 2387 quam
3097 2320 3434 2388 perturbatio

1833 2409 2029 2465 cadere
2056 2410 2249 2475 nescit,
2284 2410 2485 2465 imitari
2534 2426 2643 2465 non
2672 2418 2870 2480 potest.

1904 2500 2131 2572 PrOpter
2162 2501 2303 2572 quod
2350 2502 2654 2574 abjicientes
2703 2517 2909 2555 onmem
2939 2502 3331 2558 immunditiam
3377 2516 3429 2561 et

1830 2590 2213 2645 abundantiam
2256 2591 2478 2645 malitia:
2498 2632 2512 2658 ,
2545 2592 2602 2645 in
2638 2591 3044 2647 mansuetudine
3072 2594 3322 2666 suscipite
3346 2595 3434 2650 in-

1831 2682 1995 2737 situm
2040 2683 2273 2737 verbum.
2322 2682 2506 2739 Primo
2536 2692 2591 2739 et
2633 2699 2831 2754 corpus
2864 2692 2920 2740 et
2959 2694 3197 2741 mentem
3227 2701 3259 2741 a
3285 2687 3434 2743 vitiis

1823 2772 1979 2843 jubet
2009 2789 2346 2847 expurgare,
2378 2783 2439 2829 ut
2464 2775 2608 2847 digni
2637 2778 2875 2832 existere
2900 2779 3140 2848 possint,
3192 2780 3286 2850 qui
3312 2795 3436 2838 ver-

1830 2865 1958 2920 bum
1983 2865 2176 2921 salutis
2202 2866 2526 2937 percipiant.
2575 2866 2678 2935 Qui
2715 2868 2861 2923 enim
2890 2884 3000 2924 non
3024 2869 3260 2925 declinat
3282 2872 3435 2941 prius

1830 2972 1859 3012 a
1898 2956 2064 3023 malo,
2112 2973 2220 3012 non
2251 2965 2429 3028 potest
2472 2955 2652 3013 facere
2691 2957 2915 3013 bonum.
2964 2957 3193 3015 Omnem
3232 2962 3434 3032 quippe

1832 3049 2254 3113 immunditiam,
2300 3056 2357 3103 et
2383 3048 2568 3103 carnis
2593 3056 2649 3102 et
2674 3049 2868 3105 animae
2898 3058 3193 3121 nuncupat.
3226 3050 3429 3107 Malitia

130 3144 267 3199 vitia
296 3141 433 3198 labi:
452 3158 483 3197 a
512 3141 740 3197 Domino
765 3150 948 3198 autem
976 3156 1074 3198 vos
1096 3143 1377 3211 illustrari,
1406 3159 1513 3199 non
1542 3154 1723 3201 vestra
1751 3138 1796 3202 C
1827 3148 2010 3195 autem
2052 3138 2272 3210 proprie
2304 3139 2372 3193 ad
2403 3138 2680 3194 interioris
2714 3139 2952 3197 hominis
2988 3140 3317 3215 pravitatem
3345 3156 3432 3197 re-

128 3234 463 3309 provisione,
491 3234 587 3292 sed
614 3248 843 3306 superna
867 3235 1041 3306 gratia
1064 3249 1163 3291 vos
1189 3236 1575 3308 praeveniente,
1596 3251 1726 3293 con-

133 3329 282 3400 tigit.

208 3419 293 3477 Sit
330 3428 505 3474 autem
545 3419 714 3474 omnis
748 3418 902 3474 homo
934 3417 1088 3474 uelox
1115 3417 1187 3473 ad
1209 3418 1563 3485 audiendum,
1614 3429 1721 3475 etc.

131 3512 274 3567 Hinc
299 3509 600 3565 auditorem
631 3509 929 3567 moralibus
956 3509 1192 3566 instituit
1218 3510 1525 3581 praeceptis,
1556 3518 1614 3566 et
1636 3524 1725 3566 re-

128 3614 222 3659 cte
243 3604 419 3676 primo
441 3603 711 3668 admonet,
731 3616 919 3658 aurem
941 3617 1212 3674 quemque
1231 3603 1393 3659 citius
1420 3618 1727 3659 accommo-

126 3699 269 3753 dare
292 3697 508 3753 docenti
526 3736 541 3763 ,
588 3711 711 3752 sero
748 3704 931 3751 autem
956 3710 1022 3752 os
1051 3696 1120 3752 ad
1146 3695 1452 3754 docendum
1491 3698 1724 3767 aperire,

127 3791 281 3864 quod
309 3789 531 3846 stultum
569 3797 673 3856 est,
702 3790 999 3860 quemlibet
1021 3804 1142 3861 qua;
1167 3790 1284 3861 ipse
1307 3806 1412 3846 non
1441 3789 1725 3857 didicerat,

128 3884 261 3941 aliis
301 3882 438 3937 velle
475 3881 788 3951 prtedicare.
839 3880 943 3949 Qui
992 3896 1121 3953 ergo
1161 3882 1480 3952 sapientiam
1529 3881 1725 3953 diligit,

130 3978 313 4047 primo
337 3981 398 4027 ut
421 3987 586 4044 supra
616 3972 925 4040 admonuit,
956 3972 1100 4028 hanc
1127 3988 1159 4028 a
1195 3972 1306 4028 Deo
1329 3972 1586 4044 postulet.
1620 3972 1726 4027 De-

130 4068 263 4122 hinc
290 4065 606 4137 magistrum
629 4064 874 4119 veritatis
896 4064 1117 4120 humilis
1145 4065 1362 4120 auditor
1386 4065 1648 4135 inquirat,
1675 4073 1731 4121 et

133 4162 284 4216 inter
310 4158 573 4230 agendum
606 4172 761 4237 suam
788 4147 1101 4214 cautissime
1129 4157 1394 4229 linguam,
1423 4174 1529 4212 non
1555 4157 1728 4213 solum

132 4255 207 4309 ab
228 4250 421 4306 otiosis
449 4250 790 4307 sermonibus
831 4258 1084 4306 coerceat
1109 4292 1124 4317 ,
1174 4266 1363 4304 verum
1393 4258 1449 4305 et
1489 4251 1556 4304 ab
1586 4248 1727 4320 ipsa,

131 4356 304 4414 quam
349 4356 522 4412 nuper
560 4340 746 4396 didicit
785 4342 1018 4398 veritate
1052 4342 1396 4412 prtedicanda
1433 4341 1724 4397 contineat.

135 4434 281 4491 Hinc
311 4431 564 4488 Salomon
592 4432 658 4488 de
679 4433 938 4488 distantia
973 4441 1273 4505 temporum
1301 4433 1574 4499 scribens,
1610 4433 1688 4490 ait
1712 4452 1724 4487 :

135 4524 369 4595 Tempus
402 4523 629 4589 tacendi,
656 4533 705 4578 et
727 4532 930 4596 tempus
956 4524 1202 4596 loquendi
1234 4523 1433 4597 (Eccle.
1459 4523 1564 4597 ιιι).
1594 4525 1732 4581 Hinc

132 4613 503 4687 Pythagorici,
544 4613 804 4669 naturalis
848 4614 1089 4670 scientia
1135 4616 1447 4688 magisterio
1494 4615 1728 4686 prtediti,

129 4707 414 4763 auditores
457 4720 584 4762 suos
619 4718 718 4777 per
755 4706 1185 4777 quinquennium
1207 4707 1402 4777 jubent
1443 4707 1634 4774 silere,
1676 4714 1733 4763 et

129 4800 219 4855 sic
243 4798 461 4853 demum
481 4797 779 4868 praedicare
806 4798 1145 4868 permittunt.

209 4886 283 4942 Et
309 4887 493 4941 tardus
519 4887 588 4941 ad
615 4888 772 4941 iram.
810 4886 948 4955 Quia
978 4888 1268 4944 maturitas
1292 4889 1592 4960 sapientiae,
1621 4905 1730 4945 non

129 4981 243 5038 nisi
273 4979 560 5052 tranquilla
583 4988 763 5035 mente
786 4981 1102 5052 percipitur.
1141 4979 1415 5051 Scriptum
1444 4991 1528 5039 est
1553 4983 1720 5049 enim,

128 5072 265 5146 quia
305 5071 389 5125 ira
431 5070 490 5125 in
526 5071 646 5125 sinu
689 5072 837 5126 stulti
872 5073 1146 5144 requiescit
1195 5072 1392 5145 (Eccle.
1439 5074 1561 5146 vn).
1605 5072 1724 5129 Non

131 5171 321 5219 antem
348 5161 422 5216 ita
449 5160 795 5217 velocitatem
824 5161 920 5218 ira:
946 5172 1115 5229 vetat,
1145 5170 1202 5219 ut
1219 5163 1381 5234 hujus
1412 5164 1726 5221 tarditatem

132 5253 424 5328 approbet,
460 5253 554 5309 sed
588 5253 693 5310 hoc
715 5255 894 5326 potius
939 5257 1214 5323 admonet,
1262 5265 1322 5311 ut
1361 5265 1415 5312 et
1440 5257 1572 5312 hora
1606 5274 1731 5328 per-

132 5345 469 5404 turbationis
508 5359 572 5401 ac
597 5346 791 5412 litium,
840 5363 908 5403 ne
948 5348 1107 5403 nobis
1135 5348 1215 5404 ira
1255 5350 1514 5419 subrepat
1538 5364 1731 5404 eavea-

133 5454 279 5496 mus.
321 5438 433 5494 Aut
461 5437 510 5493 si
546 5436 687 5494 forte
719 5437 1072 5510 subrepserit,
1106 5439 1247 5494 intra
1287 5440 1400 5495 oris
1430 5447 1582 5510 septa
1615 5438 1732 5508 ejus

130 5532 495 5589 cohibeamus
534 5529 793 5601 impetum
821 5571 836 5596 ,
882 5539 945 5585 ut
992 5540 1181 5586 exacta
1226 5530 1362 5586 hora
1401 5530 1732 5587 discriminis

133 5626 365 5683 liberius
386 5639 511 5681 eam
540 5623 609 5680 ad
644 5623 910 5695 integrum
936 5638 966 5678 a
995 5623 1159 5678 corde
1187 5632 1375 5680 nostro
1401 5639 1499 5694 per
1520 5632 1732 5693 tempus

136 5732 528 5794 «purgemus.
558 5716 655 5776 Vel
678 5725 825 5773 certe
852 5716 1034 5773 tardos
1060 5716 1127 5772 ad
1151 5717 1288 5772 iram
1316 5732 1414 5802 nos
1440 5730 1562 5773 esse
1590 5732 1729 5787 prce-

1827 3231 1987 3302 spicit
2011 3244 2027 3284 :
2056 3229 2340 3301 Suscipite,
2368 3228 2564 3299 inquit,
2592 3230 2812 3284 insitum
2836 3224 3074 3297 verbum,
3101 3230 3158 3286 id
3177 3239 3285 3298 est,
3308 3247 3432 3290 ver-

1824 3324 1953 3381 bum
1974 3322 2092 3389 Dei,
2117 3322 2263 3393 quod
2288 3321 2488 3377 vestris
2515 3320 2792 3389 cordibus,
2815 3323 3163 3393 przedicando
3194 3322 3430 3392 imponi-

1826 3428 1979 3482 mus,
2025 3428 2123 3469 vos
2153 3412 2412 3469 discendo
2441 3411 2733 3482 suscipite,
2779 3412 2867 3467 vel
2910 3421 3060 3468 certe
3088 3412 3163 3467 ita
3189 3413 3433 3469 sentien-

1827 3504 1973 3561 dum.
2017 3504 2256 3560 Verbum
2289 3502 2435 3573 quod
2472 3501 2627 3558 nobis
2666 3504 2721 3558 in
2750 3503 2838 3560 die
2864 3504 3255 3575 redemptionis
3298 3505 3432 3560 insi-

1828 3606 1941 3653 tum
1971 3608 2073 3663 est,
2103 3612 2212 3668 quo
2236 3596 2542 3652 voluntarie
2579 3596 2766 3667 genuit
2793 3610 2893 3651 nos
2922 3595 3067 3651 Deus
3087 3636 3103 3661 ,
3143 3595 3257 3666 jam
3284 3611 3429 3651 nunc

1826 3690 2121 3761 perfectius
2145 3689 2425 3759 suscipite,
2472 3688 2640 3743 etiam
2669 3686 2925 3760 operibus
2961 3686 3253 3757 implendo,
3284 3685 3431 3757 quod

1822 3769 1934 3851 jam
1965 3781 2020 3836 in
2050 3780 2312 3854 mysterio
2341 3780 2560 3836 tenetis.

1899 3880 2056 3948 Quod
2098 3892 2265 3953 potest
2295 3881 2501 3937 salvare
2547 3883 2754 3937 aninias
2792 3890 3009 3937 vestras.
3058 3881 3128 3937 Et
3150 3879 3266 3950 jam
3293 3883 3340 3939 si
3370 3883 3430 3940 in

1827 3985 2055 4040 corpore
2099 3972 2430 4028 tentationes
2472 3972 2775 4043 patiamini,
2805 3970 2893 4028 vel
2930 3987 2963 4026 a
3002 3971 3226 4043 perﬁdis
3252 3981 3431 4030 morte

1827 4074 2302 4117 consummamtm.

2399 4210 2522 4249 ΑιιΑ
2547 4209 2850 4250 ειιιοειτιο.

1901 4329 2067 4386 Omne
2099 4329 2285 4384 datum
2326 4329 2579 4401 optimum
2623 4338 2673 4383 et
2712 4346 2862 4384 omne
2895 4328 3093 4384 donum
3128 4328 3426 4402 perfectum

1830 4420 2104 4476 desursum
2133 4428 2229 4485 est,
2260 4428 2315 4474 et
2339 4418 2666 4495 generaliter
2692 4417 2760 4474 de
2788 4420 3062 4485 omnibus,
3093 4429 3148 4477 et
3173 4422 3425 4492 speciali-

1754 4491 1808 4552 D
1836 4520 1920 4566 ter
1949 4512 2017 4567 de
2043 4491 2367 4582 unaquaque
2395 4526 2427 4566 a
2452 4511 2564 4567 Deo
2594 4512 2720 4567 data
2742 4511 2944 4566 virtute
2967 4491 3429 4585 intelligiipotest.
3484 4579 3497 4597 .

1833 4607 2018 4662 Potest
2046 4615 2229 4661 autem
2258 4615 2311 4660 et
2341 4605 2859 4676 specialitendatum
2880 4605 3147 4676 optimum
3170 4607 3236 4663 dc
3259 4609 3429 4664 conti-

1832 4680 2014 4757 nentia
2045 4699 2412 4766 matrimonii,
2460 4708 2516 4755 et
2539 4700 2736 4755 donum
2768 4700 3070 4770 perfectum
3110 4702 3176 4757 de
3204 4686 3428 4774 virgini-

1833 4800 1944 4847 tate
1971 4790 2219 4863 intelligi.
2253 4790 2390 4845 Nam
2420 4799 2475 4846 et
2501 4791 2557 4844 in
2588 4791 2846 4861 baptismi
2875 4792 3053 4863 gratia
3081 4792 3268 4848 datum
3290 4795 3425 4864 opti-

1832 4899 1980 4939 mum
2002 4924 2016 4946 ,
2057 4892 2111 4937 et
2152 4883 2204 4936 in
2232 4882 2450 4938 datione
2496 4881 2732 4953 Spiritus
2759 4884 2971 4951 sancti,
3017 4884 3218 4941 donum
3241 4884 3428 4961 perfe-

1826 4984 1974 5031 ctum
2010 4973 2147 5029 nihil
2173 4973 2355 5033 obstat
2392 4974 2641 5045 intelligi.
2709 4973 2716 4979 ’

1903 5073 2230 5130 Descendens
2253 5092 2284 5129 a
2304 5071 2467 5128 Patre
2491 5071 2767 5129 luminum.
2801 5073 2964 5130 Pater
2999 5074 3264 5130 luminum
3286 5075 3428 5132 dici-

1830 5175 1919 5222 tur
1945 5166 2107 5232 Deus,
2127 5167 2267 5236 .quia
2290 5166 2359 5221 ab
2386 5166 2501 5235 ipso
2531 5166 2645 5221 sive
2672 5166 3022 5222 invisibilium
3051 5167 3337 5233 luminum,
3367 5179 3430 5227 ut

1832 5268 1956 5316 sunt
1983 5258 2180 5331 angeli,
2217 5259 2284 5314 de
2313 5258 2509 5327 quibus
2542 5257 2595 5312 in
2626 5258 2894 5329 principio
2920 5260 3057 5314 dixit
3085 5260 3269 5316 Deus:
3298 5259 3427 5315 Fiat

1834 5350 1944 5416 lux,
1996 5349 2109 5405 sive
2135 5349 2438 5405 animarum
2472 5348 2683 5404 illarum
2721 5351 2918 5421 quibus
2962 5352 3039 5405 ait
3079 5351 3274 5408 Iesus:
3322 5350 3427 5407 Vos

1834 5440 1957 5495 estis
1988 5438 2080 5494 lux
2105 5438 2309 5492 mundi.
2358 5437 2464 5493 Seu
2494 5438 2783 5494 visibilium
2812 5440 2940 5496 solis
2966 5448 3021 5495 et
3048 5439 3189 5495 lunae
3215 5448 3272 5495 et
3293 5439 3428 5495 stel-

1838 5532 2035 5596 larum,
2067 5529 2392 5604 generaliter
2420 5530 2601 5586 omnia
2629 5530 2770 5586 facta
2797 5543 2922 5588 sunt
2947 5532 3151 5586 lumina

1909 5624 2063 5696 Apud
2096 5640 2249 5695 quem
2286 5641 2388 5677 non
2427 5635 2501 5678 est
2545 5626 2937 5679 transmutatio.
2990 5623 3105 5679 Non
3135 5622 3281 5679 enim
3306 5639 3428 5679 mu-

1842 5717 2044 5775 tabitur
2072 5717 2162 5788 qui
2195 5716 2331 5771 dixit
2362 5735 2372 5769 :
2409 5715 2522 5786 Ego
2548 5733 2665 5770 sum
2691 5716 2780 5787 qui
2802 5732 2919 5770 sunt
2951 5714 3151 5788 (Exod.
3181 5714 3286 5787 ιιι).
3320 5714 3428 5773 Mo-
