3978 6418
531 240 639 303 295

1822 227 2178 287 SMARAGDI
2218 223 2511 281 ABBATIS

3435 126 3456 166 ἢ

3732 226 3841 283 296

540 363 630 410 tus
657 360 714 411 et
736 359 971 422 tempus,
1004 347 1396 404 incrementum
1423 351 1479 398 et
1505 341 1775 406 defectus,
1797 339 2019 398 omnino
2058 336 2140 393 di-
2166 339 2220 398 Α
2242 343 2350 402 est,
2399 335 2516 390 sine
2551 333 2633 389 ira
2674 343 2730 389 et
2761 332 3172 404 disceptatione.
3227 331 3491 404 Suscipite
3531 350 3634 406 per
3679 328 3840 394 fidem

540 447 668 508 vina
694 459 803 499 non
831 439 1028 511 accipit
1052 445 1273 493 natura.
1808 475 1810 478 ,

617 536 729 590 Nec
759 529 1131 589 vicissitudinis
1155 526 1511 581 obumbratio.
1536 523 1655 580 Non
1679 524 1826 580 enim
1852 522 1968 579 dies
2001 523 2145 579 sicut

544 627 683 691 dies,
715 632 839 696 post
866 622 1044 678 lucem
1074 619 1432 676 obumbratur
1457 633 1488 672 a
1516 617 1778 682 tenebris,
1811 615 1903 686 qui
1930 630 2145 688 semper

546 717 639 774 lux
670 717 829 782 lucis,
859 722 1076 770 creator
1103 712 1280 768 omnis
1307 719 1366 766 et
1394 711 1548 782 origo
1575 717 1658 764 est
1687 709 1928 764 luminis.

630 807 936 864 Voluntarie
963 805 1141 877 genuit
1169 821 1284 858 nos.
1308 802 1412 858 Per
1437 802 1668 874 gratiam
1695 801 1899 871 utique,
1917 816 2023 857 non
2054 816 2146 855 na-

551 913 752 968 turam,
796 899 970 956 solum
1000 898 1148 952 enim
1181 895 1408 951 verbum
1437 901 1559 960 est,
1605 893 1749 964 quod
1777 892 2148 949 substantiali-

551 1007 638 1052 ter
663 1003 718 1050 et
742 992 962 1065 proprie
1005 990 1201 1046 dicitur
1221 985 1390 1042 Filius
1409 985 1528 1041 Dei.
1575 983 1772 1041 Czeteri
1817 992 2003 1039 autem
2043 998 2144 1054 po-

555 1094 756 1142 testate
793 1085 861 1139 ab
887 1081 978 1138 illo
1004 1087 1226 1150 accepta
1252 1085 1518 1132 vocantur
1545 1074 1662 1142 lilii,
1691 1083 1944 1146 quotquot
1969 1083 2148 1127 autem

553 1185 857 1248 receperunt
894 1190 1035 1238 eum,
1073 1172 1152 1226 ait
1177 1168 1495 1240 Apostolus,
1544 1167 1688 1222 dedit
1732 1167 1808 1222 eis
1841 1174 2146 1239 potestatem

554 1270 697 1339 ﬁlios
720 1265 820 1320 Dei
843 1264 962 1334 ﬁeri
997 1261 1180 1334 (Joan.
1214 1261 1280 1332 ι).

636 1356 803 1412 Verbo
829 1355 1083 1410 veritatis.
1111 1351 1328 1406 Veritas
1355 1350 1500 1406 Deus
1531 1348 1718 1416 Pater,
1739 1347 1976 1405 Verbum
1990 1343 2162 1405 Filius

557 1448 678 1518 ejus
696 1458 814 1504 est:
843 1447 889 1502 si
921 1445 1122 1501 veritas
1146 1442 1414 1509 Christus,
1446 1442 1672 1498 verbum
1698 1441 1948 1498 veritatis
1972 1441 2150 1497 Evan-

561 1539 764 1610 gelium
806 1536 924 1607 ejus
961 1541 1091 1588 est:
1135 1531 1241 1587 Per
1283 1531 1660 1603 Evangelium,
1702 1531 1879 1601 inquit
1923 1529 2142 1598 Paulus,

559 1647 654 1702 ego
683 1645 772 1682 vos
795 1625 970 1698 genui.

2243 437 2448 484 rectam
2479 427 2533 482 in
2572 437 2754 482 mente
2796 443 2934 498 pura
2971 427 3188 480 insitum
3217 427 3451 493 verbum,
3503 445 3533 484 a
3564 431 3678 486 Deo
3714 435 3842 490 mis-

2243 536 2396 584 sum,
2445 529 2502 575 et
2547 520 2604 576 in
2648 520 2925 575 mentibus
2971 520 3174 576 nostris
3227 529 3542 590 susceptum
3566 563 3581 585 ,
3642 531 3704 576 ut
3750 525 3841 581 ubi

2243 612 2538 668 abundavit
2565 621 2870 683 peccatum,
2905 612 3309 682 superabundet
3347 613 3542 683 gratia.
3588 613 3838 681 Verbum,

2243 704 2438 774 inquit,
2471 705 2576 759 hoc
2599 712 2703 770 est,
2735 705 2960 759 verbum
3001 703 3365 769 credulitatis,
3394 701 3622 759 verbum
3657 705 3839 760 Evan-

2243 797 2388 867 gelii.
2434 796 2735 860 Postremo,
2784 796 3011 850 verbum
3049 793 3179 849 illud
3209 794 3276 848 de
3310 809 3420 864 quo
3453 792 3698 850 Joannes
3727 797 3839 850 ait:

2244 889 2313 945 In
2334 890 2591 961 principio
2619 899 2731 944 erat
2769 886 3014 952 Verbum,
3047 897 3095 941 et
3129 885 3356 940 Verbum
3376 897 3488 941 erat
3507 890 3650 956 apud
3674 887 3843 942 Deum

2244 994 2293 1040 et
2320 983 2466 1038 Deus
2493 993 2605 1038 erat
2653 981 2881 1036 Verbum
2918 978 3102 1051 (Joan.
3133 978 3196 1049 I),
3235 979 3400 1048 quiet
3437 979 3683 1035 salvator
3709 980 3846 1035 dici-

2248 1084 2352 1139 tur,
2382 1075 2509 1145 quia
2538 1081 2721 1144 potest
2746 1072 2960 1128 salvare
2982 1072 3197 1126 animas
3223 1080 3464 1128 nostras.

2595 1177 2930 1218 EVANGELIUI
2956 1177 3190 1226 JOANNIS,
3222 1178 3340 1218 CAP.
3370 1178 3482 1218 XVI.

2323 1273 2345 1306 ε
2383 1254 2539 1310 Vado
2567 1254 2636 1309 ad
2659 1270 2786 1310 eum
2819 1253 2913 1324 qui
2956 1267 3045 1307 me
3084 1253 3253 1319 misit,
3294 1261 3352 1308 et
3395 1269 3557 1310 nemo
3593 1269 3662 1310 es
3693 1254 3852 1311 vobis

2255 1364 2274 1399 ι
2312 1345 2614 1418 interrogat
2641 1359 2729 1401 me
2760 1364 2772 1400 :
2800 1345 2919 1413 Quo
2956 1344 3131 1400 vadis.
3183 1343 3292 1401 Sed
3322 1345 3454 1414 quia
3479 1344 3600 1402 hzec
3633 1346 3854 1402 locutus

2254 1455 2274 1491 ι
2309 1453 2431 1494 sum
2460 1437 2633 1502 vobis,
2662 1436 2888 1492 tristitia
2924 1437 3168 1507 implevit
3187 1453 3284 1493 cor
3309 1447 3573 1494 vestrum.
3610 1437 3719 1495 Sed
3748 1454 3852 1509 ego

2255 1549 2277 1584 ιι
2308 1530 2595 1586 veritatem
2621 1529 2744 1585 dico
2774 1529 2950 1595 vobis,
2972 1529 3194 1600 expedit
3215 1531 3373 1605 vobis
3401 1539 3464 1585 ut
3489 1544 3592 1602 ego
3627 1531 3850 1587 vadari}.

2258 1639 2276 1672 ι
2311 1620 2372 1676 Si
2393 1621 2538 1676 enim
2571 1635 2678 1675 non
2709 1620 2919 1686 abiero,
2944 1621 3260 1677 Paracletus
3286 1637 3394 1676 non
3416 1624 3604 1680 veniet
3627 1627 3698 1679 ad
3729 1639 3849 1680 vos.

637 1719 707 1775 Ut
755 1695 919 1774 simus
961 1717 1172 1772 initium
1213 1713 1415 1787 aliquot
1453 1724 1712 1768 creatura:
1744 1714 1881 1784 ejus.
1932 1713 2154 1770 Initium
2179 1695 2229 1754 Β
2263 1731 2282 1764 ‹
2318 1710 2379 1768 Si
2401 1721 2582 1766 autem
2624 1711 2830 1776 abiero,
2860 1713 3074 1766 mittam
3102 1727 3228 1767 eum
3254 1712 3322 1768 ad
3352 1728 3469 1779 vos,
3501 1723 3558 1769 et
3595 1729 3721 1771 eum
3749 1731 3853 1772 ve-

558 1820 863 1876 creaturaa,
922 1806 1270 1864 rationabiles
1323 1805 1500 1876 angeli
1554 1805 1609 1860 in
1659 1803 1799 1859 cmlo
1825 1844 1841 1870 ,
1898 1803 1954 1859 in
2008 1811 2156 1860 terra

559 1901 754 1968 Adam,
786 1902 840 1956 in
867 1899 1109 1955 Ecclesia
1134 1896 1346 1952 Veteris
1369 1893 1703 1950 Testamenti
1726 1893 2069 1964 patriarchae,
2089 1879 2156 1948 ﬁt

564 1992 808 2048 Ecclesia
853 1988 1115 2060 sanguine
1160 1986 1365 2042 Christi
1414 1985 1696 2054 redempta
1735 1984 1966 2053 apostoli
2005 1992 2155 2050 sunt,

564 2100 692 2140 nam
725 2082 819 2137 uni
847 2096 1038 2136 eorum
1065 2079 1295 2135 dicitur:
1341 2075 1420 2130 Tu
1445 2093 1499 2130 es
1524 2072 1736 2141 Petrus,
1763 2085 1813 2130 et
1836 2091 1994 2146 super
2021 2075 2159 2130 hanc

577 2181 785 2242 petram
839 2169 1113 2240 aediﬁcabo
1165 2165 1461 2222 Ecclesium
1516 2181 1688 2220 meam
1745 2164 1961 2236 (Matth.
2020 2163 2154 2238 xvr),

566 2279 729 2334 quam
757 2261 1057 2318 Ecclesiam
1093 2258 1296 2316 Paulus
1323 2257 1600 2330 apostolus
1627 2272 1824 2314 novam
1847 2264 2157 2314 creaturam

565 2351 821 2424 appellat.
952 2339 954 2343 ’

638 2441 718 2497 Sit
740 2451 917 2497 autem
945 2442 1113 2496 omnis
1139 2441 1294 2494 homo
1328 2439 1480 2495 velox
1501 2440 1571 2494 ad
1599 2440 1942 2508 audiendum,
1974 2441 2159 2498 tardus

567 2542 744 2586 autem
783 2531 853 2584 ad
903 2529 1241 2602 loquendum.
1298 2529 1519 2587 Sciebat
1545 2531 1689 2586 enim
1721 2531 1998 2601 apostolus
2042 2548 2159 2600 eos,

572 2621 642 2676 ad
671 2637 808 2692 quos
835 2622 1096 2693 epistolas
1129 2623 1401 2688 mittebat,
1427 2623 1720 2694 primatum
1746 2624 1896 2679 verbi
1927 2624 2163 2681 voluisse

571 2722 760 2769 tenere
796 2723 852 2770 et
878 2715 1076 2771 docere
1101 2715 1221 2786 plus
1268 2731 1432 2787 quam
1477 2716 1696 2783 doceri,
1745 2717 1868 2773 ideo
1908 2718 2165 2774 admonet

571 2819 668 2860 eos
699 2804 1061 2861 humilitatem
1104 2821 1345 2862 servare.
1409 2806 1681 2862 Velocitas
1712 2807 1861 2862 enim
1909 2809 2164 2864 audiendi

569 2898 702 2954 facit
745 2899 1022 2955 hominem
1072 2898 1394 2966 docibilem;
1447 2899 1695 2973 tarditas_
1728 2915 1862 2956 vero
1907 2899 2163 2972 loquendi

567 2985 935 3070 mansuetum.

641 3081 849 3138 Tardus
879 3083 950 3137 ad
975 3083 1131 3140 iram.
1158 3081 1313 3152 Quod
1344 3084 1666 3141 naturaliter
1694 3084 1914 3151 accidit,
1942 3086 2162 3155 penitus

563 3173 739 3228 vitare
767 3189 873 3228 non
903 3175 1100 3244 putuit,
1134 3175 1445 3230 tarditatem
1477 3175 1780 3240 interdixit,
1813 3175 1938 3246 quia
1970 3176 2053 3232 ira
2079 3175 2161 3231 di-

566 3263 678 3318 lata
725 3263 1014 3320 decrescit.
1063 3265 1255 3320 Aliter.
1307 3265 1519 3321 Tardus
1549 3269 1618 3321 ad
1653 3267 1789 3320 iram
1817 3307 1832 3332 ,
1865 3265 1920 3320 id
1941 3274 2044 3330 est,
2077 3281 2167 3323 se-

569 3355 805 3410 cundum
828 3355 964 3426 legis
987 3355 1200 3410 Veteris
1221 3355 1558 3412 Testamenti
1588 3357 1655 3411 ad
1681 3356 1977 3412 vindictam
2007 3370 2024 3407 :
2055 3355 2166 3411 Lea:

568 3443 731 3507 enim,
771 3441 950 3512 inquit
984 3443 1294 3513 Apostolus,
1328 3445 1463 3498 iram
1500 3455 1749 3515 operatur
1783 3443 1962 3516 (Rom.
1981 3445 2080 3517 IV),
2112 3446 2166 3502 id

569 3540 677 3599 est,
705 3532 921 3588 oculum
949 3550 1048 3606 pro
1074 3535 1258 3600 oculo,
1286 3535 1504 3592 dentem
1534 3553 1632 3607 pro
1659 3537 1839 3594 dente.

646 3623 740 3678 Ira
771 3627 909 3679 enim
933 3627 1031 3680 viri
1049 3626 1318 3696 justitiam
1343 3626 1440 3682 Dei
1462 3644 1566 3682 non
1597 3639 1872 3700 aperatur.
1902 3630 2044 3686 Iram
2063 3632 2167 3688 viri

542 3712 543 3715 “
574 3715 709 3772 dicit
746 3717 884 3770 iram
922 3717 1190 3785 hominis,
1224 3735 1345 3790 quas
1370 3721 1668 3777 secundum
1698 3720 2034 3780 Testamenti
2064 3725 2170 3781 Ve-

576 3808 713 3863 teris
734 3824 890 3863 usum
918 3824 1132 3879 semper
1157 3812 1304 3882 cupit
1331 3827 1588 3868 exercere
1617 3814 1936 3882 vindictam,
1967 3826 2023 3872 et
2046 3817 2169 3875 ideo

577 3897 718 3954 Novi
749 3898 1106 3968 Testamenti,
1159 3903 1250 3957 ubi
1293 3903 1555 3973 scriptum
1597 3913 1718 3960 est:
1772 3905 1902 3961 Noli
1932 3909 2169 3964 resistere

578 3990 740 4055 malo,
778 4008 881 4044 non
910 4002 1156 4062 operatur
1171 3993 1442 4063 justitiam
1472 3994 1688 4065 (Matth.
1732 3996 1806 4070 v).
1836 3997 2043 4055 Aliter:
2081 3999 2168 4055 lra

573 4081 681 4136 viri
703 4081 971 4151 justitiam
1004 4101 1111 4140 non
1134 4093 1410 4156 operatur,
1435 4088 1861 4159 subiutelligitur
1891 4109 1904 4140 τ
1936 4091 2020 4147 lra
2047 4093 2162 4157 Dei,

575 4187 698 4258 qua:
736 4175 974 4230 humano
1009 4175 1210 4232 dicitur
1233 4176 1462 4243 affectu,
1499 4175 1772 4247 justitiam
1795 4190 2074 4252 operatur,
2106 4192 2168 4239 ut

575 4254 634 4318 in
657 4262 930 4331 Sodomis,
956 4267 1007 4320 in
1028 4266 1330 4334 Pharaone,
1360 4268 1417 4323 in
1430 4267 1688 4342 Egypto,
1720 4272 1773 4326 in
1792 4273 1928 4328 mari
1957 4272 2164 4341 Rubro,

577 4363 636 4410 et
672 4355 727 4409 in
765 4356 882 4426 ipso
908 4355 1072 4412 Israel
1111 4359 1310 4430 populo
1357 4360 1411 4414 in
1456 4361 1694 4424 deserto,
1731 4361 1876 4418 unde
1924 4363 2168 4420 Psalmo-

575 4449 817 4518 graphus
857 4449 1041 4504 canit:
1075 4449 1258 4505 Iratus
1284 4460 1361 4506 est
1400 4451 1582 4522 furore
1626 4453 1884 4507 Dominus
1911 4454 1968 4508 in
1994 4471 2164 4525 pupu-

576 4539 687 4592 tum
709 4555 863 4592 suum
898 4537 1071 4611 (Psal.
1104 4544 1214 4614 ev).
1243 4541 1311 4595 Et
1341 4541 1526 4596 multis
1553 4541 1610 4595 in
1638 4541 1774 4598 locis
1801 4542 2050 4615 legimus,
2078 4547 2172 4603 ubi

579 4631 662 4687 ira
689 4631 941 4697 Domini,
988 4647 1108 4701 quae
1133 4646 1348 4702 semper
1382 4631 1690 4701 justissima
1721 4631 1782 4688 fit
1805 4637 2059 4692 examine
2085 4655 2172 4694 re-

582 4722 882 4777 ctissimam
913 4731 1172 4792 operatur
1192 4722 1482 4794 justitiam.
1907 4719 1910 4723 ’

654 4812 880 4884 Propter
905 4814 1044 4885 quod
1066 4813 1367 4884 abjicientes
1397 4832 1602 4870 omnem
1628 4815 2042 4874 immunditiam.
2069 4819 2177 4878 Alii

587 4906 694 4960 hoc
719 4905 774 4959 in
801 4905 920 4960 loco
943 4905 1338 4960 immunditiam
1367 4907 1678 4975 specialiter
1701 4907 2065 4969 idololatriam
2088 4913 2172 4969 iu-

589 4995 834 5066 telligere
861 4994 1166 5050 voluerunt.
1202 4996 1306 5051 Alii
1337 4996 1713 5056 fornicationis
1750 5001 2169 5075 immunditiam,

588 5101 712 5155 quae
737 5085 798 5138 fit
820 5101 945 5140 cum
974 5087 1308 5155 mulieribus,
1339 5105 1463 5145 cum
1498 5093 1754 5150 masculis
1771 5103 1826 5150 et
1845 5099 2172 5174 pecudibus,

586 5183 646 5230 et
673 5175 759 5230 his
785 5176 1003 5231 similia.
1046 5177 1345 5245 Postremo,
1373 5190 1432 5235 ut
1460 5184 1792 5253 generaliter
1817 5186 2059 5244 de'omni
2091 5191 2175 5244 in-

590 5265 859 5335 telligeres
887 5268 1091 5324 malitia
1113 5311 1127 5334 ,
1180 5271 1386 5328 addidit
1415 5281 1470 5330 et
1503 5267 1886 5334 abundantiam
1925 5281 2169 5337 malitia.

591 5358 745 5414 Sicut
771 5361 914 5415 enim
947 5364 1099 5418 radix
1128 5365 1310 5420 virens
1347 5366 1402 5420 in
1429 5375 1573 5422 terra
1603 5370 1834 5440 virgulta
1880 5373 2174 5444 germinat,

588 5451 669 5504 sic
697 5451 901 5506 malitia
924 5453 1098 5510 latens
1121 5455 1174 5509 in
1202 5456 1362 5512 corde
1389 5458 1520 5514 vitia
1547 5469 1788 5531 generat.

663 5542 732 5598 In
772 5549 1176 5602 mansuetudine
1213 5552 1457 5623 suscipite
1490 5553 1707 5606 insitum
1747 5553 1960 5608 verbum
1989 5595 2003 5621 ,
2034 5557 2175 5626 quod

593 5645 760 5705 potest
793 5639 998 5697 salvere
1025 5643 1228 5698 animas
1255 5653 1471 5701 vestras.
1519 5644 1589 5700 In
1623 5647 2044 5717 mansuetudine,
2073 5649 2176 5706 hoc

2263 1827 2281 1860 ‹
2322 1807 2486 1873 nerit,
2510 1806 2606 1862 ille
2631 1814 2820 1878 arguet
2845 1807 3106 1861 mundum
3137 1806 3205 1860 de
3229 1816 3474 1876 peccato,
3509 1815 3566 1862 et
3595 1808 3665 1864 de
3690 1806 3855 1877 justi-

2265 1918 2288 1950 ι
2321 1899 2397 1953 tia
2426 1908 2482 1953 et
2527 1897 2596 1953 de
2629 1895 2858 1966 judicio.
2888 1897 2970 1954 De
3010 1906 3237 1967 peccato
3263 1897 3487 1968 quidem
3510 1940 3528 1965 ,
3576 1901 3706 1971 quia
3741 1917 3851 1958 non

2263 2007 2286 2039 ι
2321 1989 2668 2044 crediderunt
2693 1989 2748 2044 in
2779 2004 2886 2043 me.
2937 1989 3015 2044 De
3047 1986 3258 2057 iustitia
3297 2005 3462 2056 vero,
3508 1991 3637 2060 quia
3663 1992 3732 2046 ad
3750 1993 3852 2048 Pa—

2265 2099 2285 2131 ‹
2321 2090 2461 2136 trem
2493 2081 2664 2146 vado,
2716 2089 2772 2135 et
2795 2079 2910 2149 jam
2936 2096 3045 2135 nou
3075 2081 3330 2137 videbitis
3365 2097 3472 2136 me.
3533 2081 3614 2136 De
3644 2080 3853 2150 judicio

2266 2189 2285 2222 ι
2323 2180 2529 2236 autem,
2563 2172 2690 2240 quia
2732 2171 2986 2242 princeps
3017 2170 3202 2224 mundi
3248 2169 3410 2239 hujus
3440 2168 3720 2240 judicatus
3745 2180 3850 2225 est.

2266 2279 2284 2312 ι
2321 2259 2512 2314 Adhuc
2542 2259 2710 2314 multa
2743 2260 2916 2314 habeo
2940 2258 3096 2314 vobis
3129 2258 3330 2324 dicere,
3365 2259 3461 2313 sed
3489 2273 3598 2313 non
3624 2260 3855 2327 potestis

2269 2369 2286 2401 σ
2329 2360 2548 2422 portare
2577 2351 2756 2405 modo.
2796 2348 2932 2405 Cum
2956 2358 3142 2403 autem
3162 2349 3373 2404 venerit
3392 2348 3486 2404 ille
3512 2349 3735 2420 spiritus
3758 2364 3857 2405 ve-

2268 2463 2288 2497 r
2324 2445 2532 2510 ritatis,
2561 2443 2776 2499 docebit
2801 2459 2900 2499 vos
2937 2457 3153 2498 onmem
3191 2443 3502 2497 veritatem.
3551 2440 3667 2498 Non
3705 2444 3856 2497 enim

2269 2555 2287 2588 ε
2323 2537 2576 2608 loquetur
2604 2551 2635 2590 a
2680 2535 2973 2605 semetipso
2997 2574 3012 2599 ,
3044 2534 3139 2589 sed
3178 2549 3519 2604 quascunque
3559 2533 3745 2590 audiet
3777 2534 3858 2590 lo-

2270 2646 2290 2679 s
2330 2636 2530 2698 quetur
2551 2667 2566 2692 ,
2613 2634 2670 2680 et
2697 2641 2820 2696 qua:
2854 2633 3084 2680 ventura
3127 2631 3257 2678 sunt
3302 2624 3646 2679 annuutiabit
3679 2626 3855 2681 vobis.

2268 2737 2288 2770 ι
2324 2717 2420 2772 Ille
2442 2732 2527 2772 me
2551 2715 2899 2782 clariﬁcabit,
2925 2715 3053 2785 quia
3084 2715 3150 2770 de
3174 2730 3260 2771 me
3279 2715 3543 2785 accipiet,
3568 2724 3624 2770 et
3648 2731 3858 2772 annun-

2269 2827 2288 2860 ι
2323 2809 2481 2864 tiabit
2505 2807 2678 2863 vobis.
2716 2825 2736 2861 ι

2344 2897 2494 2954 Vada
2522 2899 2593 2954 ad
2622 2915 2742 2954 eum
2775 2899 2866 2969 qui
2897 2897 3036 2952 misit
3071 2913 3193 2963 me,
3229 2906 3279 2952 et
3323 2913 3473 2952 nemo
3501 2913 3567 2953 ex
3605 2898 3750 2953 vobis
3775 2899 3861 2952 in-

2264 3001 2495 3063 terrogat
2516 3007 2631 3046 me:
2647 2989 2764 3056 Quo
2787 2991 2955 3045 vadis.
2987 2989 3089 3063 (Ex
3118 2989 3672 3062 August.):Signilicat
3698 2992 3781 3047 sic
3801 3007 3865 3046 se

2266 3083 2473 3138 iturum
2497 3082 2566 3138 ad
2594 3097 2717 3137 eum
2748 3081 2841 3152 qui
2872 3081 3021 3136 misit
3050 3080 3223 3146 illum,
3250 3088 3310 3135 ut
3337 3081 3520 3134 nullus
3542 3081 3863 3152 interroget,

2262 3176 2408 3247 quod
2455 3175 2636 3247 palam
2685 3175 2802 3230 ﬁeri
2856 3174 2972 3230 visu
3026 3175 3275 3244 corporis
3321 3183 3630 3231 cernerent.
3681 3175 3867 3231 Nubes

2263 3268 2409 3323 enim
2437 3267 2675 3338 suscepit
2706 3282 2856 3333 eum,
2889 3265 3106 3336 quando
3136 3267 3382 3321 ascendit
3412 3267 3480 3322 ab
3505 3267 3605 3332 eis,
3644 3275 3701 3322 et
3730 3283 3870 3323 eun-

2266 3369 2374 3416 tem
2405 3361 2461 3416 in
2488 3360 2686 3416 cmlum
2715 3376 2824 3417 non
2849 3359 3030 3416 verbis
3058 3360 3412 3430 quaesierunt,
3440 3360 3536 3416 sed
3557 3361 3733 3416 oculis
3764 3361 3864 3418 de-

2256 3455 2538 3512 duxerunt
2566 3453 2706 3528 (Act.
2740 3453 2802 3526 ι).

2339 3543 2443 3600 Sed
2469 3545 2595 3617 quia
2627 3545 2740 3599 Ιιωι
2769 3543 2976 3600 locutus
3009 3561 3128 3600 sum
3162 3544 3337 3611 vobis,
3385 3544 3605 3600 tristitia
3632 3544 3865 3616 implevit

2267 3651 2359 3689 cor
2387 3644 2631 3690 vestrum.
2678 3633 2911 3690 Videbat
2939 3635 3126 3705 utique
3165 3635 3296 3706 quid
3323 3635 3414 3690 illa
3459 3651 3556 3690 sua
3599 3637 3766 3692 verba
3808 3637 3867 3692 in

2267 3743 2456 3785 eorum
2488 3727 2743 3784 cordibus
2766 3737 3009 3798 agerent.
3055 3726 3369 3800 Spiritalem
3393 3729 3596 3800 quippe
3621 3729 3867 3784 nondum

2269 3820 2533 3875 habentes
2574 3820 2806 3875 interius
2853 3819 3316 3886 consolationem,
3371 3836 3530 3891 quam
3559 3835 3658 3890 per
3694 3819 3870 3890 Spiri-

2268 3920 2384 3966 tum
2413 3920 2662 3968 sanctum
2695 3911 2910 3968 fuerant
2954 3911 3227 3978 habituri,
3270 3913 3325 3968 id
3352 3913 3497 3983 quod
3535 3912 3785 3969 exterius
3814 3912 3874 3971 in

2269 4002 2489 4060 Christo
2520 4004 2777 4060 videbant
2800 4005 3060 4060 amittere
3088 4006 3424 4062 metuebant.

2342 4091 2446 4148 Sed
2479 4111 2571 4165 ego
2597 4096 2866 4149 veritatem
2900 4096 3020 4152 dico
3061 4096 3238 4162 vobis,
3277 4097 3482 4168 expedit
3507 4097 3651 4152 vobis
3686 4105 3747 4154 ut
3773 4117 3873 4173 ego

2270 4185 2480 4242 vadum.
2519 4186 2752 4257 Expedit
2785 4196 2844 4243 ut
2885 4189 3062 4243 forma
3103 4189 3245 4244 servi
3270 4190 3466 4244 vestris
3512 4191 3874 4248 subtrahatur

2271 4277 2582 4347 aspectibus
2599 4316 2614 4342 ,
2663 4287 2931 4348 quatenus
2957 4293 3112 4333 amor
3135 4278 3435 4334 divinitatis
3464 4280 3643 4350 aptius
3668 4283 3874 4338 vestris

2274 4368 2528 4440 inligatur
2551 4370 2843 4425 mentibus.
2872 4369 3136 4442 Expedit,
3162 4379 3222 4426 ut
3246 4379 3430 4428 notam
3457 4371 3614 4428 vobis
3636 4371 3869 4429 formam

2245 4460 2720 4528 ‘cceloinferam,
2761 4469 3034 4532 quatenus
3071 4477 3170 4534 per
3215 4464 3320 4519 hoc
3361 4461 3555 4532 majori
3597 4463 3870 4521 desiderio

2273 4551 2400 4607 illuc
2425 4552 2727 4622 suspiretis.

2349 4644 2410 4700 Si
2438 4645 2576 4699 enim
2603 4661 2707 4700 non
2736 4645 2912 4700 abiero
2931 4687 2947 4712 ,
2979 4640 3286 4700 Paracletus
3314 4661 3420 4700 non
3453 4646 3617 4700 veniet
3653 4646 3724 4699 ad
3754 4663 3864 4701 vos.

2277 4739 2336 4795 Si
2365 4749 2540 4794 autem
2569 4739 2769 4816 abiero,
2796 4740 3002 4794 mittam
3043 4756 3162 4794 eum
3189 4740 3260 4793 ad
3287 4755 3398 4793 vos.
3441 4737 3559 4793 Non
3589 4739 3718 4807 quia
3761 4755 3867 4795 non

2276 4841 2492 4904 poterat
2516 4835 2633 4903 ipse
2677 4832 2733 4887 in
2763 4841 2909 4888 terra
2945 4832 3158 4903 positus
3182 4831 3312 4886 dare
3350 4830 3605 4901 spiritum
3632 4831 3869 4900 discipu—

2278 4922 2366 4987 lis,
2394 4923 2510 4979 haec
2541 4922 2802 4992 loquitur,
2837 4936 2963 4976 cum
2989 4929 3177 4991 aperte
3201 4919 3436 4990 legitur:
3477 4917 3618 4985 Quia
3647 4928 3765 4990 post
3790 4935 3872 4973 re-

2280 5015 2658 5068 surrectionem
2716 5028 2974 5084 apparens
3023 5012 3129 5077 eis,
3174 5010 3454 5081 insufflauit
3485 5019 3541 5064 et.
3576 5009 3716 5066 dixit
3747 5012 3822 5065 eis
3846 5023 3864 5060 :

2280 5104 2510 5178 Accipite
2531 5104 2789 5176 Spiritum
2809 5115 3084 5170 sanctum;
3106 5105 3200 5160 sed
3225 5104 3350 5174 quia
3378 5104 3495 5173 ipso
3521 5104 3575 5158 in
3604 5112 3752 5160 terra
3774 5121 3866 5174 po-

2281 5197 2407 5262 sito,
2435 5206 2491 5251 et
2523 5196 2880 5267 corporaliter
2902 5204 3258 5252 conversante
3287 5210 3412 5250 cum
3438 5196 3542 5263 eis,
3590 5211 3702 5251 non
3730 5195 3869 5252 vale-

2281 5289 2410 5344 bant
2436 5289 2503 5344 ad
2542 5289 2693 5344 illum
2737 5288 2951 5360 erigere
2981 5296 3222 5344 mentem
3265 5287 3334 5342 ad
3369 5287 3602 5343 sitienda
3645 5302 3867 5344 munera

2278 5380 2467 5449 gratia:
2492 5379 2751 5435 caelestis.
2789 5377 3129 5434 Ascendente
3158 5377 3454 5433 autem-illo
3489 5377 3558 5432 ad
3594 5378 3788 5444 caelos,
3815 5385 3868 5434 et

2278 5468 2353 5524 illi
2402 5469 2610 5539 pariter
2654 5481 2815 5524 omne
2855 5468 3181 5524 desiderium
3229 5481 3386 5523 suum
3429 5467 3520 5523 illo
3566 5468 3867 5527 transfere-

2277 5559 2428 5614 bant.
2477 5559 2601 5615 ldeo
2646 5573 2876 5628 capaces
2906 5559 3143 5627 Spiritus
3181 5558 3354 5612 sancti
3391 5559 3504 5629 jam
3533 5557 3664 5616 facti
3690 5569 3867 5624 erant,

2277 5665 2387 5706 non
2416 5650 2558 5705 ultra
2603 5652 2670 5706 de
2696 5659 2872 5704 morte
2899 5648 3017 5720 ejus
3046 5647 3350 5704 contristati
3369 5688 3385 5716 ,
3427 5651 3521 5705 sed
3549 5651 3616 5706 de
3639 5652 3876 5723 promis-
