3978 6414
279 214 389 277 297

1102 224 1629 287 COLLECTIONES
1668 228 1735 287 ΙΝ
1772 228 2156 295 EPISTOLAS
2191 235 2279 296 ET
2320 241 2733 301 EVANGELIA.

3438 257 3545 315 398

275 332 452 388 sionis
470 346 589 402 ejus
617 345 837 389 munere
859 330 1046 391 lictati.
1074 335 1230 394 Patet
1254 349 1436 397 autem
1458 358 1560 398 nec
1595 344 1860 401 laboriosa
1886 355 1939 411 Α
1964 349 2058 404 bili
2083 351 2497 421 circumdatum,
2542 359 2647 413 sed
2684 360 2739 414 in
2769 359 3049 430 majestate
3076 363 3145 420 ad
3163 360 3427 434 judicium
3455 387 3546 428 ve-

278 422 620 493 expositione
660 424 899 496 indiget,
949 442 1048 482 cur
1068 429 1321 485 eumdem
1344 434 1592 504 spiritum
1621 437 1866 504 paraele-

278 521 419 579 tum,
449 514 501 568 id
529 523 634 579 est,
662 514 1080 581 consolatorem,
1109 522 1589 589 cognominaverit.
1620 523 1755 590 Quia
1784 526 1865 580 ni-

277 605 478 659 mirum
504 606 669 660 corda
699 605 1102 675 discipulorum,
1126 625 1247 677 qua:
1281 626 1527 667 recessus
1548 614 1713 684 ipsius
1736 630 1883 671 mte-.

276 705 360 750 sta
389 694 744 762 reddidisset,
796 699 954 769 hujus
990 701 1364 757 consolaretur
1396 713 1451 757 et
1480 714 1749 761 recrearet
1771 707 1864 761 ad-

276 794 492 841 ventus.
545 786 659 843 Non
698 789 840 858 quod
868 798 1024 845 antea
1045 790 1286 862 Spiritus
1315 802 1534 873 sanctus
1573 811 1681 851 non
1721 806 1868 852 esset

272 881 332 934 in
359 878 613 934 cordibus
651 879 1079 950 discipulorum,
1126 883 1210 937 vel
1237 884 1402 939 etiam
1517 887 1864 957 antiquorum

274 974 588 1023 sanctorum
615 1008 628 1033 ,
672 969 768 1025 sed
805 969 1093 1027 manifesta
1126 972 1457 1044 plenitudine
1497 985 1623 1033 ante
1650 977 1730 1034 sic
1753 994 1864 1033 non

275 1059 379 1114 fuit
425 1059 603 1127 datus,
644 1062 913 1130 quomodo
941 1072 1066 1133 post
1095 1065 1471 1123 ascensionem
1515 1068 1625 1141 die,
1654 1069 1861 1125 decima

277 1146 332 1201 in
363 1156 577 1202 rentum
621 1148 808 1220 viginti
839 1150 1058 1213 nomina
1099 1155 1448 1212 transmissus
1488 1155 1704 1227 legitur.
1757 1156 1864 1212 Sed

276 1236 332 1289 in
381 1236 526 1290 nullo
567 1252 729 1307 opere
751 1238 1040 1311 cujuslibet
1068 1255 1334 1312 personre,
1352 1243 1529 1302 Patris
1551 1286 1567 1312 ,
1604 1246 1687 1325 vel
1717 1246 1860 1312 Filii,

276 1329 360 1382 vel
393 1328 628 1398 Spiritus
657 1330 1027 1392 sancti,totius
1068 1344 1268 1390 sancta:
1294 1335 1575 1394 Trinitatis
1617 1340 1863 1411 operatio

273 1417 466 1472 defuit-
518 1417 624 1473 Sed
669 1420 955 1490 oportebat
1003 1422 1078 1478 ita
1123 1424 1384 1480 insinuari
1429 1426 1759 1493 trinitatem,
1803 1438 1861 1484 ut

271 1509 521 1578 quamvis
542 1508 680 1563 nulla
707 1520 849 1565 esset
864 1511 1153 1570 diversitas
1182 1516 1517 1584 substantiae,
1544 1518 1859 1590 singillatim

272 1608 455 1654 tamen
476 1603 948 1659 commendaretur
977 1605 1253 1663 distinctio
1281 1623 1654 1678 personarum.

1968 438 2223 505 nientem,
2251 451 2306 496 ct
2335 457 2556 512 peracto
2572 447 2780 516 judicio
2802 452 2857 507 in
2868 454 3064 523 majori
3092 456 3263 528 gloria
3283 474 3407 516 cum
3430 478 3549 518 san-
3588 507 3602 520 .

1965 530 2069 585 ctis
2092 543 2461 600 apparentem.
2504 537 2760 609 Sequitur
2785 562 2799 597 :
3582 574 3597 630 ε

2035 620 2116 676 De
2133 623 2343 693 judicio
2373 638 2571 694 autem,
2603 634 2730 701 quia
2755 635 2993 707 princeps
3016 640 3201 695 mundi
3225 642 3383 713 hujus
3397 645 3549 716 judi~
3582 620 3597 667 ἶ

1966 720 2115 767 catus
2144 722 2241 768 est:
2278 713 2585 786 Principem
2614 724 2799 778 mundi
2826 724 3096 783 diabolum
3118 731 3279 798 dicit,
3324 713 3414 803 qui
3437 735 3551 804 pri-

1967 807 2172 856 matum
2198 811 2345 859 tenet
2368 805 2423 860 in
2453 808 2711 865 cordibus
2735 811 3048 878 infidelium,
3088 834 3225 889 quos
3247 823 3339 878 hic
3361 825 3545 881 mundi

1964 894 2185 948 nomine
2209 895 2377 951 voluit
2400 897 2644 969 intelligi,
2676 904 2770 971 qui
2789 907 2978 964 ordine
3006 924 3261 980 perverso
3289 917 3547 973 mundum

1964 982 2145 1052 potius
2179 999 2342 1055 quam
2373 989 2557 1045 mundi
2585 1002 2892 1050 creatorem
2922 996 3184 1070 diligunt,
3228 1004 3321 1072 qui
3336 1003 3549 1073 judica-

1963 1082 2053 1129 tus
2075 1082 2161 1131 est
2186 1091 2216 1130 a
2242 1077 2493 1146 Domino,
2522 1084 2615 1151 qui
2641 1085 2757 1141 ait:
2800 1085 3047 1145 Videbam
3091 1091 3259 1149 Satau
3283 1096 3417 1150 sicut
3441 1097 3550 1168 ful-

1961 1179 2063 1233 gur
2102 1165 2374 1222 cadentem
2412 1170 2479 1226 de
2504 1172 2650 1229 caele.
2697 1172 2980 1247 iudicatus
3020 1190 3107 1237 est
3128 1183 3197 1237 ab
3223 1199 3312 1251 eo,
3343 1165 3466 1241 cum
3493 1197 3549 1243 et

1964 1253 2078 1322 ipse
2103 1254 2365 1313 daemonia
2394 1257 2441 1328 ej
2451 1261 2635 1325 ieeret,
2663 1274 2719 1321 et
2737 1265 3016 1338 discipulis
3049 1273 3203 1329 daret
3226 1286 3547 1346 potestatem

1961 1342 2209 1400 calcandi
2231 1362 2391 1418 supra
2404 1364 2622 1408 omnem
2645 1355 2895 1413 virtutem
2921 1359 3145 1418 inimici.
3161 1342 3424 1438 Arguitur
3450 1369 3549 1424 ita-

1961 1443 2068 1502 que
2090 1437 2322 1492 mundus
2356 1439 2424 1495 de
2441 1438 2667 1509 judicio,
2696 1447 2840 1515 quod
2874 1449 3122 1509 diabolus
3141 1463 3227 1511 est
3245 1437 3546 1526 judicatus,

1961 1525 2180 1593 quando
2222 1526 2473 1586 homines
2511 1547 2583 1588 ne
2624 1533 2719 1590 Dei
2760 1537 3021 1596 voluntati
3053 1544 3310 1603 resistere
3341 1525 3548 1617 ρι’-επιευέ

1963 1624 2141 1682 mant,
2191 1620 2441 1690 exemplo
2486 1622 2728 1680 damnati
2771 1639 2993 1699 propter
3040 1636 3351 1704 superbiam
3376 1647 3546 1694 terre-

342 1690 413 1745 Et
441 1709 558 1746 cum
585 1696 777 1749 venerit
798 1695 909 1762 ille,
933 1707 1117 1769 arguet
1146 1701 1418 1757 mundum.
1447 1702 1584 1770 Quid
1610 1713 1694 1760 est
1712 1708 1857 1777 quod
1884 1705 1932 1766 B
1960 1715 2150 1762 rentur
2170 1711 2502 1784 archangeli.
2552 1690 2789 1773 Credant
2821 1690 3004 1791 itaque
3025 1690 3365 1783 hominesin
3382 1690 3547 1785 δίινί-

269 1783 429 1850 dixit,
460 1800 581 1839 cum
600 1787 808 1841 venerit
834 1787 922 1844 ille
939 1797 1129 1860 arguet
1149 1792 1448 1847 mundum?
1476 1792 1726 1865 Nunquid
1748 1812 1855 1853 non

269 1872 542 1939 Christus,
576 1874 701 1930 dum
744 1888 889 1932 esset
915 1878 968 1932 in
999 1880 1229 1948 mundo,
1267 1896 1372 1937 non
1395 1884 1573 1954 arguit
1596 1888 1855 1943 mundum

267 1963 335 2017 de
366 1964 449 2019 his
473 1964 724 2021 omnibus
746 1982 865 2038 qua:
900 1971 1240 2039 sequuntur?
1270 1969 1376 2027 Sed
1402 1971 1653 2031 Christus
1682 1977 1853 2032 solam

264 2054 573 2110 Judaeorum
612 2066 828 2127 gentem
853 2060 1050 2131 arguit,
1093 2059 1329 2132 Spiritus
1367 2078 1498 2119 vero
1525 2077 1766 2132 sanctus,
1798 2069 1853 2123 in

263 2146 543 2217 discipulis
583 2145 701 2216 ejus
729 2157 841 2203 toto
866 2151 998 2205 orbe
1025 2151 1268 2218 dill'usis,
1314 2167 1420 2209 non
1451 2170 1612 2210 unam
1634 2166 1851 2228 gentem

264 2235 582 2307 .ntelligitur
610 2239 876 2310 arguisse,
900 2241 994 2296 sed
1022 2250 1191 2298 totum
1219 2245 1501 2301 mundum.
1548 2249 1605 2304 in
1633 2265 1740 2321 quo
1763 2266 1853 2306 ar-

262 2327 420 2396 guit?
446 2328 502 2382 ln
528 2343 616 2394 eo,
646 2329 772 2400 quia
800 2332 1171 2403 perSpiritum
1195 2346 1446 2393 sanctum
1484 2341 1726 2398 cbaritas
1748 2343 1851 2399 dif-

265 2416 382 2474 fusa
410 2427 495 2474 est
535 2420 589 2473 in
617 2421 872 2477 cordibus
895 2438 1115 2491 eorum,
1147 2442 1267 2498 qua:
1294 2425 1442 2484 foras
1490 2431 1654 2487 mittit
1685 2433 1846 2491 timo-

263 2523 377 2565 rem
397 2550 412 2575 ,
450 2516 510 2563 ut
537 2524 642 2564 non
673 2520 978 2568 metuerent
1001 2516 1291 2582 mundum,
1322 2518 1377 2574 id
1416 2528 1502 2577 est
1521 2560 1536 2584 .
1575 2533 1847 2580 amatores

261 2599 448 2654 mundi
477 2616 724 2674 arguere.

330 2689 407 2743 De
428 2701 661 2762 peccato,
688 2702 739 2746 et
765 2693 829 2747 de
844 2694 1079 2764 iustitia,
1102 2706 1154 2752 et
1185 2697 1250 2753 de
1281 2698 1500 2768 iudicio.
1531 2703 1702 2772 Quam
1726 2721 1847 2761 sen-

261 2781 485 2836 tentiam
517 2783 631 2852 ipse
668 2784 918 2841 Christus
944 2789 1193 2858 exposuit
1226 2791 1413 2849 dicens
1442 2813 1454 2848 :
1503 2795 1583 2852 De
1604 2808 1841 2870 peccato,

257 2873 383 2943 quia
409 2891 511 2928 non
529 2874 744 2930 credunt
768 2878 821 2931 in
844 2894 944 2944 tne,
969 2888 1251 2949 peccatum
1272 2883 1665 2946 incredulitatis
1685 2893 1840 2963 quasi

258 2960 493 3030 speciale
516 2965 712 3033 posuit.
757 2966 891 3035 Quia
926 2969 1066 3025 sicut
1093 2972 1226 3028 tides
1257 2975 1411 3047 origo
1426 2960 1736 3050 ‘virtutum‘,
1760 2984 1839 3040 ita

258 3050 669 3110 solidamentum
712 3067 795 3112 est
845 3059 1099 3119 vitiorum
1148 3063 1202 3118 in
1247 3065 1624 3128 incredulitate
1667 3077 1839 3145 persi-
1865 3061 1909 3123 Ο

1739 3166 1846 3234 Qui

254 3419 414 3485 dixit,
444 3421 496 3475 id
522 3432 623 3489 est,
648 3425 954 3484 damnatus.

330 3510 405 3566 De
430 3513 646 3583 justitia
680 3532 824 3584 vero,
860 3522 984 3592 quia
1036 3525 1108 3579 ad
1154 3524 1371 3583 Patrem
1418 3531 1573 3601 uado,
1619 3544 1670 3589 et
1718 3536 1840 3606 jam

258 3618 362 3656 non
416 3604 652 3661 videbitis
710 3625 812 3665 me.
869 3610 1088 3673 Justitia
1146 3619 1534 3691 discipulorum
1591 3604 1840 3687 Christus

254 3702 396 3758 erat,
444 3699 587 3766 quod
631 3699 917 3759 Dominum
963 3723 1126 3778 quem
1163 3728 1355 3770 verum
1404 3718 1680 3777 hominem
1716 3739 1840 3779 cer-

255 3786 474 3853 nebant,
523 3805 711 3849 verum
758 3812 975 3866 quoque
1026 3801 1122 3858 Dei
1171 3804 1366 3863 Filium
1421 3824 1544 3868 esse
1595 3815 1838 3873 credide-

255 3886 410 3943 runt,
457 3890 511 3936 et
537 3898 698 3954 quem
732 3888 835 3944 sibi
872 3894 1231 3963 corporaliter
1271 3900 1509 3958 ablatum
1553 3917 1835 3975 noverant,

253 3981 405 4025 certo
454 3990 668 4046 semper
704 3995 890 4038 amore
935 3986 1208 4044 colebant.
1248 3990 1468 4050 Iustitia
1513 4006 1835 4057 ceterorum

253 4063 519 4133 tidelium,
556 4069 608 4124 id
632 4080 734 4138 est,
780 4089 968 4133 eorum
995 4080 1086 4149 qui
1116 4078 1403 4143 Dominum
1440 4087 1494 4141 in
1523 4105 1689 4146 carne
1727 4108 1835 4148 non

254 4152 537 4222 viderunt,
584 4158 752 4217 [tcum
792 4174 847 4230 et
890 4166 1162 4225 hominem
1193 4186 1377 4228 verum
1414 4178 1580 4233 corde
1605 4181 1836 4236 credunt

253 4259 318 4299 ac
355 4245 612 4319 diligunt,
642 4254 708 4311 de
737 4273 843 4327 qua
870 4260 1116 4329 profecto
1140 4262 1352 4333 justitia
1378 4268 1501 4323 tidei
1531 4283 1835 4342 arguuntur

255 4335 512 4405 inﬁdeles,
540 4359 662 4413 qua:
687 4358 801 4414 est,
832 4353 975 4421 quod
1002 4370 1128 4410 eum
1152 4372 1315 4426 quem
1341 4335 1625 4432 corporali
1637 4365 1833 4441 intuitu

255 4445 526 4500 nunquam
563 4435 836 4510 viderunt,
890 4457 987 4499 cur
1014 4446 1114 4517 ipsi
1143 4450 1397 4507 videlicet
1424 4467 1549 4509 cum
1585 4436 1835 4514 similiter

254 4522 477 4578 verbum
503 4525 624 4581 vitae
647 4531 918 4599 audirent,
941 4536 1211 4594 noluerint
1229 4543 1453 4599 credere
1478 4545 1833 4615 iniustitiam.

256 4611 434 4682 Neque
465 4616 607 4671 enim
642 4622 881 4691 nequitia
922 4626 1185 4685 malorum
1217 4646 1283 4686 ex
1324 4649 1420 4689 sua
1446 4636 1621 4703 solum
1658 4642 1841 4710 pravi-

251 4978 549 5039 Christum.
597 4985 790 5056 Arguit
834 5001 890 5045 et
928 4993 996 5050 de
1032 4994 1248 5064 justitia
1283 5004 1619 5061 credentium
1643 5049 1658 5073 ,
1707 5011 1833 5080 quia

251 5062 552 5143 exemplum
586 5092 770 5134 comm
811 5085 964 5152 sequi
993 5062 1284 5156 noluerint,
1333 5095 1424 5162 qui
1470 5096 1615 5152 hunc

252 5170 388 5216 trem
418 5170 724 5226 ascendisse
744 5213 759 5237 ,
808 5189 983 5244 neque
1025 5176 1162 5233 ultra
1200 5186 1561 5253 corporaliter
1591 5190 1643 5244 in
1673 5170 1833 5247 terris

248 5266 692 5316 conversaturum
715 5279 836 5319 esse
861 5268 1124 5326 sciebant.
1169 5269 1281 5329 Nec
1310 5284 1488 5332 tamen
1514 5280 1585 5334 ab
1606 5280 1723 5348 ejus
1752 5284 1832 5337 di-

248 5342 479 5402 lecﬁone
506 5358 755 5418 poterant
779 5356 883 5411 ulla
908 5360 1118 5417 ratione
1147 5367 1421 5434 separari;
1453 5369 1558 5424 hoc
1584 5381 1669 5426 est
1686 5376 1830 5429 enim

246 5438 389 5506 quod
429 5441 506 5495 ait
532 5460 544 5495 :
580 5442 717 5507 Quia
754 5449 822 5501 ad
853 5447 1063 5507 Patrem
1091 5456 1222 5510 vado
1248 5497 1263 5521 ,
1293 5468 1343 5513 et
1370 5459 1480 5527 iam
1506 5478 1609 5517 non
1642 5466 1836 5520 uidebi-

247 5531 311 5582 tis
336 5544 440 5584 me.
484 5531 597 5587 Non
624 5536 872 5594 videbitis
902 5557 988 5596 me
1029 5559 1096 5599 ex
1143 5563 1252 5617 quo
1274 5550 1592 5616 ascendere,
1619 5555 1833 5622 qualem

247 5637 388 5683 nnch
432 5626 613 5682 vilere
642 5630 827 5686 soletis
866 5649 1028 5691 carne
1054 5640 1302 5706 mortali,
1347 5652 1402 5696 et
1431 5647 1834 5715 comprehensi-

569 5725 843 5786 PATROL.
892 5727 1023 5789 Cll.

1956 1804 2101 1852 stum
2125 1813 2194 1854 ne
2217 1810 2515 1871 arguantur
2539 1804 2607 1861 de
2631 1817 2857 1889 peccato
2900 1811 3234 1872 inﬁdelitatis
3261 1833 3373 1883 sua:
3390 1859 3406 1884 ,
3433 1836 3544 1891 quo

1957 1900 2180 1960 peccato
2205 1896 2389 1951 omnia
2422 1908 2643 1966 peccata
2684 1902 3027 1975 detinentur;
3057 1917 3337 1970 transeant
3364 1917 3417 1972 in
3443 1934 3544 1973 nu-

1956 1998 2163 2040 merum
2211 1987 2448 2044 tidelium
2476 2030 2492 2055 ,
2540 2008 2610 2048 ne
2654 2005 2954 2066 arguantur
3000 2000 3066 2057 de
3098 2002 3308 2073 justitia
3352 2023 3542 2066 eorum

1953 2088 2089 2143 quos
2129 2073 2462 2144 justiticatos
2502 2098 2609 2138 non
2665 2085 2972 2144 imitantur.
3018 2089 3261 2151 Caveant
3299 2097 3542 2157 futurum

1944 2162 2211 2231 judicium
2253 2183 2321 2225 ne
2347 2186 2472 2227 cum
2520 2176 2702 2232 mundi
2727 2178 2973 2250 principe
3003 2180 3343 2251 iudicentur,
3376 2206 3540 2262 quem

1938 2252 2242 2323 iudicatum
2284 2260 2583 2319 imitantur.
2615 2266 2826 2324 Etenim
2849 2280 2917 2326 ne
2939 2272 3043 2329 sibi
3079 2277 3355 2336 existimet
3385 2252 3540 2354 parci

1949 2350 2201 2418 superbia
2235 2350 2372 2408 dura
2414 2358 2746 2423 mortalium,
2796 2360 2866 2418 de
2894 2367 3251 2436 superborum
3278 2350 3542 2447 suppiicio

1948 2442 2204 2498 torrenda
2233 2451 2319 2500 est
2344 2447 2678 2518 angelorum.

2018 2550 2205 2609 Adhuc
2246 2557 2418 2612 multa
2459 2560 2624 2615 habeo
2651 2563 2792 2620 vobis
2826 2566 3032 2636 dicere,
3062 2571 3155 2625 sed
3194 2590 3297 2628 non
3326 2580 3540 2646 potestis

1944 2652 2155 2710 portare
2182 2647 2365 2713 modo;
2392 2665 2511 2705 cum
2537 2661 2713 2709 autem
2736 2659 2929 2713 venerit
2967 2660 3057 2716 ille
3083 2661 3315 2734 Spiritus
3343 2670 3540 2726 verita-

1945 2729 2030 2796 tis,
2073 2732 2277 2790 docebit
2300 2754 2385 2792 vos
2411 2756 2616 2796 omnem
2642 2747 2931 2801 veritatem.
2968 2729 3189 2808 Certum
3227 2768 3310 2811 est
3334 2767 3536 2825 autem,

1943 2823 2089 2895 quod
2141 2828 2392 2885 veniente
2437 2834 2669 2905 desuper
2703 2836 2948 2908 Spiritu,
2997 2845 3222 2913 apostoli
3274 2823 3536 2920 majorem

1944 2915 2116 2971 multo
2137 2917 2420 2976 scientiam
2443 2923 2690 2983 veritatis
2714 2941 2876 2998 quam
2903 2934 3151 2991 carnales
3194 2915 3420 2996 eatenus
3441 2960 3540 3014 po-

1940 3012 2190 3071 tuerunt,
2229 3017 2505 3068 consecuti
2529 3025 2691 3081 sunt,
2737 3019 2929 3088 majori
2980 3025 3249 3082 desiderio
3290 3012 3537 3091 certandi

1948 3112 2048 3169 pro
2103 3101 2336 3159 veritate
2378 3109 2625 3163 succensi
2673 3121 2818 3166 sunt.
2877 3112 2989 3170 Non
3026 3126 3203 3173 tamen
3240 3125 3537 3190 putandum

1943 3197 2032 3245 est
2061 3190 2118 3244 in
2162 3192 2265 3248 hac
2290 3194 2401 3250 vita
2447 3200 2757 3269 quempiam
2804 3216 3021 3259 omnem
3062 3210 3343 3266 veritatem
3378 3229 3541 3283 posse

1943 3481 2141 3524 arcana
2177 3470 2375 3537 verba,
2405 3486 2525 3542 qua:
2567 3490 2673 3530 non
2715 3476 2842 3532 licet
2874 3480 3076 3538 homini
3104 3484 3269 3556 loqui.
3301 3489 3414 3544 ait:
3448 3491 3536 3546 Ea:

1936 3560 2091 3619 parte
2119 3559 2499 3624 cognoscimus.
2523 3573 2573 3614 et
2598 3578 2664 3614 ea:
2686 3575 2835 3627 parte
2854 3572 3247 3637 prop/teramus.
3275 3579 3403 3632 Cum
3426 3598 3524 3634 at.-

1930 3650 2040 3698 tem
2064 3644 2261 3702 uiuet-it
2286 3648 2428 3719 quad
2452 3653 2738 3723 perfectum
2766 3669 2866 3724 est,
2893 3664 3234 3721 evacuabitur
3284 3670 3428 3741 quod
3455 3689 3522 3728 ea:

1935 3746 2089 3805 parte
2145 3750 2244 3798 est.
2298 3741 2355 3812 (I
2402 3744 2528 3805 Cor.
2578 3746 2722 3839 stu).
2782 3752 3200 3828 intelligendum
3235 3774 3324 3821 est
3359 3782 3517 3839 ergo,

1936 3831 2081 3900 quod
2124 3832 2202 3886 ait
2222 3833 2295 3887 de
2337 3832 2582 3904 Spiritu:
2633 3838 2849 3894 Docebit
2896 3859 2983 3897 vos
3011 3859 3214 3901 omnem
3246 3831 3532 3914 ceritatem,

1935 3922 2092 3990 quasi
2118 3923 2345 3986 diceret,
2389 3925 2655 3983 diﬂ'undet
2683 3929 2736 3984 in
2764 3933 3019 3989 cordibus
3061 3926 3258 3993 vestris
3297 3939 3537 3998 cltarita-

1936 4018 2067 4075 tem,
2100 4027 2222 4083 quae
2249 4028 2347 4069 vos
2389 4030 2604 4073 omnem
2632 4021 2916 4077 veritatem
2962 4022 3092 4080 facit
3127 4043 3338 4097 amare;
3380 4031 3534 4102 cujus

1936 4105 2250 4175 magisterio
2276 4106 2426 4162 intus
2451 4110 2653 4177 edocti,
2699 4113 3000 4183 proﬁciatis
3026 4120 3091 4173 de
3115 4120 3313 4178 virtute
3346 4125 3397 4180 in
3426 4127 3534 4181 vir-

1935 4201 2136 4260 tutem,
2173 4197 2431 4268 dignique
2470 4200 2780 4258 elliciamini
2821 4209 3108 4274 pervenire
3147 4213 3215 4267 ad
3254 4214 3440 4282 vitam,
3474 4219 3529 4273 in

1934 4300 2041 4356 qua
2065 4287 2218 4342 vobis
2250 4297 2453 4345 :eterna
2499 4292 2724 4349 claritas
2769 4311 2994 4354 summa:
3039 4302 3284 4359 veritatis
3312 4317 3367 4362 et
3390 4323 3532 4364 verte
3588 4315 3607 4331 ‘

1938 4375 2306 4442 sublimitatis,
2363 4379 2416 4433 id
2445 4392 2560 4447 est,
2607 4386 2989 4456 contemplatio
3029 4392 3191 4446 vestri
3235 4397 3533 4455 conditoris

1940 4474 2216 4537 appareat.
2474 4544 2483 4553 Ι

2014 4558 2139 4615 Non
2180 4561 2321 4617 enim
2362 4562 2603 4636 loquetur
2656 4584 2689 4620 a
2730 4570 3036 4641 semetipso,
3082 4576 3174 4629 sed
3208 4593 3533 4652 quwcunque

1939 4650 2118 4705 audiet
2156 4650 2416 4725 loquetur.
2458 4654 2574 4710 Non
2606 4658 2751 4713 enim
2792 4660 3032 4731 loquitur
3081 4664 3319 4736 Spiritus
3362 4686 3393 4726 a
3440 4650 3528 4729 se-

1943 4743 2192 4813 metipso,
2219 4746 2313 4801 sed
2342 4762 2371 4800 a
2397 4745 2579 4812 Patre,
2608 4766 2733 4806 nam
2764 4752 2933 4811 Filius
2970 4766 3130 4815 natus
3163 4770 3247 4817 est
3283 4779 3313 4818 a
3345 4764 3527 4836 Patre,

1798 4831 1840 4885 i-
1940 4842 1995 4888 et
2021 4834 2257 4905 Spiritus
2289 4849 2510 4897 sanctus
2544 4846 2793 4912 procedit
2828 4863 2856 4901 a
2894 4848 3075 4908 Patre.
3116 4852 3228 4910 Non
3268 4858 3412 4913 enim
3448 4831 3529 4914 lo;

1937 4926 2124 4996 quitur
2150 4944 2180 4981 a
2207 4931 2524 5000 semetipso,
2557 4933 2609 4988 id
2648 4944 2753 4999 est,
2793 4938 2912 4992 sine
2940 4937 3119 4998 Patris
3148 4953 3203 4999 et
3229 4945 3350 5002 Filii
3376 4964 3529 5005 com-

1939 5020 2211 5081 munione.
2267 5038 2372 5076 non
2419 5025 2563 5080 enim
2613 5026 2819 5085 divisus
2859 5041 2940 5087 est
2973 5032 3211 5105 Spiritus
3251 5051 3473 5098 sanctus
3500 5059 3531 5098 a

1938 5106 2097 5165 Patre
2123 5117 2179 5164 et
2208 5110 2365 5175 Filio,
2394 5114 2489 5168 sed
2517 5131 2683 5172 unum
2713 5133 2850 5190 opus
2879 5132 2964 5177 est
2988 5123 3187 5193 Patris,
3220 5136 3275 5183 et
3301 5130 3442 5197 Filii,
3475 5142 3529 5187 et

1936 5197 2028 5269 Spi
2038 5202 2079 5255 n'
2087 5209 2171 5255 tus
2183 5205 2379 5258 sancti.
2403 5203 2510 5259 Sed
2521 5223 2846 5283 qumcunque
2859 5214 3039 5269 audiet
3060 5216 3317 5290 loquetur.
3334 5222 3531 5278 Audiet

1941 5290 2191 5347 videlicet
2225 5310 2322 5363 per
2361 5296 2623 5352 unitatem
2661 5300 3015 5370 substantiae,
3053 5316 3108 5363 et
3143 5310 3528 5380 proprietatem

1940 5381 2203 5437 scientizc.
2251 5384 2366 5440 Non
2397 5386 2639 5458 loquitur
2677 5407 2707 5446 a
2737 5396 3050 5466 semetipso,
3092 5390 3218 5470 quia
3249 5416 3352 5454 non
3384 5408 3466 5455 est
3495 5417 3528 5457 a

1938 5476 2248 5544 semetipso.
2266 5477 2429 5534 Pater
2451 5480 2649 5553 quippe
2665 5484 2812 5540 solus
2832 5488 2896 5541 de
2912 5488 3018 5543 alio
3043 5506 3147 5544 non
3177 5498 3278 5555 est,
3294 5489 3465 5546 Filius
3495 5511 3528 5550 a

1942 5566 2105 5622 Patre
2133 5573 2370 5637 genitus,
2388 5581 2443 5625 ct
2460 5571 2694 5644 Spiritus
2724 5587 2945 5634 sanctus
2968 5596 2997 5634 a
3023 5579 3179 5634 Patre
3204 5581 3523 5649 procedens.

1942 5658 2023 5711 Ab
2056 5660 2169 5727 ipso
2202 5662 2345 5715 enim
2385 5665 2564 5719 audiet
2600 5667 2834 5737 Spiritus
2869 5679 3089 5725 sanctus
3121 5687 3151 5726 a
3195 5687 3302 5741 quo
3333 5689 3527 5744 proce-

3014 5768 3088 5823 10
