  <div class='ocr_page' id='page_1' title='image "/cluster/home/n/w/nwhite01/storage/ocr_20150623/102/umn.31951002477395f/157.png"; bbox 0 0 3978 6418; ppageno 0'>
   <div class='ocr_carea' id='block_1_1' title="bbox 516 249 635 301">
    <p class='ocr_par' dir='ltr' id='par_1_1' title="bbox 516 249 635 301">
     <span class='ocr_line' id='line_1_1' title="bbox 516 249 635 301; baseline 0 -1"><span class='ocrx_word' id='word_1_1' title='bbox 516 249 635 301; x_wconf 68' lang='grc' dir='ltr'><strong>’⁸2ῗὶ9</strong></span> 
     </span>
    </p>
   </div>
   <div class='ocr_carea' id='block_1_2' title="bbox 1822 240 2504 297">
    <p class='ocr_par' dir='ltr' id='par_1_2' title="bbox 1822 240 2504 297">
     <span class='ocr_line' id='line_1_2' title="bbox 1822 240 2504 297; baseline 0.003 -2"><span class='ocrx_word' id='word_1_2' title='bbox 1822 240 2175 295; x_wconf 73' lang='lat' dir='ltr'><strong>SMARAGDI</strong></span> <span class='ocrx_word' id='word_1_3' title='bbox 2215 241 2504 297; x_wconf 73' lang='lat' dir='ltr'><strong>AllllATlS</strong></span> 
     </span>
    </p>
   </div>
   <div class='ocr_carea' id='block_1_3' title="bbox 3689 256 3799 309">
    <p class='ocr_par' dir='ltr' id='par_1_3' title="bbox 3689 256 3799 309">
     <span class='ocr_line' id='line_1_3' title="bbox 3689 256 3799 309; baseline 0.009 -1"><span class='ocrx_word' id='word_1_4' title='bbox 3689 256 3799 309; x_wconf 70' lang='lat'><strong>300</strong></span> 
     </span>
    </p>
   </div>
   <div class='ocr_carea' id='block_1_4' title="bbox 532 354 3801 430">
    <p class='ocr_par' dir='ltr' id='par_1_4' title="bbox 532 354 3801 430">
     <span class='ocr_line' id='line_1_4' title="bbox 532 354 3801 430; baseline 0.002 -15"><span class='ocrx_word' id='word_1_5' title='bbox 532 364 630 425; x_wconf 81' lang='lat' dir='ltr'><strong>dit,</strong></span> <span class='ocrx_word' id='word_1_6' title='bbox 679 360 803 430; x_wconf 90' lang='lat' dir='ltr'><strong>quia</strong></span> <span class='ocrx_word' id='word_1_7' title='bbox 855 374 957 413; x_wconf 88' lang='lat' dir='ltr'><strong>non</strong></span> <span class='ocrx_word' id='word_1_8' title='bbox 1004 369 1087 413; x_wconf 84' lang='lat' dir='ltr'><strong>est</strong></span> <span class='ocrx_word' id='word_1_9' title='bbox 1135 373 1164 411; x_wconf 91' lang='lat' dir='ltr'><strong>a</strong></span> <span class='ocrx_word' id='word_1_10' title='bbox 1193 358 1506 427; x_wconf 86' lang='lat' dir='ltr'><strong>semetipso,</strong></span> <span class='ocrx_word' id='word_1_11' title='bbox 1551 356 1646 409; x_wconf 86' lang='lat' dir='ltr'><strong>sed</strong></span> <span class='ocrx_word' id='word_1_12' title='bbox 1694 355 1761 409; x_wconf 86' lang='lat' dir='ltr'><strong>ab</strong></span> <span class='ocrx_word' id='word_1_13' title='bbox 1800 354 1892 407; x_wconf 91' lang='lat' dir='ltr'><strong>illo</strong></span> <span class='ocrx_word' id='word_1_14' title='bbox 1939 371 1970 407; x_wconf 92' lang='lat' dir='ltr'><strong>a</strong></span> <span class='ocrx_word' id='word_1_15' title='bbox 1998 369 2108 423; x_wconf 88' lang='lat' dir='ltr'><strong>quo</strong></span> <span class='ocrx_word' id='word_1_16' title='bbox 2138 358 2183 415; x_wconf 74' lang='grc' dir='ltr'>Α</span> <span class='ocrx_word' id='word_1_17' title='bbox 2217 371 2235 404; x_wconf 68' lang='grc' dir='ltr'>ι</span> <span class='ocrx_word' id='word_1_18' title='bbox 2282 369 2421 418; x_wconf 81' lang='lat' dir='ltr'><strong>esse,</strong></span> <span class='ocrx_word' id='word_1_19' title='bbox 2452 371 2557 408; x_wconf 87' lang='lat' dir='ltr'><strong>non</strong></span> <span class='ocrx_word' id='word_1_20' title='bbox 2596 354 2873 411; x_wconf 79' lang='lat' dir='ltr'><strong>refrenans</strong></span> <span class='ocrx_word' id='word_1_21' title='bbox 2915 357 3148 428; x_wconf 85' lang='lat' dir='ltr'><strong>linguam</strong></span> <span class='ocrx_word' id='word_1_22' title='bbox 3190 373 3365 423; x_wconf 87' lang='lat' dir='ltr'><strong>suam,</strong></span> <span class='ocrx_word' id='word_1_23' title='bbox 3404 362 3498 416; x_wconf 90' lang='lat' dir='ltr'><strong>sed</strong></span> <span class='ocrx_word' id='word_1_24' title='bbox 3528 362 3801 419; x_wconf 86' lang='lat' dir='ltr'><strong>scducens</strong></span> 
     </span>
    </p>
   </div>
   <div class='ocr_carea' id='block_1_5' title="bbox 529 441 2107 521">
    <p class='ocr_par' dir='ltr' id='par_1_5' title="bbox 529 441 2107 521">
     <span class='ocr_line' id='line_1_5' title="bbox 529 441 2107 521; baseline -0.006 -16"><span class='ocrx_word' id='word_1_25' title='bbox 529 450 792 521; x_wconf 78' lang='lat' dir='ltr'><strong>prece-lit,</strong></span> <span class='ocrx_word' id='word_1_26' title='bbox 825 465 854 502; x_wconf 90' lang='lat' dir='ltr'><strong>a</strong></span> <span class='ocrx_word' id='word_1_27' title='bbox 882 463 988 517; x_wconf 88' lang='lat' dir='ltr'><strong>quo</strong></span> <span class='ocrx_word' id='word_1_28' title='bbox 1014 447 1091 501; x_wconf 86' lang='lat' dir='ltr'><strong>illi</strong></span> <span class='ocrx_word' id='word_1_29' title='bbox 1126 455 1209 501; x_wconf 91' lang='lat' dir='ltr'><strong>est</strong></span> <span class='ocrx_word' id='word_1_30' title='bbox 1233 445 1489 511; x_wconf 77' lang='lat' dir='ltr'><strong>essentia,</strong></span> <span class='ocrx_word' id='word_1_31' title='bbox 1519 442 1892 512; x_wconf 83' lang='lat' dir='ltr'><strong>intelligentia,</strong></span> <span class='ocrx_word' id='word_1_32' title='bbox 1920 443 1989 495; x_wconf 92' lang='lat' dir='ltr'><strong>ab</strong></span> <span class='ocrx_word' id='word_1_33' title='bbox 2016 441 2107 495; x_wconf 87' lang='lat' dir='ltr'><strong>illo</strong></span> 
     </span>
    </p>
   </div>
   <div class='ocr_carea' id='block_1_6' title="bbox 531 533 2108 615">
    <p class='ocr_par' dir='ltr' id='par_1_6' title="bbox 531 533 2108 615">
     <span class='ocr_line' id='line_1_6' title="bbox 531 533 2108 615; baseline -0.006 -18"><span class='ocrx_word' id='word_1_34' title='bbox 531 548 715 615; x_wconf 87' lang='lat' dir='ltr'><strong>utique</strong></span> <span class='ocrx_word' id='word_1_35' title='bbox 752 552 807 597; x_wconf 87' lang='lat' dir='ltr'><strong>et</strong></span> <span class='ocrx_word' id='word_1_36' title='bbox 851 542 1095 598; x_wconf 87' lang='lat' dir='ltr'><strong>scientia.</strong></span> <span class='ocrx_word' id='word_1_37' title='bbox 1146 541 1229 596; x_wconf 76' lang='lat' dir='ltr'><strong>Ab</strong></span> <span class='ocrx_word' id='word_1_38' title='bbox 1269 540 1362 595; x_wconf 84' lang='lat' dir='ltr'><strong>illo</strong></span> <span class='ocrx_word' id='word_1_39' title='bbox 1411 539 1578 610; x_wconf 85' lang='lat' dir='ltr'><strong>igitur</strong></span> <span class='ocrx_word' id='word_1_40' title='bbox 1622 535 1915 599; x_wconf 88' lang='lat' dir='ltr'><strong>audientia,</strong></span> <span class='ocrx_word' id='word_1_41' title='bbox 1963 533 2108 603; x_wconf 88' lang='lat' dir='ltr'><strong>quod</strong></span> 
     </span>
    </p>
   </div>
   <div class='ocr_carea' id='block_1_7' title="bbox 531 625 2105 703">
    <p class='ocr_par' dir='ltr' id='par_1_7' title="bbox 531 625 2105 703">
     <span class='ocr_line' id='line_1_7' title="bbox 531 625 2105 703; baseline -0.008 -14"><span class='ocrx_word' id='word_1_42' title='bbox 531 635 663 689; x_wconf 84' lang='lat' dir='ltr'><strong>nihil</strong></span> <span class='ocrx_word' id='word_1_43' title='bbox 698 642 781 689; x_wconf 87' lang='lat' dir='ltr'><strong>est</strong></span> <span class='ocrx_word' id='word_1_44' title='bbox 820 632 963 687; x_wconf 81' lang='lat' dir='ltr'><strong>aliud</strong></span> <span class='ocrx_word' id='word_1_45' title='bbox 992 646 1156 703; x_wconf 87' lang='lat' dir='ltr'><strong>quam</strong></span> <span class='ocrx_word' id='word_1_46' title='bbox 1200 632 1446 687; x_wconf 88' lang='lat' dir='ltr'><strong>scientia.</strong></span> <span class='ocrx_word' id='word_1_47' title='bbox 1488 628 1641 696; x_wconf 89' lang='lat' dir='ltr'><strong>Quod</strong></span> <span class='ocrx_word' id='word_1_48' title='bbox 1670 642 1798 681; x_wconf 87' lang='lat' dir='ltr'><strong>vero</strong></span> <span class='ocrx_word' id='word_1_49' title='bbox 1833 625 2105 696; x_wconf 76' lang='lat' dir='ltr'><strong>adjunxit:</strong></span> 
     </span>
    </p>
   </div>
   <div class='ocr_carea' id='block_1_8' title="bbox 520 717 2108 795">
    <p class='ocr_par' dir='ltr' id='par_1_8' title="bbox 520 717 2108 795">
     <span class='ocr_line' id='line_1_8' title="bbox 520 717 2108 795; baseline -0.005 -17"><span class='ocrx_word' id='word_1_50' title='bbox 520 724 602 779; x_wconf 72' lang='lat' dir='ltr'><strong>Et</strong></span> <span class='ocrx_word' id='word_1_51' title='bbox 620 740 737 795; x_wconf 77' lang='lat' dir='ltr'><strong>qua:</strong></span> <span class='ocrx_word' id='word_1_52' title='bbox 769 731 987 777; x_wconf 66' lang='lat' dir='ltr'><strong>relatura</strong></span> <span class='ocrx_word' id='word_1_53' title='bbox 1022 732 1141 776; x_wconf 89' lang='lat' dir='ltr'><strong>sunt</strong></span> <span class='ocrx_word' id='word_1_54' title='bbox 1168 720 1501 775; x_wconf 86' lang='lat' dir='ltr'><strong>annuntiabit</strong></span> <span class='ocrx_word' id='word_1_55' title='bbox 1528 719 1694 784; x_wconf 74' lang='lat' dir='ltr'><strong>vobis,</strong></span> <span class='ocrx_word' id='word_1_56' title='bbox 1722 725 1937 773; x_wconf 90' lang='lat' dir='ltr'><strong>constat</strong></span> <span class='ocrx_word' id='word_1_57' title='bbox 1964 717 2108 770; x_wconf 87' lang='lat' dir='ltr'><strong>enim</strong></span> 
     </span>
    </p>
   </div>
   <div class='ocr_carea' id='block_1_9' title="bbox 533 806 2109 878">
    <p class='ocr_par' dir='ltr' id='par_1_9' title="bbox 533 806 2109 878">
     <span class='ocr_line' id='line_1_9' title="bbox 533 806 2109 878; baseline -0.005 -11"><span class='ocrx_word' id='word_1_58' title='bbox 533 812 819 867; x_wconf 91' lang='lat' dir='ltr'><strong>nonnullos</strong></span> <span class='ocrx_word' id='word_1_59' title='bbox 897 818 1247 875; x_wconf 84' lang='lat' dir='ltr'><strong>sanctorum,</strong></span> <span class='ocrx_word' id='word_1_60' title='bbox 1309 810 1364 864; x_wconf 90' lang='lat' dir='ltr'><strong>in</strong></span> <span class='ocrx_word' id='word_1_61' title='bbox 1419 807 1627 878; x_wconf 80' lang='lat' dir='ltr'><strong>Spiritu</strong></span> <span class='ocrx_word' id='word_1_62' title='bbox 1691 814 1877 861; x_wconf 85' lang='lat' dir='ltr'><strong>saneto</strong></span> <span class='ocrx_word' id='word_1_63' title='bbox 1930 806 2109 860; x_wconf 88' lang='lat' dir='ltr'><strong>futura</strong></span> 
     </span>
    </p>
   </div>
   <div class='ocr_carea' id='block_1_10' title="bbox 428 895 2109 972">
    <p class='ocr_par' dir='ltr' id='par_1_10' title="bbox 428 895 2109 972">
     <span class='ocr_line' id='line_1_10' title="bbox 428 895 2109 972; baseline -0.005 -15"><span class='ocrx_word' id='word_1_64' title='bbox 428 934 435 940; x_wconf 92' lang='lat'>-</span> <span class='ocrx_word' id='word_1_65' title='bbox 530 902 874 972; x_wconf 71' lang='lat' dir='ltr'><strong>prtedixisse;</strong></span> <span class='ocrx_word' id='word_1_66' title='bbox 904 900 1000 955; x_wconf 90' lang='lat' dir='ltr'><strong>sed</strong></span> <span class='ocrx_word' id='word_1_67' title='bbox 1027 910 1207 955; x_wconf 82' lang='lat' dir='ltr'><strong>tamen</strong></span> <span class='ocrx_word' id='word_1_68' title='bbox 1230 899 1393 955; x_wconf 81' lang='lat' dir='ltr'><strong>altius</strong></span> <span class='ocrx_word' id='word_1_69' title='bbox 1417 906 1543 954; x_wconf 88' lang='lat' dir='ltr'><strong>sunt</strong></span> <span class='ocrx_word' id='word_1_70' title='bbox 1568 898 1681 952; x_wconf 78' lang='lat' dir='ltr'><strong>haec</strong></span> <span class='ocrx_word' id='word_1_71' title='bbox 1712 899 1872 951; x_wconf 89' lang='lat' dir='ltr'><strong>verba</strong></span> <span class='ocrx_word' id='word_1_72' title='bbox 1898 895 2109 950; x_wconf 72' lang='lat' dir='ltr'><strong>Domini</strong></span> 
     </span>
    </p>
   </div>
   <div class='ocr_carea' id='block_1_11' title="bbox 532 988 2111 1061">
    <p class='ocr_par' dir='ltr' id='par_1_11' title="bbox 532 988 2111 1061">
     <span class='ocr_line' id='line_1_11' title="bbox 532 988 2111 1061; baseline -0.004 -14"><span class='ocrx_word' id='word_1_73' title='bbox 532 993 943 1058; x_wconf 83' lang='lat' dir='ltr'><strong>consideranda,</strong></span> <span class='ocrx_word' id='word_1_74' title='bbox 980 1006 1101 1061; x_wconf 74' lang='lat' dir='ltr'><strong>qua:</strong></span> <span class='ocrx_word' id='word_1_75' title='bbox 1127 992 1379 1045; x_wconf 87' lang='lat' dir='ltr'><strong>omnibus</strong></span> <span class='ocrx_word' id='word_1_76' title='bbox 1417 991 1621 1045; x_wconf 84' lang='lat' dir='ltr'><strong>sanctis</strong></span> <span class='ocrx_word' id='word_1_77' title='bbox 1660 988 1961 1043; x_wconf 83' lang='lat' dir='ltr'><strong>communia</strong></span> <span class='ocrx_word' id='word_1_78' title='bbox 1991 1001 2111 1041; x_wconf 89' lang='lat' dir='ltr'><strong>esse</strong></span> 
     </span>
    </p>
   </div>
   <div class='ocr_carea' id='block_1_12' title="bbox 534 1082 2109 1155">
    <p class='ocr_par' dir='ltr' id='par_1_12' title="bbox 534 1082 2109 1155">
     <span class='ocr_line' id='line_1_12' title="bbox 534 1082 2109 1155; baseline -0.006 -16"><span class='ocrx_word' id='word_1_79' title='bbox 534 1094 777 1155; x_wconf 87' lang='lat' dir='ltr'><strong>possunt.</strong></span> <span class='ocrx_word' id='word_1_80' title='bbox 806 1085 973 1155; x_wconf 89' lang='lat' dir='ltr'><strong>Igitur</strong></span> <span class='ocrx_word' id='word_1_81' title='bbox 999 1084 1223 1154; x_wconf 86' lang='lat' dir='ltr'><strong>spiritus</strong></span> <span class='ocrx_word' id='word_1_82' title='bbox 1251 1082 1565 1147; x_wconf 87' lang='lat' dir='ltr'><strong>adveniens,</strong></span> <span class='ocrx_word' id='word_1_83' title='bbox 1590 1096 1708 1151; x_wconf 65' lang='lat' dir='ltr'><strong>quia</strong></span> <span class='ocrx_word' id='word_1_84' title='bbox 1739 1089 1956 1133; x_wconf 66' lang='lat' dir='ltr'><strong>ventura</strong></span> <span class='ocrx_word' id='word_1_85' title='bbox 1990 1086 2109 1131; x_wconf 84' lang='lat' dir='ltr'><strong>sunt</strong></span> 
     </span>
    </p>
   </div>
   <div class='ocr_carea' id='block_1_13' title="bbox 536 1160 2109 1243">
    <p class='ocr_par' dir='ltr' id='par_1_13' title="bbox 536 1160 2109 1243">
     <span class='ocr_line' id='line_1_13' title="bbox 536 1160 2109 1243; baseline -0.004 -15"><span class='ocrx_word' id='word_1_86' title='bbox 536 1176 889 1239; x_wconf 82' lang='lat' dir='ltr'><strong>annuntiabit,</strong></span> <span class='ocrx_word' id='word_1_87' title='bbox 927 1190 1057 1230; x_wconf 86' lang='lat' dir='ltr'><strong>cum</strong></span> <span class='ocrx_word' id='word_1_88' title='bbox 1094 1173 1301 1243; x_wconf 63' lang='lat' dir='ltr'><strong>gaudia~</strong></span> <span class='ocrx_word' id='word_1_89' title='bbox 1335 1172 1493 1227; x_wconf 87' lang='lat' dir='ltr'><strong>nobis</strong></span> <span class='ocrx_word' id='word_1_90' title='bbox 1537 1160 1729 1240; x_wconf 68' lang='lat' dir='ltr'><strong>patrue</strong></span> <span class='ocrx_word' id='word_1_91' title='bbox 1767 1168 2005 1224; x_wconf 60' lang='lat' dir='ltr'><strong>caelestis</strong></span> <span class='ocrx_word' id='word_1_92' title='bbox 2041 1168 2109 1222; x_wconf 83' lang='lat' dir='ltr'><strong>ad</strong></span> 
     </span>
    </p>
   </div>
   <div class='ocr_carea' id='block_1_14' title="bbox 536 1260 2112 1331">
    <p class='ocr_par' dir='ltr' id='par_1_14' title="bbox 536 1260 2112 1331">
     <span class='ocr_line' id='line_1_14' title="bbox 536 1260 2112 1331; baseline -0.004 -11"><span class='ocrx_word' id='word_1_93' title='bbox 536 1267 853 1320; x_wconf 80' lang='lat' dir='ltr'><strong>memoriam</strong></span> <span class='ocrx_word' id='word_1_94' title='bbox 884 1265 1117 1330; x_wconf 83' lang='lat' dir='ltr'><strong>reducit,</strong></span> <span class='ocrx_word' id='word_1_95' title='bbox 1144 1279 1266 1319; x_wconf 86' lang='lat' dir='ltr'><strong>cum</strong></span> <span class='ocrx_word' id='word_1_96' title='bbox 1299 1262 1436 1318; x_wconf 86' lang='lat' dir='ltr'><strong>festa</strong></span> <span class='ocrx_word' id='word_1_97' title='bbox 1482 1263 1571 1317; x_wconf 91' lang='lat' dir='ltr'><strong>illa</strong></span> <span class='ocrx_word' id='word_1_98' title='bbox 1602 1275 1848 1331; x_wconf 70' lang='lat' dir='ltr'><strong>supernae</strong></span> <span class='ocrx_word' id='word_1_99' title='bbox 1877 1260 2112 1316; x_wconf 78' lang='lat' dir='ltr'><strong>civitatis</strong></span> 
     </span>
    </p>
   </div>
   <div class='ocr_carea' id='block_1_15' title="bbox 534 1351 2109 1424">
    <p class='ocr_par' dir='ltr' id='par_1_15' title="bbox 534 1351 2109 1424">
     <span class='ocr_line' id='line_1_15' title="bbox 534 1351 2109 1424; baseline -0.003 -16"><span class='ocrx_word' id='word_1_100' title='bbox 534 1371 631 1424; x_wconf 83' lang='lat' dir='ltr'><strong>per</strong></span> <span class='ocrx_word' id='word_1_101' title='bbox 652 1355 848 1410; x_wconf 86' lang='lat' dir='ltr'><strong>donum</strong></span> <span class='ocrx_word' id='word_1_102' title='bbox 873 1355 1037 1411; x_wconf 86' lang='lat' dir='ltr'><strong>nobis</strong></span> <span class='ocrx_word' id='word_1_103' title='bbox 1053 1369 1167 1409; x_wconf 65' lang='lat' dir='ltr'><strong>sum</strong></span> <span class='ocrx_word' id='word_1_104' title='bbox 1204 1353 1547 1424; x_wconf 80' lang='lat' dir='ltr'><strong>aspirationis</strong></span> <span class='ocrx_word' id='word_1_105' title='bbox 1575 1351 1825 1407; x_wconf 85' lang='lat' dir='ltr'><strong>innotuit.</strong></span> <span class='ocrx_word' id='word_1_106' title='bbox 1870 1351 2109 1405; x_wconf 78' lang='lat' dir='ltr'><strong>Ventura</strong></span> 
     </span>
    </p>
   </div>
   <div class='ocr_carea' id='block_1_16' title="bbox 537 1441 2108 1514">
    <p class='ocr_par' dir='ltr' id='par_1_16' title="bbox 537 1441 2108 1514">
     <span class='ocr_line' id='line_1_16' title="bbox 537 1441 2108 1514; baseline -0.005 -11"><span class='ocrx_word' id='word_1_107' title='bbox 537 1449 697 1504; x_wconf 86' lang='lat' dir='ltr'><strong>nobis</strong></span> <span class='ocrx_word' id='word_1_108' title='bbox 724 1449 1031 1511; x_wconf 81' lang='lat' dir='ltr'><strong>annuntiat,</strong></span> <span class='ocrx_word' id='word_1_109' title='bbox 1067 1462 1194 1502; x_wconf 87' lang='lat' dir='ltr'><strong>eum</strong></span> <span class='ocrx_word' id='word_1_110' title='bbox 1224 1461 1324 1501; x_wconf 87' lang='lat' dir='ltr'><strong>nos</strong></span> <span class='ocrx_word' id='word_1_111' title='bbox 1372 1461 1403 1500; x_wconf 87' lang='lat' dir='ltr'><strong>a</strong></span> <span class='ocrx_word' id='word_1_112' title='bbox 1442 1444 1730 1500; x_wconf 87' lang='lat' dir='ltr'><strong>dilectione</strong></span> <span class='ocrx_word' id='word_1_113' title='bbox 1760 1441 2108 1514; x_wconf 66' lang='lat' dir='ltr'><strong>praesentium</strong></span> 
     </span>
    </p>
   </div>
   <div class='ocr_carea' id='block_1_17' title="bbox 537 1531 2109 1607">
    <p class='ocr_par' dir='ltr' id='par_1_17' title="bbox 537 1531 2109 1607">
     <span class='ocr_line' id='line_1_17' title="bbox 537 1531 2109 1607; baseline -0.005 -15"><span class='ocrx_word' id='word_1_114' title='bbox 537 1539 894 1601; x_wconf 80' lang='lat' dir='ltr'><strong>abstrahens,</strong></span> <span class='ocrx_word' id='word_1_115' title='bbox 942 1537 1268 1607; x_wconf 86' lang='lat' dir='ltr'><strong>promissum</strong></span> <span class='ocrx_word' id='word_1_116' title='bbox 1318 1535 1373 1590; x_wconf 93' lang='lat' dir='ltr'><strong>in</strong></span> <span class='ocrx_word' id='word_1_117' title='bbox 1414 1534 1564 1590; x_wconf 66' lang='lat' dir='ltr'><strong>caelis</strong></span> <span class='ocrx_word' id='word_1_118' title='bbox 1612 1547 1862 1603; x_wconf 81' lang='lat' dir='ltr'><strong>regnum,</strong></span> <span class='ocrx_word' id='word_1_119' title='bbox 1908 1531 2109 1586; x_wconf 86' lang='lat' dir='ltr'><strong>nostris</strong></span> 
     </span>
    </p>
   </div>
   <div class='ocr_carea' id='block_1_18' title="bbox 536 1626 1541 1686">
    <p class='ocr_par' dir='ltr' id='par_1_18' title="bbox 536 1626 1541 1686">
     <span class='ocr_line' id='line_1_18' title="bbox 536 1626 1541 1686; baseline -0.008 0"><span class='ocrx_word' id='word_1_120' title='bbox 536 1631 793 1686; x_wconf 84' lang='lat' dir='ltr'><strong>cordibus</strong></span> <span class='ocrx_word' id='word_1_121' title='bbox 825 1638 879 1684; x_wconf 86' lang='lat' dir='ltr'><strong>et</strong></span> <span class='ocrx_word' id='word_1_122' title='bbox 906 1628 1187 1684; x_wconf 81' lang='lat' dir='ltr'><strong>desideriis</strong></span> <span class='ocrx_word' id='word_1_123' title='bbox 1224 1626 1541 1681; x_wconf 82' lang='lat' dir='ltr'><strong>inﬂammat.</strong></span> 
     </span>
    </p>
   </div>
   <div class='ocr_carea' id='block_1_19' title="bbox 2219 448 3797 524">
    <p class='ocr_par' dir='ltr' id='par_1_19' title="bbox 2219 448 3797 524">
     <span class='ocr_line' id='line_1_19' title="bbox 2219 448 3797 524; baseline 0.01 -29"><span class='ocrx_word' id='word_1_124' title='bbox 2219 464 2236 495; x_wconf 72' lang='grc' dir='ltr'>ι</span> <span class='ocrx_word' id='word_1_125' title='bbox 2282 461 2377 499; x_wconf 81' lang='lat' dir='ltr'><strong>cor</strong></span> <span class='ocrx_word' id='word_1_126' title='bbox 2400 462 2575 509; x_wconf 89' lang='lat' dir='ltr'><strong>suum,</strong></span> <span class='ocrx_word' id='word_1_127' title='bbox 2611 448 2768 517; x_wconf 84' lang='lat' dir='ltr'><strong>hujus</strong></span> <span class='ocrx_word' id='word_1_128' title='bbox 2803 464 2938 503; x_wconf 88' lang='lat' dir='ltr'><strong>vana</strong></span> <span class='ocrx_word' id='word_1_129' title='bbox 2969 459 3052 504; x_wconf 84' lang='lat' dir='ltr'><strong>est</strong></span> <span class='ocrx_word' id='word_1_130' title='bbox 3085 451 3293 521; x_wconf 79' lang='lat' dir='ltr'><strong>religio.</strong></span> <span class='ocrx_word' id='word_1_131' title='bbox 3346 453 3556 524; x_wconf 77' lang='lat' dir='ltr'><strong>Religio</strong></span> <span class='ocrx_word' id='word_1_132' title='bbox 3594 460 3797 511; x_wconf 83' lang='lat' dir='ltr'><strong>munda</strong></span> 
     </span>
    </p>
   </div>
   <div class='ocr_carea' id='block_1_20' title="bbox 2219 539 3793 610">
    <p class='ocr_par' dir='ltr' id='par_1_20' title="bbox 2219 539 3793 610">
     <span class='ocr_line' id='line_1_20' title="bbox 2219 539 3793 610; baseline 0.008 -21"><span class='ocrx_word' id='word_1_133' title='bbox 2219 555 2236 588; x_wconf 79' lang='grc' dir='ltr'>ι</span> <span class='ocrx_word' id='word_1_134' title='bbox 2282 548 2337 591; x_wconf 85' lang='lat' dir='ltr'><strong>et</strong></span> <span class='ocrx_word' id='word_1_135' title='bbox 2387 539 2731 594; x_wconf 89' lang='lat' dir='ltr'><strong>immaculata</strong></span> <span class='ocrx_word' id='word_1_136' title='bbox 2768 541 2907 610; x_wconf 90' lang='lat' dir='ltr'><strong>apud</strong></span> <span class='ocrx_word' id='word_1_137' title='bbox 2951 541 3119 597; x_wconf 87' lang='lat' dir='ltr'><strong>Deum</strong></span> <span class='ocrx_word' id='word_1_138' title='bbox 3165 554 3221 597; x_wconf 88' lang='lat' dir='ltr'><strong>et</strong></span> <span class='ocrx_word' id='word_1_139' title='bbox 3266 543 3481 600; x_wconf 85' lang='lat' dir='ltr'><strong>Patrem</strong></span> <span class='ocrx_word' id='word_1_140' title='bbox 3514 547 3631 603; x_wconf 72' lang='lat' dir='ltr'><strong>lucc</strong></span> <span class='ocrx_word' id='word_1_141' title='bbox 3676 560 3793 604; x_wconf 86' lang='lat' dir='ltr'><strong>est:</strong></span> 
     </span>
    </p>
   </div>
   <div class='ocr_carea' id='block_1_21' title="bbox 2217 629 3789 702">
    <p class='ocr_par' dir='ltr' id='par_1_21' title="bbox 2217 629 3789 702">
     <span class='ocr_line' id='line_1_21' title="bbox 2217 629 3789 702; baseline 0.008 -21"><span class='ocrx_word' id='word_1_142' title='bbox 2217 648 2235 680; x_wconf 79' lang='lat' dir='ltr'><strong>s</strong></span> <span class='ocrx_word' id='word_1_143' title='bbox 2281 629 2514 686; x_wconf 83' lang='lat' dir='ltr'><strong>Visitare</strong></span> <span class='ocrx_word' id='word_1_144' title='bbox 2538 631 2766 702; x_wconf 83' lang='lat' dir='ltr'><strong>pupillos</strong></span> <span class='ocrx_word' id='word_1_145' title='bbox 2801 639 2856 688; x_wconf 88' lang='lat' dir='ltr'><strong>et</strong></span> <span class='ocrx_word' id='word_1_146' title='bbox 2880 634 3069 688; x_wconf 86' lang='lat' dir='ltr'><strong>viduas</strong></span> <span class='ocrx_word' id='word_1_147' title='bbox 3112 634 3164 688; x_wconf 90' lang='lat' dir='ltr'><strong>in</strong></span> <span class='ocrx_word' id='word_1_148' title='bbox 3204 635 3549 691; x_wconf 86' lang='lat' dir='ltr'><strong>tribulatione</strong></span> <span class='ocrx_word' id='word_1_149' title='bbox 3577 654 3789 699; x_wconf 72' lang='lat' dir='ltr'><strong>eat-inn.</strong></span> 
     </span>
    </p>
   </div>
   <div class='ocr_carea' id='block_1_22' title="bbox 2217 721 3719 783">
    <p class='ocr_par' dir='ltr' id='par_1_22' title="bbox 2217 721 3719 783">
     <span class='ocr_line' id='line_1_22' title="bbox 2217 721 3719 783; baseline 0.007 -10"><span class='ocrx_word' id='word_1_150' title='bbox 2217 737 2235 771; x_wconf 70' lang='grc' dir='ltr'>ι</span> <span class='ocrx_word' id='word_1_151' title='bbox 2278 728 2333 775; x_wconf 92' lang='lat' dir='ltr'><strong>et</strong></span> <span class='ocrx_word' id='word_1_152' title='bbox 2363 721 2766 776; x_wconf 82' lang='lat' dir='ltr'><strong>immaculatum</strong></span> <span class='ocrx_word' id='word_1_153' title='bbox 2799 738 2857 777; x_wconf 92' lang='lat' dir='ltr'><strong>se</strong></span> <span class='ocrx_word' id='word_1_154' title='bbox 2892 725 3164 779; x_wconf 82' lang='lat' dir='ltr'><strong>custolire</strong></span> <span class='ocrx_word' id='word_1_155' title='bbox 3193 727 3262 781; x_wconf 88' lang='lat' dir='ltr'><strong>ab</strong></span> <span class='ocrx_word' id='word_1_156' title='bbox 3282 726 3388 783; x_wconf 84' lang='lat' dir='ltr'><strong>hoc</strong></span> <span class='ocrx_word' id='word_1_157' title='bbox 3425 729 3646 783; x_wconf 79' lang='lat' dir='ltr'><strong>saeculo.</strong></span> <span class='ocrx_word' id='word_1_158' title='bbox 3698 750 3719 783; x_wconf 76' lang='grc' dir='ltr'><strong><em>ι</em></strong></span> 
     </span>
    </p>
   </div>
   <div class='ocr_carea' id='block_1_23' title="bbox 2281 810 3800 881">
    <p class='ocr_par' dir='ltr' id='par_1_23' title="bbox 2281 810 3800 881">
     <span class='ocr_line' id='line_1_23' title="bbox 2281 810 3800 881; baseline 0.008 -17"><span class='ocrx_word' id='word_1_159' title='bbox 2281 810 2460 866; x_wconf 84' lang='lat' dir='ltr'><strong>Estote</strong></span> <span class='ocrx_word' id='word_1_160' title='bbox 2503 812 2727 881; x_wconf 81' lang='lat' dir='ltr'><strong>factores</strong></span> <span class='ocrx_word' id='word_1_161' title='bbox 2772 815 2909 868; x_wconf 77' lang='lat' dir='ltr'><strong>verbi</strong></span> <span class='ocrx_word' id='word_1_162' title='bbox 2960 831 3062 869; x_wconf 91' lang='lat' dir='ltr'><strong>non</strong></span> <span class='ocrx_word' id='word_1_163' title='bbox 3104 816 3373 872; x_wconf 87' lang='lat' dir='ltr'><strong>auditores</strong></span> <span class='ocrx_word' id='word_1_164' title='bbox 3424 829 3651 874; x_wconf 86' lang='lat' dir='ltr'><strong>tantum.</strong></span> <span class='ocrx_word' id='word_1_165' title='bbox 3705 822 3800 876; x_wconf 87' lang='lat' dir='ltr'><strong>Sic</strong></span> 
     </span>
    </p>
   </div>
   <div class='ocr_carea' id='block_1_24' title="bbox 2220 901 3809 975">
    <p class='ocr_par' dir='ltr' id='par_1_24' title="bbox 2220 901 3809 975">
     <span class='ocr_line' id='line_1_24' title="bbox 2220 901 3809 975; baseline 0.001 -17"><span class='ocrx_word' id='word_1_166' title='bbox 2220 910 2277 958; x_wconf 89' lang='lat' dir='ltr'><strong>et</strong></span> <span class='ocrx_word' id='word_1_167' title='bbox 2308 901 2512 959; x_wconf 80' lang='lat' dir='ltr'><strong>Paulus</strong></span> <span class='ocrx_word' id='word_1_168' title='bbox 2572 903 2639 960; x_wconf 91' lang='lat' dir='ltr'><strong>de</strong></span> <span class='ocrx_word' id='word_1_169' title='bbox 2687 905 2825 975; x_wconf 77' lang='lat' dir='ltr'><strong>legis</strong></span> <span class='ocrx_word' id='word_1_170' title='bbox 2876 905 3184 962; x_wconf 88' lang='lat' dir='ltr'><strong>cultoribus</strong></span> <span class='ocrx_word' id='word_1_171' title='bbox 3215 907 3298 963; x_wconf 86' lang='lat' dir='ltr'><strong>ait</strong></span> <span class='ocrx_word' id='word_1_172' title='bbox 3329 925 3343 962; x_wconf 91' lang='lat'><strong>:</strong></span> <span class='ocrx_word' id='word_1_173' title='bbox 3378 906 3509 963; x_wconf 82' lang='lat' dir='ltr'><strong>Non</strong></span> <span class='ocrx_word' id='word_1_174' title='bbox 3533 910 3809 961; x_wconf 72' lang='lat' dir='ltr'><strong>auditores</strong></span> 
     </span>
    </p>
   </div>
   <div class='ocr_carea' id='block_1_25' title="bbox 2220 995 3809 1073">
    <p class='ocr_par' dir='ltr' id='par_1_25' title="bbox 2220 995 3809 1073">
     <span class='ocr_line' id='line_1_25' title="bbox 2220 995 3809 1073; baseline 0.003 -26"><span class='ocrx_word' id='word_1_175' title='bbox 2220 1003 2429 1050; x_wconf 87' lang='lat' dir='ltr'><strong>tantum</strong></span> <span class='ocrx_word' id='word_1_176' title='bbox 2459 995 2588 1067; x_wconf 78' lang='lat' dir='ltr'><strong>legis</strong></span> <span class='ocrx_word' id='word_1_177' title='bbox 2643 999 2786 1067; x_wconf 84' lang='lat' dir='ltr'><strong>justi</strong></span> <span class='ocrx_word' id='word_1_178' title='bbox 2834 1007 2956 1053; x_wconf 83' lang='lat' dir='ltr'><strong>sunt</strong></span> <span class='ocrx_word' id='word_1_179' title='bbox 3002 1001 3149 1069; x_wconf 84' lang='lat' dir='ltr'><strong>apud</strong></span> <span class='ocrx_word' id='word_1_180' title='bbox 3213 999 3401 1064; x_wconf 80' lang='lat' dir='ltr'><strong>Deum,</strong></span> <span class='ocrx_word' id='word_1_181' title='bbox 3454 1002 3548 1056; x_wconf 86' lang='lat' dir='ltr'><strong>sed</strong></span> <span class='ocrx_word' id='word_1_182' title='bbox 3575 1003 3809 1073; x_wconf 62' lang='lat' dir='ltr'><strong>[actoris</strong></span> 
     </span>
    </p>
   </div>
   <div class='ocr_carea' id='block_1_26' title="bbox 2218 1089 3806 1164">
    <p class='ocr_par' dir='ltr' id='par_1_26' title="bbox 2218 1089 3806 1164">
     <span class='ocr_line' id='line_1_26' title="bbox 2218 1089 3806 1164; baseline 0.004 -22"><span class='ocrx_word' id='word_1_183' title='bbox 2218 1089 2345 1158; x_wconf 82' lang='lat' dir='ltr'><strong>legis</strong></span> <span class='ocrx_word' id='word_1_184' title='bbox 2389 1089 2828 1158; x_wconf 73' lang='lat' dir='ltr'><strong>justiﬁeabuutur</strong></span> <span class='ocrx_word' id='word_1_185' title='bbox 2880 1090 3059 1158; x_wconf 80' lang='lat' dir='ltr'><strong>(Rom.</strong></span> <span class='ocrx_word' id='word_1_186' title='bbox 3120 1093 3202 1161; x_wconf 82' lang='grc' dir='ltr'><strong>ιι).</strong></span> <span class='ocrx_word' id='word_1_187' title='bbox 3276 1091 3340 1147; x_wconf 77' lang='lat' dir='ltr'><strong>Et</strong></span> <span class='ocrx_word' id='word_1_188' title='bbox 3392 1097 3446 1147; x_wconf 91' lang='lat' dir='ltr'><strong>in</strong></span> <span class='ocrx_word' id='word_1_189' title='bbox 3481 1094 3806 1164; x_wconf 62' lang='lat' dir='ltr'><strong>Apocalypsi</strong></span> 
     </span>
    </p>
   </div>
   <div class='ocr_carea' id='block_1_27' title="bbox 2211 1171 3797 1247">
    <p class='ocr_par' dir='ltr' id='par_1_27' title="bbox 2211 1171 3797 1247">
     <span class='ocr_line' id='line_1_27' title="bbox 2211 1171 3797 1247; baseline 0.003 -22"><span class='ocrx_word' id='word_1_190' title='bbox 2211 1171 2444 1227; x_wconf 80' lang='lat' dir='ltr'><strong>Joannes</strong></span> <span class='ocrx_word' id='word_1_191' title='bbox 2468 1188 2592 1228; x_wconf 91' lang='lat' dir='ltr'><strong>cum</strong></span> <span class='ocrx_word' id='word_1_192' title='bbox 2629 1173 2856 1228; x_wconf 80' lang='lat' dir='ltr'><strong>dixisset</strong></span> <span class='ocrx_word' id='word_1_193' title='bbox 2882 1187 2896 1226; x_wconf 89' lang='lat'><strong>:</strong></span> <span class='ocrx_word' id='word_1_194' title='bbox 2930 1174 3124 1228; x_wconf 78' lang='lat' dir='ltr'><strong>Beatus</strong></span> <span class='ocrx_word' id='word_1_195' title='bbox 3156 1175 3247 1246; x_wconf 85' lang='lat' dir='ltr'><strong>qui</strong></span> <span class='ocrx_word' id='word_1_196' title='bbox 3282 1173 3425 1246; x_wconf 72' lang='lat' dir='ltr'><strong>legit,</strong></span> <span class='ocrx_word' id='word_1_197' title='bbox 3450 1186 3499 1229; x_wconf 84' lang='lat' dir='ltr'><strong>et</strong></span> <span class='ocrx_word' id='word_1_198' title='bbox 3528 1177 3621 1247; x_wconf 82' lang='lat' dir='ltr'><strong>qui</strong></span> <span class='ocrx_word' id='word_1_199' title='bbox 3644 1178 3797 1231; x_wconf 84' lang='lat' dir='ltr'><strong>audit</strong></span> 
     </span>
    </p>
   </div>
   <div class='ocr_carea' id='block_1_28' title="bbox 2211 1263 3797 1337">
    <p class='ocr_par' dir='ltr' id='par_1_28' title="bbox 2211 1263 3797 1337">
     <span class='ocr_line' id='line_1_28' title="bbox 2211 1263 3797 1337; baseline 0.003 -21"><span class='ocrx_word' id='word_1_200' title='bbox 2211 1263 2681 1333; x_wconf 76' lang='lat' dir='ltr'><strong>verbaprophetia:</strong></span> <span class='ocrx_word' id='word_1_201' title='bbox 2726 1263 2848 1317; x_wconf 81' lang='lat' dir='ltr'><strong>libri</strong></span> <span class='ocrx_word' id='word_1_202' title='bbox 2888 1264 3071 1334; x_wconf 80' lang='lat' dir='ltr'><strong>hujus,</strong></span> <span class='ocrx_word' id='word_1_203' title='bbox 3115 1266 3366 1335; x_wconf 84' lang='lat' dir='ltr'><strong>protinus</strong></span> <span class='ocrx_word' id='word_1_204' title='bbox 3410 1267 3656 1337; x_wconf 68' lang='lat' dir='ltr'><strong>adiunxit</strong></span> <span class='ocrx_word' id='word_1_205' title='bbox 3684 1286 3697 1320; x_wconf 91' lang='lat'><strong>:</strong></span> <span class='ocrx_word' id='word_1_206' title='bbox 3730 1268 3797 1321; x_wconf 81' lang='lat' dir='ltr'><strong>Et</strong></span> 
     </span>
    </p>
   </div>
   <div class='ocr_carea' id='block_1_29' title="bbox 2210 1355 3464 1430">
    <p class='ocr_par' dir='ltr' id='par_1_29' title="bbox 2210 1355 3464 1430">
     <span class='ocr_line' id='line_1_29' title="bbox 2210 1355 3464 1430; baseline 0.004 -23"><span class='ocrx_word' id='word_1_207' title='bbox 2210 1365 2379 1408; x_wconf 78' lang='lat' dir='ltr'><strong>servat</strong></span> <span class='ocrx_word' id='word_1_208' title='bbox 2404 1373 2464 1409; x_wconf 88' lang='lat' dir='ltr'><strong>ea</strong></span> <span class='ocrx_word' id='word_1_209' title='bbox 2486 1373 2603 1427; x_wconf 73' lang='lat' dir='ltr'><strong>qua:</strong></span> <span class='ocrx_word' id='word_1_210' title='bbox 2628 1357 2681 1410; x_wconf 89' lang='lat' dir='ltr'><strong>in</strong></span> <span class='ocrx_word' id='word_1_211' title='bbox 2701 1355 2795 1410; x_wconf 87' lang='lat' dir='ltr'><strong>illa</strong></span> <span class='ocrx_word' id='word_1_212' title='bbox 2823 1358 3016 1426; x_wconf 83' lang='lat' dir='ltr'><strong>scripta</strong></span> <span class='ocrx_word' id='word_1_213' title='bbox 3041 1367 3162 1411; x_wconf 88' lang='lat' dir='ltr'><strong>sunt</strong></span> <span class='ocrx_word' id='word_1_214' title='bbox 3186 1358 3369 1429; x_wconf 79' lang='lat' dir='ltr'><strong>(Apoc.</strong></span> <span class='ocrx_word' id='word_1_215' title='bbox 3403 1358 3464 1430; x_wconf 83' lang='grc' dir='ltr'><strong>ι).</strong></span> 
     </span>
    </p>
   </div>
   <div class='ocr_carea' id='block_1_30' title="bbox 2294 1446 3801 1519">
    <p class='ocr_par' dir='ltr' id='par_1_30' title="bbox 2294 1446 3801 1519">
     <span class='ocr_line' id='line_1_30' title="bbox 2294 1446 3801 1519; baseline 0.003 -18"><span class='ocrx_word' id='word_1_216' title='bbox 2294 1446 2432 1513; x_wconf 84' lang='lat' dir='ltr'><strong>Quia</strong></span> <span class='ocrx_word' id='word_1_217' title='bbox 2479 1448 2526 1503; x_wconf 82' lang='lat' dir='ltr'><strong>si</strong></span> <span class='ocrx_word' id='word_1_218' title='bbox 2573 1450 2689 1519; x_wconf 89' lang='lat' dir='ltr'><strong>quis</strong></span> <span class='ocrx_word' id='word_1_219' title='bbox 2732 1448 2945 1502; x_wconf 82' lang='lat' dir='ltr'><strong>auditor</strong></span> <span class='ocrx_word' id='word_1_220' title='bbox 2993 1459 3064 1503; x_wconf 86' lang='lat' dir='ltr'><strong>est</strong></span> <span class='ocrx_word' id='word_1_221' title='bbox 3097 1449 3253 1515; x_wconf 68' lang='lat' dir='ltr'><strong>verbi,</strong></span> <span class='ocrx_word' id='word_1_222' title='bbox 3288 1459 3336 1503; x_wconf 90' lang='lat' dir='ltr'><strong>et</strong></span> <span class='ocrx_word' id='word_1_223' title='bbox 3370 1467 3471 1503; x_wconf 91' lang='lat' dir='ltr'><strong>non</strong></span> <span class='ocrx_word' id='word_1_224' title='bbox 3495 1449 3686 1519; x_wconf 78' lang='lat' dir='ltr'><strong>factor,</strong></span> <span class='ocrx_word' id='word_1_225' title='bbox 3713 1452 3801 1505; x_wconf 83' lang='lat' dir='ltr'><strong>hic</strong></span> 
     </span>
    </p>
   </div>
   <div class='ocr_carea' id='block_1_31' title="bbox 2212 1538 3799 1609">
    <p class='ocr_par' dir='ltr' id='par_1_31' title="bbox 2212 1538 3799 1609">
     <span class='ocr_line' id='line_1_31' title="bbox 2212 1538 3799 1609; baseline -0.001 -16"><span class='ocrx_word' id='word_1_226' title='bbox 2212 1540 2603 1609; x_wconf 83' lang='lat' dir='ltr'><strong>comparabitur</strong></span> <span class='ocrx_word' id='word_1_227' title='bbox 2627 1539 2737 1592; x_wconf 78' lang='lat' dir='ltr'><strong>viro</strong></span> <span class='ocrx_word' id='word_1_228' title='bbox 2766 1538 3119 1592; x_wconf 73' lang='lat' dir='ltr'><strong>consideranti</strong></span> <span class='ocrx_word' id='word_1_229' title='bbox 3141 1544 3340 1592; x_wconf 87' lang='lat' dir='ltr'><strong>vultum</strong></span> <span class='ocrx_word' id='word_1_230' title='bbox 3367 1539 3659 1593; x_wconf 71' lang='lat' dir='ltr'><strong>nativitatis</strong></span> <span class='ocrx_word' id='word_1_231' title='bbox 3685 1556 3799 1593; x_wconf 63' lang='lat' dir='ltr'><strong>sum</strong></span> 
     </span>
    </p>
   </div>
   <div class='ocr_carea' id='block_1_32' title="bbox 2210 1628 3797 1700">
    <p class='ocr_par' dir='ltr' id='par_1_32' title="bbox 2210 1628 3797 1700">
     <span class='ocr_line' id='line_1_32' title="bbox 2210 1628 3797 1700; baseline 0.001 -18"><span class='ocrx_word' id='word_1_232' title='bbox 2210 1630 2267 1684; x_wconf 91' lang='lat' dir='ltr'><strong>in</strong></span> <span class='ocrx_word' id='word_1_233' title='bbox 2300 1628 2526 1700; x_wconf 82' lang='lat' dir='ltr'><strong>speculo.</strong></span> <span class='ocrx_word' id='word_1_234' title='bbox 2556 1637 2661 1684; x_wconf 90' lang='lat' dir='ltr'><strong>etc.</strong></span> <span class='ocrx_word' id='word_1_235' title='bbox 2712 1629 2930 1683; x_wconf 77' lang='lat' dir='ltr'><strong>Vultum</strong></span> <span class='ocrx_word' id='word_1_236' title='bbox 2966 1629 3260 1682; x_wconf 76' lang='lat' dir='ltr'><strong>nativitatis</strong></span> <span class='ocrx_word' id='word_1_237' title='bbox 3299 1628 3431 1683; x_wconf 86' lang='lat' dir='ltr'><strong>dicit</strong></span> <span class='ocrx_word' id='word_1_238' title='bbox 3459 1628 3670 1683; x_wconf 79' lang='lat' dir='ltr'><strong>vultum</strong></span> <span class='ocrx_word' id='word_1_239' title='bbox 3711 1631 3797 1683; x_wconf 85' lang='lat' dir='ltr'><strong>iu-</strong></span> 
     </span>
    </p>
   </div>
   <div class='ocr_carea' id='block_1_33' title="bbox 608 1706 3795 1788">
    <p class='ocr_par' dir='ltr' id='par_1_33' title="bbox 608 1706 3795 1788">
     <span class='ocr_line' id='line_1_33' title="bbox 608 1706 3795 1788; baseline -0 -16"><span class='ocrx_word' id='word_1_240' title='bbox 608 1720 711 1775; x_wconf 83' lang='lat' dir='ltr'><strong>Ille</strong></span> <span class='ocrx_word' id='word_1_241' title='bbox 748 1736 829 1774; x_wconf 73' lang='lat' dir='ltr'><strong>me</strong></span> <span class='ocrx_word' id='word_1_242' title='bbox 866 1718 1196 1786; x_wconf 73' lang='lat' dir='ltr'><strong>clariﬁcaeit,</strong></span> <span class='ocrx_word' id='word_1_243' title='bbox 1234 1718 1359 1788; x_wconf 80' lang='lat' dir='ltr'><strong>quia</strong></span> <span class='ocrx_word' id='word_1_244' title='bbox 1398 1716 1465 1770; x_wconf 89' lang='lat' dir='ltr'><strong>de</strong></span> <span class='ocrx_word' id='word_1_245' title='bbox 1500 1732 1619 1770; x_wconf 85' lang='lat' dir='ltr'><strong>meo</strong></span> <span class='ocrx_word' id='word_1_246' title='bbox 1653 1713 1891 1784; x_wconf 79' lang='lat' dir='ltr'><strong>accipiet,</strong></span> <span class='ocrx_word' id='word_1_247' title='bbox 1933 1721 1980 1765; x_wconf 81' lang='lat' dir='ltr'><strong>et</strong></span> <span class='ocrx_word' id='word_1_248' title='bbox 2020 1727 2116 1764; x_wconf 80' lang='grc' dir='ltr'><strong>αη-</strong></span> <span class='ocrx_word' id='word_1_249' title='bbox 2143 1706 2189 1765; x_wconf 86' lang='grc' dir='ltr'><strong>Β</strong></span> <span class='ocrx_word' id='word_1_250' title='bbox 2218 1717 2427 1783; x_wconf 67' lang='lat' dir='ltr'><strong>fantire,</strong></span> <span class='ocrx_word' id='word_1_251' title='bbox 2464 1733 2583 1788; x_wconf 75' lang='lat' dir='ltr'><strong>qum</strong></span> <span class='ocrx_word' id='word_1_252' title='bbox 2614 1719 2849 1773; x_wconf 91' lang='lat' dir='ltr'><strong>nondum</strong></span> <span class='ocrx_word' id='word_1_253' title='bbox 2886 1719 2951 1772; x_wconf 89' lang='lat' dir='ltr'><strong>ad</strong></span> <span class='ocrx_word' id='word_1_254' title='bbox 2985 1717 3281 1787; x_wconf 87' lang='lat' dir='ltr'><strong>perfectum</strong></span> <span class='ocrx_word' id='word_1_255' title='bbox 3316 1719 3565 1787; x_wconf 86' lang='lat' dir='ltr'><strong>pervenit</strong></span> <span class='ocrx_word' id='word_1_256' title='bbox 3597 1719 3795 1772; x_wconf 84' lang='lat' dir='ltr'><strong>virum.</strong></span> 
     </span>
    </p>
   </div>
   <div class='ocr_carea' id='block_1_34' title="bbox 534 1800 2116 1878">
    <p class='ocr_par' dir='ltr' id='par_1_34' title="bbox 534 1800 2116 1878">
     <span class='ocr_line' id='line_1_34' title="bbox 534 1800 2116 1878; baseline -0.008 -13"><span class='ocrx_word' id='word_1_257' title='bbox 534 1810 797 1866; x_wconf 80' lang='lat' dir='ltr'><strong>nuntiabit</strong></span> <span class='ocrx_word' id='word_1_258' title='bbox 824 1809 988 1864; x_wconf 82' lang='lat' dir='ltr'><strong>vobis.</strong></span> <span class='ocrx_word' id='word_1_259' title='bbox 1044 1806 1281 1878; x_wconf 84' lang='lat' dir='ltr'><strong>Spiritus</strong></span> <span class='ocrx_word' id='word_1_260' title='bbox 1320 1807 1637 1862; x_wconf 79' lang='lat' dir='ltr'><strong>clariﬁcavit</strong></span> <span class='ocrx_word' id='word_1_261' title='bbox 1662 1804 1959 1867; x_wconf 81' lang='lat' dir='ltr'><strong>Christum,</strong></span> <span class='ocrx_word' id='word_1_262' title='bbox 1990 1800 2116 1870; x_wconf 83' lang='lat' dir='ltr'><strong>quia</strong></span> 
     </span>
    </p>
   </div>
   <div class='ocr_carea' id='block_1_35' title="bbox 534 1893 2116 1971">
    <p class='ocr_par' dir='ltr' id='par_1_35' title="bbox 534 1893 2116 1971">
     <span class='ocr_line' id='line_1_35' title="bbox 534 1893 2116 1971; baseline -0.008 -15"><span class='ocrx_word' id='word_1_263' title='bbox 534 1917 633 1971; x_wconf 84' lang='lat' dir='ltr'><strong>per</strong></span> <span class='ocrx_word' id='word_1_264' title='bbox 670 1915 803 1955; x_wconf 36' lang='lat' dir='ltr'><strong>eum.</strong></span> <span class='ocrx_word' id='word_1_265' title='bbox 825 1915 888 1955; x_wconf 85' lang='lat' dir='ltr'><strong>ea</strong></span> <span class='ocrx_word' id='word_1_266' title='bbox 925 1898 1165 1955; x_wconf 84' lang='lat' dir='ltr'><strong>charitas</strong></span> <span class='ocrx_word' id='word_1_267' title='bbox 1200 1897 1257 1951; x_wconf 90' lang='lat' dir='ltr'><strong>in</strong></span> <span class='ocrx_word' id='word_1_268' title='bbox 1295 1894 1552 1952; x_wconf 90' lang='lat' dir='ltr'><strong>cordibus</strong></span> <span class='ocrx_word' id='word_1_269' title='bbox 1590 1893 1978 1964; x_wconf 83' lang='lat' dir='ltr'><strong>discipulorum</strong></span> <span class='ocrx_word' id='word_1_270' title='bbox 2023 1903 2116 1944; x_wconf 84' lang='lat' dir='ltr'><strong>ac-</strong></span> 
     </span>
    </p>
   </div>
   <div class='ocr_carea' id='block_1_36' title="bbox 536 1985 2119 2059">
    <p class='ocr_par' dir='ltr' id='par_1_36' title="bbox 536 1985 2119 2059">
     <span class='ocr_line' id='line_1_36' title="bbox 536 1985 2119 2059; baseline -0.008 -11"><span class='ocrx_word' id='word_1_271' title='bbox 536 2007 699 2049; x_wconf 87' lang='lat' dir='ltr'><strong>censa</strong></span> <span class='ocrx_word' id='word_1_272' title='bbox 730 2000 832 2056; x_wconf 85' lang='lat' dir='ltr'><strong>est,</strong></span> <span class='ocrx_word' id='word_1_273' title='bbox 858 1999 919 2045; x_wconf 86' lang='lat' dir='ltr'><strong>ut</strong></span> <span class='ocrx_word' id='word_1_274' title='bbox 940 1988 1151 2059; x_wconf 73' lang='lat' dir='ltr'><strong>abiecto</strong></span> <span class='ocrx_word' id='word_1_275' title='bbox 1178 1990 1374 2044; x_wconf 89' lang='lat' dir='ltr'><strong>timore</strong></span> <span class='ocrx_word' id='word_1_276' title='bbox 1400 1987 1625 2051; x_wconf 83' lang='lat' dir='ltr'><strong>carnali,</strong></span> <span class='ocrx_word' id='word_1_277' title='bbox 1655 1985 1905 2041; x_wconf 69' lang='lat' dir='ltr'><strong>effectum</strong></span> <span class='ocrx_word' id='word_1_278' title='bbox 1935 1997 2119 2037; x_wconf 83' lang='lat' dir='ltr'><strong>resur-</strong></span> 
     </span>
    </p>
   </div>
   <div class='ocr_carea' id='block_1_37' title="bbox 538 2073 2120 2149">
    <p class='ocr_par' dir='ltr' id='par_1_37' title="bbox 538 2073 2120 2149">
     <span class='ocr_line' id='line_1_37' title="bbox 538 2073 2120 2149; baseline -0.006 -11"><span class='ocrx_word' id='word_1_279' title='bbox 538 2083 800 2138; x_wconf 82' lang='lat' dir='ltr'><strong>rectionis</strong></span> <span class='ocrx_word' id='word_1_280' title='bbox 843 2080 962 2149; x_wconf 72' lang='lat' dir='ltr'><strong>eius</strong></span> <span class='ocrx_word' id='word_1_281' title='bbox 1012 2086 1325 2135; x_wconf 77' lang='lat' dir='ltr'><strong>constanter</strong></span> <span class='ocrx_word' id='word_1_282' title='bbox 1371 2079 1761 2148; x_wconf 70' lang='lat' dir='ltr'><strong>pnedicarent,</strong></span> <span class='ocrx_word' id='word_1_283' title='bbox 1814 2076 1906 2145; x_wconf 85' lang='lat' dir='ltr'><strong>qui</strong></span> <span class='ocrx_word' id='word_1_284' title='bbox 1957 2073 2120 2145; x_wconf 89' lang='lat' dir='ltr'><strong>paulo</strong></span> 
     </span>
    </p>
   </div>
   <div class='ocr_carea' id='block_1_38' title="bbox 537 2166 2119 2239">
    <p class='ocr_par' dir='ltr' id='par_1_38' title="bbox 537 2166 2119 2239">
     <span class='ocr_line' id='line_1_38' title="bbox 537 2166 2119 2239; baseline -0.005 -13"><span class='ocrx_word' id='word_1_285' title='bbox 537 2180 667 2226; x_wconf 84' lang='lat' dir='ltr'><strong>ante</strong></span> <span class='ocrx_word' id='word_1_286' title='bbox 705 2180 944 2239; x_wconf 83' lang='lat' dir='ltr'><strong>tempore</strong></span> <span class='ocrx_word' id='word_1_287' title='bbox 977 2169 1250 2239; x_wconf 84' lang='lat' dir='ltr'><strong>passionis</strong></span> <span class='ocrx_word' id='word_1_288' title='bbox 1288 2167 1466 2238; x_wconf 84' lang='lat' dir='ltr'><strong>pavidi</strong></span> <span class='ocrx_word' id='word_1_289' title='bbox 1514 2166 1746 2221; x_wconf 81' lang='lat' dir='ltr'><strong>fuerant.</strong></span> <span class='ocrx_word' id='word_1_290' title='bbox 1797 2166 1948 2222; x_wconf 79' lang='lat' dir='ltr'><strong>Unde</strong></span> <span class='ocrx_word' id='word_1_291' title='bbox 1983 2166 2119 2220; x_wconf 84' lang='lat' dir='ltr'><strong>scri-</strong></span> 
     </span>
    </p>
   </div>
   <div class='ocr_carea' id='block_1_39' title="bbox 539 2256 2114 2333">
    <p class='ocr_par' dir='ltr' id='par_1_39' title="bbox 539 2256 2114 2333">
     <span class='ocr_line' id='line_1_39' title="bbox 539 2256 2114 2333; baseline -0.006 -13"><span class='ocrx_word' id='word_1_292' title='bbox 539 2273 692 2333; x_wconf 86' lang='lat' dir='ltr'><strong>ptum</strong></span> <span class='ocrx_word' id='word_1_293' title='bbox 725 2271 809 2319; x_wconf 85' lang='lat' dir='ltr'><strong>est</strong></span> <span class='ocrx_word' id='word_1_294' title='bbox 836 2281 852 2318; x_wconf 88' lang='lat'><strong>:</strong></span> <span class='ocrx_word' id='word_1_295' title='bbox 878 2262 946 2317; x_wconf 87' lang='lat' dir='ltr'><strong>Et</strong></span> <span class='ocrx_word' id='word_1_296' title='bbox 973 2260 1153 2333; x_wconf 85' lang='lat' dir='ltr'><strong>repleti</strong></span> <span class='ocrx_word' id='word_1_297' title='bbox 1181 2270 1300 2315; x_wconf 84' lang='lat' dir='ltr'><strong>sunt</strong></span> <span class='ocrx_word' id='word_1_298' title='bbox 1330 2274 1507 2314; x_wconf 70' lang='lat' dir='ltr'><strong>omnes</strong></span> <span class='ocrx_word' id='word_1_299' title='bbox 1536 2259 1739 2328; x_wconf 82' lang='lat' dir='ltr'><strong>Spiritu</strong></span> <span class='ocrx_word' id='word_1_300' title='bbox 1769 2266 1949 2312; x_wconf 84' lang='lat' dir='ltr'><strong>sancto</strong></span> <span class='ocrx_word' id='word_1_301' title='bbox 1978 2256 2114 2328; x_wconf 75' lang='lat' dir='ltr'><strong>(Act.</strong></span> 
     </span>
    </p>
   </div>
   <div class='ocr_carea' id='block_1_40' title="bbox 541 2347 2114 2428">
    <p class='ocr_par' dir='ltr' id='par_1_40' title="bbox 541 2347 2114 2428">
     <span class='ocr_line' id='line_1_40' title="bbox 541 2347 2114 2428; baseline -0.006 -17"><span class='ocrx_word' id='word_1_302' title='bbox 541 2355 641 2428; x_wconf 76' lang='grc' dir='ltr'><strong>ιι),</strong></span> <span class='ocrx_word' id='word_1_303' title='bbox 668 2368 715 2411; x_wconf 89' lang='lat' dir='ltr'><strong>et</strong></span> <span class='ocrx_word' id='word_1_304' title='bbox 744 2355 1090 2427; x_wconf 76' lang='lat' dir='ltr'><strong>loquebantur</strong></span> <span class='ocrx_word' id='word_1_305' title='bbox 1109 2353 1318 2408; x_wconf 73' lang='lat' dir='ltr'><strong>verbum</strong></span> <span class='ocrx_word' id='word_1_306' title='bbox 1344 2351 1445 2405; x_wconf 88' lang='lat' dir='ltr'><strong>Dei</strong></span> <span class='ocrx_word' id='word_1_307' title='bbox 1478 2366 1597 2404; x_wconf 88' lang='lat' dir='ltr'><strong>cum</strong></span> <span class='ocrx_word' id='word_1_308' title='bbox 1631 2349 1826 2419; x_wconf 80' lang='lat' dir='ltr'><strong>ﬁducia</strong></span> <span class='ocrx_word' id='word_1_309' title='bbox 1867 2347 2114 2420; x_wconf 82' lang='lat' dir='ltr'><strong>(Act.tv).</strong></span> 
     </span>
    </p>
   </div>
   <div class='ocr_carea' id='block_1_41' title="bbox 542 2439 2117 2517">
    <p class='ocr_par' dir='ltr' id='par_1_41' title="bbox 542 2439 2117 2517">
     <span class='ocr_line' id='line_1_41' title="bbox 542 2439 2117 2517; baseline -0.006 -16"><span class='ocrx_word' id='word_1_310' title='bbox 542 2447 777 2517; x_wconf 84' lang='lat' dir='ltr'><strong>Spiritus</strong></span> <span class='ocrx_word' id='word_1_311' title='bbox 823 2444 1144 2500; x_wconf 85' lang='lat' dir='ltr'><strong>clarificavit</strong></span> <span class='ocrx_word' id='word_1_312' title='bbox 1181 2442 1485 2502; x_wconf 85' lang='lat' dir='ltr'><strong>Christum.</strong></span> <span class='ocrx_word' id='word_1_313' title='bbox 1530 2454 1651 2496; x_wconf 89' lang='lat' dir='ltr'><strong>cum</strong></span> <span class='ocrx_word' id='word_1_314' title='bbox 1700 2440 1901 2511; x_wconf 81' lang='lat' dir='ltr'><strong>impleti</strong></span> <span class='ocrx_word' id='word_1_315' title='bbox 1946 2439 2117 2509; x_wconf 84' lang='lat' dir='ltr'><strong>gratia</strong></span> 
     </span>
    </p>
   </div>
   <div class='ocr_carea' id='block_1_42' title="bbox 539 2520 2116 2611">
    <p class='ocr_par' dir='ltr' id='par_1_42' title="bbox 539 2520 2116 2611">
     <span class='ocr_line' id='line_1_42' title="bbox 539 2520 2116 2611; baseline -0.008 -17"><span class='ocrx_word' id='word_1_316' title='bbox 539 2537 796 2611; x_wconf 80' lang='lat' dir='ltr'><strong>spiritali,</strong></span> <span class='ocrx_word' id='word_1_317' title='bbox 844 2520 1099 2592; x_wconf 87' lang='lat' dir='ltr'><strong>doctores</strong></span> <span class='ocrx_word' id='word_1_318' title='bbox 1142 2534 1314 2591; x_wconf 89' lang='lat' dir='ltr'><strong>sancti</strong></span> <span class='ocrx_word' id='word_1_319' title='bbox 1354 2541 1434 2588; x_wconf 92' lang='lat' dir='ltr'><strong>tot</strong></span> <span class='ocrx_word' id='word_1_320' title='bbox 1471 2540 1527 2588; x_wconf 85' lang='lat' dir='ltr'><strong>et</strong></span> <span class='ocrx_word' id='word_1_321' title='bbox 1573 2541 1721 2587; x_wconf 85' lang='lat' dir='ltr'><strong>tanta</strong></span> <span class='ocrx_word' id='word_1_322' title='bbox 1764 2530 2019 2589; x_wconf 87' lang='lat' dir='ltr'><strong>miracula</strong></span> <span class='ocrx_word' id='word_1_323' title='bbox 2065 2530 2116 2583; x_wconf 91' lang='lat' dir='ltr'><strong>in</strong></span> 
     </span>
    </p>
   </div>
   <div class='ocr_carea' id='block_1_43' title="bbox 543 2620 2119 2694">
    <p class='ocr_par' dir='ltr' id='par_1_43' title="bbox 543 2620 2119 2694">
     <span class='ocr_line' id='line_1_43' title="bbox 543 2620 2119 2694; baseline -0.008 -9"><span class='ocrx_word' id='word_1_324' title='bbox 543 2629 760 2685; x_wconf 85' lang='lat' dir='ltr'><strong>nomine</strong></span> <span class='ocrx_word' id='word_1_325' title='bbox 794 2628 997 2683; x_wconf 77' lang='lat' dir='ltr'><strong>Christi</strong></span> <span class='ocrx_word' id='word_1_326' title='bbox 1043 2626 1311 2690; x_wconf 85' lang='lat' dir='ltr'><strong>fecerunt,</strong></span> <span class='ocrx_word' id='word_1_327' title='bbox 1353 2625 1549 2694; x_wconf 86' lang='lat' dir='ltr'><strong>quibus</strong></span> <span class='ocrx_word' id='word_1_328' title='bbox 1600 2624 1786 2677; x_wconf 78' lang='lat' dir='ltr'><strong>urbem</strong></span> <span class='ocrx_word' id='word_1_329' title='bbox 1835 2629 2005 2675; x_wconf 80' lang='lat' dir='ltr'><strong>toturn</strong></span> <span class='ocrx_word' id='word_1_330' title='bbox 2052 2620 2119 2673; x_wconf 85' lang='lat' dir='ltr'><strong>ad</strong></span> 
     </span>
    </p>
   </div>
   <div class='ocr_carea' id='block_1_44' title="bbox 544 2707 2118 2779">
    <p class='ocr_par' dir='ltr' id='par_1_44' title="bbox 544 2707 2118 2779">
     <span class='ocr_line' id='line_1_44' title="bbox 544 2707 2118 2779; baseline -0.007 -7"><span class='ocrx_word' id='word_1_331' title='bbox 544 2718 705 2773; x_wconf 84' lang='lat' dir='ltr'><strong>fidem</strong></span> <span class='ocrx_word' id='word_1_332' title='bbox 736 2716 939 2772; x_wconf 81' lang='lat' dir='ltr'><strong>Christi</strong></span> <span class='ocrx_word' id='word_1_333' title='bbox 967 2722 1370 2779; x_wconf 79' lang='lat' dir='ltr'><strong>converterent,</strong></span> <span class='ocrx_word' id='word_1_334' title='bbox 1399 2720 1477 2769; x_wconf 89' lang='lat' dir='ltr'><strong>tot</strong></span> <span class='ocrx_word' id='word_1_335' title='bbox 1504 2727 1569 2767; x_wconf 89' lang='lat' dir='ltr'><strong>ac</strong></span> <span class='ocrx_word' id='word_1_336' title='bbox 1599 2720 1769 2775; x_wconf 89' lang='lat' dir='ltr'><strong>tanta,</strong></span> <span class='ocrx_word' id='word_1_337' title='bbox 1794 2724 1893 2779; x_wconf 89' lang='lat' dir='ltr'><strong>pro</strong></span> <span class='ocrx_word' id='word_1_338' title='bbox 1919 2707 2118 2763; x_wconf 81' lang='lat' dir='ltr'><strong>Christi</strong></span> 
     </span>
    </p>
   </div>
   <div class='ocr_carea' id='block_1_45' title="bbox 544 2797 2120 2875">
    <p class='ocr_par' dir='ltr' id='par_1_45' title="bbox 544 2797 2120 2875">
     <span class='ocr_line' id='line_1_45' title="bbox 544 2797 2120 2875; baseline -0.006 -15"><span class='ocrx_word' id='word_1_339' title='bbox 544 2807 782 2871; x_wconf 75' lang='lat' dir='ltr'><strong>neruine,</strong></span> <span class='ocrx_word' id='word_1_340' title='bbox 819 2804 1131 2875; x_wconf 84' lang='lat' dir='ltr'><strong>passionum</strong></span> <span class='ocrx_word' id='word_1_341' title='bbox 1160 2803 1458 2859; x_wconf 83' lang='lat' dir='ltr'><strong>certamina</strong></span> <span class='ocrx_word' id='word_1_342' title='bbox 1496 2800 1852 2871; x_wconf 85' lang='lat' dir='ltr'><strong>pertulerunt.</strong></span> <span class='ocrx_word' id='word_1_343' title='bbox 1908 2797 2120 2852; x_wconf 79' lang='lat' dir='ltr'><strong>Clariﬂ-</strong></span> 
     </span>
    </p>
   </div>
   <div class='ocr_carea' id='block_1_46' title="bbox 455 2888 2116 2963">
    <p class='ocr_par' dir='ltr' id='par_1_46' title="bbox 455 2888 2116 2963">
     <span class='ocr_line' id='line_1_46' title="bbox 455 2888 2116 2963; baseline -0.006 -12"><span class='ocrx_word' id='word_1_344' title='bbox 455 2937 463 2945; x_wconf 89' lang='lat'><strong>.</strong></span> <span class='ocrx_word' id='word_1_345' title='bbox 543 2904 654 2963; x_wconf 87' lang='lat' dir='ltr'><strong>cat,</strong></span> <span class='ocrx_word' id='word_1_346' title='bbox 696 2896 822 2951; x_wconf 92' lang='lat' dir='ltr'><strong>dum</strong></span> <span class='ocrx_word' id='word_1_347' title='bbox 861 2895 1162 2949; x_wconf 85' lang='lat' dir='ltr'><strong>claritatem</strong></span> <span class='ocrx_word' id='word_1_348' title='bbox 1209 2893 1264 2948; x_wconf 88' lang='lat' dir='ltr'><strong>in</strong></span> <span class='ocrx_word' id='word_1_349' title='bbox 1303 2894 1558 2949; x_wconf 86' lang='lat' dir='ltr'><strong>cordibus</strong></span> <span class='ocrx_word' id='word_1_350' title='bbox 1603 2892 1803 2947; x_wconf 83' lang='lat' dir='ltr'><strong>nostris</strong></span> <span class='ocrx_word' id='word_1_351' title='bbox 1847 2888 2116 2952; x_wconf 74' lang='lat' dir='ltr'><strong>diffundit,</strong></span> 
     </span>
    </p>
   </div>
   <div class='ocr_carea' id='block_1_47' title="bbox 544 2983 2119 3058">
    <p class='ocr_par' dir='ltr' id='par_1_47' title="bbox 544 2983 2119 3058">
     <span class='ocr_line' id='line_1_47' title="bbox 544 2983 2119 3058; baseline -0.006 -14"><span class='ocrx_word' id='word_1_352' title='bbox 544 2998 598 3044; x_wconf 88' lang='lat' dir='ltr'><strong>et</strong></span> <span class='ocrx_word' id='word_1_353' title='bbox 638 2995 855 3043; x_wconf 64' lang='lat' dir='ltr'><strong>aeterna:</strong></span> <span class='ocrx_word' id='word_1_354' title='bbox 900 2987 1370 3058; x_wconf 12' lang='lat' dir='ltr'><strong>patriaegamorem</strong></span> <span class='ocrx_word' id='word_1_355' title='bbox 1421 2986 1668 3056; x_wconf 86' lang='lat' dir='ltr'><strong>inspirat.</strong></span> <span class='ocrx_word' id='word_1_356' title='bbox 1720 2983 1859 3050; x_wconf 82' lang='lat' dir='ltr'><strong>Quia</strong></span> <span class='ocrx_word' id='word_1_357' title='bbox 1905 2983 1971 3036; x_wconf 89' lang='lat' dir='ltr'><strong>de</strong></span> <span class='ocrx_word' id='word_1_358' title='bbox 2003 2997 2119 3035; x_wconf 84' lang='lat' dir='ltr'><strong>meo</strong></span> 
     </span>
    </p>
   </div>
   <div class='ocr_carea' id='block_1_48' title="bbox 2218 1796 3807 1879">
    <p class='ocr_par' dir='ltr' id='par_1_48' title="bbox 2218 1796 3807 1879">
     <span class='ocr_line' id='line_1_48' title="bbox 2218 1796 3807 1879; baseline -0.002 -15"><span class='ocrx_word' id='word_1_359' title='bbox 2218 1810 2332 1865; x_wconf 80' lang='lat' dir='ltr'><strong>Mos</strong></span> <span class='ocrx_word' id='word_1_360' title='bbox 2358 1811 2646 1865; x_wconf 90' lang='lat' dir='ltr'><strong>mulierum</strong></span> <span class='ocrx_word' id='word_1_361' title='bbox 2684 1818 2770 1865; x_wconf 84' lang='lat' dir='ltr'><strong>est</strong></span> <span class='ocrx_word' id='word_1_362' title='bbox 2806 1810 3053 1879; x_wconf 85' lang='lat' dir='ltr'><strong>aspicere</strong></span> <span class='ocrx_word' id='word_1_363' title='bbox 3088 1824 3146 1864; x_wconf 90' lang='lat' dir='ltr'><strong>sc</strong></span> <span class='ocrx_word' id='word_1_364' title='bbox 3179 1809 3231 1863; x_wconf 93' lang='lat' dir='ltr'><strong>in</strong></span> <span class='ocrx_word' id='word_1_365' title='bbox 3260 1810 3515 1879; x_wconf 85' lang='lat' dir='ltr'><strong>speculis,</strong></span> <span class='ocrx_word' id='word_1_366' title='bbox 3552 1817 3612 1863; x_wconf 91' lang='lat' dir='ltr'><strong>ut</strong></span> <span class='ocrx_word' id='word_1_367' title='bbox 3638 1796 3807 1879; x_wconf 74' lang='lat' dir='ltr'><strong>quid-</strong></span> 
     </span>
    </p>
   </div>
   <div class='ocr_carea' id='block_1_49' title="bbox 2216 1900 3796 1972">
    <p class='ocr_par' dir='ltr' id='par_1_49' title="bbox 2216 1900 3796 1972">
     <span class='ocr_line' id='line_1_49' title="bbox 2216 1900 3796 1972; baseline -0.003 -14"><span class='ocrx_word' id='word_1_368' title='bbox 2216 1902 2346 1972; x_wconf 85' lang='lat' dir='ltr'><strong>quid</strong></span> <span class='ocrx_word' id='word_1_369' title='bbox 2390 1900 2443 1956; x_wconf 90' lang='lat' dir='ltr'><strong>in</strong></span> <span class='ocrx_word' id='word_1_370' title='bbox 2492 1916 2550 1956; x_wconf 90' lang='lat' dir='ltr'><strong>se</strong></span> <span class='ocrx_word' id='word_1_371' title='bbox 2584 1901 2859 1956; x_wconf 82' lang='lat' dir='ltr'><strong>sordidum</strong></span> <span class='ocrx_word' id='word_1_372' title='bbox 2904 1900 3300 1970; x_wconf 77' lang='lat' dir='ltr'><strong>perspexerint,</strong></span> <span class='ocrx_word' id='word_1_373' title='bbox 3350 1908 3445 1953; x_wconf 91' lang='lat' dir='ltr'><strong>aut</strong></span> <span class='ocrx_word' id='word_1_374' title='bbox 3494 1915 3603 1953; x_wconf 89' lang='lat' dir='ltr'><strong>non</strong></span> <span class='ocrx_word' id='word_1_375' title='bbox 3660 1903 3796 1953; x_wconf 70' lang='lat' dir='ltr'><strong>bene</strong></span> 
     </span>
    </p>
   </div>
   <div class='ocr_carea' id='block_1_50' title="bbox 2216 1990 3802 2062">
    <p class='ocr_par' dir='ltr' id='par_1_50' title="bbox 2216 1990 3802 2062">
     <span class='ocr_line' id='line_1_50' title="bbox 2216 1990 3802 2062; baseline -0.001 -15"><span class='ocrx_word' id='word_1_376' title='bbox 2216 1990 2572 2062; x_wconf 89' lang='lat' dir='ltr'><strong>compositum</strong></span> <span class='ocrx_word' id='word_1_377' title='bbox 2602 2033 2615 2056; x_wconf 92' lang='lat'><strong>,</strong></span> <span class='ocrx_word' id='word_1_378' title='bbox 2664 1990 2716 2045; x_wconf 91' lang='lat' dir='ltr'><strong>in</strong></span> <span class='ocrx_word' id='word_1_379' title='bbox 2765 1991 2958 2045; x_wconf 90' lang='lat' dir='ltr'><strong>melius</strong></span> <span class='ocrx_word' id='word_1_380' title='bbox 3004 1991 3328 2054; x_wconf 84' lang='lat' dir='ltr'><strong>emendato,</strong></span> <span class='ocrx_word' id='word_1_381' title='bbox 3378 1992 3490 2045; x_wconf 90' lang='lat' dir='ltr'><strong>suis</strong></span> <span class='ocrx_word' id='word_1_382' title='bbox 3543 2001 3802 2061; x_wconf 80' lang='lat' dir='ltr'><strong>satagunt</strong></span> 
     </span>
    </p>
   </div>
   <div class='ocr_carea' id='block_1_51' title="bbox 2214 2080 3800 2151">
    <p class='ocr_par' dir='ltr' id='par_1_51' title="bbox 2214 2080 3800 2151">
     <span class='ocr_line' id='line_1_51' title="bbox 2214 2080 3800 2151; baseline -0.001 -17"><span class='ocrx_word' id='word_1_383' title='bbox 2214 2082 2429 2151; x_wconf 86' lang='lat' dir='ltr'><strong>placere</strong></span> <span class='ocrx_word' id='word_1_384' title='bbox 2483 2080 2711 2135; x_wconf 85' lang='lat' dir='ltr'><strong>maritis.</strong></span> <span class='ocrx_word' id='word_1_385' title='bbox 2761 2080 2913 2147; x_wconf 88' lang='lat' dir='ltr'><strong>Quod</strong></span> <span class='ocrx_word' id='word_1_386' title='bbox 2966 2081 3146 2135; x_wconf 84' lang='lat' dir='ltr'><strong>facere</strong></span> <span class='ocrx_word' id='word_1_387' title='bbox 3195 2082 3471 2136; x_wconf 77' lang='lat' dir='ltr'><strong>moraliter</strong></span> <span class='ocrx_word' id='word_1_388' title='bbox 3512 2081 3800 2136; x_wconf 90' lang='lat' dir='ltr'><strong>animabus</strong></span> 
     </span>
    </p>
   </div>
   <div class='ocr_carea' id='block_1_52' title="bbox 2217 2170 3801 2241">
    <p class='ocr_par' dir='ltr' id='par_1_52' title="bbox 2217 2170 3801 2241">
     <span class='ocr_line' id='line_1_52' title="bbox 2217 2170 3801 2241; baseline -0.003 -14"><span class='ocrx_word' id='word_1_389' title='bbox 2217 2171 2468 2227; x_wconf 82' lang='lat' dir='ltr'><strong>conven‘it</strong></span> <span class='ocrx_word' id='word_1_390' title='bbox 2496 2171 2717 2225; x_wconf 89' lang='lat' dir='ltr'><strong>nostris.</strong></span> <span class='ocrx_word' id='word_1_391' title='bbox 2754 2170 3020 2225; x_wconf 83' lang='lat' dir='ltr'><strong>Debemus</strong></span> <span class='ocrx_word' id='word_1_392' title='bbox 3048 2172 3246 2225; x_wconf 89' lang='lat' dir='ltr'><strong>etenim</strong></span> <span class='ocrx_word' id='word_1_393' title='bbox 3279 2187 3381 2227; x_wconf 87' lang='lat' dir='ltr'><strong>nos</strong></span> <span class='ocrx_word' id='word_1_394' title='bbox 3414 2172 3470 2226; x_wconf 93' lang='lat' dir='ltr'><strong>in</strong></span> <span class='ocrx_word' id='word_1_395' title='bbox 3496 2170 3801 2241; x_wconf 77' lang='lat' dir='ltr'><strong>Evangelii,</strong></span> 
     </span>
    </p>
   </div>
   <div class='ocr_carea' id='block_1_53' title="bbox 2217 2259 3804 2331">
    <p class='ocr_par' dir='ltr' id='par_1_53' title="bbox 2217 2259 3804 2331">
     <span class='ocr_line' id='line_1_53' title="bbox 2217 2259 3804 2331; baseline -0.003 -16"><span class='ocrx_word' id='word_1_396' title='bbox 2217 2276 2310 2315; x_wconf 87' lang='lat' dir='ltr'><strong>seu</strong></span> <span class='ocrx_word' id='word_1_397' title='bbox 2359 2263 2607 2316; x_wconf 90' lang='lat' dir='ltr'><strong>omnium</strong></span> <span class='ocrx_word' id='word_1_398' title='bbox 2658 2260 2965 2315; x_wconf 88' lang='lat' dir='ltr'><strong>divinarum</strong></span> <span class='ocrx_word' id='word_1_399' title='bbox 3016 2259 3423 2331; x_wconf 89' lang='lat' dir='ltr'><strong>Scripturarum</strong></span> <span class='ocrx_word' id='word_1_400' title='bbox 3480 2261 3804 2329; x_wconf 83' lang='lat' dir='ltr'><strong>conspicere</strong></span> 
     </span>
    </p>
   </div>
   <div class='ocr_carea' id='block_1_54' title="bbox 2217 2350 3803 2424">
    <p class='ocr_par' dir='ltr' id='par_1_54' title="bbox 2217 2350 3803 2424">
     <span class='ocr_line' id='line_1_54' title="bbox 2217 2350 3803 2424; baseline -0.004 -16"><span class='ocrx_word' id='word_1_401' title='bbox 2217 2354 2456 2424; x_wconf 88' lang='lat' dir='ltr'><strong>speculo,</strong></span> <span class='ocrx_word' id='word_1_402' title='bbox 2495 2361 2551 2407; x_wconf 91' lang='lat' dir='ltr'><strong>et</strong></span> <span class='ocrx_word' id='word_1_403' title='bbox 2590 2352 2849 2422; x_wconf 84' lang='lat' dir='ltr'><strong>depositis</strong></span> <span class='ocrx_word' id='word_1_404' title='bbox 2897 2350 3149 2405; x_wconf 88' lang='lat' dir='ltr'><strong>sordibus</strong></span> <span class='ocrx_word' id='word_1_405' title='bbox 3195 2350 3509 2419; x_wconf 87' lang='lat' dir='ltr'><strong>ornatisque</strong></span> <span class='ocrx_word' id='word_1_406' title='bbox 3558 2350 3803 2403; x_wconf 59' lang='lat' dir='ltr'><strong>moribus</strong></span> 
     </span>
    </p>
   </div>
   <div class='ocr_carea' id='block_1_55' title="bbox 2218 2440 3798 2511">
    <p class='ocr_par' dir='ltr' id='par_1_55' title="bbox 2218 2440 3798 2511">
     <span class='ocr_line' id='line_1_55' title="bbox 2218 2440 3798 2511; baseline -0.005 -11"><span class='ocrx_word' id='word_1_407' title='bbox 2218 2446 2519 2500; x_wconf 89' lang='lat' dir='ltr'><strong>animarum</strong></span> <span class='ocrx_word' id='word_1_408' title='bbox 2548 2452 2855 2499; x_wconf 90' lang='lat' dir='ltr'><strong>nostrarum</strong></span> <span class='ocrx_word' id='word_1_409' title='bbox 2876 2483 2890 2507; x_wconf 93' lang='lat'><strong>,</strong></span> <span class='ocrx_word' id='word_1_410' title='bbox 2932 2441 3150 2496; x_wconf 90' lang='lat' dir='ltr'><strong>Christo</strong></span> <span class='ocrx_word' id='word_1_411' title='bbox 3179 2456 3309 2495; x_wconf 82' lang='lat' dir='ltr'><strong>vero</strong></span> <span class='ocrx_word' id='word_1_412' title='bbox 3335 2440 3548 2511; x_wconf 83' lang='lat' dir='ltr'><strong>placere</strong></span> <span class='ocrx_word' id='word_1_413' title='bbox 3579 2440 3798 2493; x_wconf 89' lang='lat' dir='ltr'><strong>marito.</strong></span> 
     </span>
    </p>
   </div>
   <div class='ocr_carea' id='block_1_56' title="bbox 2289 2531 3798 2605">
    <p class='ocr_par' dir='ltr' id='par_1_56' title="bbox 2289 2531 3798 2605">
     <span class='ocr_line' id='line_1_56' title="bbox 2289 2531 3798 2605; baseline -0.004 -17"><span class='ocrx_word' id='word_1_414' title='bbox 2289 2533 2598 2605; x_wconf 82' lang='lat' dir='ltr'><strong>Quicunque</strong></span> <span class='ocrx_word' id='word_1_415' title='bbox 2623 2531 2940 2605; x_wconf 63' lang='lat' dir='ltr'><strong>perspexerit</strong></span> <span class='ocrx_word' id='word_1_416' title='bbox 2968 2533 3023 2586; x_wconf 92' lang='lat' dir='ltr'><strong>in</strong></span> <span class='ocrx_word' id='word_1_417' title='bbox 3050 2531 3213 2602; x_wconf 86' lang='lat' dir='ltr'><strong>legem</strong></span> <span class='ocrx_word' id='word_1_418' title='bbox 3242 2532 3485 2601; x_wconf 69' lang='lat' dir='ltr'><strong>perfecta:</strong></span> <span class='ocrx_word' id='word_1_419' title='bbox 3519 2531 3798 2592; x_wconf 86' lang='lat' dir='ltr'><strong>libertatis,</strong></span> 
     </span>
    </p>
   </div>
   <div class='ocr_carea' id='block_1_57' title="bbox 2217 2621 3797 2697">
    <p class='ocr_par' dir='ltr' id='par_1_57' title="bbox 2217 2621 3797 2697">
     <span class='ocr_line' id='line_1_57' title="bbox 2217 2621 3797 2697; baseline -0.004 -17"><span class='ocrx_word' id='word_1_420' title='bbox 2217 2636 2265 2681; x_wconf 88' lang='lat' dir='ltr'><strong>et</strong></span> <span class='ocrx_word' id='word_1_421' title='bbox 2309 2626 2654 2697; x_wconf 83' lang='lat' dir='ltr'><strong>permanserit</strong></span> <span class='ocrx_word' id='word_1_422' title='bbox 2700 2626 2754 2678; x_wconf 91' lang='lat' dir='ltr'><strong>in</strong></span> <span class='ocrx_word' id='word_1_423' title='bbox 2795 2640 2877 2679; x_wconf 90' lang='lat' dir='ltr'><strong>ea.</strong></span> <span class='ocrx_word' id='word_1_424' title='bbox 2936 2622 3132 2694; x_wconf 81' lang='lat' dir='ltr'><strong>Legem</strong></span> <span class='ocrx_word' id='word_1_425' title='bbox 3174 2621 3466 2692; x_wconf 86' lang='lat' dir='ltr'><strong>perfectam</strong></span> <span class='ocrx_word' id='word_1_426' title='bbox 3515 2621 3797 2692; x_wconf 73' lang='lat' dir='ltr'><strong>Evangelii</strong></span> 
     </span>
    </p>
   </div>
   <div class='ocr_carea' id='block_1_58' title="bbox 2218 2711 3802 2784">
    <p class='ocr_par' dir='ltr' id='par_1_58' title="bbox 2218 2711 3802 2784">
     <span class='ocr_line' id='line_1_58' title="bbox 2218 2711 3802 2784; baseline -0.004 -13"><span class='ocrx_word' id='word_1_427' title='bbox 2218 2716 2378 2782; x_wconf 89' lang='lat' dir='ltr'><strong>dicit;</strong></span> <span class='ocrx_word' id='word_1_428' title='bbox 2409 2715 2547 2771; x_wconf 90' lang='lat' dir='ltr'><strong>nihil</strong></span> <span class='ocrx_word' id='word_1_429' title='bbox 2567 2715 2711 2769; x_wconf 90' lang='lat' dir='ltr'><strong>enim</strong></span> <span class='ocrx_word' id='word_1_430' title='bbox 2740 2715 2807 2769; x_wconf 91' lang='lat' dir='ltr'><strong>ad</strong></span> <span class='ocrx_word' id='word_1_431' title='bbox 2833 2712 3130 2784; x_wconf 86' lang='lat' dir='ltr'><strong>perfectum</strong></span> <span class='ocrx_word' id='word_1_432' title='bbox 3164 2712 3247 2766; x_wconf 80' lang='lat' dir='ltr'><strong>lex</strong></span> <span class='ocrx_word' id='word_1_433' title='bbox 3276 2712 3514 2767; x_wconf 87' lang='lat' dir='ltr'><strong>adducit.</strong></span> <span class='ocrx_word' id='word_1_434' title='bbox 3542 2711 3611 2765; x_wconf 84' lang='lat' dir='ltr'><strong>Et</strong></span> <span class='ocrx_word' id='word_1_435' title='bbox 3635 2712 3802 2766; x_wconf 89' lang='lat' dir='ltr'><strong>alibi:</strong></span> 
     </span>
    </p>
   </div>
   <div class='ocr_carea' id='block_1_59' title="bbox 2222 2802 3808 2875">
    <p class='ocr_par' dir='ltr' id='par_1_59' title="bbox 2222 2802 3808 2875">
     <span class='ocr_line' id='line_1_59' title="bbox 2222 2802 3808 2875; baseline -0.003 -14"><span class='ocrx_word' id='word_1_436' title='bbox 2222 2806 2345 2861; x_wconf 84' lang='lat' dir='ltr'><strong>Non</strong></span> <span class='ocrx_word' id='word_1_437' title='bbox 2403 2807 2541 2861; x_wconf 87' lang='lat' dir='ltr'><strong>enim</strong></span> <span class='ocrx_word' id='word_1_438' title='bbox 2590 2805 2860 2875; x_wconf 84' lang='lat' dir='ltr'><strong>accepistis</strong></span> <span class='ocrx_word' id='word_1_439' title='bbox 2901 2803 3141 2874; x_wconf 78' lang='lat' dir='ltr'><strong>spiritum</strong></span> <span class='ocrx_word' id='word_1_440' title='bbox 3203 2804 3465 2857; x_wconf 83' lang='lat' dir='ltr'><strong>servitutis</strong></span> <span class='ocrx_word' id='word_1_441' title='bbox 3509 2803 3699 2855; x_wconf 79' lang='lat' dir='ltr'><strong>iterum</strong></span> <span class='ocrx_word' id='word_1_442' title='bbox 3748 2802 3808 2856; x_wconf 81' lang='lat' dir='ltr'><strong>in</strong></span> 
     </span>
    </p>
   </div>
   <div class='ocr_carea' id='block_1_60' title="bbox 2219 2891 3800 2964">
    <p class='ocr_par' dir='ltr' id='par_1_60' title="bbox 2219 2891 3800 2964">
     <span class='ocr_line' id='line_1_60' title="bbox 2219 2891 3800 2964; baseline -0.003 -15"><span class='ocrx_word' id='word_1_443' title='bbox 2219 2895 2429 2960; x_wconf 84' lang='lat' dir='ltr'><strong>timore,</strong></span> <span class='ocrx_word' id='word_1_444' title='bbox 2478 2895 2571 2949; x_wconf 80' lang='lat' dir='ltr'><strong>sed</strong></span> <span class='ocrx_word' id='word_1_445' title='bbox 2604 2893 2877 2964; x_wconf 86' lang='lat' dir='ltr'><strong>accepistis</strong></span> <span class='ocrx_word' id='word_1_446' title='bbox 2922 2893 3163 2963; x_wconf 79' lang='lat' dir='ltr'><strong>spiritum</strong></span> <span class='ocrx_word' id='word_1_447' title='bbox 3220 2891 3519 2962; x_wconf 83' lang='lat' dir='ltr'><strong>adoptionis</strong></span> <span class='ocrx_word' id='word_1_448' title='bbox 3565 2891 3800 2961; x_wconf 80' lang='lat' dir='ltr'><strong>ﬁliorum</strong></span> 
     </span>
    </p>
   </div>
   <div class='ocr_carea' id='block_1_61' title="bbox 2221 2983 3807 3059">
    <p class='ocr_par' dir='ltr' id='par_1_61' title="bbox 2221 2983 3807 3059">
     <span class='ocr_line' id='line_1_61' title="bbox 2221 2983 3807 3059; baseline -0.001 -19"><span class='ocrx_word' id='word_1_449' title='bbox 2221 2985 2398 3059; x_wconf 80' lang='lat' dir='ltr'><strong>(Rom.</strong></span> <span class='ocrx_word' id='word_1_450' title='bbox 2424 2986 2567 3058; x_wconf 72' lang='grc' dir='ltr'><strong>πη).</strong></span> <span class='ocrx_word' id='word_1_451' title='bbox 2592 2986 2657 3040; x_wconf 80' lang='lat' dir='ltr'><strong>Et</strong></span> <span class='ocrx_word' id='word_1_452' title='bbox 2679 2987 2874 3041; x_wconf 88' lang='lat' dir='ltr'><strong>iterum</strong></span> <span class='ocrx_word' id='word_1_453' title='bbox 2903 3003 2916 3039; x_wconf 91' lang='lat'><strong>:</strong></span> <span class='ocrx_word' id='word_1_454' title='bbox 2944 2983 3044 3039; x_wconf 85' lang='lat' dir='ltr'><strong>Ubi</strong></span> <span class='ocrx_word' id='word_1_455' title='bbox 3066 2986 3201 3039; x_wconf 86' lang='lat' dir='ltr'><strong>enim</strong></span> <span class='ocrx_word' id='word_1_456' title='bbox 3223 2986 3444 3056; x_wconf 84' lang='lat' dir='ltr'><strong>spiritus</strong></span> <span class='ocrx_word' id='word_1_457' title='bbox 3463 2984 3698 3050; x_wconf 84' lang='lat' dir='ltr'><strong>Domini,</strong></span> <span class='ocrx_word' id='word_1_458' title='bbox 3730 2987 3807 3039; x_wconf 79' lang='lat' dir='ltr'><strong>ibi</strong></span> 
     </span>
    </p>
   </div>
   <div class='ocr_carea' id='block_1_62' title="bbox 542 3053 3798 3149">
    <p class='ocr_par' dir='ltr' id='par_1_62' title="bbox 542 3053 3798 3149">
     <span class='ocr_line' id='line_1_62' title="bbox 542 3053 3798 3149; baseline 0 -18"><span class='ocrx_word' id='word_1_459' title='bbox 542 3079 780 3149; x_wconf 78' lang='lat' dir='ltr'><strong>accipiet,</strong></span> <span class='ocrx_word' id='word_1_460' title='bbox 817 3087 866 3134; x_wconf 88' lang='lat' dir='ltr'><strong>et</strong></span> <span class='ocrx_word' id='word_1_461' title='bbox 900 3053 1233 3131; x_wconf 76' lang='lat' dir='ltr'><strong>animatiabit</strong></span> <span class='ocrx_word' id='word_1_462' title='bbox 1263 3077 1427 3143; x_wconf 80' lang='lat' dir='ltr'><strong>vobis,</strong></span> <span class='ocrx_word' id='word_1_463' title='bbox 1467 3053 1524 3131; x_wconf 85' lang='lat' dir='ltr'><strong>id</strong></span> <span class='ocrx_word' id='word_1_464' title='bbox 1548 3084 1654 3142; x_wconf 89' lang='lat' dir='ltr'><strong>est,</strong></span> <span class='ocrx_word' id='word_1_465' title='bbox 1682 3075 1749 3130; x_wconf 91' lang='lat' dir='ltr'><strong>de</strong></span> <span class='ocrx_word' id='word_1_466' title='bbox 1782 3089 1907 3129; x_wconf 88' lang='lat' dir='ltr'><strong>meo</strong></span> <span class='ocrx_word' id='word_1_467' title='bbox 1931 3073 2112 3127; x_wconf 81' lang='lat' dir='ltr'><strong>Patre.</strong></span> <span class='ocrx_word' id='word_1_468' title='bbox 2143 3053 2189 3114; x_wconf 68' lang='grc' dir='ltr'><strong>(ἶ</strong></span> <span class='ocrx_word' id='word_1_469' title='bbox 2221 3053 2434 3131; x_wconf 86' lang='lat' dir='ltr'><strong>libertas</strong></span> <span class='ocrx_word' id='word_1_470' title='bbox 2459 3053 2546 3147; x_wconf 84' lang='lat' dir='ltr'><strong>(ll</strong></span> <span class='ocrx_word' id='word_1_471' title='bbox 2570 3073 2693 3130; x_wconf 89' lang='lat' dir='ltr'><strong>Cor.</strong></span> <span class='ocrx_word' id='word_1_472' title='bbox 2720 3076 2912 3148; x_wconf 76' lang='lat' dir='ltr'><strong>in);et</strong></span> <span class='ocrx_word' id='word_1_473' title='bbox 2932 3076 3046 3146; x_wconf 88' lang='lat' dir='ltr'><strong>ipse</strong></span> <span class='ocrx_word' id='word_1_474' title='bbox 3067 3053 3355 3130; x_wconf 85' lang='lat' dir='ltr'><strong>Dominus:</strong></span> <span class='ocrx_word' id='word_1_475' title='bbox 3375 3075 3437 3132; x_wconf 87' lang='lat' dir='ltr'><strong>Si</strong></span> <span class='ocrx_word' id='word_1_476' title='bbox 3463 3093 3573 3139; x_wconf 82' lang='lat' dir='ltr'><strong>vos,</strong></span> <span class='ocrx_word' id='word_1_477' title='bbox 3599 3077 3798 3146; x_wconf 85' lang='lat' dir='ltr'><strong>inquit,</strong></span> 
     </span>
    </p>
   </div>
   <div class='ocr_carea' id='block_1_63' title="bbox 543 3164 2119 3239">
    <p class='ocr_par' dir='ltr' id='par_1_63' title="bbox 543 3164 2119 3239">
     <span class='ocr_line' id='line_1_63' title="bbox 543 3164 2119 3239; baseline -0.003 -16"><span class='ocrx_word' id='word_1_478' title='bbox 543 3168 620 3223; x_wconf 88' lang='lat' dir='ltr'><strong>De</strong></span> <span class='ocrx_word' id='word_1_479' title='bbox 662 3169 824 3225; x_wconf 84' lang='lat' dir='ltr'><strong>Patre</strong></span> <span class='ocrx_word' id='word_1_480' title='bbox 865 3169 1062 3239; x_wconf 89' lang='lat' dir='ltr'><strong>accipit</strong></span> <span class='ocrx_word' id='word_1_481' title='bbox 1105 3167 1339 3238; x_wconf 77' lang='lat' dir='ltr'><strong>Spiritus</strong></span> <span class='ocrx_word' id='word_1_482' title='bbox 1385 3177 1634 3230; x_wconf 82' lang='lat' dir='ltr'><strong>sanctus,</strong></span> <span class='ocrx_word' id='word_1_483' title='bbox 1667 3166 1800 3236; x_wconf 81' lang='lat' dir='ltr'><strong>quia</strong></span> <span class='ocrx_word' id='word_1_484' title='bbox 1845 3166 1915 3220; x_wconf 87' lang='lat' dir='ltr'><strong>de</strong></span> <span class='ocrx_word' id='word_1_485' title='bbox 1959 3164 2119 3219; x_wconf 81' lang='lat' dir='ltr'><strong>Patre</strong></span> 
     </span>
    </p>
   </div>
   <div class='ocr_carea' id='block_1_64' title="bbox 539 3253 2120 3329">
    <p class='ocr_par' dir='ltr' id='par_1_64' title="bbox 539 3253 2120 3329">
     <span class='ocr_line' id='line_1_64' title="bbox 539 3253 2120 3329; baseline -0.003 -16"><span class='ocrx_word' id='word_1_486' title='bbox 539 3260 803 3329; x_wconf 84' lang='lat' dir='ltr'><strong>procedit,</strong></span> <span class='ocrx_word' id='word_1_487' title='bbox 852 3260 919 3314; x_wconf 86' lang='lat' dir='ltr'><strong>de</strong></span> <span class='ocrx_word' id='word_1_488' title='bbox 957 3274 1065 3328; x_wconf 89' lang='lat' dir='ltr'><strong>quo</strong></span> <span class='ocrx_word' id='word_1_489' title='bbox 1110 3267 1167 3313; x_wconf 92' lang='lat' dir='ltr'><strong>et</strong></span> <span class='ocrx_word' id='word_1_490' title='bbox 1209 3257 1378 3313; x_wconf 83' lang='lat' dir='ltr'><strong>Filius</strong></span> <span class='ocrx_word' id='word_1_491' title='bbox 1413 3265 1570 3312; x_wconf 85' lang='lat' dir='ltr'><strong>natus</strong></span> <span class='ocrx_word' id='word_1_492' title='bbox 1614 3265 1716 3311; x_wconf 88' lang='lat' dir='ltr'><strong>est.</strong></span> <span class='ocrx_word' id='word_1_493' title='bbox 1761 3256 1862 3323; x_wconf 90' lang='lat' dir='ltr'><strong>Qui</strong></span> <span class='ocrx_word' id='word_1_494' title='bbox 1891 3268 2021 3310; x_wconf 82' lang='lat' dir='ltr'><strong>vero</strong></span> <span class='ocrx_word' id='word_1_495' title='bbox 2052 3253 2120 3309; x_wconf 91' lang='lat' dir='ltr'><strong>de</strong></span> 
     </span>
    </p>
   </div>
   <div class='ocr_carea' id='block_1_65' title="bbox 544 3342 2116 3417">
    <p class='ocr_par' dir='ltr' id='par_1_65' title="bbox 544 3342 2116 3417">
     <span class='ocr_line' id='line_1_65' title="bbox 544 3342 2116 3417; baseline -0.002 -14"><span class='ocrx_word' id='word_1_496' title='bbox 544 3348 690 3403; x_wconf 86' lang='lat' dir='ltr'><strong>nullo</strong></span> <span class='ocrx_word' id='word_1_497' title='bbox 726 3356 885 3403; x_wconf 86' lang='lat' dir='ltr'><strong>natus</strong></span> <span class='ocrx_word' id='word_1_498' title='bbox 924 3348 1013 3413; x_wconf 89' lang='lat' dir='ltr'><strong>sit,</strong></span> <span class='ocrx_word' id='word_1_499' title='bbox 1050 3349 1116 3402; x_wconf 88' lang='lat' dir='ltr'><strong>de</strong></span> <span class='ocrx_word' id='word_1_500' title='bbox 1149 3348 1295 3404; x_wconf 85' lang='lat' dir='ltr'><strong>nullo</strong></span> <span class='ocrx_word' id='word_1_501' title='bbox 1330 3348 1600 3417; x_wconf 85' lang='lat' dir='ltr'><strong>procedit,</strong></span> <span class='ocrx_word' id='word_1_502' title='bbox 1630 3342 1787 3402; x_wconf 81' lang='lat' dir='ltr'><strong>Pater</strong></span> <span class='ocrx_word' id='word_1_503' title='bbox 1828 3353 1913 3402; x_wconf 89' lang='lat' dir='ltr'><strong>est</strong></span> <span class='ocrx_word' id='word_1_504' title='bbox 1941 3345 2116 3410; x_wconf 88' lang='lat' dir='ltr'><strong>solus;</strong></span> 
     </span>
    </p>
   </div>
   <div class='ocr_carea' id='block_1_66' title="bbox 542 3434 2117 3507">
    <p class='ocr_par' dir='ltr' id='par_1_66' title="bbox 542 3434 2117 3507">
     <span class='ocr_line' id='line_1_66' title="bbox 542 3434 2117 3507; baseline -0.001 -16"><span class='ocrx_word' id='word_1_505' title='bbox 542 3438 724 3491; x_wconf 75' lang='lat' dir='ltr'><strong>eninia</strong></span> <span class='ocrx_word' id='word_1_506' title='bbox 749 3450 1084 3507; x_wconf 70' lang='lat' dir='ltr'><strong>quazcunque</strong></span> <span class='ocrx_word' id='word_1_507' title='bbox 1110 3437 1272 3491; x_wconf 86' lang='lat' dir='ltr'><strong>habet</strong></span> <span class='ocrx_word' id='word_1_508' title='bbox 1290 3434 1473 3501; x_wconf 87' lang='lat' dir='ltr'><strong>Pater,</strong></span> <span class='ocrx_word' id='word_1_509' title='bbox 1506 3450 1624 3492; x_wconf 89' lang='lat' dir='ltr'><strong>mea</strong></span> <span class='ocrx_word' id='word_1_510' title='bbox 1653 3444 1801 3501; x_wconf 86' lang='lat' dir='ltr'><strong>sunt,</strong></span> <span class='ocrx_word' id='word_1_511' title='bbox 1831 3445 2117 3506; x_wconf 84' lang='lat' dir='ltr'><strong>propterea</strong></span> 
     </span>
    </p>
   </div>
   <div class='ocr_carea' id='block_1_67' title="bbox 546 3523 2119 3595">
    <p class='ocr_par' dir='ltr' id='par_1_67' title="bbox 546 3523 2119 3595">
     <span class='ocr_line' id='line_1_67' title="bbox 546 3523 2119 3595; baseline 0.001 -15"><span class='ocrx_word' id='word_1_512' title='bbox 546 3526 681 3580; x_wconf 80' lang='lat' dir='ltr'><strong>dixit</strong></span> <span class='ocrx_word' id='word_1_513' title='bbox 710 3545 723 3579; x_wconf 89' lang='lat'><strong>:</strong></span> <span class='ocrx_word' id='word_1_514' title='bbox 756 3523 895 3590; x_wconf 83' lang='lat' dir='ltr'><strong>Quia</strong></span> <span class='ocrx_word' id='word_1_515' title='bbox 932 3525 997 3580; x_wconf 82' lang='lat' dir='ltr'><strong>de</strong></span> <span class='ocrx_word' id='word_1_516' title='bbox 1038 3541 1149 3581; x_wconf 80' lang='lat' dir='ltr'><strong>meo</strong></span> <span class='ocrx_word' id='word_1_517' title='bbox 1195 3525 1445 3595; x_wconf 84' lang='lat' dir='ltr'><strong>accipiet,</strong></span> <span class='ocrx_word' id='word_1_518' title='bbox 1477 3534 1526 3579; x_wconf 90' lang='lat' dir='ltr'><strong>et</strong></span> <span class='ocrx_word' id='word_1_519' title='bbox 1571 3526 1901 3581; x_wconf 85' lang='lat' dir='ltr'><strong>annuntiabit</strong></span> <span class='ocrx_word' id='word_1_520' title='bbox 1946 3526 2119 3593; x_wconf 81' lang='lat' dir='ltr'><strong>vobis;</strong></span> 
     </span>
    </p>
   </div>
   <div class='ocr_carea' id='block_1_68' title="bbox 545 3617 2122 3694">
    <p class='ocr_par' dir='ltr' id='par_1_68' title="bbox 545 3617 2122 3694">
     <span class='ocr_line' id='line_1_68' title="bbox 545 3617 2122 3694; baseline 0.001 -21"><span class='ocrx_word' id='word_1_521' title='bbox 545 3620 613 3694; x_wconf 84' lang='lat' dir='ltr'><strong>de</strong></span> <span class='ocrx_word' id='word_1_522' title='bbox 641 3619 727 3674; x_wconf 91' lang='lat' dir='ltr'><strong>his</strong></span> <span class='ocrx_word' id='word_1_523' title='bbox 750 3617 908 3684; x_wconf 76' lang='lat' dir='ltr'><strong>dixit,</strong></span> <span class='ocrx_word' id='word_1_524' title='bbox 944 3633 1066 3688; x_wconf 80' lang='lat' dir='ltr'><strong>qua:</strong></span> <span class='ocrx_word' id='word_1_525' title='bbox 1092 3619 1159 3672; x_wconf 89' lang='lat' dir='ltr'><strong>ad</strong></span> <span class='ocrx_word' id='word_1_526' title='bbox 1190 3618 1360 3689; x_wconf 86' lang='lat' dir='ltr'><strong>ipsam</strong></span> <span class='ocrx_word' id='word_1_527' title='bbox 1386 3617 1565 3673; x_wconf 88' lang='lat' dir='ltr'><strong>Patris</strong></span> <span class='ocrx_word' id='word_1_528' title='bbox 1591 3618 1927 3674; x_wconf 80' lang='lat' dir='ltr'><strong>divinitatem</strong></span> <span class='ocrx_word' id='word_1_529' title='bbox 1956 3621 2122 3688; x_wconf 86' lang='lat' dir='ltr'><strong>perti-</strong></span> 
     </span>
    </p>
   </div>
   <div class='ocr_carea' id='block_1_69' title="bbox 546 3702 2121 3781">
    <p class='ocr_par' dir='ltr' id='par_1_69' title="bbox 546 3702 2121 3781">
     <span class='ocr_line' id='line_1_69' title="bbox 546 3702 2121 3781; baseline 0.003 -20"><span class='ocrx_word' id='word_1_530' title='bbox 546 3715 714 3773; x_wconf 78' lang='lat' dir='ltr'><strong>nent,</strong></span> <span class='ocrx_word' id='word_1_531' title='bbox 743 3706 799 3762; x_wconf 88' lang='lat' dir='ltr'><strong>in</strong></span> <span class='ocrx_word' id='word_1_532' title='bbox 835 3702 1031 3776; x_wconf 84' lang='lat' dir='ltr'><strong>quibus</strong></span> <span class='ocrx_word' id='word_1_533' title='bbox 1070 3707 1159 3762; x_wconf 88' lang='lat' dir='ltr'><strong>ille</strong></span> <span class='ocrx_word' id='word_1_534' title='bbox 1196 3715 1281 3762; x_wconf 86' lang='lat' dir='ltr'><strong>est</strong></span> <span class='ocrx_word' id='word_1_535' title='bbox 1310 3707 1537 3781; x_wconf 56' lang='lat' dir='ltr'><strong>aequalis</strong></span> <span class='ocrx_word' id='word_1_536' title='bbox 1565 3707 1746 3774; x_wconf 85' lang='lat' dir='ltr'><strong>Patri,</strong></span> <span class='ocrx_word' id='word_1_537' title='bbox 1794 3710 1846 3763; x_wconf 90' lang='lat' dir='ltr'><strong>iu</strong></span> <span class='ocrx_word' id='word_1_538' title='bbox 1887 3726 1995 3779; x_wconf 82' lang='lat' dir='ltr'><strong>qua</strong></span> <span class='ocrx_word' id='word_1_539' title='bbox 2038 3719 2121 3766; x_wconf 86' lang='lat' dir='ltr'><strong>est</strong></span> 
     </span>
    </p>
   </div>
   <div class='ocr_carea' id='block_1_70' title="bbox 514 3795 2120 3870">
    <p class='ocr_par' dir='ltr' id='par_1_70' title="bbox 514 3795 2120 3870">
     <span class='ocr_line' id='line_1_70' title="bbox 514 3795 2120 3870; baseline 0.006 -20"><span class='ocrx_word' id='word_1_540' title='bbox 514 3800 519 3807; x_wconf 84' lang='grc'><em>’</em></span> <span class='ocrx_word' id='word_1_541' title='bbox 546 3805 601 3850; x_wconf 85' lang='lat' dir='ltr'><strong>et</strong></span> <span class='ocrx_word' id='word_1_542' title='bbox 628 3795 863 3867; x_wconf 84' lang='lat' dir='ltr'><strong>Spiritus</strong></span> <span class='ocrx_word' id='word_1_543' title='bbox 899 3807 1120 3854; x_wconf 84' lang='lat' dir='ltr'><strong>sanctus</strong></span> <span class='ocrx_word' id='word_1_544' title='bbox 1146 3798 1369 3869; x_wconf 63' lang='lat' dir='ltr'><strong>aequalis</strong></span> <span class='ocrx_word' id='word_1_545' title='bbox 1400 3798 1546 3854; x_wconf 86' lang='lat' dir='ltr'><strong>Patri</strong></span> <span class='ocrx_word' id='word_1_546' title='bbox 1584 3809 1641 3855; x_wconf 89' lang='lat' dir='ltr'><strong>et</strong></span> <span class='ocrx_word' id='word_1_547' title='bbox 1672 3799 1830 3866; x_wconf 83' lang='lat' dir='ltr'><strong>Filio,</strong></span> <span class='ocrx_word' id='word_1_548' title='bbox 1857 3802 1986 3870; x_wconf 85' lang='lat' dir='ltr'><strong>quia</strong></span> <span class='ocrx_word' id='word_1_549' title='bbox 2015 3818 2120 3858; x_wconf 83' lang='lat' dir='ltr'><strong>una</strong></span> 
     </span>
    </p>
   </div>
   <div class='ocr_carea' id='block_1_71' title="bbox 546 3891 2118 3966">
    <p class='ocr_par' dir='ltr' id='par_1_71' title="bbox 546 3891 2118 3966">
     <span class='ocr_line' id='line_1_71' title="bbox 546 3891 2118 3966; baseline 0.003 -20"><span class='ocrx_word' id='word_1_550' title='bbox 546 3891 878 3956; x_wconf 82' lang='lat' dir='ltr'><strong>substantia,</strong></span> <span class='ocrx_word' id='word_1_551' title='bbox 916 3906 1025 3946; x_wconf 89' lang='lat' dir='ltr'><strong>una</strong></span> <span class='ocrx_word' id='word_1_552' title='bbox 1066 3900 1291 3959; x_wconf 78' lang='lat' dir='ltr'><strong>natura,</strong></span> <span class='ocrx_word' id='word_1_553' title='bbox 1330 3907 1434 3946; x_wconf 90' lang='lat' dir='ltr'><strong>una</strong></span> <span class='ocrx_word' id='word_1_554' title='bbox 1472 3891 1750 3962; x_wconf 68' lang='lat' dir='ltr'><strong>maiestas,</strong></span> <span class='ocrx_word' id='word_1_555' title='bbox 1788 3909 1895 3949; x_wconf 85' lang='lat' dir='ltr'><strong>una</strong></span> <span class='ocrx_word' id='word_1_556' title='bbox 1929 3894 2118 3966; x_wconf 84' lang='lat' dir='ltr'><strong>gloria,</strong></span> 
     </span>
    </p>
   </div>
   <div class='ocr_carea' id='block_1_72' title="bbox 548 3980 2119 4053">
    <p class='ocr_par' dir='ltr' id='par_1_72' title="bbox 548 3980 2119 4053">
     <span class='ocr_line' id='line_1_72' title="bbox 548 3980 2119 4053; baseline 0.004 -21"><span class='ocrx_word' id='word_1_557' title='bbox 548 3995 652 4034; x_wconf 87' lang='lat' dir='ltr'><strong>una</strong></span> <span class='ocrx_word' id='word_1_558' title='bbox 688 3981 963 4035; x_wconf 59' lang='lat' dir='ltr'><strong>aeternitas</strong></span> <span class='ocrx_word' id='word_1_559' title='bbox 998 3990 1081 4037; x_wconf 88' lang='lat' dir='ltr'><strong>est</strong></span> <span class='ocrx_word' id='word_1_560' title='bbox 1112 3980 1289 4037; x_wconf 84' lang='lat' dir='ltr'><strong>Patris</strong></span> <span class='ocrx_word' id='word_1_561' title='bbox 1326 3988 1382 4037; x_wconf 89' lang='lat' dir='ltr'><strong>et</strong></span> <span class='ocrx_word' id='word_1_562' title='bbox 1413 3981 1533 4037; x_wconf 85' lang='lat' dir='ltr'><strong>Filii</strong></span> <span class='ocrx_word' id='word_1_563' title='bbox 1569 3990 1627 4038; x_wconf 92' lang='lat' dir='ltr'><strong>et</strong></span> <span class='ocrx_word' id='word_1_564' title='bbox 1652 3981 1888 4053; x_wconf 80' lang='lat' dir='ltr'><strong>Spiritus</strong></span> <span class='ocrx_word' id='word_1_565' title='bbox 1923 3984 2119 4049; x_wconf 80' lang='lat' dir='ltr'><strong>sancti,</strong></span> 
     </span>
    </p>
   </div>
   <div class='ocr_carea' id='block_1_73' title="bbox 547 4072 2122 4145">
    <p class='ocr_par' dir='ltr' id='par_1_73' title="bbox 547 4072 2122 4145">
     <span class='ocr_line' id='line_1_73' title="bbox 547 4072 2122 4145; baseline 0.004 -20"><span class='ocrx_word' id='word_1_566' title='bbox 547 4080 602 4125; x_wconf 84' lang='lat' dir='ltr'><strong>et</strong></span> <span class='ocrx_word' id='word_1_567' title='bbox 629 4078 714 4126; x_wconf 87' lang='lat' dir='ltr'><strong>est</strong></span> <span class='ocrx_word' id='word_1_568' title='bbox 751 4087 888 4127; x_wconf 91' lang='lat' dir='ltr'><strong>unus</strong></span> <span class='ocrx_word' id='word_1_569' title='bbox 913 4072 1055 4127; x_wconf 81' lang='lat' dir='ltr'><strong>Deus</strong></span> <span class='ocrx_word' id='word_1_570' title='bbox 1082 4073 1456 4144; x_wconf 84' lang='lat' dir='ltr'><strong>omnipotens,</strong></span> <span class='ocrx_word' id='word_1_571' title='bbox 1480 4074 1785 4138; x_wconf 86' lang='lat' dir='ltr'><strong>invisibilis,</strong></span> <span class='ocrx_word' id='word_1_572' title='bbox 1816 4074 2122 4145; x_wconf 86' lang='lat' dir='ltr'><strong>incompre—</strong></span> 
     </span>
    </p>
   </div>
   <div class='ocr_carea' id='block_1_74' title="bbox 545 4161 2119 4234">
    <p class='ocr_par' dir='ltr' id='par_1_74' title="bbox 545 4161 2119 4234">
     <span class='ocr_line' id='line_1_74' title="bbox 545 4161 2119 4234; baseline 0.004 -20"><span class='ocrx_word' id='word_1_573' title='bbox 545 4161 824 4218; x_wconf 89' lang='lat' dir='ltr'><strong>hensibilis</strong></span> <span class='ocrx_word' id='word_1_574' title='bbox 850 4164 994 4219; x_wconf 89' lang='lat' dir='ltr'><strong>omni</strong></span> <span class='ocrx_word' id='word_1_575' title='bbox 1025 4174 1313 4231; x_wconf 73' lang='lat' dir='ltr'><strong>creatum,</strong></span> <span class='ocrx_word' id='word_1_576' title='bbox 1338 4164 1499 4220; x_wconf 90' lang='lat' dir='ltr'><strong>Pater</strong></span> <span class='ocrx_word' id='word_1_577' title='bbox 1525 4172 1580 4221; x_wconf 91' lang='lat' dir='ltr'><strong>et</strong></span> <span class='ocrx_word' id='word_1_578' title='bbox 1604 4165 1774 4221; x_wconf 85' lang='lat' dir='ltr'><strong>Filius</strong></span> <span class='ocrx_word' id='word_1_579' title='bbox 1799 4174 1854 4220; x_wconf 92' lang='lat' dir='ltr'><strong>et</strong></span> <span class='ocrx_word' id='word_1_580' title='bbox 1882 4166 2119 4234; x_wconf 76' lang='lat' dir='ltr'><strong>Spiritus</strong></span> 
     </span>
    </p>
   </div>
   <div class='ocr_carea' id='block_1_75' title="bbox 547 4261 782 4308">
    <p class='ocr_par' dir='ltr' id='par_1_75' title="bbox 547 4261 782 4308">
     <span class='ocr_line' id='line_1_75' title="bbox 547 4261 782 4308; baseline 0 -2"><span class='ocrx_word' id='word_1_581' title='bbox 547 4261 782 4308; x_wconf 87' lang='lat' dir='ltr'><strong>sanctus.</strong></span> 
     </span>
    </p>
   </div>
   <div class='ocr_carea' id='block_1_76' title="bbox 1169 4342 1486 4383">
    <p class='ocr_par' dir='ltr' id='par_1_76' title="bbox 1169 4342 1486 4383">
     <span class='ocr_line' id='line_1_76' title="bbox 1169 4342 1486 4383; baseline 0.003 -4"><span class='ocrx_word' id='word_1_582' title='bbox 1169 4342 1486 4383; x_wconf 68' lang='lat' dir='ltr'><strong>CONCOBDIA.</strong></span> 
     </span>
    </p>
   </div>
   <div class='ocr_carea' id='block_1_77' title="bbox 2220 3162 3563 3237">
    <p class='ocr_par' dir='ltr' id='par_1_77' title="bbox 2220 3162 3563 3237">
     <span class='ocr_line' id='line_1_77' title="bbox 2220 3162 3563 3237; baseline 0 -18"><span class='ocrx_word' id='word_1_583' title='bbox 2220 3164 2395 3219; x_wconf 73' lang='lat' dir='ltr'><strong>Filius</strong></span> <span class='ocrx_word' id='word_1_584' title='bbox 2414 3165 2725 3231; x_wconf 78' lang='lat' dir='ltr'><strong>liberaverit,</strong></span> <span class='ocrx_word' id='word_1_585' title='bbox 2754 3182 2869 3221; x_wconf 81' lang='lat' dir='ltr'><strong>rere</strong></span> <span class='ocrx_word' id='word_1_586' title='bbox 2898 3165 3049 3221; x_wconf 88' lang='lat' dir='ltr'><strong>liberi</strong></span> <span class='ocrx_word' id='word_1_587' title='bbox 3070 3166 3192 3220; x_wconf 88' lang='lat' dir='ltr'><strong>estis</strong></span> <span class='ocrx_word' id='word_1_588' title='bbox 3216 3162 3397 3237; x_wconf 83' lang='lat' dir='ltr'><strong>(Joan.</strong></span> <span class='ocrx_word' id='word_1_589' title='bbox 3422 3166 3563 3237; x_wconf 86' lang='lat' dir='ltr'><strong>vm).</strong></span> 
     </span>
    </p>
   </div>
   <div class='ocr_carea' id='block_1_78' title="bbox 2293 3257 3801 3329">
    <p class='ocr_par' dir='ltr' id='par_1_78' title="bbox 2293 3257 3801 3329">
     <span class='ocr_line' id='line_1_78' title="bbox 2293 3257 3801 3329; baseline -0.001 -17"><span class='ocrx_word' id='word_1_590' title='bbox 2293 3257 2415 3312; x_wconf 86' lang='lat' dir='ltr'><strong>Non</strong></span> <span class='ocrx_word' id='word_1_591' title='bbox 2454 3257 2666 3312; x_wconf 88' lang='lat' dir='ltr'><strong>auditor</strong></span> <span class='ocrx_word' id='word_1_592' title='bbox 2699 3258 2979 3313; x_wconf 72' lang='lat' dir='ltr'><strong>obliuiosus</strong></span> <span class='ocrx_word' id='word_1_593' title='bbox 3019 3257 3211 3327; x_wconf 78' lang='lat' dir='ltr'><strong>factus,</strong></span> <span class='ocrx_word' id='word_1_594' title='bbox 3258 3257 3349 3311; x_wconf 83' lang='lat' dir='ltr'><strong>sed</strong></span> <span class='ocrx_word' id='word_1_595' title='bbox 3394 3258 3568 3327; x_wconf 85' lang='lat' dir='ltr'><strong>factor</strong></span> <span class='ocrx_word' id='word_1_596' title='bbox 3604 3260 3801 3329; x_wconf 80' lang='lat' dir='ltr'><strong>operis,</strong></span> 
     </span>
    </p>
   </div>
   <div class='ocr_carea' id='block_1_79' title="bbox 2218 3347 3803 3419">
    <p class='ocr_par' dir='ltr' id='par_1_79' title="bbox 2218 3347 3803 3419">
     <span class='ocr_line' id='line_1_79' title="bbox 2218 3347 3803 3419; baseline -0.001 -14"><span class='ocrx_word' id='word_1_597' title='bbox 2218 3358 2325 3406; x_wconf 90' lang='lat' dir='ltr'><strong>etc.</strong></span> <span class='ocrx_word' id='word_1_598' title='bbox 2358 3349 2475 3405; x_wconf 88' lang='lat' dir='ltr'><strong>Non</strong></span> <span class='ocrx_word' id='word_1_599' title='bbox 2509 3350 2696 3404; x_wconf 86' lang='lat' dir='ltr'><strong>auditu</strong></span> <span class='ocrx_word' id='word_1_600' title='bbox 2731 3349 2883 3405; x_wconf 87' lang='lat' dir='ltr'><strong>verbi</strong></span> <span class='ocrx_word' id='word_1_601' title='bbox 2921 3362 3275 3419; x_wconf 86' lang='lat' dir='ltr'><strong>supervacuo,</strong></span> <span class='ocrx_word' id='word_1_602' title='bbox 3305 3347 3401 3403; x_wconf 86' lang='lat' dir='ltr'><strong>sed</strong></span> <span class='ocrx_word' id='word_1_603' title='bbox 3430 3348 3613 3418; x_wconf 85' lang='lat' dir='ltr'><strong>operis</strong></span> <span class='ocrx_word' id='word_1_604' title='bbox 3640 3362 3803 3403; x_wconf 76' lang='lat' dir='ltr'><strong>exse-</strong></span> 
     </span>
    </p>
   </div>
   <div class='ocr_carea' id='block_1_80' title="bbox 2220 3439 3798 3510">
    <p class='ocr_par' dir='ltr' id='par_1_80' title="bbox 2220 3439 3798 3510">
     <span class='ocr_line' id='line_1_80' title="bbox 2220 3439 3798 3510; baseline -0.001 -14"><span class='ocrx_word' id='word_1_605' title='bbox 2220 3442 2435 3497; x_wconf 88' lang='lat' dir='ltr'><strong>cutione</strong></span> <span class='ocrx_word' id='word_1_606' title='bbox 2471 3441 2746 3498; x_wconf 87' lang='lat' dir='ltr'><strong>beatitudo</strong></span> <span class='ocrx_word' id='word_1_607' title='bbox 2779 3448 3132 3510; x_wconf 70' lang='lat' dir='ltr'><strong>praeparatur,</strong></span> <span class='ocrx_word' id='word_1_608' title='bbox 3168 3440 3308 3495; x_wconf 89' lang='lat' dir='ltr'><strong>sicut</strong></span> <span class='ocrx_word' id='word_1_609' title='bbox 3342 3448 3399 3495; x_wconf 89' lang='lat' dir='ltr'><strong>et</strong></span> <span class='ocrx_word' id='word_1_610' title='bbox 3416 3439 3682 3494; x_wconf 87' lang='lat' dir='ltr'><strong>Dominus</strong></span> <span class='ocrx_word' id='word_1_611' title='bbox 3713 3441 3798 3494; x_wconf 83' lang='lat' dir='ltr'><strong>lo-</strong></span> 
     </span>
    </p>
   </div>
   <div class='ocr_carea' id='block_1_81' title="bbox 2220 3529 3806 3603">
    <p class='ocr_par' dir='ltr' id='par_1_81' title="bbox 2220 3529 3806 3603">
     <span class='ocr_line' id='line_1_81' title="bbox 2220 3529 3806 3603; baseline -0.002 -15"><span class='ocrx_word' id='word_1_612' title='bbox 2220 3548 2390 3603; x_wconf 88' lang='lat' dir='ltr'><strong>quens</strong></span> <span class='ocrx_word' id='word_1_613' title='bbox 2430 3532 2496 3587; x_wconf 85' lang='lat' dir='ltr'><strong>ad</strong></span> <span class='ocrx_word' id='word_1_614' title='bbox 2533 3530 2823 3600; x_wconf 81' lang='lat' dir='ltr'><strong>discipulos</strong></span> <span class='ocrx_word' id='word_1_615' title='bbox 2860 3550 2873 3585; x_wconf 91' lang='lat'><strong>:</strong></span> <span class='ocrx_word' id='word_1_616' title='bbox 2928 3529 2987 3587; x_wconf 86' lang='lat' dir='ltr'><strong>Si</strong></span> <span class='ocrx_word' id='word_1_617' title='bbox 3012 3538 3199 3585; x_wconf 88' lang='lat' dir='ltr'><strong>autem</strong></span> <span class='ocrx_word' id='word_1_618' title='bbox 3245 3531 3415 3596; x_wconf 86' lang='lat' dir='ltr'><strong>scitis,</strong></span> <span class='ocrx_word' id='word_1_619' title='bbox 3457 3530 3597 3584; x_wconf 84' lang='lat' dir='ltr'><strong>beati</strong></span> <span class='ocrx_word' id='word_1_620' title='bbox 3631 3531 3806 3593; x_wconf 80' lang='lat' dir='ltr'><strong>eritis,</strong></span> 
     </span>
    </p>
   </div>
   <div class='ocr_carea' id='block_1_82' title="bbox 2221 3620 3209 3693">
    <p class='ocr_par' dir='ltr' id='par_1_82' title="bbox 2221 3620 3209 3693">
     <span class='ocr_line' id='line_1_82' title="bbox 2221 3620 3209 3693; baseline -0.003 -16"><span class='ocrx_word' id='word_1_621' title='bbox 2221 3624 2415 3693; x_wconf 88' lang='lat' dir='ltr'><strong>inquit,</strong></span> <span class='ocrx_word' id='word_1_622' title='bbox 2448 3623 2497 3677; x_wconf 89' lang='lat' dir='ltr'><strong>si</strong></span> <span class='ocrx_word' id='word_1_623' title='bbox 2519 3622 2744 3691; x_wconf 77' lang='lat' dir='ltr'><strong>feceritis</strong></span> <span class='ocrx_word' id='word_1_624' title='bbox 2767 3638 2828 3675; x_wconf 87' lang='lat' dir='ltr'><strong>ea</strong></span> <span class='ocrx_word' id='word_1_625' title='bbox 2848 3620 3036 3693; x_wconf 83' lang='lat' dir='ltr'><strong>(Joan.</strong></span> <span class='ocrx_word' id='word_1_626' title='bbox 3062 3620 3209 3692; x_wconf 77' lang='lat' dir='ltr'><strong>xm).</strong></span> 
     </span>
    </p>
   </div>
   <div class='ocr_carea' id='block_1_83' title="bbox 2291 3710 3806 3785">
    <p class='ocr_par' dir='ltr' id='par_1_83' title="bbox 2291 3710 3806 3785">
     <span class='ocr_line' id='line_1_83' title="bbox 2291 3710 3806 3785; baseline -0.004 -17"><span class='ocrx_word' id='word_1_627' title='bbox 2291 3712 2355 3769; x_wconf 83' lang='lat' dir='ltr'><strong>Si</strong></span> <span class='ocrx_word' id='word_1_628' title='bbox 2384 3714 2502 3785; x_wconf 73' lang='lat' dir='ltr'><strong>quis</strong></span> <span class='ocrx_word' id='word_1_629' title='bbox 2536 3721 2709 3767; x_wconf 70' lang='lat' dir='ltr'><strong>autem</strong></span> <span class='ocrx_word' id='word_1_630' title='bbox 2742 3720 2896 3783; x_wconf 83' lang='lat' dir='ltr'><strong>putat</strong></span> <span class='ocrx_word' id='word_1_631' title='bbox 2927 3727 2982 3765; x_wconf 78' lang='lat' dir='ltr'><strong>se</strong></span> <span class='ocrx_word' id='word_1_632' title='bbox 3011 3710 3309 3781; x_wconf 75' lang='lat' dir='ltr'><strong>religiosum</strong></span> <span class='ocrx_word' id='word_1_633' title='bbox 3345 3726 3476 3775; x_wconf 88' lang='lat' dir='ltr'><strong>esse,</strong></span> <span class='ocrx_word' id='word_1_634' title='bbox 3503 3726 3607 3764; x_wconf 83' lang='lat' dir='ltr'><strong>non</strong></span> <span class='ocrx_word' id='word_1_635' title='bbox 3644 3710 3806 3779; x_wconf 73' lang='lat' dir='ltr'><strong>refrte-</strong></span> 
     </span>
    </p>
   </div>
   <div class='ocr_carea' id='block_1_84' title="bbox 2221 3791 3806 3873">
    <p class='ocr_par' dir='ltr' id='par_1_84' title="bbox 2221 3791 3806 3873">
     <span class='ocr_line' id='line_1_84' title="bbox 2221 3791 3806 3873; baseline -0.003 -15"><span class='ocrx_word' id='word_1_636' title='bbox 2221 3815 2356 3858; x_wconf 79' lang='lat' dir='ltr'><strong>na&#39;ns</strong></span> <span class='ocrx_word' id='word_1_637' title='bbox 2395 3802 2631 3873; x_wconf 76' lang='lat' dir='ltr'><strong>linguam</strong></span> <span class='ocrx_word' id='word_1_638' title='bbox 2668 3816 2841 3863; x_wconf 66' lang='lat' dir='ltr'><strong>main,</strong></span> <span class='ocrx_word' id='word_1_639' title='bbox 2884 3791 2988 3856; x_wconf 88' lang='lat' dir='ltr'><strong>etc.</strong></span> <span class='ocrx_word' id='word_1_640' title='bbox 3038 3800 3322 3856; x_wconf 81' lang='lat' dir='ltr'><strong>Monuerat</strong></span> <span class='ocrx_word' id='word_1_641' title='bbox 3369 3798 3529 3871; x_wconf 80' lang='lat' dir='ltr'><strong>supra</strong></span> <span class='ocrx_word' id='word_1_642' title='bbox 3578 3801 3806 3854; x_wconf 83' lang='lat' dir='ltr'><strong>verbum</strong></span> 
     </span>
    </p>
   </div>
   <div class='ocr_carea' id='block_1_85' title="bbox 2222 3890 3803 3957">
    <p class='ocr_par' dir='ltr' id='par_1_85' title="bbox 2222 3890 3803 3957">
     <span class='ocr_line' id='line_1_85' title="bbox 2222 3890 3803 3957; baseline -0.003 -9"><span class='ocrx_word' id='word_1_643' title='bbox 2222 3892 2321 3948; x_wconf 84' lang='lat' dir='ltr'><strong>Dei</strong></span> <span class='ocrx_word' id='word_1_644' title='bbox 2355 3907 2467 3947; x_wconf 79' lang='lat' dir='ltr'><strong>non</strong></span> <span class='ocrx_word' id='word_1_645' title='bbox 2502 3891 2677 3947; x_wconf 87' lang='lat' dir='ltr'><strong>solum</strong></span> <span class='ocrx_word' id='word_1_646' title='bbox 2713 3891 2921 3956; x_wconf 82' lang='lat' dir='ltr'><strong>audire,</strong></span> <span class='ocrx_word' id='word_1_647' title='bbox 2960 3891 3056 3947; x_wconf 85' lang='lat' dir='ltr'><strong>sed</strong></span> <span class='ocrx_word' id='word_1_648' title='bbox 3092 3899 3148 3945; x_wconf 88' lang='lat' dir='ltr'><strong>et</strong></span> <span class='ocrx_word' id='word_1_649' title='bbox 3175 3890 3383 3957; x_wconf 84' lang='lat' dir='ltr'><strong>facere;</strong></span> <span class='ocrx_word' id='word_1_650' title='bbox 3431 3904 3574 3944; x_wconf 89' lang='lat' dir='ltr'><strong>nunc</strong></span> <span class='ocrx_word' id='word_1_651' title='bbox 3614 3890 3803 3944; x_wconf 84' lang='lat' dir='ltr'><strong>addit:</strong></span> 
     </span>
    </p>
   </div>
   <div class='ocr_carea' id='block_1_86' title="bbox 2218 3976 3809 4052">
    <p class='ocr_par' dir='ltr' id='par_1_86' title="bbox 2218 3976 3809 4052">
     <span class='ocr_line' id='line_1_86' title="bbox 2218 3976 3809 4052; baseline -0.003 -16"><span class='ocrx_word' id='word_1_652' title='bbox 2218 3983 2347 4052; x_wconf 85' lang='lat' dir='ltr'><strong>quia</strong></span> <span class='ocrx_word' id='word_1_653' title='bbox 2384 3989 2440 4037; x_wconf 85' lang='lat' dir='ltr'><strong>et</strong></span> <span class='ocrx_word' id='word_1_654' title='bbox 2476 3981 2522 4036; x_wconf 89' lang='lat' dir='ltr'><strong>si</strong></span> <span class='ocrx_word' id='word_1_655' title='bbox 2553 3979 2804 4035; x_wconf 74' lang='lat' dir='ltr'><strong>mandata</strong></span> <span class='ocrx_word' id='word_1_656' title='bbox 2840 3980 2967 4050; x_wconf 90' lang='lat' dir='ltr'><strong>quis</strong></span> <span class='ocrx_word' id='word_1_657' title='bbox 2987 3978 3218 4044; x_wconf 87' lang='lat' dir='ltr'><strong>Domini,</strong></span> <span class='ocrx_word' id='word_1_658' title='bbox 3246 3993 3373 4050; x_wconf 61' lang='lat' dir='ltr'><strong>qua!</strong></span> <span class='ocrx_word' id='word_1_659' title='bbox 3409 3979 3614 4042; x_wconf 79' lang='lat' dir='ltr'><strong>didicit,</strong></span> <span class='ocrx_word' id='word_1_660' title='bbox 3645 3976 3809 4033; x_wconf 81' lang='lat' dir='ltr'><strong>factis</strong></span> 
     </span>
    </p>
   </div>
   <div class='ocr_carea' id='block_1_87' title="bbox 2220 4068 3802 4141">
    <p class='ocr_par' dir='ltr' id='par_1_87' title="bbox 2220 4068 3802 4141">
     <span class='ocr_line' id='line_1_87' title="bbox 2220 4068 3802 4141; baseline -0.004 -13"><span class='ocrx_word' id='word_1_661' title='bbox 2220 4086 2477 4128; x_wconf 80' lang='lat' dir='ltr'><strong>exercere</strong></span> <span class='ocrx_word' id='word_1_662' title='bbox 2498 4069 2735 4133; x_wconf 88' lang='lat' dir='ltr'><strong>videtur,</strong></span> <span class='ocrx_word' id='word_1_663' title='bbox 2765 4070 2810 4125; x_wconf 90' lang='lat' dir='ltr'><strong>si</strong></span> <span class='ocrx_word' id='word_1_664' title='bbox 2839 4084 2947 4124; x_wconf 90' lang='lat' dir='ltr'><strong>non</strong></span> <span class='ocrx_word' id='word_1_665' title='bbox 2973 4069 3139 4125; x_wconf 85' lang='lat' dir='ltr'><strong>etiam</strong></span> <span class='ocrx_word' id='word_1_666' title='bbox 3169 4070 3407 4141; x_wconf 83' lang='lat' dir='ltr'><strong>linguam</strong></span> <span class='ocrx_word' id='word_1_667' title='bbox 3442 4083 3473 4123; x_wconf 91' lang='lat' dir='ltr'><strong>a</strong></span> <span class='ocrx_word' id='word_1_668' title='bbox 3505 4068 3802 4124; x_wconf 83' lang='lat' dir='ltr'><strong>detractio-</strong></span> 
     </span>
    </p>
   </div>
   <div class='ocr_carea' id='block_1_88' title="bbox 2222 4158 3805 4229">
    <p class='ocr_par' dir='ltr' id='par_1_88' title="bbox 2222 4158 3805 4229">
     <span class='ocr_line' id='line_1_88' title="bbox 2222 4158 3805 4229; baseline -0.004 -12"><span class='ocrx_word' id='word_1_669' title='bbox 2222 4162 2407 4227; x_wconf 79' lang='lat' dir='ltr'><strong>nibus,</strong></span> <span class='ocrx_word' id='word_1_670' title='bbox 2431 4160 2748 4224; x_wconf 74' lang='lat' dir='ltr'><strong>mendaciis,</strong></span> <span class='ocrx_word' id='word_1_671' title='bbox 2775 4159 3146 4228; x_wconf 86' lang='lat' dir='ltr'><strong>blasphemiis,</strong></span> <span class='ocrx_word' id='word_1_672' title='bbox 3178 4158 3549 4229; x_wconf 85' lang='lat' dir='ltr'><strong>stultiloquiis,</strong></span> <span class='ocrx_word' id='word_1_673' title='bbox 3579 4159 3649 4214; x_wconf 90' lang='lat' dir='ltr'><strong>ab</strong></span> <span class='ocrx_word' id='word_1_674' title='bbox 3688 4160 3805 4227; x_wconf 83' lang='lat' dir='ltr'><strong>ipso</strong></span> 
     </span>
    </p>
   </div>
   <div class='ocr_carea' id='block_1_89' title="bbox 2220 4249 3804 4320">
    <p class='ocr_par' dir='ltr' id='par_1_89' title="bbox 2220 4249 3804 4320">
     <span class='ocr_line' id='line_1_89' title="bbox 2220 4249 3804 4320; baseline -0.004 -13"><span class='ocrx_word' id='word_1_675' title='bbox 2220 4252 2385 4308; x_wconf 82' lang='lat' dir='ltr'><strong>etiam</strong></span> <span class='ocrx_word' id='word_1_676' title='bbox 2435 4251 2795 4320; x_wconf 85' lang='lat' dir='ltr'><strong>multiloquio,</strong></span> <span class='ocrx_word' id='word_1_677' title='bbox 2833 4250 3174 4319; x_wconf 68' lang='lat' dir='ltr'><strong>ueterisque,</strong></span> <span class='ocrx_word' id='word_1_678' title='bbox 3214 4249 3415 4320; x_wconf 87' lang='lat' dir='ltr'><strong>quibus</strong></span> <span class='ocrx_word' id='word_1_679' title='bbox 3447 4262 3674 4320; x_wconf 83' lang='lat' dir='ltr'><strong>peccare</strong></span> <span class='ocrx_word' id='word_1_680' title='bbox 3714 4262 3804 4302; x_wconf 83' lang='lat' dir='ltr'><strong>so-</strong></span> 
     </span>
    </p>
   </div>
   <div class='ocr_carea' id='block_1_90' title="bbox 2222 4337 3799 4417">
    <p class='ocr_par' dir='ltr' id='par_1_90' title="bbox 2222 4337 3799 4417">
     <span class='ocr_line' id='line_1_90' title="bbox 2222 4337 3799 4417; baseline -0.004 -20"><span class='ocrx_word' id='word_1_681' title='bbox 2222 4342 2318 4408; x_wconf 87' lang='lat' dir='ltr'><strong>let,</strong></span> <span class='ocrx_word' id='word_1_682' title='bbox 2344 4339 2718 4398; x_wconf 78' lang='lat' dir='ltr'><strong>refrenaverit.</strong></span> <span class='ocrx_word' id='word_1_683' title='bbox 2739 4339 2942 4396; x_wconf 89' lang='lat' dir='ltr'><strong>frustra</strong></span> <span class='ocrx_word' id='word_1_684' title='bbox 2965 4355 3023 4395; x_wconf 90' lang='lat' dir='ltr'><strong>sc</strong></span> <span class='ocrx_word' id='word_1_685' title='bbox 3044 4340 3119 4417; x_wconf 39' lang='lat' dir='ltr'><strong>de.</strong></span> <span class='ocrx_word' id='word_1_686' title='bbox 3136 4354 3361 4409; x_wconf 86' lang='lat' dir='ltr'><strong>operum</strong></span> <span class='ocrx_word' id='word_1_687' title='bbox 3377 4338 3590 4408; x_wconf 66' lang='lat' dir='ltr'><strong>iustitia</strong></span> <span class='ocrx_word' id='word_1_688' title='bbox 3610 4337 3799 4408; x_wconf 75' lang='lat' dir='ltr'><strong>iactet.</strong></span> 
     </span>
    </p>
   </div>
   <div class='ocr_carea' id='block_1_91' title="bbox 617 4399 3799 4506">
    <p class='ocr_par' dir='ltr' id='par_1_91' title="bbox 617 4399 3799 4506">
     <span class='ocr_line' id='line_1_91' title="bbox 617 4399 3799 4506; baseline -0.002 -20"><span class='ocrx_word' id='word_1_689' title='bbox 617 4434 672 4487; x_wconf 91' lang='lat' dir='ltr'><strong>ln</strong></span> <span class='ocrx_word' id='word_1_690' title='bbox 707 4435 922 4490; x_wconf 90' lang='lat' dir='ltr'><strong>nomine</strong></span> <span class='ocrx_word' id='word_1_691' title='bbox 955 4435 1202 4505; x_wconf 67' lang='lat' dir='ltr'><strong>justitia),</strong></span> <span class='ocrx_word' id='word_1_692' title='bbox 1240 4445 1297 4491; x_wconf 89' lang='lat' dir='ltr'><strong>et</strong></span> <span class='ocrx_word' id='word_1_693' title='bbox 1334 4438 1387 4491; x_wconf 90' lang='lat' dir='ltr'><strong>in</strong></span> <span class='ocrx_word' id='word_1_694' title='bbox 1405 4437 1643 4506; x_wconf 87' lang='lat' dir='ltr'><strong>Spiritus</strong></span> <span class='ocrx_word' id='word_1_695' title='bbox 1685 4438 1859 4492; x_wconf 87' lang='lat' dir='ltr'><strong>sancti</strong></span> <span class='ocrx_word' id='word_1_696' title='bbox 1895 4438 2037 4494; x_wconf 83' lang='lat' dir='ltr'><strong>dono</strong></span> <span class='ocrx_word' id='word_1_697' title='bbox 2065 4446 2120 4493; x_wconf 85' lang='lat' dir='ltr'><strong>ct</strong></span> <span class='ocrx_word' id='word_1_698' title='bbox 2143 4399 2196 4458; x_wconf 68' lang='grc' dir='ltr'><strong><em>Β</em></strong></span> <span class='ocrx_word' id='word_1_699' title='bbox 2224 4428 2374 4485; x_wconf 73' lang='lat' dir='ltr'><strong>Sicut</strong></span> <span class='ocrx_word' id='word_1_700' title='bbox 2406 4428 2689 4484; x_wconf 71' lang='lat' dir='ltr'><strong>et‘Palllts</strong></span> <span class='ocrx_word' id='word_1_701' title='bbox 2719 4428 2986 4498; x_wconf 79' lang='lat' dir='ltr'><strong>generalis</strong></span> <span class='ocrx_word' id='word_1_702' title='bbox 3237 4428 3564 4483; x_wconf 85' lang='lat' dir='ltr'><strong>sententiam</strong></span> <span class='ocrx_word' id='word_1_703' title='bbox 3602 4399 3799 4496; x_wconf 73' lang='lat' dir='ltr'><strong>appro-</strong></span> 
     </span>
    </p>
   </div>
   <div class='ocr_carea' id='block_1_92' title="bbox 547 4525 2071 4592">
    <p class='ocr_par' dir='ltr' id='par_1_92' title="bbox 547 4525 2071 4592">
     <span class='ocr_line' id='line_1_92' title="bbox 547 4525 2071 4592; baseline 0.003 -15"><span class='ocrx_word' id='word_1_704' title='bbox 547 4525 821 4592; x_wconf 81' lang='lat' dir='ltr'><strong>missione,</strong></span> <span class='ocrx_word' id='word_1_705' title='bbox 855 4526 1081 4582; x_wconf 86' lang='lat' dir='ltr'><strong>istarum</strong></span> <span class='ocrx_word' id='word_1_706' title='bbox 1107 4528 1334 4583; x_wconf 89' lang='lat' dir='ltr'><strong>duarum</strong></span> <span class='ocrx_word' id='word_1_707' title='bbox 1361 4528 1423 4581; x_wconf 84' lang='lat' dir='ltr'><strong>fit</strong></span> <span class='ocrx_word' id='word_1_708' title='bbox 1444 4528 1731 4583; x_wconf 87' lang='lat' dir='ltr'><strong>concordia</strong></span> <span class='ocrx_word' id='word_1_709' title='bbox 1758 4528 2071 4584; x_wconf 88' lang='lat' dir='ltr'><strong>lectionum.</strong></span> 
     </span>
    </p>
   </div>
   <div class='ocr_carea' id='block_1_93' title="bbox 735 4676 1925 4738">
    <p class='ocr_par' dir='ltr' id='par_1_93' title="bbox 735 4676 1925 4738">
     <span class='ocr_line' id='line_1_93' title="bbox 735 4676 1925 4738; baseline 0.003 -5"><span class='ocrx_word' id='word_1_710' title='bbox 735 4676 1060 4735; x_wconf 72' lang='lat' dir='ltr'><strong>DOMINICA</strong></span> <span class='ocrx_word' id='word_1_711' title='bbox 1097 4680 1164 4736; x_wconf 73' lang='grc' dir='ltr'><strong><em>Ν</em></strong></span> <span class='ocrx_word' id='word_1_712' title='bbox 1202 4679 1378 4735; x_wconf 85' lang='lat' dir='ltr'><strong>POST</strong></span> <span class='ocrx_word' id='word_1_713' title='bbox 1416 4680 1572 4736; x_wconf 85' lang='lat' dir='ltr'><strong>OCT.</strong></span> <span class='ocrx_word' id='word_1_714' title='bbox 1611 4682 1925 4738; x_wconf 76' lang='lat' dir='ltr'><strong>PASCIUE.</strong></span> 
     </span>
    </p>
   </div>
   <div class='ocr_carea' id='block_1_94' title="bbox 782 4783 1883 4839">
    <p class='ocr_par' dir='ltr' id='par_1_94' title="bbox 782 4783 1883 4839">
     <span class='ocr_line' id='line_1_94' title="bbox 782 4783 1883 4839; baseline 0.006 -19"><span class='ocrx_word' id='word_1_715' title='bbox 782 4783 950 4823; x_wconf 75' lang='lat' dir='ltr'><strong>EPIST.</strong></span> <span class='ocrx_word' id='word_1_716' title='bbox 979 4784 1139 4824; x_wconf 58' lang='grc' dir='ltr'><strong>Βελτι</strong></span> <span class='ocrx_word' id='word_1_717' title='bbox 1165 4785 1345 4826; x_wconf 74' lang='lat' dir='ltr'><strong>JACOBI</strong></span> <span class='ocrx_word' id='word_1_718' title='bbox 1382 4786 1660 4839; x_wconf 74' lang='lat' dir='ltr'><strong>APOSTOLI,</strong></span> <span class='ocrx_word' id='word_1_719' title='bbox 1693 4789 1810 4829; x_wconf 76' lang='lat' dir='ltr'><strong>CAP.</strong></span> <span class='ocrx_word' id='word_1_720' title='bbox 1846 4790 1883 4828; x_wconf 89' lang='grc' dir='ltr'><strong>ι.</strong></span> 
     </span>
    </p>
   </div>
   <div class='ocr_carea' id='block_1_95' title="bbox 626 4879 2116 4957">
    <p class='ocr_par' dir='ltr' id='par_1_95' title="bbox 626 4879 2116 4957">
     <span class='ocr_line' id='line_1_95' title="bbox 626 4879 2116 4957; baseline 0.011 -26"><span class='ocrx_word' id='word_1_721' title='bbox 626 4899 647 4931; x_wconf 71' lang='grc' dir='ltr'><strong>ο</strong></span> <span class='ocrx_word' id='word_1_722' title='bbox 691 4880 878 4936; x_wconf 80' lang='lat' dir='ltr'><strong>Estote</strong></span> <span class='ocrx_word' id='word_1_723' title='bbox 925 4879 1163 4938; x_wconf 87' lang='lat' dir='ltr'><strong>factores</strong></span> <span class='ocrx_word' id='word_1_724' title='bbox 1208 4883 1377 4950; x_wconf 82' lang='lat' dir='ltr'><strong>verbi,</strong></span> <span class='ocrx_word' id='word_1_725' title='bbox 1417 4900 1522 4940; x_wconf 90' lang='lat' dir='ltr'><strong>non</strong></span> <span class='ocrx_word' id='word_1_726' title='bbox 1566 4886 1839 4945; x_wconf 82' lang='lat' dir='ltr'><strong>auditores</strong></span> <span class='ocrx_word' id='word_1_727' title='bbox 1888 4896 2116 4957; x_wconf 86' lang='lat' dir='ltr'><strong>tantum,</strong></span> 
     </span>
    </p>
   </div>
   <div class='ocr_carea' id='block_1_96' title="bbox 558 4970 2120 5050">
    <p class='ocr_par' dir='ltr' id='par_1_96' title="bbox 558 4970 2120 5050">
     <span class='ocr_line' id='line_1_96' title="bbox 558 4970 2120 5050; baseline 0.012 -28"><span class='ocrx_word' id='word_1_728' title='bbox 558 4991 574 5021; x_wconf 80' lang='grc' dir='ltr'>ι</span> <span class='ocrx_word' id='word_1_729' title='bbox 618 4970 863 5026; x_wconf 87' lang='lat' dir='ltr'><strong>fallentes</strong></span> <span class='ocrx_word' id='word_1_730' title='bbox 898 4973 1277 5043; x_wconf 84' lang='lat' dir='ltr'><strong>vosmetipsos.</strong></span> <span class='ocrx_word' id='word_1_731' title='bbox 1345 4976 1481 5043; x_wconf 86' lang='lat' dir='ltr'><strong>Quia</strong></span> <span class='ocrx_word' id='word_1_732' title='bbox 1526 4978 1571 5033; x_wconf 90' lang='lat' dir='ltr'><strong>si</strong></span> <span class='ocrx_word' id='word_1_733' title='bbox 1611 4981 1735 5050; x_wconf 90' lang='lat' dir='ltr'><strong>quis</strong></span> <span class='ocrx_word' id='word_1_734' title='bbox 1783 4981 2000 5039; x_wconf 86' lang='lat' dir='ltr'><strong>auditor</strong></span> <span class='ocrx_word' id='word_1_735' title='bbox 2035 4994 2120 5041; x_wconf 87' lang='lat' dir='ltr'><strong>est</strong></span> 
     </span>
    </p>
   </div>
   <div class='ocr_carea' id='block_1_97' title="bbox 558 5059 2117 5138">
    <p class='ocr_par' dir='ltr' id='par_1_97' title="bbox 558 5059 2117 5138">
     <span class='ocr_line' id='line_1_97' title="bbox 558 5059 2117 5138; baseline 0.01 -25"><span class='ocrx_word' id='word_1_736' title='bbox 558 5080 576 5113; x_wconf 74' lang='grc' dir='ltr'>ι</span> <span class='ocrx_word' id='word_1_737' title='bbox 622 5059 773 5115; x_wconf 88' lang='lat' dir='ltr'><strong>verbi</strong></span> <span class='ocrx_word' id='word_1_738' title='bbox 801 5070 858 5116; x_wconf 89' lang='lat' dir='ltr'><strong>et</strong></span> <span class='ocrx_word' id='word_1_739' title='bbox 894 5078 1000 5118; x_wconf 92' lang='lat' dir='ltr'><strong>non</strong></span> <span class='ocrx_word' id='word_1_740' title='bbox 1038 5061 1232 5130; x_wconf 87' lang='lat' dir='ltr'><strong>factor,</strong></span> <span class='ocrx_word' id='word_1_741' title='bbox 1272 5066 1361 5122; x_wconf 92' lang='lat' dir='ltr'><strong>hic</strong></span> <span class='ocrx_word' id='word_1_742' title='bbox 1397 5071 1803 5138; x_wconf 85' lang='lat' dir='ltr'><strong>comparabitur</strong></span> <span class='ocrx_word' id='word_1_743' title='bbox 1837 5073 1955 5129; x_wconf 83' lang='lat' dir='ltr'><strong>viro</strong></span> <span class='ocrx_word' id='word_1_744' title='bbox 1984 5090 2117 5131; x_wconf 90' lang='lat' dir='ltr'><strong>con-</strong></span> 
     </span>
    </p>
   </div>
   <div class='ocr_carea' id='block_1_98' title="bbox 558 5150 2119 5235">
    <p class='ocr_par' dir='ltr' id='par_1_98' title="bbox 558 5150 2119 5235">
     <span class='ocr_line' id='line_1_98' title="bbox 558 5150 2119 5235; baseline 0.014 -36"><span class='ocrx_word' id='word_1_745' title='bbox 558 5170 576 5199; x_wconf 73' lang='lat'><strong>(</strong></span> <span class='ocrx_word' id='word_1_746' title='bbox 619 5150 878 5205; x_wconf 82' lang='lat' dir='ltr'><strong>sideranti</strong></span> <span class='ocrx_word' id='word_1_747' title='bbox 944 5150 1151 5208; x_wconf 89' lang='lat' dir='ltr'><strong>vultum</strong></span> <span class='ocrx_word' id='word_1_748' title='bbox 1227 5157 1525 5215; x_wconf 88' lang='lat' dir='ltr'><strong>nativitatis</strong></span> <span class='ocrx_word' id='word_1_749' title='bbox 1592 5176 1703 5217; x_wconf 76' lang='lat' dir='ltr'><strong>sua:</strong></span> <span class='ocrx_word' id='word_1_750' title='bbox 1760 5164 1818 5235; x_wconf 88' lang='lat' dir='ltr'><strong>in</strong></span> <span class='ocrx_word' id='word_1_751' title='bbox 1875 5165 2119 5234; x_wconf 74' lang='lat' dir='ltr'><strong>speculo.</strong></span> 
     </span>
    </p>
   </div>
   <div class='ocr_carea' id='block_1_99' title="bbox 559 5240 2121 5316">
    <p class='ocr_par' dir='ltr' id='par_1_99' title="bbox 559 5240 2121 5316">
     <span class='ocr_line' id='line_1_99' title="bbox 559 5240 2121 5316; baseline 0.012 -24"><span class='ocrx_word' id='word_1_752' title='bbox 559 5259 579 5292; x_wconf 82' lang='lat' dir='ltr'><strong>s</strong></span> <span class='ocrx_word' id='word_1_753' title='bbox 624 5240 994 5298; x_wconf 80' lang='lat' dir='ltr'><strong>Considcravit</strong></span> <span class='ocrx_word' id='word_1_754' title='bbox 1038 5246 1181 5301; x_wconf 88' lang='lat' dir='ltr'><strong>enim</strong></span> <span class='ocrx_word' id='word_1_755' title='bbox 1220 5263 1299 5314; x_wconf 89' lang='lat' dir='ltr'><strong>se,</strong></span> <span class='ocrx_word' id='word_1_756' title='bbox 1337 5258 1392 5304; x_wconf 90' lang='lat' dir='ltr'><strong>et</strong></span> <span class='ocrx_word' id='word_1_757' title='bbox 1419 5251 1580 5316; x_wconf 89' lang='lat' dir='ltr'><strong>abiit,</strong></span> <span class='ocrx_word' id='word_1_758' title='bbox 1611 5261 1667 5308; x_wconf 89' lang='lat' dir='ltr'><strong>et</strong></span> <span class='ocrx_word' id='word_1_759' title='bbox 1702 5254 1886 5308; x_wconf 88' lang='lat' dir='ltr'><strong>statim</strong></span> <span class='ocrx_word' id='word_1_760' title='bbox 1922 5255 2121 5310; x_wconf 85' lang='lat' dir='ltr'><strong>oblitus</strong></span> 
     </span>
    </p>
   </div>
   <div class='ocr_carea' id='block_1_100' title="bbox 560 5330 2122 5414">
    <p class='ocr_par' dir='ltr' id='par_1_100' title="bbox 560 5330 2122 5414">
     <span class='ocr_line' id='line_1_100' title="bbox 560 5330 2122 5414; baseline 0.01 -32"><span class='ocrx_word' id='word_1_761' title='bbox 560 5350 579 5381; x_wconf 68' lang='grc' dir='ltr'>ι</span> <span class='ocrx_word' id='word_1_762' title='bbox 625 5330 892 5402; x_wconf 87' lang='lat' dir='ltr'><strong>estqualis</strong></span> <span class='ocrx_word' id='word_1_763' title='bbox 915 5333 1094 5389; x_wconf 87' lang='lat' dir='ltr'><strong>fuerit.</strong></span> <span class='ocrx_word' id='word_1_764' title='bbox 1111 5336 1209 5404; x_wconf 88' lang='lat' dir='ltr'><strong>Qui</strong></span> <span class='ocrx_word' id='word_1_765' title='bbox 1232 5348 1411 5395; x_wconf 89' lang='lat' dir='ltr'><strong>autem</strong></span> <span class='ocrx_word' id='word_1_766' title='bbox 1433 5343 1769 5412; x_wconf 81' lang='lat' dir='ltr'><strong>perspexerit</strong></span> <span class='ocrx_word' id='word_1_767' title='bbox 1791 5343 1843 5396; x_wconf 92' lang='lat' dir='ltr'><strong>in</strong></span> <span class='ocrx_word' id='word_1_768' title='bbox 1871 5343 1986 5414; x_wconf 82' lang='lat' dir='ltr'><strong>lege</strong></span> <span class='ocrx_word' id='word_1_769' title='bbox 2000 5360 2122 5412; x_wconf 88' lang='lat' dir='ltr'><strong>per-</strong></span> 
     </span>
    </p>
   </div>
   <div class='ocr_carea' id='block_1_101' title="bbox 558 5420 2123 5499">
    <p class='ocr_par' dir='ltr' id='par_1_101' title="bbox 558 5420 2123 5499">
     <span class='ocr_line' id='line_1_101' title="bbox 558 5420 2123 5499; baseline 0.009 -28"><span class='ocrx_word' id='word_1_770' title='bbox 558 5438 577 5471; x_wconf 74' lang='grc' dir='ltr'>ί</span> <span class='ocrx_word' id='word_1_771' title='bbox 624 5420 777 5478; x_wconf 80' lang='lat' dir='ltr'><strong>lectae</strong></span> <span class='ocrx_word' id='word_1_772' title='bbox 796 5421 1078 5493; x_wconf 87' lang='lat' dir='ltr'><strong>libertatis,</strong></span> <span class='ocrx_word' id='word_1_773' title='bbox 1104 5432 1534 5499; x_wconf 84' lang='lat' dir='ltr'><strong>ctpcrmanserit</strong></span> <span class='ocrx_word' id='word_1_774' title='bbox 1562 5436 1615 5485; x_wconf 87' lang='lat' dir='ltr'><strong>in</strong></span> <span class='ocrx_word' id='word_1_775' title='bbox 1654 5446 1741 5495; x_wconf 89' lang='lat' dir='ltr'><strong>ea,</strong></span> <span class='ocrx_word' id='word_1_776' title='bbox 1776 5448 1882 5488; x_wconf 91' lang='lat' dir='ltr'><strong>non</strong></span> <span class='ocrx_word' id='word_1_777' title='bbox 1907 5434 2123 5487; x_wconf 87' lang='lat' dir='ltr'><strong>auditor</strong></span> 
     </span>
    </p>
   </div>
   <div class='ocr_carea' id='block_1_102' title="bbox 560 5513 2117 5593">
    <p class='ocr_par' dir='ltr' id='par_1_102' title="bbox 560 5513 2117 5593">
     <span class='ocr_line' id='line_1_102' title="bbox 560 5513 2117 5593; baseline 0.008 -29"><span class='ocrx_word' id='word_1_778' title='bbox 560 5530 581 5564; x_wconf 86' lang='lat' dir='ltr'><strong>s</strong></span> <span class='ocrx_word' id='word_1_779' title='bbox 625 5513 913 5572; x_wconf 77' lang='lat' dir='ltr'><strong>oblividsus</strong></span> <span class='ocrx_word' id='word_1_780' title='bbox 953 5517 1145 5587; x_wconf 86' lang='lat' dir='ltr'><strong>factus,</strong></span> <span class='ocrx_word' id='word_1_781' title='bbox 1171 5520 1263 5576; x_wconf 87' lang='lat' dir='ltr'><strong>sed</strong></span> <span class='ocrx_word' id='word_1_782' title='bbox 1296 5520 1467 5577; x_wconf 86' lang='lat' dir='ltr'><strong>factor</strong></span> <span class='ocrx_word' id='word_1_783' title='bbox 1499 5523 1697 5593; x_wconf 85' lang='lat' dir='ltr'><strong>eperis,</strong></span> <span class='ocrx_word' id='word_1_784' title='bbox 1728 5524 1817 5577; x_wconf 89' lang='lat' dir='ltr'><strong>hic</strong></span> <span class='ocrx_word' id='word_1_785' title='bbox 1844 5525 2036 5579; x_wconf 86' lang='lat' dir='ltr'><strong>beatus</strong></span> <span class='ocrx_word' id='word_1_786' title='bbox 2063 5526 2117 5578; x_wconf 89' lang='lat' dir='ltr'><strong>in</strong></span> 
     </span>
    </p>
   </div>
   <div class='ocr_carea' id='block_1_103' title="bbox 558 5602 2120 5683">
    <p class='ocr_par' dir='ltr' id='par_1_103' title="bbox 558 5602 2120 5683">
     <span class='ocr_line' id='line_1_103' title="bbox 558 5602 2120 5683; baseline 0.008 -29"><span class='ocrx_word' id='word_1_787' title='bbox 558 5618 583 5654; x_wconf 83' lang='lat' dir='ltr'><strong>s</strong></span> <span class='ocrx_word' id='word_1_788' title='bbox 626 5602 764 5660; x_wconf 74' lang='lat' dir='ltr'><strong>facto</strong></span> <span class='ocrx_word' id='word_1_789' title='bbox 801 5621 896 5663; x_wconf 90' lang='lat' dir='ltr'><strong>suo</strong></span> <span class='ocrx_word' id='word_1_790' title='bbox 923 5607 1045 5664; x_wconf 84' lang='lat' dir='ltr'><strong>erit.</strong></span> <span class='ocrx_word' id='word_1_791' title='bbox 1084 5609 1137 5663; x_wconf 88' lang='lat' dir='ltr'><strong>Si</strong></span> <span class='ocrx_word' id='word_1_792' title='bbox 1176 5611 1295 5680; x_wconf 82' lang='lat' dir='ltr'><strong>quis</strong></span> <span class='ocrx_word' id='word_1_793' title='bbox 1332 5619 1511 5665; x_wconf 86' lang='lat' dir='ltr'><strong>autem</strong></span> <span class='ocrx_word' id='word_1_794' title='bbox 1543 5621 1697 5680; x_wconf 83' lang='lat' dir='ltr'><strong>putat</strong></span> <span class='ocrx_word' id='word_1_795' title='bbox 1733 5627 1789 5666; x_wconf 86' lang='lat' dir='ltr'><strong>se</strong></span> <span class='ocrx_word' id='word_1_796' title='bbox 1817 5613 2120 5683; x_wconf 75' lang='lat' dir='ltr'><strong>religiosum</strong></span> 
     </span>
    </p>
   </div>
   <div class='ocr_carea' id='block_1_104' title="bbox 628 5800 677 5864">
    <p class='ocr_par' dir='ltr' id='par_1_104' title="bbox 628 5800 677 5864">
     <span class='ocr_line' id='line_1_104' title="bbox 628 5800 677 5864; baseline 0 0"><span class='ocrx_word' id='word_1_797' title='bbox 628 5800 677 5864; x_wconf 66' lang='grc' dir='ltr'>Ξ</span> 
     </span>
    </p>
   </div>
   <div class='ocr_carea' id='block_1_105' title="bbox 2220 4516 3802 4589">
    <p class='ocr_par' dir='ltr' id='par_1_105' title="bbox 2220 4516 3802 4589">
     <span class='ocr_line' id='line_1_105' title="bbox 2220 4516 3802 4589; baseline -0.003 -15"><span class='ocrx_word' id='word_1_798' title='bbox 2220 4519 2378 4583; x_wconf 83' lang='lat' dir='ltr'><strong>bans,</strong></span> <span class='ocrx_word' id='word_1_799' title='bbox 2414 4519 2489 4573; x_wconf 86' lang='lat' dir='ltr'><strong>ait</strong></span> <span class='ocrx_word' id='word_1_800' title='bbox 2516 4535 2536 4572; x_wconf 70' lang='grc' dir='ltr'>ι</span> <span class='ocrx_word' id='word_1_801' title='bbox 2561 4516 2913 4589; x_wconf 80' lang='lat' dir='ltr'><strong>Corrumpunt</strong></span> <span class='ocrx_word' id='word_1_802' title='bbox 2950 4536 3119 4577; x_wconf 84' lang='lat' dir='ltr'><strong>mores</strong></span> <span class='ocrx_word' id='word_1_803' title='bbox 3150 4519 3314 4574; x_wconf 86' lang='lat' dir='ltr'><strong>bonos</strong></span> <span class='ocrx_word' id='word_1_804' title='bbox 3361 4519 3621 4589; x_wconf 82' lang='lat' dir='ltr'><strong>colloquia</strong></span> <span class='ocrx_word' id='word_1_805' title='bbox 3657 4518 3802 4572; x_wconf 87' lang='lat' dir='ltr'><strong>mala</strong></span> 
     </span>
    </p>
   </div>
   <div class='ocr_carea' id='block_1_106' title="bbox 2225 4605 2566 4680">
    <p class='ocr_par' dir='ltr' id='par_1_106' title="bbox 2225 4605 2566 4680">
     <span class='ocr_line' id='line_1_106' title="bbox 2225 4605 2566 4680; baseline -0.003 -20"><span class='ocrx_word' id='word_1_806' title='bbox 2225 4606 2275 4680; x_wconf 85' lang='grc'><strong>(1</strong></span> <span class='ocrx_word' id='word_1_807' title='bbox 2298 4606 2421 4662; x_wconf 84' lang='lat' dir='ltr'><strong>Cor.</strong></span> <span class='ocrx_word' id='word_1_808' title='bbox 2448 4605 2566 4677; x_wconf 72' lang='lat' dir='ltr'><strong>xv).</strong></span> 
     </span>
    </p>
   </div>
   <div class='ocr_carea' id='block_1_107' title="bbox 2296 4693 3800 4768">
    <p class='ocr_par' dir='ltr' id='par_1_107' title="bbox 2296 4693 3800 4768">
     <span class='ocr_line' id='line_1_107' title="bbox 2296 4693 3800 4768; baseline 0 -21"><span class='ocrx_word' id='word_1_809' title='bbox 2296 4693 2499 4765; x_wconf 80' lang='lat' dir='ltr'><strong>Religio</strong></span> <span class='ocrx_word' id='word_1_810' title='bbox 2529 4696 2726 4750; x_wconf 80' lang='lat' dir='ltr'><strong>munda</strong></span> <span class='ocrx_word' id='word_1_811' title='bbox 2758 4705 2807 4751; x_wconf 84' lang='lat' dir='ltr'><strong>et</strong></span> <span class='ocrx_word' id='word_1_812' title='bbox 2838 4694 3203 4762; x_wconf 82' lang='lat' dir='ltr'><strong>immaculata,</strong></span> <span class='ocrx_word' id='word_1_813' title='bbox 3236 4696 3377 4768; x_wconf 64' lang='lat' dir='ltr'><strong>apud</strong></span> <span class='ocrx_word' id='word_1_814' title='bbox 3409 4695 3576 4750; x_wconf 77' lang='lat' dir='ltr'><strong>Deum</strong></span> <span class='ocrx_word' id='word_1_815' title='bbox 3614 4705 3663 4749; x_wconf 88' lang='lat' dir='ltr'><strong>et</strong></span> <span class='ocrx_word' id='word_1_816' title='bbox 3696 4694 3800 4748; x_wconf 83' lang='lat' dir='ltr'><strong>Pa-</strong></span> 
     </span>
    </p>
   </div>
   <div class='ocr_carea' id='block_1_108' title="bbox 2223 4783 3798 4857">
    <p class='ocr_par' dir='ltr' id='par_1_108' title="bbox 2223 4783 3798 4857">
     <span class='ocr_line' id='line_1_108' title="bbox 2223 4783 3798 4857; baseline -0.001 -18"><span class='ocrx_word' id='word_1_817' title='bbox 2223 4795 2352 4839; x_wconf 85' lang='lat' dir='ltr'><strong>trem</strong></span> <span class='ocrx_word' id='word_1_818' title='bbox 2372 4786 2482 4840; x_wconf 76' lang='lat' dir='ltr'><strong>luec</strong></span> <span class='ocrx_word' id='word_1_819' title='bbox 2504 4794 2602 4840; x_wconf 87' lang='lat' dir='ltr'><strong>est.</strong></span> <span class='ocrx_word' id='word_1_820' title='bbox 2628 4786 2858 4842; x_wconf 80' lang='lat' dir='ltr'><strong>Pulchre</strong></span> <span class='ocrx_word' id='word_1_821' title='bbox 2885 4786 3112 4851; x_wconf 84' lang='lat' dir='ltr'><strong>addidit,</strong></span> <span class='ocrx_word' id='word_1_822' title='bbox 3137 4787 3279 4857; x_wconf 83' lang='lat' dir='ltr'><strong>apud</strong></span> <span class='ocrx_word' id='word_1_823' title='bbox 3303 4786 3470 4840; x_wconf 80' lang='lat' dir='ltr'><strong>Deum</strong></span> <span class='ocrx_word' id='word_1_824' title='bbox 3494 4795 3541 4840; x_wconf 88' lang='lat' dir='ltr'><strong>et</strong></span> <span class='ocrx_word' id='word_1_825' title='bbox 3564 4783 3798 4851; x_wconf 83' lang='lat' dir='ltr'><strong>Patrem,</strong></span> 
     </span>
    </p>
   </div>
   <div class='ocr_carea' id='block_1_109' title="bbox 2226 4877 3799 4949">
    <p class='ocr_par' dir='ltr' id='par_1_109' title="bbox 2226 4877 3799 4949">
     <span class='ocr_line' id='line_1_109' title="bbox 2226 4877 3799 4949; baseline -0.001 -18"><span class='ocrx_word' id='word_1_826' title='bbox 2226 4877 2352 4946; x_wconf 90' lang='lat' dir='ltr'><strong>quia</strong></span> <span class='ocrx_word' id='word_1_827' title='bbox 2383 4885 2510 4932; x_wconf 89' lang='lat' dir='ltr'><strong>sunt</strong></span> <span class='ocrx_word' id='word_1_828' title='bbox 2545 4878 2981 4947; x_wconf 83' lang='lat' dir='ltr'><strong>qui-hominibus</strong></span> <span class='ocrx_word' id='word_1_829' title='bbox 3024 4877 3259 4949; x_wconf 77' lang='lat' dir='ltr'><strong>religiosi</strong></span> <span class='ocrx_word' id='word_1_830' title='bbox 3298 4877 3571 4940; x_wconf 83' lang='lat' dir='ltr'><strong>videntur.</strong></span> <span class='ocrx_word' id='word_1_831' title='bbox 3612 4892 3735 4930; x_wconf 92' lang='lat' dir='ltr'><strong>cum</strong></span> <span class='ocrx_word' id='word_1_832' title='bbox 3769 4893 3799 4930; x_wconf 91' lang='lat' dir='ltr'><strong>a</strong></span> 
     </span>
    </p>
   </div>
   <div class='ocr_carea' id='block_1_110' title="bbox 2226 4964 3797 5039">
    <p class='ocr_par' dir='ltr' id='par_1_110' title="bbox 2226 4964 3797 5039">
     <span class='ocr_line' id='line_1_110' title="bbox 2226 4964 3797 5039; baseline -0.001 -16"><span class='ocrx_word' id='word_1_833' title='bbox 2226 4969 2337 5023; x_wconf 92' lang='lat' dir='ltr'><strong>Deo</strong></span> <span class='ocrx_word' id='word_1_834' title='bbox 2360 4964 2628 5023; x_wconf 82' lang='lat' dir='ltr'><strong>habentur</strong></span> <span class='ocrx_word' id='word_1_835' title='bbox 2650 4969 2881 5039; x_wconf 83' lang='lat' dir='ltr'><strong>profani.</strong></span> <span class='ocrx_word' id='word_1_836' title='bbox 2914 4969 3064 5026; x_wconf 88' lang='lat' dir='ltr'><strong>Unde</strong></span> <span class='ocrx_word' id='word_1_837' title='bbox 3088 4980 3143 5025; x_wconf 87' lang='lat' dir='ltr'><strong>et</strong></span> <span class='ocrx_word' id='word_1_838' title='bbox 3178 4969 3433 5026; x_wconf 90' lang='lat' dir='ltr'><strong>Salomon</strong></span> <span class='ocrx_word' id='word_1_839' title='bbox 3462 4971 3579 5025; x_wconf 86' lang='lat' dir='ltr'><strong>ait:</strong></span> <span class='ocrx_word' id='word_1_840' title='bbox 3604 4970 3698 5023; x_wconf 81' lang='lat' dir='ltr'><strong>Est</strong></span> <span class='ocrx_word' id='word_1_841' title='bbox 3718 4971 3797 5024; x_wconf 77' lang='lat' dir='ltr'><strong>ria</strong></span> 
     </span>
    </p>
   </div>
   <div class='ocr_carea' id='block_1_111' title="bbox 2226 5060 3798 5131">
    <p class='ocr_par' dir='ltr' id='par_1_111' title="bbox 2226 5060 3798 5131">
     <span class='ocr_line' id='line_1_111' title="bbox 2226 5060 3798 5131; baseline 0.001 -18"><span class='ocrx_word' id='word_1_842' title='bbox 2226 5076 2343 5130; x_wconf 64' lang='lat' dir='ltr'><strong>qua!</strong></span> <span class='ocrx_word' id='word_1_843' title='bbox 2374 5060 2575 5114; x_wconf 78' lang='lat' dir='ltr'><strong>videtur</strong></span> <span class='ocrx_word' id='word_1_844' title='bbox 2605 5060 2803 5114; x_wconf 81' lang='lat' dir='ltr'><strong>homini</strong></span> <span class='ocrx_word' id='word_1_845' title='bbox 2836 5061 2998 5128; x_wconf 82' lang='lat' dir='ltr'><strong>iusta,</strong></span> <span class='ocrx_word' id='word_1_846' title='bbox 3039 5062 3315 5116; x_wconf 84' lang='lat' dir='ltr'><strong>novissima</strong></span> <span class='ocrx_word' id='word_1_847' title='bbox 3350 5072 3526 5115; x_wconf 85' lang='lat' dir='ltr'><strong>autem</strong></span> <span class='ocrx_word' id='word_1_848' title='bbox 3562 5061 3676 5131; x_wconf 85' lang='lat' dir='ltr'><strong>ejus</strong></span> <span class='ocrx_word' id='word_1_849' title='bbox 3707 5062 3798 5114; x_wconf 87' lang='lat' dir='ltr'><strong>de-</strong></span> 
     </span>
    </p>
   </div>
   <div class='ocr_carea' id='block_1_112' title="bbox 2227 5148 3133 5221">
    <p class='ocr_par' dir='ltr' id='par_1_112' title="bbox 2227 5148 3133 5221">
     <span class='ocr_line' id='line_1_112' title="bbox 2227 5148 3133 5221; baseline 0.001 -18"><span class='ocrx_word' id='word_1_850' title='bbox 2227 5150 2423 5203; x_wconf 85' lang='lat' dir='ltr'><strong>ducunt</strong></span> <span class='ocrx_word' id='word_1_851' title='bbox 2454 5149 2522 5203; x_wconf 88' lang='lat' dir='ltr'><strong>ad</strong></span> <span class='ocrx_word' id='word_1_852' title='bbox 2547 5158 2761 5204; x_wconf 86' lang='lat' dir='ltr'><strong>mortem</strong></span> <span class='ocrx_word' id='word_1_853' title='bbox 2790 5148 2972 5221; x_wconf 84' lang='lat' dir='ltr'><strong>(Prov.</strong></span> <span class='ocrx_word' id='word_1_854' title='bbox 3000 5150 3133 5220; x_wconf 77' lang='lat' dir='ltr'><strong>xw).</strong></span> 
     </span>
    </p>
   </div>
   <div class='ocr_carea' id='block_1_113' title="bbox 2311 5257 3796 5330">
    <p class='ocr_par' dir='ltr' id='par_1_113' title="bbox 2311 5257 3796 5330">
     <span class='ocr_line' id='line_1_113' title="bbox 2311 5257 3796 5330; baseline 0.001 -21"><span class='ocrx_word' id='word_1_855' title='bbox 2311 5257 2527 5312; x_wconf 80' lang='lat' dir='ltr'><strong>Visilare</strong></span> <span class='ocrx_word' id='word_1_856' title='bbox 2557 5258 2783 5330; x_wconf 84' lang='lat' dir='ltr'><strong>pupillos</strong></span> <span class='ocrx_word' id='word_1_857' title='bbox 2818 5269 2867 5313; x_wconf 87' lang='lat' dir='ltr'><strong>et</strong></span> <span class='ocrx_word' id='word_1_858' title='bbox 2904 5260 3085 5315; x_wconf 66' lang='lat' dir='ltr'><strong>viduas</strong></span> <span class='ocrx_word' id='word_1_859' title='bbox 3120 5261 3177 5314; x_wconf 89' lang='lat' dir='ltr'><strong>in</strong></span> <span class='ocrx_word' id='word_1_860' title='bbox 3219 5260 3554 5315; x_wconf 87' lang='lat' dir='ltr'><strong>tribulatione</strong></span> <span class='ocrx_word' id='word_1_861' title='bbox 3593 5274 3796 5321; x_wconf 86' lang='lat' dir='ltr'><strong>eorum,</strong></span> 
     </span>
    </p>
   </div>
   <div class='ocr_carea' id='block_1_114' title="bbox 2218 5349 3797 5417">
    <p class='ocr_par' dir='ltr' id='par_1_114' title="bbox 2218 5349 3797 5417">
     <span class='ocr_line' id='line_1_114' title="bbox 2218 5349 3797 5417; baseline -0.001 -14"><span class='ocrx_word' id='word_1_862' title='bbox 2218 5358 2265 5403; x_wconf 82' lang='lat' dir='ltr'><strong>et</strong></span> <span class='ocrx_word' id='word_1_863' title='bbox 2295 5349 2691 5403; x_wconf 73' lang='lat' dir='ltr'><strong>immaculatum</strong></span> <span class='ocrx_word' id='word_1_864' title='bbox 2734 5366 2790 5403; x_wconf 88' lang='lat' dir='ltr'><strong>se</strong></span> <span class='ocrx_word' id='word_1_865' title='bbox 2829 5351 3089 5405; x_wconf 81' lang='lat' dir='ltr'><strong>custodire</strong></span> <span class='ocrx_word' id='word_1_866' title='bbox 3134 5353 3200 5405; x_wconf 90' lang='lat' dir='ltr'><strong>ab</strong></span> <span class='ocrx_word' id='word_1_867' title='bbox 3247 5351 3343 5405; x_wconf 82' lang='lat' dir='ltr'><strong>hoc</strong></span> <span class='ocrx_word' id='word_1_868' title='bbox 3386 5350 3600 5406; x_wconf 66' lang='lat' dir='ltr'><strong>sarculo.</strong></span> <span class='ocrx_word' id='word_1_869' title='bbox 3664 5350 3797 5417; x_wconf 84' lang='lat' dir='ltr'><strong>Quia</strong></span> 
     </span>
    </p>
   </div>
   <div class='ocr_carea' id='block_1_115' title="bbox 2221 5438 3798 5511">
    <p class='ocr_par' dir='ltr' id='par_1_115' title="bbox 2221 5438 3798 5511">
     <span class='ocr_line' id='line_1_115' title="bbox 2221 5438 3798 5511; baseline 0.001 -18"><span class='ocrx_word' id='word_1_870' title='bbox 2221 5439 2433 5494; x_wconf 74' lang='lat' dir='ltr'><strong>dixerat</strong></span> <span class='ocrx_word' id='word_1_871' title='bbox 2466 5438 2730 5497; x_wconf 66' lang='lat' dir='ltr'><strong>iactarem</strong></span> <span class='ocrx_word' id='word_1_872' title='bbox 2769 5443 2951 5511; x_wconf 89' lang='lat' dir='ltr'><strong>operis</strong></span> <span class='ocrx_word' id='word_1_873' title='bbox 2986 5443 3203 5497; x_wconf 86' lang='lat' dir='ltr'><strong>beatum</strong></span> <span class='ocrx_word' id='word_1_874' title='bbox 3245 5443 3299 5498; x_wconf 92' lang='lat' dir='ltr'><strong>in</strong></span> <span class='ocrx_word' id='word_1_875' title='bbox 3341 5443 3484 5499; x_wconf 85' lang='lat' dir='ltr'><strong>facto</strong></span> <span class='ocrx_word' id='word_1_876' title='bbox 3528 5458 3627 5497; x_wconf 88' lang='lat' dir='ltr'><strong>suo</strong></span> <span class='ocrx_word' id='word_1_877' title='bbox 3660 5442 3798 5496; x_wconf 76' lang='lat' dir='ltr'><strong>futu—</strong></span> 
     </span>
    </p>
   </div>
   <div class='ocr_carea' id='block_1_116' title="bbox 2225 5530 3794 5605">
    <p class='ocr_par' dir='ltr' id='par_1_116' title="bbox 2225 5530 3794 5605">
     <span class='ocr_line' id='line_1_116' title="bbox 2225 5530 3794 5605; baseline 0.003 -24"><span class='ocrx_word' id='word_1_878' title='bbox 2225 5545 2375 5597; x_wconf 88' lang='lat' dir='ltr'><strong>rum,</strong></span> <span class='ocrx_word' id='word_1_879' title='bbox 2411 5545 2552 5584; x_wconf 91' lang='lat' dir='ltr'><strong>nunc</strong></span> <span class='ocrx_word' id='word_1_880' title='bbox 2589 5545 2708 5598; x_wconf 65' lang='lat' dir='ltr'><strong>quae</strong></span> <span class='ocrx_word' id='word_1_881' title='bbox 2743 5531 2884 5585; x_wconf 84' lang='lat' dir='ltr'><strong>facta</strong></span> <span class='ocrx_word' id='word_1_882' title='bbox 2915 5530 3025 5605; x_wconf 82' lang='lat' dir='ltr'><strong>Deo</strong></span> <span class='ocrx_word' id='word_1_883' title='bbox 3060 5533 3295 5587; x_wconf 79' lang='lat' dir='ltr'><strong>maxime</strong></span> <span class='ocrx_word' id='word_1_884' title='bbox 3333 5533 3615 5603; x_wconf 88' lang='lat' dir='ltr'><strong>placeant,</strong></span> <span class='ocrx_word' id='word_1_885' title='bbox 3648 5533 3794 5593; x_wconf 85' lang='lat' dir='ltr'><strong>dicit.</strong></span> 
     </span>
    </p>
   </div>
   <div class='ocr_carea' id='block_1_117' title="bbox 2224 5618 3799 5701">
    <p class='ocr_par' dir='ltr' id='par_1_117' title="bbox 2224 5618 3799 5701">
     <span class='ocr_line' id='line_1_117' title="bbox 2224 5618 3799 5701; baseline 0.003 -31"><span class='ocrx_word' id='word_1_886' title='bbox 2224 5618 2591 5673; x_wconf 82' lang='lat' dir='ltr'><strong>misericordia</strong></span> <span class='ocrx_word' id='word_1_887' title='bbox 2627 5619 2833 5674; x_wconf 85' lang='lat' dir='ltr'><strong>scilicet</strong></span> <span class='ocrx_word' id='word_1_888' title='bbox 2873 5629 2928 5676; x_wconf 84' lang='lat' dir='ltr'><strong>et</strong></span> <span class='ocrx_word' id='word_1_889' title='bbox 2968 5622 3291 5701; x_wconf 69' lang='lat' dir='ltr'><strong>innocentia.</strong></span> <span class='ocrx_word' id='word_1_890' title='bbox 3325 5622 3460 5677; x_wconf 86' lang='lat' dir='ltr'><strong>Nam</strong></span> <span class='ocrx_word' id='word_1_891' title='bbox 3497 5638 3617 5693; x_wconf 79' lang='lat' dir='ltr'><strong>qua:</strong></span> <span class='ocrx_word' id='word_1_892' title='bbox 3646 5623 3699 5676; x_wconf 84' lang='lat' dir='ltr'><strong>in</strong></span> <span class='ocrx_word' id='word_1_893' title='bbox 3732 5636 3799 5675; x_wconf 82' lang='lat' dir='ltr'><strong>eo</strong></span> 
     </span>
    </p>
   </div>
  </div>
