3978 6428
275 250 376 311 501

1110 256 1625 322 COLLECTIONES
1661 265 1729 322 IN
1764 266 2141 325 EPISTOLAS
2180 261 2267 328 ET
2306 272 2715 335 EVANGELIA.

3428 290 3536 346 303

275 376 423 444 quod
455 376 689 446 pupillos
726 385 779 429 et
811 375 1005 432 viduas
1042 378 1095 432 in
1132 378 1478 434 tribulatione
1511 396 1697 436 eorum
1731 382 1859 436 visi-
1887 383 1936 441 Α
1962 380 2246 441 dilectione
2288 391 2553 455 succensi,
2596 406 2704 461 quo
2740 391 3030 463 perfectius
3066 399 3266 465 omnia,
3309 417 3429 473 quae
3468 406 3535 462 de

279 467 399 524 lare
420 470 610 540 jussit,
643 479 836 524 cuncta
866 484 986 539 qua:
1012 485 1139 541 erga
1166 472 1468 539 proximum
1499 473 1860 531 misericordi-

282 568 367 614 ter
392 575 554 630 agere
580 558 890 623 debeamus,
918 560 1173 614 insinuat.
1203 559 1356 627 Quod
1379 572 1642 633 quantum
1661 565 1856 628 valeat,

282 652 402 723 ipso
428 640 618 720 judicii
660 660 900 721 tempore
936 652 1225 726 pandetur,
1251 652 1344 707 ubi
1372 655 1616 711 dicturus
1652 666 1737 711 est
1766 655 1859 725 ju-

282 748 385 801 dex
410 762 422 798 :
449 742 697 810 Quandiu
728 744 921 815 fecistis
944 745 1036 799 uni
1066 744 1130 798 de
1159 745 1239 800 his
1262 746 1518 816 fratribus
1546 749 1675 803 meis
1704 750 1860 804 mini-

281 837 402 901 mis,
438 836 568 891 mihi
599 836 819 907 fecistis.
853 835 1024 891 Porro
1062 837 1116 891 in
1151 851 1241 902 eo,
1286 838 1431 908 quod
1482 838 1858 895 itnmaeulatos

280 945 381 985 nos
415 930 482 984 ab
512 930 615 984 hoc
643 927 840 983 saeculo
868 928 1139 984 custodire
1173 928 1451 997 prtecepit,
1489 928 1762 994 universa,
1803 930 1855 984 in

278 1025 478 1095 quibus
514 1032 614 1078 nos
649 1022 793 1093 ipsos
826 1028 1008 1077 castos
1048 1034 1268 1075 servare
1297 1019 1472 1083 docet,
1502 1020 1755 1075 ostendit.
1798 1020 1853 1074 in

277 1116 475 1187 quibus
509 1121 635 1171 sunt
670 1122 727 1168 et
757 1127 820 1168 ea
849 1126 970 1182 qua:
1013 1126 1175 1181 supra
1216 1111 1510 1166 observare
1546 1119 1851 1171 monuerat,

277 1215 340 1260 ut
370 1206 508 1260 tardi
539 1204 606 1259 ad
640 1201 988 1274 loquendum,
1018 1200 1159 1256 tardi
1186 1201 1356 1256 simus
1381 1202 1450 1256 ad
1482 1201 1640 1255 iram.

609 1307 946 1349 evaaesuuu
982 1292 1218 1355 toaums,
1257 1307 1376 1347 car.
1413 1306 1524 1344 XVI.

355 1404 372 1435 ‹
418 1383 588 1438 Amen
610 1396 767 1437 amen
799 1381 920 1436 dico
940 1381 1112 1443 vobis,
1138 1380 1181 1434 si
1206 1379 1335 1450 quid
1359 1381 1624 1450 petieritis
1639 1381 1857 1438 Patrem

283 1493 302 1527 ι
349 1475 403 1529 in
431 1473 647 1528 nomine
671 1486 813 1538 meo,
850 1470 1003 1526 dabit
1019 1470 1412 1541 vobis.,Usque
1443 1472 1602 1528 modo
1629 1488 1735 1528 non
1764 1490 1856 1543 pe-

281 1586 301 1616 ι
350 1566 492 1622 tistis
527 1566 820 1638 quidquam
861 1563 916 1618 in
960 1564 1177 1618 nomine
1219 1579 1371 1629 meo;
1408 1569 1573 1635 petite
1612 1574 1667 1621 et
1710 1568 1853 1623 acci-

284 1676 301 1707 ε
346 1656 527 1727 pictis,
568 1663 630 1710 ut
672 1655 924 1727 gaudium
959 1663 1198 1710 vestrum
1238 1656 1310 1710 sit
1349 1657 1588 1724 plenum.
1633 1657 1758 1713 ﬂare
1799 1659 1853 1714 in

1962 475 2234 544 agnitione
2298 478 2599 536 divinitatis
2670 484 2989 542 mortalibus
3035 499 3193 546 erant
3247 495 3535 565 capienda,
3593 531 3602 539 ο

1962 574 2243 632 ceperunt,
2294 581 2360 622 eo
2401 570 2681 627 ardentius
2714 574 2852 641 sola,
2877 589 2998 646 quas
3031 581 3099 635 ad
3123 582 3241 653 ejus
3268 584 3534 645 visionem
3591 610 3597 629 ι

1959 655 2372 720 promerendam
2407 655 2680 727 iuvarent,
2720 671 2904 732 petere
2943 681 3009 723 ac
3031 667 3341 731 desiderare
3377 693 3533 735 cura-

1959 752 2172 798 verunt.

2024 825 2135 895 Illa
2165 837 2249 892 die
2276 840 2331 893 in
2358 842 2567 897 nomine
2594 858 2708 898 meo
2735 849 2937 916 patetis.
2982 850 3042 906 ld
3073 860 3178 920 est,
3206 869 3326 925 qua:
3349 859 3418 916 ad
3442 874 3533 916 sa-

1958 922 2124 980 lutem
2176 930 2548 985 tantummodo
2592 934 2897 991 animarum
2943 922 3275 1011 vestrarum,
3317 956 3374 1004 et
3413 964 3537 1021 quae

1959 1015 2025 1069 ad
2064 1014 2257 1084 gaudia
2288 1027 2488 1073 interna
2510 1022 2784 1090 pertinere
2804 1025 3112 1095 videantur,
3162 1042 3349 1102 petere
3392 1014 3533 1095 inci-

1956 1105 2135 1174 pietis,
2162 1114 2218 1193 et
2246 1108 2481 1163 maxime
2510 1120 2571 1165 ut
2608 1112 2919 1186 intelligatis
2951 1119 3081 1187 quid
3115 1121 3186 1177 sit
3219 1126 3363 1193 quod
3385 1128 3531 1183 dixi:

1957 1196 2072 1267 Ego
2100 1208 2147 1251 et
2176 1192 2337 1254 Pater
2365 1217 2529 1255 unum
2555 1220 2757 1281 sumus,
2784 1207 2869 1261 vel
2898 1213 3169 1279 quomodo
3192 1192 3358 1273 Pater
3382 1220 3454 1276 sit
3477 1221 3533 1276 in

1957 1301 2062 1351 me,
2103 1297 2177 1375 et
2198 1304 2299 1361 ego
2335 1290 2388 1344 in
2416 1283 2601 1349 Patre.
2643 1295 2794 1352 Tunc
2826 1298 2879 1353 in
2912 1291 3030 1370 ejus
3070 1305 3291 1362 nomine
3320 1318 3531 1378 petunt,

1952 1378 2047 1445 qui
2085 1372 2296 1447 petunt,
2338 1397 2466 1452 quia
2514 1384 2569 1438 in
2613 1400 2749 1443 sono
2795 1388 2912 1458 ejus
2950 1390 3185 1451 nominis
3223 1372 3338 1453 non
3363 1372 3532 1469 aliud,

1953 1483 2118 1537 quam
2165 1484 2279 1525 rem
2329 1473 2501 1542 ipsam
2542 1490 2686 1543 esse,
2725 1493 2846 1551 qum
2886 1480 2989 1538 hoc
3026 1486 3245 1543 nomine
3284 1499 3529 1557 vocatur,

1957 1558 2280 1632 intelligunt.
2334 1561 2399 1618 Hi
2420 1576 2647 1636 possunt
2670 1577 2945 1643 utcunque
2975 1577 3218 1648 cogitare
3244 1579 3533 1641 Dominum

1957 1658 2198 1705 nostrum
2236 1649 2420 1709 Jesum
2464 1656 2774 1727 Christum,
2816 1662 2868 1718 in
2908 1674 3189 1733 quantum,
3218 1671 3382 1728 homo
3424 1685 3530 1740 est,

278 1766 299 1797 ι
346 1744 646 1817 proverbiis
702 1744 914 1800 locutus
951 1760 1070 1801 sum
1115 1744 1288 1800 vobis.
1343 1746 1502 1801 Venit
1538 1747 1691 1814 liora,
1724 1764 1846 1805 cum
1876 1737 1922 1796 Β
1949 1756 2048 1811 Pl‘O
2068 1741 2225 1799 “Obis
2245 1744 2589 1817 ἰηιθτρειιειτθ
2603 1747 2855 1820 Palmm;
2883 1754 2938 1809 in
2966 1766 3227 1827 quantum
3259 1762 3402 1820 Deus
3421 1737 3530 1831 est,

278 1854 298 1885 ε
333 1836 447 1905 jam
497 1851 602 1891 non
652 1835 706 1889 in
752 1835 1054 1905 proverbiis
1101 1835 1292 1906 loquar
1336 1837 1511 1901 vobis,
1539 1839 1631 1893 sed
1671 1839 1848 1909 palam

279 1946 297 1975 ι
346 1927 412 1981 de
430 1925 589 1983 Patre
623 1925 956 1981 annuntiabo
975 1927 1147 1982 vobis.
1176 1926 1270 1981 Illo
1295 1927 1380 1982 die
1402 1928 1454 1981 in
1486 1930 1701 1984 nomine
1730 1946 1849 1985 meo

279 2032 301 2065 ι
348 2025 561 2084 petens.
625 2015 694 2069 Et
752 2030 858 2071 non
911 2015 1034 2072 dico
1079 2016 1265 2083 vobis,
1315 2017 1440 2087 quia
1503 2032 1603 2089 ego
1650 2023 1848 2091 rogabo

278 2123 297 2154 ι
339 2108 553 2161 Patrem
586 2104 652 2160 de
682 2105 853 2161 vobis.
890 2104 1008 2176 Ipse
1036 2106 1182 2161 enim
1199 2107 1363 2163 Pater
1395 2118 1542 2162 amat
1571 2125 1688 2175 vos,
1719 2112 1847 2180 quia

279 2213 297 2243 ι
346 2209 440 2247 vos
468 2209 555 2249 me
587 2195 831 2259 amastis,
871 2204 927 2249 et
955 2196 1282 2260 credidistis,
1320 2197 1445 2266 quia
1490 2213 1521 2253 a
1547 2197 1658 2254 Deo
1681 2200 1844 2255 exivi.

275 2304 296 2335 ι
345 2282 499 2338 Exivi
529 2282 732 2339 aPatre
757 2293 812 2341 et
830 2286 951 2340 veni
977 2285 1030 2340 in
1060 2287 1349 2352 mundum;
1381 2287 1575 2342 iterum
1603 2288 1848 2360 relinquo

276 2395 295 2427 ι
343 2377 619 2442 mundum,
663 2384 718 2431 et
746 2375 885 2432 vado
921 2378 988 2434 ad
1016 2374 1253 2433 Patrem.
1295 2377 1491 2434 Dicunt
1519 2379 1568 2436 ei
1596 2378 1846 2451 discipuli

274 2485 295 2517 ι
341 2466 458 2535 ejus
481 2454 500 2520 ἶ
527 2463 667 2523 Ecce
715 2483 859 2523 nunc
886 2467 1063 2538 palam
1108 2467 1368 2541 loqueris,
1406 2479 1463 2525 et
1501 2471 1845 2541 proverbium

275 2575 296 2607 ¢
340 2556 542 2612 nullum
583 2557 739 2613 dicis.
791 2554 944 2615 Nunc
979 2556 1199 2625 scimus,
1238 2562 1363 2632 quia
1403 2558 1512 2618 scis
1550 2563 1752 2629 omnia,
1791 2573 1847 2619 et

274 2668 294 2696 ι
342 2662 449 2701 non
487 2660 621 2718 opus
658 2656 740 2705 est
784 2648 901 2713 tibi,
942 2658 1003 2704 ut
1044 2650 1165 2719 quis
1208 2661 1259 2705 te
1294 2652 1631 2724 interroget:
1664 2654 1717 2708 in
1744 2656 1846 2710 hoc

272 2754 293 2785 ι
340 2733 627 2804 credimus,
656 2738 779 2808 quia
810 2754 842 2792 a
870 2739 982 2795 Deo
1009 2736 1198 2796 existi:
1239 2762 1258 2793 ι

340 2831 503 2883 Amen
530 2847 678 2884 auten
701 2828 817 2885 dico
848 2828 1011 2899 vobis,
1046 2832 1091 2888 si
1115 2830 1241 2905 quid
1268 2836 1521 2905 petieritis
1552 2833 1767 2892 Patrem
1790 2841 1845 2892 ῆι

265 2921 476 2974 nomine
520 2938 655 2989 meo,
695 2922 840 2977 dabit
882 2924 1045 2979 vobis.
1091 2925 1267 2998 Usque
1305 2925 1461 2982 modo
1504 2945 1606 2983 non
1644 2921 1844 3000 petistis

261 3010 548 3081 quidquam
573 3013 628 3066 in
656 3014 862 3068 nomine
888 3032 1033 3079 meo;
1056 3008 1216 3085 petite
1244 3028 1293 3073 et
1313 3019 1598 3089 accipietis,
1628 3029 1684 3073 ut
1712 3037 1845 3091 gau-

1949 1844 2050 1888 nos
2077 1830 2334 1891 exaudire
2359 1852 2480 1892 cum
2517 1849 2690 1909 patre,
2725 1846 2870 1913 quod
2912 1862 3036 1903 eum
3078 1850 3413 1921 signiﬁcasse
3443 1830 3532 1911 ar?

1949 1924 2142 1991 bitror,
2177 1925 2267 1981 ubi
2305 1926 2417 1982 ait:
2444 1929 2510 1985 Et
2550 1947 2655 1986 non
2691 1933 2809 1989 dico
2848 1934 3012 2004 vobis,
3041 1941 3166 2010 quia
3205 1959 3299 2012 ego
3335 1947 3529 2017 rogabo

1953 2012 2167 2069 Patrem
2204 2016 2269 2072 de
2307 2018 2469 2073 vobis.
2532 2020 2718 2078 Potest
2756 2025 2901 2080 enim
2942 2042 3051 2083 non
3089 2012 3533 2092 inconvenienter

1948 2105 2119 2199 ac‘cipi
2149 2108 2290 2199 quod
2316 2109 2393 2163 ait
2418 2128 2431 2165 :
2459 2111 2524 2167 Et
2553 2128 2659 2169 non
2691 2115 2814 2173 dico
2835 2119 3010 2185 vobis,
3037 2121 3164 2192 quia
3193 2137 3294 2196 ego
3328 2128 3531 2199 rogabo

1942 2196 2157 2252 Patrem
2195 2198 2262 2254 de
2291 2201 2468 2268 vobis,
2510 2205 2636 2274 quia
2681 2221 2788 2262 non
2834 2208 2901 2264 de
2942 2213 3194 2280 presenti
3240 2196 3530 2287 rogo,‘setl

1949 2288 2016 2340 de
2044 2287 2227 2345 futuro
2250 2294 2446 2362 posuit,
2481 2296 2692 2367 rogabo,
2722 2300 2866 2369 quod
2905 2303 3110 2360 sanctis
3147 2306 3215 2360 ad
3257 2307 3527 2367 internam

1948 2393 2135 2474 paceu
2188 2384 2419 2454 receptis
2468 2402 2575 2443 non
2625 2405 2761 2460 opus
2803 2391 2875 2447 sit
2913 2391 3027 2462 jam
3081 2395 3284 2467 aliquid
3335 2415 3530 2474 rogare

1948 2470 2015 2527 de
2059 2472 2186 2539 illis,
2233 2476 2359 2545 quia
2406 2478 2662 2535 nimirum
2714 2491 2863 2538 tanta
2908 2485 3244 2546 beatitudine
3291 2470 3528 2552 donandi

1948 2566 2076 2631 sint,
2108 2581 2229 2636 qua:
2256 2569 2488 2640 amplior
2516 2587 2640 2629 esse
2666 2590 2772 2632 non
2799 2578 2990 2649 possit.

2018 2655 2140 2727 Ipse
2163 2659 2301 2715 enim
2322 2650 2484 2717 Pater
2506 2674 2651 2719 amat
2685 2683 2792 2734 vos,
2819 2671 2943 2740 quia
2982 2687 3070 2727 ros
3097 2684 3179 2729 me
3206 2678 3445 2745 amastis,
3477 2692 3529 2737 ct

1946 2750 2263 2818 credidistis,
2285 2753 2409 2824 quia
2436 2771 2529 2825 ego
2558 2774 2590 2811 a
2612 2756 2724 2813 Deo
2756 2761 2911 2815 exivi.
2953 2762 3070 2819 Non
3108 2765 3182 2820 ita
3222 2767 3527 2841 intelligen—

1946 2838 2073 2896 dum
2120 2850 2205 2898 est
2240 2843 2384 2913 quod
2423 2846 2563 2901 dixit
2596 2866 2615 2903 :
2654 2850 2778 2920 quia
2820 2867 2909 2907 vos
2955 2870 3036 2908 me
3078 2859 3316 2923 amastis,
3371 2838 3527 2931 quasi

1945 2930 2157 3004 priores
2193 2934 2270 2989 illi
2309 2937 2544 2992 amarint
2575 2938 2872 3009 Christum,
2912 2947 3009 3002 sed
3050 2947 3121 3003 ita
3163 2952 3364 3019 potius,
3394 2930 3523 3024 quia

1940 3023 2099 3081 Pater
2149 3023 2271 3081 illos
2315 3027 2552 3097 gratuito
2606 3042 2792 3086 amore
2841 3038 3197 3105 prmvenerit,
3246 3023 3428 3114 atque,
3459 3050 3527 3101 ait

261 3103 410 3156 dium
441 3113 665 3157 vestrum
700 3104 767 3158 sit
796 3105 1027 3175 plenum.
1073 3107 1173 3179 (Ex
1191 3108 1379 3182 Beda.)
1411 3108 1631 3166 Duobus
1666 3112 1840 3167 modis
1868 3094 1914 3156 (ἶ
1943 3115 2234 3172 amandum
2278 3094 2715 3193 credendumque
2734 3094 2925 3181 Filium
2960 3094 3197 3187 amando

264 3192 488 3264 intelligi
515 3202 720 3263 potest:
751 3195 834 3250 vel
859 3198 982 3267 quia
1014 3215 1119 3254 non
1148 3201 1200 3255 in
1225 3200 1443 3257 nomine
1464 3216 1585 3257 meo
1608 3203 1840 3273 petistis,

261 3285 408 3352 quod
449 3301 641 3340 nomen
683 3302 790 3342 non
831 3288 972 3344 sicut
1016 3294 1448 3364 cognoscendum
1480 3302 1565 3349 est
1592 3296 1844 3364 cognovi—

260 3377 385 3441 stis,
413 3377 496 3432 vel
526 3394 631 3435 non
661 3380 873 3450 petistis
901 3382 1218 3453 quidquam,
1245 3384 1501 3454 quoniam
1540 3384 1595 3439 in
1621 3401 1843 3457 compa-

1941 3218 1997 3262 et
2028 3210 2155 3281 quia
2189 3210 2292 3282 ipsi
2333 3212 2568 3284 agnitam
2589 3211 2705 3270 Filii
2749 3216 3114 3289 dilectionem,
3152 3238 3216 3280 ac
3244 3225 3405 3283 tidem
3435 3232 3528 3299 pio

1943 3310 1999 3358 et
2031 3301 2264 3359 sollicito
2305 3304 2469 3360 corde
2522 3308 2878 3375 servaverint,
2927 3309 3193 3380 majorum
3233 3330 3328 3372 eos
3369 3319 3530 3375 donis

1945 3402 2181 3459 paterna:
2205 3394 2510 3451 dilectionis
2535 3411 2657 3452 esse
2682 3411 3083 3470 remuneratos,
3108 3421 3246 3476 quos
3268 3424 3372 3464 una
3399 3426 3524 3468 cum

264 3468 473 3523 ratione
524 3485 705 3525 rerum
788 3485 924 3540 quas
974 3482 1157 3544 petere
1199 3476 1492 3542 debuistis,
1542 3491 1641 3547 pro
1674 3478 1844 3534 nihilo
1921 3481 2054 3538 Filio
2084 3493 2137 3540 ct
2152 3484 2360 3554 Spiritu
2398 3494 2589 3543 sancto
2627 3497 2796 3555 amat,
2826 3505 2961 3559 quos
2998 3468 3185 3551 amore
3221 3497 3413 3569 dignos
3436 3504 3523 3572 ju«

264 3559 569 3616 habendum
598 3563 844 3633 estquod
870 3564 1103 3634 petistis.

340 3650 504 3709 Petite
525 3663 575 3709 et
595 3656 884 3725 accipietis,
913 3666 967 3711 ut
990 3657 1239 3728 gaudium
1269 3671 1493 3715 vestrum
1516 3662 1581 3715 sit
1606 3662 1836 3733 plenum.

261 3746 342 3802 Ac
390 3747 434 3802 si
480 3756 728 3817 patenter
780 3748 925 3805 dicat
965 3766 978 3802 :
1030 3749 1144 3806 Non
1194 3750 1334 3807 tluxa
1393 3755 1575 3810 saeculi
1622 3756 1839 3827 gaudia,

260 3852 383 3909 qum
425 3846 479 3893 et
524 3853 755 3893 mmrore
799 3854 1010 3910 semper
1071 3842 1236 3897 mixta
1283 3852 1337 3898 et
1373 3844 1557 3902 dolore
1607 3845 1838 3903 ﬁnienda

262 3936 411 3991 sunt,
464 3929 556 3983 sed
611 3927 738 3984 illud
786 3930 1057 4001 singulare
1101 3934 1355 4004 gaudium
1405 3934 1607 3992 aPatre
1649 3940 1837 4008 petite,

263 4022 415 4092 cujus
438 4024 715 4093 plenitudo
756 4027 903 4081 nullo
942 4023 1230 4096 cujuslibet
1268 4030 1656 4099 inquietudinis
1703 4042 1840 4087 atta-

261 4123 352 4169 ctu
389 4116 668 4180 minuitur,
695 4118 973 4174 ceternitas
1012 4120 1158 4174 nullo
1186 4136 1423 4191 unquam
1473 4123 1705 4179 termino
1731 4124 1840 4178 dis-

260 4205 520 4273 solvitur;
551 4207 597 4262 si
624 4205 746 4261 talia
772 4211 1005 4278 petendo
1046 4209 1419 4280 perstiteritis,
1461 4212 1586 4267 talia
1608 4218 1840 4282 petendo

261 4295 445 4364 procul
476 4295 639 4352 dubio
680 4312 799 4366 quae
838 4299 1022 4369 petitis
1052 4296 1347 4370 accipietis,
1390 4300 1435 4355 si
1465 4317 1646 4358 mores
1672 4306 1837 4359 menti

262 4388 591 4444 concordant
635 4391 887 4461 petentis.
963 4391 1160 4446 Parum
1192 4394 1337 4448 enim
1370 4392 1618 4450 utilitatis
1661 4396 1835 4462 ail‘ert,

261 4479 399 4537 bene
426 4482 632 4536 orando
662 4497 893 4552 superna
928 4498 1190 4553 quaerere,
1219 4485 1310 4556 qui
1351 4500 1455 4540 non
1487 4485 1693 4541 destitit
1719 4504 1839 4557 per-

261 4582 415 4623 verse
441 4571 667 4625 vivendo
704 4572 755 4626 in
787 4571 986 4627 intimis
1016 4573 1302 4646 implicari.

334 4656 461 4717 lItrc
481 4664 536 4717 in
554 4664 836 4734 proverbiis
856 4664 1059 4719 locutus
1072 4683 1187 4720 sum
1209 4664 1350 4721 vobis
1366 4685 1383 4731 ;
1398 4668 1531 4725 venit
1548 4670 1701 4735 hora,
1716 4689 1835 4724 cum

252 4767 371 4822 1am
393 4746 497 4808 non
517 4752 574 4807 in
593 4754 876 4825 proverbiis
899 4755 1089 4826 loquar
1113 4757 1270 4824 vobis,
1296 4760 1387 4812 sed
1407 4759 1582 4831 palam
1595 4761 1660 4815 de
1678 4760 1835 4815 Patre

259 4861 374 4900 meo
392 4846 716 4902 annuntiabo
739 4848 896 4903 vobis.
951 4847 1068 4904 iam
1098 4847 1305 4921 parvuli
1340 4849 1578 4917 fuerant,
1605 4855 1833 4909 necdum

260 4936 558 5011 intelligere
595 4946 906 5008 potuerunt,
934 4942 1203 5011 quomodo
1236 4944 1399 5001 Pater
1444 4955 1589 5000 esset
1619 4938 1833 5007 inPilio,

260 5023 485 5086 etFilius
514 5030 762 5097 iuPatre,
786 5040 839 5085 et
860 5040 1074 5098 caetera,
1103 5048 1222 5103 qua:
1253 5033 1318 5088 ad
1344 5034 1607 5104 profunda
1633 5044 1834 5107 myste-

236 5108 465 5177 ’riorum
488 5121 787 5177 divinitatis
809 5123 1170 5193 pertinebant,
1216 5126 1443 5181 necdum
1473 5125 1613 5179 scire
1641 5135 1833 5195 potue-

260 5219 407 5267 runt.
443 5209 568 5268 Ideo
612 5213 666 5268 in
709 5213 1027 5283 proverbiis,
1075 5215 1229 5284 quasi
1279 5215 1331 5268 in
1359 5217 1645 5287 aenigmate
1690 5215 1834 5288 loqui

259 5304 367 5360 illis
388 5303 674 5360 videbatur
701 5305 984 5371 Dominus;
1009 5307 1105 5362 sed
1134 5307 1401 5375 promittit
1428 5307 1516 5362 ille
1540 5308 1749 5371 horam,
1783 5309 1834 5362 in

256 5410 365 5465 qua
392 5392 575 5467 palam
610 5394 718 5451 illis
751 5396 816 5451 de
830 5392 994 5469 Patre
1030 5395 1358 5467 loqueretur.
1399 5395 1547 5450 lllam
1582 5398 1835 5453 nimirum

256 5486 452 5542 horam
489 5485 860 5556 signiﬁcabat,
897 5502 1003 5558 qua
1044 5488 1153 5551 eis,
1193 5495 1413 5558 peracta
1454 5503 1548 5541 sua
1587 5488 1836 5557 passione

254 5593 319 5634 ac
358 5568 785 5645 resurrectione,
807 5577 1041 5649 Spiritus
1072 5580 1247 5635 sancti
1281 5588 1399 5634 erat
1421 5579 1649 5648 gratiam
1679 5582 1833 5634 datu-

255 5684 369 5725 rus.
404 5662 569 5722 Tum
767 5658 1080 5740 specialiter
1123 5671 1266 5724 intus
1309 5671 1578 5735 instructi,
1619 5672 1837 5741 speciali

1943 3576 2114 3646 dicat;
2136 3578 2282 3647 quod
2319 3576 2564 3646 adjunxit
2592 3597 2604 3632 :
2633 3577 2771 3645 Quia
2811 3598 2899 3637 vos
2932 3599 3014 3640 me
3050 3589 3299 3656 amastis,
3336 3592 3525 3648 eadem

1943 3668 2153 3723 ratione
2184 3669 2544 3725 sentiendum
2590 3680 2693 3736 est,
2723 3683 3073 3747 quapropter,
3102 3681 3411 3754 quicunque
3429 3681 3525 3740 ιη-

1943 3759 2074 3813 lium
2112 3768 2260 3815 recte
2294 3761 2479 3828 habet,
2513 3763 2656 3819 hunc
2690 3779 2811 3819 cum
2834 3764 2994 3823 Patre
3024 3778 3076 3824 et
3093 3769 3300 3842 Spiritu
3338 3786 3526 3833 sancto

1941 3857 2107 3904 amat.
2148 3850 2216 3905 Et
2243 3851 2371 3921 quia
2399 3852 2592 3907 borum
2634 3853 3011 3926 inseparabilis
3045 3868 3130 3915 est
3161 3870 3354 3918 natura
3384 3866 3521 3921 divi-
3558 3852 3563 3857 ’

1942 3942 2148 4007 uitatis,
2195 3943 2387 3997 horum
2434 3959 2538 3999 una
2586 3946 2883 4017 eademque
2930 3956 3057 4004 sunt
3101 3952 3240 4008 dona
3287 3955 3523 4018 virtutis.

1942 4034 2044 4089 hoc
2068 4042 2173 4099 est,
2196 4034 2340 4104 quod
2371 4037 2595 4100 amatis,
2629 4045 2685 4091 et
2710 4038 2934 4094 creditis
2961 4040 3085 4108 quia
3118 4056 3149 4095 a
3180 4042 3290 4100 Deo
3318 4048 3483 4101 exivi.

2011 4123 2161 4178 Exivi
2190 4142 2222 4177 a
2246 4121 2406 4179 Patre
2435 4135 2483 4178 ct
2514 4128 2625 4181 veni
2660 4128 2714 4180 in
2740 4130 3025 4195 mundum;
3064 4132 3253 4188 iterum
3286 4135 3523 4208 relinquo

1940 4215 2215 4277 mundum,
2240 4224 2287 4273 et
2314 4215 2445 4269 vado
2472 4216 2539 4269 ad
2566 4215 2797 4272 Patrem.
2827 4218 3006 4274 Exivit
3033 4237 3063 4274 a
3087 4219 3267 4288 Patre,
3291 4235 3348 4281 et
3376 4230 3523 4283 venit

1943 4309 1994 4361 in
2022 4307 2300 4371 mundum,
2330 4307 2455 4377 quia
2485 4305 2714 4362 visibilis
2740 4309 2940 4365 mundo
2967 4315 3216 4381 apparuit
3250 4315 3302 4371 in
3330 4316 3522 4372 burna-

1944 4402 2132 4465 nitate,
2158 4401 2249 4470 qui
2276 4408 2396 4456 erat
2420 4400 2706 4456 invisibilis
2731 4402 2871 4469 apud
2894 4401 3105 4459 Patrem
3141 4405 3195 4459 in
3218 4407 3519 4466 divinitate.

1944 4493 2124 4548 Exivit
2167 4508 2195 4546 a
2230 4490 2408 4559 Patre,
2447 4493 2575 4561 quia
2614 4507 2717 4547 non
2758 4492 2811 4547 in
2851 4507 2913 4549 ea
2944 4493 3118 4551 forma
3156 4513 3263 4567 qua
3297 4502 3523 4571 aequalis

1945 4595 2025 4639 cst
2045 4584 2215 4647 Patri“,
2241 4584 2336 4639 sed
2363 4584 2417 4637 in
2450 4592 2723 4654 assumpta
2757 4594 3006 4639 creatura
3042 4586 3219 4642 minor
3246 4592 3517 4659 apparuit.

1947 4676 2009 4729 Et
2036 4675 2182 4728 venit
2228 4675 2285 4732 in
2309 4674 2591 4737 mundum,
2619 4675 2743 4743 quia
2784 4675 2835 4728 in
2871 4690 2934 4730 ea
2967 4675 3137 4731 forma
3169 4680 3312 4733 servi
3354 4697 3519 4752 quam

1943 4764 2171 4834 accepit,
2198 4764 2360 4819 etiam
2389 4764 2571 4819 mundi
2604 4763 2762 4833 hujus
2790 4768 3121 4823 amatoribus
3146 4783 3205 4824 se
3231 4766 3519 4827 videndum

1943 4858 2188 4925 priebuit.
2236 4857 2434 4912 lterum
2485 4857 2701 4927 reliquit
2748 4859 3006 4915 mundum
3043 4870 3099 4915 et
3139 4863 3282 4919 redit
3319 4865 3386 4918 ad
3414 4866 3521 4919 Pa-

1945 4960 2100 5013 trem,
2136 4949 2262 5018 quia
2297 4948 2364 5003 ab
2386 4957 2607 5018 aspectu
2635 4959 2941 5004 amatorum
2963 4952 3172 5019 monili,
3200 4954 3344 5025 quod
3373 4956 3524 5011 vide-

1943 5038 2343 5105 rant‘abstulit,
2374 5049 2427 5095 et
2466 5055 2525 5096 se
2559 5041 2893 5096 amatoribus
2934 5043 3048 5097 suis
3093 5045 3354 5116 aequalem
3374 5046 3520 5103 Patri

1942 5147 2082 5190 esse.
2111 5131 2439 5186 credendum
2467 5131 2666 5185 docuit.
2716 5131 2954 5202 Reliquit
2992 5137 3251 5191 mundum
3280 5146 3335 5192 et
3361 5140 3521 5194 rediit

1944 5227 2009 5279 .‘ltl
2047 5223 2284 5286 Patrem,
2341 5223 2467 5291 quia
2526 5222 2936 5287 humanitatem,
2993 5241 3155 5295 quam
3204 5228 3379 5283 induit
3420 5244 3524 5300 per

1943 5312 2335 5377 ascensionem,
2373 5313 2439 5367 ad
2488 5313 2777 5368 invisibitia
2806 5324 3046 5383 paternae
3080 5317 3375 5385 majestatis
3422 5320 3519 5374 ad-

1940 5405 2111 5458 duxit.
2153 5403 2279 5458 ll:ec
2316 5403 2536 5473 quidem
2561 5405 2726 5460 verba
2756 5403 2969 5460 Domini
3010 5409 3259 5479 mystica,
3290 5417 3346 5462 et
3379 5418 3519 5466 sicut
3611 5420 3614 5424 ‘

1941 5493 2054 5562 ipse
2097 5486 2350 5557 testatur,
2379 5491 2433 5546 in
2460 5493 2763 5564 proverbiis
2790 5502 2916 5549 sunt
2942 5493 3103 5548 dicta.
3139 5495 3242 5550 Sed
3268 5496 3516 5568 discipuli

1941 5585 2137 5653 quibus
2178 5585 2520 5646 dicebantur.
2557 5585 2691 5640 adeo
2726 5586 2901 5639 adhuc
2955 5587 3199 5641 carnales
3239 5598 3412 5653 erant,
3456 5599 3517 5645 ut

1941 5689 2130 5729 eorum
2166 5673 2589 5744 profunditatem
2636 5675 2857 5729 minime
2901 5683 3175 5745 caperent,
3209 5683 3264 5729 et
3295 5691 3405 5729 non
3434 5692 3527 5736 sa.
