3978 6422
474 301 585 356 ’505

1822 287 2169 344 SMARAGDI
2210 284 2497 340 ABllATlS

3631 282 3739 336 ’δοι

478 415 589 468 lum
633 425 827 468 arcana
876 405 1300 482 dietorumus‘cd
1344 420 1441 459 nec
1483 405 1653 474 ipsam
1691 402 2047 473 ignorantiam
2080 402 2123 459 Α
2155 398 2394 452 storunr?
2440 396 2545 450 Sed
2586 412 2651 449 ne
2682 394 2977 463 trepidaret
3027 401 3209 445 nostra
3256 391 3542 463 fragilitas,
3577 407 3741 462 repu-

478 521 629 561 suam
672 501 1049 570 intelligerent,
1085 506 1334 568 putantes
1375 496 1693 566 simpliciter
1728 504 1783 550 et
1819 494 1981 550 diluci
2006 495 2051 548 2c

475 593 708 665 prolata,
751 606 871 660 qua:
921 604 1027 644 non
1078 586 1500 657 intelligentibus
1545 584 1828 656 proverbia
1874 592 2049 646 erant,

476 698 607 739 cecc
635 682 891 738 continuo
920 678 1348 749 responderunt:

546 774 682 828 Ecce
723 787 859 826 nunc
899 768 1075 839 palam
1125 765 1369 838 loqueris,
1399 775 1447 819 et
1483 764 1807 834 proverbium
1852 762 2054 817 nullum

475 869 625 923 dicis.
655 864 837 920 Palam
864 862 1028 931 igitur
1051 858 1196 929 loqui
1224 856 1586 921 mstimabant,
1612 854 1769 925 cujus
1793 854 2054 925 mysteria

474 960 745 1013 dictorrrm
788 952 1017 1009 necdum
1056 948 1516 1021 comprehendere
1570 945 1865 1011 valebant;
1913 943 2056 1014 quod

475 1058 657 1103 autem
681 1045 1009 1117 adjungunt:

552 1137 707 1191 Nunc
729 1134 943 1197 scimus,
965 1132 1087 1204 quia
1121 1131 1223 1186 scis
1256 1130 1454 1193 omnia,
1493 1137 1541 1182 et
1574 1144 1678 1183 non
1700 1144 1828 1198 opus
1861 1135 1935 1181 est
1964 1125 2058 1179 tibi

477 1240 536 1283 ut
577 1229 692 1299 quis
732 1237 779 1280 te
819 1222 1212 1295 interroget:in
1240 1223 1336 1276 hoc
1377 1221 1669 1288 credimus,
1709 1214 1833 1292 quia
1878 1237 1911 1273 a
1950 1217 2061 1272 Deo

478 1322 650 1387 existi,
688 1326 874 1388 aperte
902 1313 1216 1380 ostendunt,
1244 1314 1371 1385 quia
1408 1312 1634 1382 loquens
1661 1313 1729 1367 ad
1754 1328 1848 1368 eos
1875 1311 2061 1367 Domi-

477 1424 602 1475 nus,
633 1408 869 1463 maxime
906 1402 1242 1475 disputabat,
1277 1419 1400 1474 quae
1438 1402 1559 1458 illos
1594 1403 1934 1459 delectabant
1966 1418 2061 1456 au-

478 1501 614 1564 dire,
642 1504 697 1553 et
734 1510 854 1567 quae
880 1495 956 1550 illi
984 1495 1317 1563 interrogare
1345 1491 1617 1556 volebant,
1645 1492 1761 1547 hare
1792 1491 1904 1562 ipse
1927 1506 2062 1562 prte-

478 1590 705 1645 veniens
747 1602 843 1642 eos
884 1585 1029 1639 ultro
1077 1581 1404 1652 proferebat.
1484 1581 1638 1638 Unde
1677 1581 1871 1635 merito
1910 1580 2061 1634 illum

462 1678 621 1732 scire
649 1676 851 1741 omnia,
881 1674 1031 1743 quasi
1060 1674 1249 1735 Deum,
1275 1681 1326 1727 et
1350 1672 1507 1742 quasi
1534 1671 1625 1726 Dei
1651 1670 1866 1735 Filium,
1893 1686 1924 1724 a
1952 1671 2062 1724 Deo

2154 496 2274 540 tans
2300 503 2356 539 se
2386 493 2534 539 tanto
2561 484 2862 555 prophczm,
2884 483 2974 551 qui
3004 497 3171 535 curru
3204 482 3362 553 igneo
3390 483 3509 550 rapi
3538 482 3740 536 meruit

2154 577 2219 629 ad
2247 576 2432 637 cmlos,
2463 573 2659 629 similia
2697 572 2876 627 facere
2918 588 3025 625 non
3053 587 3233 641 posse,
3264 572 3510 626 consulte
3545 572 3743 626 beatus

2151 664 2403 727 Iacobus,
2447 665 2513 719 de
2553 665 2671 734 ejus
2698 663 2945 717 oratione
2978 662 3275 725 locuturus,
3313 662 3388 715 ita
3426 662 3738 715 inchoavit:

2155 752 2304 807 Elias
2327 754 2481 807 homo
2514 763 2624 808 erat
2656 752 2845 807 similis
2869 751 3036 816 nobis,
3058 750 3343 821 passibilis.
3386 750 3560 806 Βοηιό
3588 767 3748 805 nam-

2156 860 2261 915 que
2304 851 2441 910 erat,
2475 843 2689 898 tametsi
2727 841 2855 897 nulli
2894 842 3173 896 hominum
3208 842 3408 896 virtute
3450 842 3743 903 secundus,

2154 933 2346 988 similis
2395 935 2548 989 nobis
2590 932 2800 1004 origine
2839 932 3042 997 carnis,
3089 932 3367 1001 passibilis
3419 941 3478 986 ut
3530 949 3632 987 nos
3692 944 3750 988 et

2157 1026 2355 1081 mentis
2384 1024 2672 1096 fragilitate
2698 1034 2747 1081 et
2778 1026 2978 1081 carnis.
3006 1023 3145 1079 Nam
3174 1023 3318 1094 quod
3346 1040 3509 1079 carne
3538 1023 3750 1094 fragilis

2157 1124 2321 1176 esset,
2363 1114 2504 1185 apud
2542 1113 2901 1185 Sareptenam
2939 1114 3158 1170 viduam
3195 1114 3402 1169 victum
3453 1114 3750 1185 quaerendo

2157 1206 2496 1262 monstravit.
2549 1206 2703 1274 Quod
2751 1214 2933 1261 mente
2987 1220 3203 1276 quoque
3252 1204 3526 1274 passibilis
3581 1204 3755 1259 fuerit

2158 1302 2415 1367 ostendit,
2444 1316 2567 1357 cum
2597 1311 2721 1372 post
2750 1301 2989 1359 redditas
3013 1302 3176 1358 terris
3202 1316 3395 1373 aquas,
3445 1302 3753 1357 extinctos—

2160 1408 2267 1463 que
2291 1394 2585 1463 prophetas
2609 1402 2664 1448 et
2689 1395 2998 1450 sacerdotes
3024 1394 3308 1460 idolorum,
3339 1395 3499 1448 unius
3531 1393 3754 1449 mulier-

2163 1484 2301 1539 culte
2335 1484 2497 1539 minis
2537 1484 2851 1549 exterritus,
2893 1500 2991 1556 per
3027 1484 3239 1541 deserta
3270 1482 3501 1556 ditfugit.
3548 1483 3759 1551 Quanti

2163 1582 2345 1627 autem
2391 1573 2462 1628 sit
2512 1574 2692 1629 meriti
2737 1575 2878 1644 apud
2921 1573 3090 1630 Deum
3118 1616 3134 1642 ,
3197 1588 3299 1646 pro
3348 1573 3756 1631 infirmantibus

2164 1682 2341 1731 orare,
2375 1683 2580 1739 eosqrrc
2616 1684 2711 1723 sua
2742 1678 2964 1740 peccata
2995 1670 3317 1727 conﬁtentes
3388 1672 3455 1726 ad
3491 1671 3759 1727 amissam

481 1767 694 1822 venisse
741 1765 972 1821 credunt
1021 1771 1077 1817 ct
1120 1761 1469 1817 conﬁtentur.
1519 1761 1777 1831 Apertum
1828 1777 2061 1832 namque
2091 1744 2136 1803 Β
2167 1770 2425 1814 revocare
2451 1760 2790 1829 sospitatem,
2821 1761 3099 1816 suhdcndo
3128 1760 3540 1820 manifestatur:

481 1857 779 1912 divinitatis
807 1854 1061 1910 indicium
1090 1861 1193 1915 est,
1221 1851 1608 1921 cogitationum
1640 1866 1797 1905 nosse
1827 1862 2060 1905 secreta.

1116 1956 1409 1997 CONCORDH
1420 1983 1433 1995 .

549 2039 779 2092 istarum
804 2039 1031 2092 duarum
1057 2035 1112 2089 in
1136 2033 1230 2087 Dei
1246 2032 1427 2088 Patris
1441 2033 1656 2088 nomine
1686 2034 1745 2088 lit
1780 2033 2064 2088 concordia

483 2131 798 2184 lectionum.

936 2196 1004 2252 IN
1042 2195 1319 2251 LITANIA
1360 2194 1626 2251 MAIORI.

700 2304 872 2344 EI‘IS‘I'.
913 2302 1070 2343 BEA‘I‘I
1109 2300 1287 2343 JACOBI
1331 2301 1605 2348 APOSTOIJ,
1641 2300 1766 2340 CAP:
1796 2302 1849 2339 Υ.

561 2425 580 2456 ι
626 2403 969 2459 (loulitcmiui
1002 2401 1325 2457 alterutrum
1352 2410 1575 2471 peccata
1604 2410 1807 2465 vestra,
1834 2408 1889 2455 ct
1916 2407 2068 2453 orate

490 2516 509 2547 ‹
554 2511 655 2567 pro
703 2495 939 2549 invicem
981 2501 1041 2547 ut
1086 2491 1385 2550 salvemini.
1456 2490 1682 2545 Multum
1731 2489 1877 2545 enim
1928 2490 2069 2545 valet

494 2611 512 2639 ι
555 2585 866 2658 deprecatio
900 2583 1030 2652 justi
1070 2582 1309 2638 assidua.
1341 2581 1484 2635 Elias
1512 2581 1674 2636 homo
1708 2587 1825 2637 crat
1876 2580 2070 2634 similis

499 2696 518 2728 ε
565 2676 741 2741 nobis,
769 2673 1063 2746 passibilis,
1090 2682 1143 2727 et
1171 2671 1418 2727 oratione
1445 2671 1641 2734 oravit,
1674 2678 1734 2725 ut
1776 2686 1881 2726 non
1919 2669 2069 2741 plue-

494 2789 514 2821 ι
562 2776 646 2823 ret
688 2781 849 2837 super
894 2776 1126 2829 terram,
1166 2772 1232 2819 'et
1278 2778 1383 2819 non
1429 2760 1567 2831 pluit
1614 2776 1787 2816 annos
1838 2770 1966 2824 tres,
2016 2770 2071 2816 et

496 2879 514 2910 ι
561 2871 776 2914 menses
802 2853 936 2912 'sex.
986 2856 1056 2911 Et.
1085 2869 1302 2909 rursum
1351 2851 1551 2915 oravit,
1592 2859 1648 2905 et
1693 2851 1889 2905 coelum
1925 2850 2072 2904 dedit

501 2969 523 3000 s
564 2948 826 3019 pluviam,
867 2953 921 3001 et
971 2940 1112 3000 terra
1158 2943 1305 2998 dedit
1346 2940 1577 2995 fructum
1617 2955 1796 2995 suum.
1849 2939 1909 2992 Si
1950 2940 2072 3010 quis

497 3057 517 3089 ι
560 3045 739 3093 autem
775 3051 841 3091 ex
876 3035 1027 3091 vobis
1061 3033 1326 3089 erraverit
1361 3046 1391 3086 a
1433 3032 1684 3096 veritate,
1715 3039 1769 3086 et
1793 3039 2074 3087 converte-

501 3152 517 3180 ι
565 3130 635 3185 rit
668 3130 793 3199 quis
828 3143 974 3194 cum,
1018 3127 1160 3182 scire
1198 3125 1358 3180 debet
1389 3123 1663 3194 quoniam,
1696 3123 1788 3193 qui
1834 3123 2073 3177 converti
2101 3095 2145 3156 (ἶ

500 3243 516 3272 ι
566 3221 757 3277 fecerit
799 3226 1140 3290 peccatorem
1188 3216 1257 3269 ab
1298 3228 1485 3269 errore
1528 3213 1629 3267 vim
1674 3228 1804 3277 suae,
1851 3210 2079 3266 salvabit

500 3333 521 3362 ο
565 3312 800 3367 animam
853 3307 971 3377 ejus
1014 3322 1045 3361 a
1086 3314 1279 3368 morte,
1330 3313 1386 3357 et
1439 3304 1617 3374 aperit
1664 3302 2079 3357 multitudinem

503 3422 523 3453 ο
570 3409 941 3473 peccatorum.
991 3418 1011 3451 ι

570 3492 903 3565 Conﬁtemini
931 3489 1251 3545 alterutrum
1276 3497 1486 3558 peccata
1520 3496 1710 3551 vestra,
1747 3494 1795 3540 et
1820 3495 1963 3539 orate
1985 3503 2080 3556 pro

495 3588 717 3643 invicem
750 3594 806 3639 ut
841 3581 1133 3638 saleemini.
1177 3578 1277 3652 (Ex
1309 3577 1499 3650 Beda.)
1528 3576 1585 3632 In
1618 3577 1720 3633 hac
1746 3586 1926 3632 autem
1957 3592 2080 3633 sen-

499 3678 669 3734 tentia
698 3676 789 3732 illa
822 3675 984 3731 debet
1013 3686 1135 3729 esse
1163 3670 1440 3737 discretio,
1483 3680 1543 3725 ut
1570 3670 1878 3741 quotidiana
1915 3669 2081 3726 levia-

501 3781 609 3841 qne
652 3775 873 3839 peccata
924 3764 1242 3821 alterutrum
1290 3761 1654 3833 cozequalihus
1700 3761 2077 3827 confiteantur,

501 3870 798 3929 eorumque
851 3854 1164 3928 quotidiana
1219 3853 1507 3910 credamus
1559 3851 1803 3907 oratione
1856 3850 2078 3907 salvari.

504 3951 673 4005 Porro
718 3947 980 4020 gravioris
1026 3944 1190 4017 leprte
1229 3943 1648 4009 immunditiam,
1688 3942 1842 4014 juxta
1885 3941 2080 4014 legem,

504 4039 774 4098 sacerdoti
804 4039 1121 4110 pandamus,
1153 4042 1316 4105 atque
1345 4035 1410 4089 ad
1432 4033 1549 4104 ejus
1577 4033 1887 4098 arbitrium,
1910 4031 2084 4104 quali-

503 4144 588 4189 ter
615 4140 670 4187 ct
702 4140 904 4201 quanto
935 4126 1453 4199 tempore‘jusserit,
1478 4125 1769 4198 puriﬁcare
1808 4139 2079 4180 curemus.

578 4225 803 4281 Multum
829 4225 966 4279 enim
995 4220 1128 4279 ualet
1158 4220 1454 4293 deprecatio
1483 4219 1618 4290 justi
1659 4218 1897 4273 assidua.
1934 4216 2085 4272 Elius

504 4320 657 4373 homo
680 4324 791 4372 erat
815 4314 1003 4370 similis
1027 4313 1197 4379 nobis,
1227 4309 1513 4383 passibilis,
1539 4318 1588 4364 et
1619 4309 1859 4363 oratione
1896 4308 2084 4371 orarit,

503 4420 685 4463 utnon
706 4407 903 4481 plueret
940 4422 1094 4477 super
1116 4415 1335 4469 terram,
1369 4413 1419 4457 et
1453 4416 1555 4456 non
1589 4399 1722 4471 pluit
1759 4417 1923 4455 annos
1957 4410 2086 4465 tres,

504 4515 552 4558 et
585 4518 783 4558 menses
813 4517 923 4557 sex.
968 4498 1234 4555 Deccrrter
1280 4496 1476 4551 astruit
1515 4493 1783 4564 exemplo,
1823 4502 2085 4564 quantum

506 4597 813 4667 deprecatio
833 4593 966 4662 justi
996 4593 1177 4646 valeat
1211 4590 1452 4653 assidua,
1478 4605 1601 4644 cum
1642 4588 1785 4644 Elias
1817 4605 1923 4645 una
1966 4599 2083 4646 tan-

507 4698 619 4740 tum
674 4686 919 4742 oratione
966 4682 1203 4745 orando,
1257 4688 1366 4735 tam
1420 4679 1579 4750 longo
1627 4687 1866 4750 tempore
1918 4681 2085 4736 caelos

509 4773 859 4836 continuerit,
886 4772 1047 4826 terris
1076 4771 1278 4824 imbres
1306 4769 1587 4834 averterit,
1612 4768 1816 4825 fructrrs
1846 4769 2086 4825 mortali-

510 4867 610 4920 bus
639 4864 932 4933 negaverit.
963 4862 1026 4916 Et
1056 4876 1247 4916 rursus
1273 4862 1362 4916 ubi
1394 4862 1578 4928 voluit,
1608 4863 1698 4917 ubi
1731 4871 1940 4934 tempus
1965 4878 2083 4917 esse

508 4955 802 5027 perspexit,
829 4954 920 5007 ubi
962 4951 1122 5023 longo
1161 4951 1350 5006 inediae
1393 4954 1513 5007 tabe
1551 4968 1646 5007 cor
1682 4953 1828 5024 regis
1866 4950 2086 5022 superbi

511 5056 565 5102 et
595 5046 771 5118 gentis
794 5045 1110 5110 idololatrzc,
1139 5043 1204 5099 ad
1235 5046 1605 5116 paenitentiam
1630 5046 1763 5099 vidit
1805 5043 2079 5107 inﬂexum,

511 5152 674 5191 uuam
728 5136 1063 5191 solummodo
1116 5137 1413 5189 orationem
1466 5136 1724 5198 oraverit,
1778 5142 1831 5186 et
1878 5132 2085 5187 fructus

512 5238 675 5296 atque
699 5241 886 5297 aquas,
924 5243 1063 5298 quas
1089 5236 1401 5296 negaverat,
1436 5226 1596 5279 terris
1639 5223 1954 5276 restituerit.
1994 5223 2085 5276 Sic

513 5318 658 5370 enim
705 5317 949 5395 sequitur
979 5334 990 5370 :

588 5407 651 5460 Et
684 5423 890 5461 rursum
923 5408 1105 5468 oravit,
1145 5416 1192 5461 et
1215 5407 1398 5459 cwlum
1431 5403 1571 5455 dedit
1603 5399 1851 5471 plurium,
1878 5410 1923 5455 c.‘
1946 5411 2084 5455 terra

514 5500 653 5553 dedit
676 5498 902 5570 fructum
935 5516 1106 5553 suum.
1153 5496 1331 5551 Semel
1360 5510 1491 5563 ergo
1517 5502 1570 5544 et
1595 5492 1743 5561 prius
1773 5502 1824 5546 et
1852 5502 2089 5561 postmo-

515 5588 639 5643 dum
673 5591 867 5655 oravit,
896 5599 951 5650 et
978 5591 1081 5643 hoc
1106 5602 1243 5640 unus
1270 5586 1434 5643 Etias,
1467 5599 1530 5635 ac
1570 5590 1713 5635 tanta
1759 5584 2086 5651 impetravit,

517 5692 776 5747 quantum
818 5670 902 5734 h’is
938 5679 1080 5733 valet
1122 5675 1375 5743 frequens
1411 5673 1760 5743 plurimorum
1796 5676 1967 5728 oratio
2004 5677 2087 5745 ᾔνι-

2237 1847 2296 1903 Si
2330 1848 2446 1919 quis
2477 1858 2651 1903 autem
2686 1852 2932 1903 erraverit
2970 1868 3034 1905 ex
3068 1850 3208 1905 rob's
3236 1869 3267 1904 a
3290 1851 3525 1915 veritate,
3557 1860 3606 1903 et
3631 1867 3760 1904 con-

2166 1942 2373 1995 verterit
2413 1942 2528 2013 quis
2569 1958 2707 2005 eum,
2755 1950 2859 1996 etc.
2909 1942 3046 2010 Quia
3094 1942 3239 1997 enim
3282 1942 3336 1997 in
3383 1943 3760 2012 superioribus

2167 2031 2327 2103 hujus
2373 2033 2612 2103 epistola:
2655 2035 2921 2104 partibus,
2972 2034 3153 2106 lingua
3198 2044 3387 2090 nostra
3441 2028 3487 2089 a'
3516 2034 3756 2104 maligna

2168 2126 2249 2183 vel
2280 2127 2454 2182 otiosa
2496 2125 2770 2181 locutione
2812 2127 3176 2198 restringitur,
3207 2133 3508 2197 opportune
3544 2126 3599 2179 in
3629 2125 3757 2189 line,

2169 2216 2300 2288 quid
2342 2216 2581 2271 maxime
2623 2215 2766 2286 loqui
2803 2215 3097 2271 debeamus
3130 2216 3453 2271 ostenditur.
3495 2212 3764 2270 Jubcruur

2170 2308 2352 2377 itaque
2384 2322 2541 2363 orare
2579 2314 2634 2363 et
2670 2306 2899 2379 psallere
2929 2307 3177 2372 Domino,
3217 2306 3431 2378 quoties
3476 2307 3757 2377 aliquibus

2168 2395 2450 2467 pulsamur
2472 2397 2731 2452 adversis.
2755 2395 2887 2451 ltenr
2910 2396 3156 2453 conﬁteri
3180 2396 3501 2451 alterutrum
3525 2407 3750 2467 peccata

2174 2500 2381 2554 nostra,
2417 2498 2473 2543 et
2506 2504 2666 2547 orare
2703 2505 2801 2560 pro
2846 2489 3077 2545 invicem
3108 2499 3170 2544 ut
3202 2490 3511 2555 salvemur;
3540 2506 3642 2560 pro
3674 2505 3763 2544 sa-

2174 2579 2345 2634 nitate
2370 2582 2741 2650 proximorum
2781 2597 2886 2636 non
2913 2581 3085 2636 solum
3127 2581 3430 2653 temporali,
3457 2582 3550 2638 sed
3578 2583 3762 2653 potius

2172 2678 2373 2725 :rterna
2400 2712 2416 2734 ,
2462 2680 2725 2741 quantam
2768 2688 3056 2742 possumus
3104 2671 3420 2743 impendere
3457 2688 3667 2728 curam.
3700 2672 3760 2727 Si

2171 2759 2314 2812 enim
2356 2776 2563 2830 magnze
2599 2761 2866 2816 mercedis
2892 2769 2995 2826 est,
3035 2776 3065 2815 a
3097 2770 3277 2817 morte
3299 2760 3512 2833 eripere
3535 2776 3762 2817 carnem

2173 2851 2496 2922 quandoque
2533 2852 2878 2915 morituram,
2921 2852 3108 2922 quanti
3154 2851 3259 2906 erit
3310 2852 3491 2907 meriti
3521 2867 3552 2907 a
3585 2862 3764 2907 ruorte

2175 2941 2407 2996 animam
2449 2941 2683 2997 liberare
2724 2942 2775 2996 iu
2816 2942 3020 2997 cmlcsti
3063 2942 3237 3013 patria
3281 2943 3398 2997 sine
3439 2941 3547 2998 line
3587 2944 3764 2998 victu-

2176 3047 2312 3087 ram.
2344 3031 2647 3089 Notandum
2679 3050 2828 3099 sane,
2858 3035 2999 3104 qqu
3027 3035 3245 3105 quidam
3285 3036 3501 3091 codices
3527 3035 3761 3099 habent,

2177 3122 2396 3178 suleavit
2417 3125 2651 3179 animam
2674 3142 2823 3179 suam
2847 3144 2879 3180 a
2901 3137 3087 3193 morte,
3114 3134 3169 3182 et
3197 3143 3263 3182 ex
3290 3126 3541 3199 ambiguo
3566 3126 3771 3183 Grmco

2178 3217 2340 3271 σώσει
2361 3216 2542 3288 ψυχήν
2572 3216 2625 3271 ἐκ
2647 3218 2887 3283 θανάτου,
2923 3218 2997 3273 ita
3029 3227 3083 3273 et
3115 3227 3259 3273 recte
3290 3219 3635 3290 interpretari
3663 3236 3767 3290 po-

2179 3314 2307 3372 test,
2328 3315 2381 3359 et
2401 3322 2591 3379 revera
2620 3310 2711 3378 qui
2742 3318 3017 3367 errantem
3048 3311 3289 3382 corrigit,
3317 3311 3635 3381 sibimetipsi
3663 3328 3770 3381 per

2179 3398 2281 3454 hoc
2307 3400 2431 3455 vita:
2461 3399 2700 3455 cmlcstis
2730 3403 2920 3473 gaudia
2952 3402 3213 3474 ampliora
3241 3404 3550 3474 conquirit:
3577 3401 3769 3459 Salva-

2181 3491 2278 3555 bit,
2305 3490 2503 3561 inquit,
2529 3493 2761 3546 animum
2791 3494 2906 3564 ejus
2942 3512 2973 3548 a
3003 3504 3187 3549 morte.

2251 3580 2320 3635 Et
2352 3582 2518 3652 operit
2551 3581 2937 3638 multitudinem
2975 3594 3325 3654 peccatorum.
3367 3583 3467 3650 Qui
3507 3594 3768 3653 peccato-

2181 3690 2295 3730 rem
2334 3673 2402 3730 ab
2437 3689 2624 3730 errore
2660 3677 2953 3743 convertit,
2994 3685 3048 3732 et
3084 3674 3200 3745 ejus
3237 3685 3455 3746 peccata
3492 3691 3589 3747 per
3619 3677 3775 3731 hanc

2180 3764 2644 3821 conversationem
2680 3767 2749 3821 ab
2790 3776 3011 3839 aspectu
3044 3768 3241 3822 interni
3275 3765 3477 3838 judicis
3506 3782 3775 3837 superpo-

2182 3857 2379 3913 sitione
2407 3857 2532 3913 vita:
2566 3857 2809 3912 melioris
2855 3858 3159 3923 abscondit,
3201 3868 3256 3913 et
3290 3874 3383 3914 sua
3429 3874 3667 3929 quoque,
3710 3860 3768 3911 in

2183 3947 2591 4018 quibuscumque
2613 3946 2837 4004 offendit
2856 3959 3035 4005 errata
3056 3951 3124 4005 ab
3147 3951 3345 4005 intuitu
3366 3948 3504 4019 ejus,
3524 3949 3616 4020 qui
3642 3964 3769 4004 om-

2186 4041 2279 4096 nia
2308 4039 2491 4104 videt,
2536 4042 2840 4112 proximum
2876 4044 3117 4098 curando
3156 4043 3411 4113 contegit,
3441 4042 3598 4114 juxta
3636 4042 3772 4097 illud

2186 4131 2485 4187 Psalmisur
2513 4151 2526 4186 :
2551 4131 2704 4188 Beati
2737 4150 2961 4205 quarunt
3009 4136 3241 4190 remissa:
3284 4144 3404 4190 sunt
3442 4134 3775 4206 iniquitates,

2184 4233 2232 4278 et
2262 4240 2486 4296 quorum
2516 4233 2651 4278 tecta
2682 4233 2804 4279 sunt
2836 4234 3070 4295 peccata.
3112 4223 3229 4282 Non
3269 4225 3606 4282 obliviscitur
3640 4223 3775 4279 bea-

2187 4324 2272 4371 tus
2295 4313 2484 4379 Iacob,
2511 4315 2653 4385 quod
2690 4316 2938 4387 superius
2974 4316 3085 4372 ait:
3115 4316 3293 4371 Nolite
3323 4315 3499 4388 plures
3528 4317 3773 4397 magistri

2185 4406 2321 4475 ﬁeri,
2349 4404 2548 4462 fratres
2570 4406 2698 4460 mei.
2734 4407 2809 4461 lbi
2841 4422 3071 4477 nat-rique
3102 4406 3444 4479 imperfectos
3469 4407 3522 4460 in
3547 4407 3769 4477 propria

2186 4499 2400 4554 actione
2449 4511 2513 4551 ac
2559 4499 2856 4569 magisterii
2910 4499 3107 4567 oliieio,
3150 4500 3274 4570 quia
3318 4515 3416 4570 per
3452 4497 3773 4568 iactantiam

2182 4588 2517 4657 qumrebant,
2544 4584 2847 4644 submovet.
2882 4589 2981 4645 llic
3008 4605 3137 4645 vero
3177 4589 3475 4645 instructos
3512 4603 3581 4644 ex
3619 4589 3774 4644 omni

2184 4687 2361 4749 parte,
2389 4678 2517 4748 quid
2552 4693 2682 4751 erga
2712 4680 2940 4736 salutem
2972 4681 3342 4753 proximorum
3385 4696 3487 4751 per
3526 4695 3771 4735 amorem

2186 4768 2541 4824 fraternitatis
2587 4785 2749 4841 agere
2788 4771 3022 4827 debeant
3046 4772 3254 4827 edocet.
3308 4769 3459 4838 Quod
3497 4769 3651 4825 enim
3682 4772 3771 4825 hic

2187 4860 2376 4915 doctor
2409 4860 2587 4915 facere
2624 4861 2957 4930 perhibetur,
2992 4862 3096 4916 hoc
3129 4860 3231 4916 alio
3270 4859 3388 4917 loco
3418 4860 3660 4916 charitas
3687 4862 3768 4913 fa«

2190 4968 2313 5007 cere
2344 4963 2694 5020 memoratur,
2719 4953 2927 5009 dicente
2952 4954 3112 5009 beato
3132 4952 3291 5008 Petro
3313 4951 3556 5021 apostolo
3587 4970 3598 5004 :
3631 4951 3769 5018 Quia

2189 5043 2417 5098 charitas
2446 5044 3007 5113 operitmultitudinem
3025 5053 3375 5113 peccatorum.
3412 5039 3520 5096 Nec
3549 5051 3771 5110 praetcr-

2188 5133 2440 5193 cundurn,
2485 5137 2626 5205 quod
2658 5137 2772 5191 hsce
2792 5135 3027 5189 errantis
3058 5133 3415 5193 conversatio,
3458 5147 3564 5186 non
3598 5118 3772 5187 solum

2192 5226 2478 5295 loquendo,
2515 5228 2607 5281 sed
2638 5226 2954 5296 plerumque
2987 5225 3150 5279 etiam
3192 5224 3329 5278 bene
3365 5222 3574 5293 agendo
3611 5219 3775 5292 perfz-

2185 5318 2343 5371 citur.
2397 5316 2532 5371 Nam
2578 5319 2617 5372 si
2653 5317 2776 5387 quis
2820 5318 2982 5371 etiam
3021 5316 3204 5385 lingua
3252 5320 3466 5368 tacente
3511 5312 3775 5383 proximis

2188 5406 2428 5475 evenrpla
2458 5408 2610 5461 home
2650 5406 2882 5461 actionis
2918 5406 3172 5467 ostendit,
3205 5418 3406 5472 eosque
3432 5403 3500 5456 ad
3530 5400 3777 5456 miranda

2190 5499 2681 5569 tgumncglcxeraut
2730 5497 3087 5567 elcemosvute
3133 5495 3217 5549 vel
3256 5493 3646 5564 hospitalitatis
3695 5492 3777 5546 vel

2193 5588 2418 5641 aliarum
2447 5603 2610 5657 opera
2650 5589 2909 5641 virtutum
2942 5588 3226 5648 convertit,
3258 5584 3494 5638 officium
3536 5584 3782 5653 profecto

2193 5679 2428 5733 doctori:
2457 5681 2791 5749 exsequitur,
2819 5695 2879 5732 ac
2902 5694 3000 5748 pro
3024 5676 3138 5745 ejus
3159 5690 3315 5744 quem
3342 5676 3582 5730 correxit
3605 5674 3780 5729 salta-
