3978 6424
235 358 346 413 505

1057 355 1579 413 COLLECTIONES
1616 356 1681 411 IN
1720 351 2102 413 EPISTOL‘AS
2142 357 2231 414 ET
2270 355 2684 413 EVANGELIA.

3402 364 3506 418 506

228 475 381 530 tione
410 470 617 536 l'ratris,
650 476 851 524 certam
887 483 916 521 a
957 468 1047 538 pio
1081 467 1264 538 judice
1302 467 1603 523 mercedem
1631 482 1817 521 conse-
1845 466 1895 525 Α
1927 482 1944 514 ‹
1975 475 2063 518 tur
2106 465 2273 519 vobis.
2321 464 2511 521 Omnis
2548 468 2691 522 enim
2735 466 2841 535 qur
2873 467 3005 536 petit
3051 468 3268 538 accipit,
3319 478 3374 525 et
3412 472 3505 541 qui

227 572 451 634 quetur.

327 670 445 710 ΑιιΛ
486 667 770 708 ΕΧΡΟΘῚῪΙΟ
818 666 1087 706 εριετοιλε
1118 666 1274 704 ΒΕΑῙΊ
1309 664 1508 713 ΙΑΟΟΒΙ,
1539 664 1655 702 αλιι.
1688 665 1741 701 ν.

304 748 414 821 (Ex
433 744 624 816 Beda.)
654 745 759 800 iste
782 743 1015 799 Jacobus
1044 742 1186 797 ﬁlius
1223 741 1427 812 Alphrei
1457 740 1577 803 fuit,
1625 742 1715 811 qui
1759 750 1815 795 et

230 843 401 896 frater
427 839 641 895 Domini
665 837 990 893 nominatur.
1017 834 1153 890 Tres
1172 834 1319 889 enim
1341 848 1556 890 sorores
1573 831 1810 897 fuerunt,

228 940 405 988 mater
432 930 664 995 Domini,
696 936 751 984 et
776 927 944 983 Maria
972 924 1157 981 Jacobi
1187 933 1243 980 et
1276 924 1499 993 Joseph,
1542 932 1600 979 et
1643 933 1815 979 mater

225 1026 465 1080 ﬁliorum
491 1023 756 1079 Zebedzei.
814 1021 1002 1077 Tanta:
1026 1020 1174 1076 enim
1202 1019 1504 1074 sanctitatis
1529 1018 1630 1074 iste
1651 1016 1809 1073 Jaco-

228 1117 334 1170 bus
357 1114 524 1171 fuisse
557 1120 831 1179 narratur,
857 1118 917 1165 ut
946 1119 1168 1181 propter
1189 1108 1307 1179 ejus
1335 1123 1523 1163 necem
1552 1107 1696 1163 dicat
1714 1105 1810 1161 lo-

224 1204 427 1274 sephus
464 1203 781 1259 subversam
818 1216 940 1257 esse
971 1199 1326 1255 Hierusalem.
1359 1197 1458 1253 llic
1481 1205 1661 1253 autem
1693 1207 1814 1268 post

224 1296 533 1367 passionem
586 1293 798 1349 Domini
847 1306 990 1347 anno
1038 1290 1317 1348 tricesimo
1371 1303 1527 1344 suum
1585 1286 1813 1344 feliciter

223 1387 627 1444 consummavit
651 1385 991 1456 martyrium.

296 1478 631 1547 Conﬁtemini
664 1475 976 1531 alterutrum
1014 1482 1226 1545 peccata
1264 1482 1452 1536 vestra,
1482 1481 1535 1527 et
1564 1471 1661 1526 rel.
1707 1473 1809 1544 (Ex

219 1570 496 1641 Cassiod.)
523 1568 819 1638 Conﬁtebor
841 1567 987 1622 enim
1011 1565 1343 1636 zequivoeum
1368 1578 1560 1618 nomen
1586 1573 1690 1628 est,
1715 1562 1811 1619 sed

217 1680 324 1735 pro
352 1664 592 1718 locorum
615 1660 928 1715 diversitate
959 1658 1172 1713 diverse
1201 1654 1512 1725 suscipitur.
1547 1653 1810 1724 (Ion/iteit-

218 1767 313 1810 tur
336 1754 478 1810 enim
507 1762 562 1807 et
588 1752 681 1823 qui
710 1750 936 1805 Domino
964 1747 1168 1819 gratias
1197 1747 1460 1809 referunt,
1499 1745 1811 1815 conﬁtentur

1920 574 1937 603 ‹
1965 556 2159 625 qmerit
2195 556 2421 621 invertit,
2454 565 2509 610 et
2538 556 2771 626 pulsanti
2810 558 3101 625 aperietur.
3143 558 3277 627 Quis
3320 568 3504 617 autem

1919 664 1937 695 ε
1967 661 2031 698 ex
2054 646 2205 700 vobis
2225 638 2434 715 patrem
2458 646 2591 717 petit
2611 664 2825 717 panem,
2842 651 3081 719 nunquid
3096 651 3324 721 lapidem
3349 652 3500 709 dabit

1921 755 1939 783 α
1970 736 2087 791 illi?
2116 744 2210 791 aut
2232 737 2458 807 piscem,
2494 740 2732 809 nunquid
2760 756 2858 810 pro
2897 742 3043 812 pisce
3078 753 3385 814 serpentem
3417 745 3509 799 dav

1919 848 1937 879 ι
1969 830 2045 884 bit
2078 829 2195 884 illi?
2219 840 2313 886 aut
2350 834 2395 887 si
2433 834 2653 903 petierit
2679 849 2859 902 ovum,
2895 838 3136 909 nunquid
3161 840 3399 912 porriget
3429 841 3506 896 illi

1919 940 1936 972 ‹
1966 922 2344 990 scorpionem?
2405 923 2463 979 Si
2502 941 2635 998 ergo
2675 942 2773 983 vos
2810 944 2933 983 cum
2973 929 3093 986 sitis
3141 932 3287 998 mali,
3337 936 3509 991 nostis

1919 1029 1937 1061 ‹
1966 1012 2103 1069 bona
2125 1011 2250 1066 data
2272 1011 2406 1069 dare
2427 1013 2552 1071 ﬁliis
2572 1016 2792 1084 vestris,
2816 1026 3021 1089 quanto
3041 1022 3212 1091 magis
3234 1032 3387 1091 pater
3410 1041 3507 1079 ve-

1919 1118 1936 1150 ι
1966 1108 2080 1155 ster
2104 1101 2171 1157 de
2198 1102 2338 1158 etelo
2368 1104 2518 1160 dabit
2548 1105 2800 1176 spiritum
2822 1109 3020 1163 bonum
3045 1112 3351 1181 petentibus
3364 1117 3452 1169 se!
3481 1134 3500 1165 ι

1984 1191 2115 1258 Quis
2135 1203 2363 1249 vestrum
2391 1196 2546 1250 habet
2575 1198 2825 1265 amicum,
2851 1210 2901 1254 et
2930 1200 3025 1255 ibit
3053 1202 3122 1256 ad
3152 1202 3300 1257 illum
3331 1206 3508 1260 media

1914 1292 2081 1349 nocte,
2095 1292 2143 1337 et
2163 1284 2299 1341 dicet
2315 1285 2424 1341 illi:
2439 1287 2635 1353 Amice,
2651 1291 2923 1345 commoda
2937 1292 3066 1347 mihi
3081 1303 3185 1348 tres
3201 1312 3377 1365 panes,
3399 1307 3506 1353 etc.

1912 1370 2150 1440 Rogatus
2177 1389 2205 1429 a
2235 1374 2511 1447 discipulis
2537 1377 2791 1445 salvator,
2815 1396 2922 1436 non
2945 1384 3105 1439 modo
3124 1382 3351 1439 formam
3376 1400 3505 1440 ora-

1914 1462 2094 1529 tionis,
2119 1465 2214 1520 sed
2240 1474 2296 1522 et
2324 1467 2634 1523 instantiam
2661 1470 3130 1544 frequentiamque
3149 1477 3315 1531 tradit
3338 1492 3504 1533 oran-

1911 1552 1985 1606 di.
2032 1554 2256 1611 Amicus
2278 1570 2412 1629 ergo
2437 1557 2504 1612 ad
2534 1574 2693 1629 quem
2732 1561 2908 1617 media
2938 1572 3096 1619 nocte
3126 1566 3361 1632 venitur,
3394 1568 3508 1637 ipse

1913 1643 2056 1699 Deus
2095 1644 2429 1717 intelligitur,
2465 1649 2551 1703 cui
2590 1649 2643 1704 in
2686 1652 2863 1706 media
2910 1652 3260 1710 tribulatione
3304 1658 3509 1728 simpli-

1912 1749 2058 1800 care,
2088 1743 2145 1790 et
2183 1744 2293 1792 tres
2319 1752 2505 1808 panes,
2539 1738 2590 1793 id
2617 1750 2719 1806 est,
2763 1741 3169 1814 intelligentiam
3198 1744 3501 1809 Trinitatis,

218 1856 278 1901 et
302 1844 394 1915 qui
426 1816 647 1913 peccata
674 1816 989 1910 deplorant:
1031 1836 1137 1893 Sed
1175 1836 1304 1891 illud
1335 1835 1387 1890 in
1418 1835 1634 1904 gaudio,
1669 1835 1811 1890 istud
1844 1816 1888 1874 Β
1914 1841 2019 1915 (tua
2061 1828 2345 1897 prtesentis
2384 1828 2509 1884 vitae
2546 1830 2896 1886 consolentur
2937 1832 3171 1899 labores,
3208 1834 3507 1907 cﬁlsgitare

220 1936 276 1989 in
319 1933 571 2005 laerymis
597 1940 717 1996 est;
771 1929 902 1984 illud
945 1929 999 1983 in
1042 1936 1229 1983 sancta
1276 1927 1473 1981 mentis
1508 1925 1809 1989 alacritate,

220 2025 370 2081 istud
399 2025 451 2079 in
479 2023 660 2081 cordis
690 2021 931 2077 noscitur
956 2034 1079 2099 esse
1115 2018 1463 2073 contritione.

299 2117 526 2173 Multum
553 2116 690 2172 enim
715 2114 852 2170 velet
891 2114 1059 2169 oratio
1089 2112 1217 2181 iusti
1248 2111 1486 2165 assidua.
1544 2110 1637 2165 Sic
1666 2110 1809 2165 enim

222 2210 485 2279 scriptum
514 2215 638 2264 est:
664 2204 941 2261 Orationes
961 2203 1231 2275 justorum
1257 2202 1500 2257 exaudiet
1530 2200 1810 2265 Dominus;

219 2312 349 2354 nam
375 2307 432 2356 et
454 2298 570 2369 ipse
596 2296 855 2352 Dominus
888 2294 1001 2349 ait:
1031 2290 1299 2362 Quidquid
1330 2290 1582 2360 petieritis
1615 2290 1670 2343 iu
1697 2306 1815 2344 ora-

218 2394 364 2448 tione
385 2391 647 2446 credentes
680 2388 969 2458 accipietis.

298 2479 421 2536 Non
447 2481 581 2552 pluit
609 2496 775 2535 annos
799 2487 925 2542 tres,
952 2486 1057 2533 etc.
1088 2475 1188 2530 llic
1217 2476 1319 2531 tria
1350 2483 1593 2544 tempora
1626 2474 1809 2528 mundi

220 2572 616 2642 signiﬁcantur.
664 2570 905 2625 Primum
935 2568 1004 2623 ab
1030 2567 1202 2621 Adam
1239 2582 1410 2637 usque
1444 2566 1510 2620 ad
1543 2566 1685 2631 Noe;
1726 2560 1812 2621 sel

220 2665 456 2719 cundum
485 2680 515 2717 a
544 2662 656 2719 Noe
684 2676 855 2732 usque
888 2660 956 2715 ad
997 2659 1248 2730 Moysen;
1286 2660 1507 2729 tertium
1550 2674 1581 2713 a
1629 2658 1809 2730 Moyse

222 2770 395 2825 usque
426 2755 492 2808 ad
531 2755 823 2809 adventum
866 2751 1105 2816 Domini,
1152 2751 1369 2821 quando
1408 2750 1523 2820 ipse
1552 2749 1812 2806 Dominus

218 2847 378 2902 Iesus
404 2847 651 2903 Christus
679 2845 930 2911 advenit,
962 2856 1018 2900 et
1055 2851 1396 2900 arescentem
1427 2844 1598 2900 nostri
1633 2845 1812 2901 cordis

218 2942 443 2998 humum
472 2980 487 3004 ,
523 2939 698 2994 imbre
744 2937 867 2993 ﬁdei
908 2945 964 2992 et
1008 2935 1350 3006 baptismatis
1395 2935 1661 3004 irrigavit.
1706 2934 1811 2990 Per

216 3029 420 3095 emtum
443 3029 535 3099 qui
570 3028 806 3097 pluviam
835 3016 982 3082 dedit
1011 3027 1262 3082 doctores
1283 3026 1685 3095 intelliguntur;
1716 3042 1812 3096 per

216 3121 455 3190 pluviam
485 3120 724 3191 ipsorum
752 3119 1049 3189 spiritualis
1077 3117 1355 3183 doctrina;
1378 3132 1477 3187 per
1502 3127 1704 3173 terram
1736 3120 1809 3174 si-

212 3220 414 3284 gnatur
445 3211 707 3277 Ecclesia,
748 3218 803 3265 et
841 3226 937 3281 per
977 3209 1208 3265 fructum
1237 3218 1440 3265 sancta:
1472 3209 1699 3265 virtutes
1725 3210 1807 3265 in-

219 3301 549 3373 telliguntur.
603 3301 819 3365 Cw'um,
864 3300 1053 3371 inquit,
1099 3301 1241 3355 dedit
1279 3300 1531 3371 pluviam,
1566 3309 1619 3354 et
1661 3311 1805 3354 terra

218 3394 360 3447 dedit
390 3393 617 3463 fructum
643 3408 817 3446 suum.
861 3391 1047 3448 Potest
1074 3400 1255 3447 autem
1288 3401 1343 3446 et
1372 3407 1468 3461 per
1499 3400 1611 3446 tres
1648 3394 1806 3447 steri-

214 3483 388 3539 litatis
411 3500 583 3541 annos
612 3493 669 3540 et
699 3499 914 3539 menses
941 3499 1060 3549 sex,
1091 3482 1298 3539 sterilia
1334 3483 1434 3538 sub
1471 3481 1805 3538 Antichristo

223 3575 517 3644 signiﬁcari
569 3584 834 3646 tempora,
875 3589 995 3644 qua:
1041 3581 1228 3644 postea
1276 3573 1540 3645 largiente
1591 3573 1803 3630 Domini

221 3667 395 3736 gratia
418 3666 696 3722 credimus
724 3680 846 3722 esse
875 3663 1148 3720 lmeunda.

295 3759 400 3825 Qui
435 3760 663 3815 converti
714 3758 892 3829 fecerit
939 3766 1264 3829 peccatorem
1309 3756 1531 3813 salvabit
1574 3758 1805 3812 animum

213 3851 350 3919 ejus.
400 3850 457 3905 ld
484 3859 591 3916 est,
627 3849 875 3906 liberabit
901 3865 932 3905 a
962 3856 1137 3905 morte
1167 3855 1369 3904 aeterna
1401 3849 1639 3904 animam
1666 3847 1804 3918 ejus,

215 3960 248 3995 a
280 3950 454 3997 morte
480 3950 762 4012 perpetua,
787 3957 909 4011 qua:
930 3941 1125 3997 animae
1147 3954 1249 4010 pro
1281 3940 1520 4011 peccatis
1554 3939 1803 3995 debetur.

293 4034 359 4089 Et
413 4035 578 4105 operit
634 4033 1023 4089 multitudinem
1071 4035 1425 4105 peccatorum.
1490 4031 1617 4087 Sive
1666 4031 1808 4086 illius

212 4139 378 4194 quem
425 4124 713 4199 convertit,
760 4124 876 4185 sive
920 4140 1038 4188 sua,
1073 4123 1164 4193 qui
1215 4122 1502 4185 convertit,
1553 4136 1653 4191 per
1689 4135 1808 4191 put-

215 4216 499 4272 nitentiam
518 4215 759 4287 contegit
781 4223 1006 4286 peccata
1037 4233 1050 4269 :
1083 4213 1235 4269 Beati
1274 4213 1440 4277 enim,
1474 4213 1551 4267 ait
1578 4211 1805 4265 Psalmi-

215 4318 322 4371 sta,
350 4324 571 4378 quorum
609 4316 743 4361 tecta
770 4318 891 4361 sunt
927 4315 1161 4377 peccata.
1210 4304 1318 4359 Sua
1348 4312 1531 4358 autem
1560 4318 1655 4372 per
1681 4301 1808 4355 elia-

215 4398 394 4454 ritatis
416 4397 652 4453 cilicium
669 4396 808 4453 male
831 4398 1021 4452 nociva
1045 4396 1258 4467 eperuit
1278 4403 1499 4465 peccata
1524 4411 1536 4446 :
1562 4391 1807 4448 Charitas

213 4494 379 4557 enim,
437 4492 515 4547 ait
564 4490 869 4562 Apostolus,
905 4489 1131 4559 cooperit
1185 4486 1576 4542 multitudinem
1622 4502 1807 4555 pecca-

212 4592 411 4635 lora)".

608 4689 946 4731 EVANGI‘ILIUM
985 4688 1160 4737 ιυωῑ,
1206 4687 1324 4726 (λη’.
1358 4686 1432 4725 XI.

293 4783 312 4817 α
333 4766 467 4834 Quis
508 4774 747 4823 vestrum
788 4764 1009 4822 habebit
1044 4763 1304 4826 amicum,
1342 4770 1399 4817 et
1426 4761 1525 4815 ibit
1550 4760 1621 4815 ad
1655 4759 1803 4813 illum

217 4879 238 4909 ‹
271 4858 446 4913 media
504 4865 663 4914 noete
702 4866 758 4913 et
792 4858 938 4914 dicet
963 4856 1039 4913 illi
1068 4874 1081 4911 :
1108 4854 1317 4920 Amice,
1346 4852 1628 4909 commoda
1670 4851 1805 4907 mihi

219 4971 238 5002 ι
272 4961 383 5007 tres
407 4966 596 5021 panes,
628 4951 884 5021 quoniam
913 4949 1124 5005 amicus
1155 4962 1307 5003 meus
1338 4946 1487 5002 venit
1518 4948 1585 5001 de
1620 4945 1705 4998 via
1737 4944 1804 4998 ad

218 5063 239 5093 σ
271 5059 379 5108 me,
412 5053 468 5098 et
495 5059 600 5098 non
622 5043 798 5099 habeo
818 5041 964 5113 quod
991 5055 1189 5112 ponam
1220 5046 1347 5094 ante
1387 5036 1561 5092 illum.
1616 5035 1682 5090 Et
1718 5034 1805 5091 ille

222 5153 242 5185 ι
274 5134 489 5190 deintus
515 5133 846 5204 respondens
879 5132 1063 5188 dicat:
1088 5129 1206 5186 Noli
1228 5129 1360 5185 mihi
1383 5126 1642 5183 molestus
1661 5140 1804 5190 esse,

217 5245 241 5278 ι
265 5225 380 5295 jam
403 5226 601 5281 ostium
626 5224 869 5280 clausum
893 5232 997 5289 est,
1023 5230 1079 5279 et
1117 5221 1270 5291 pueri
1298 5218 1404 5275 mei
1430 5234 1642 5274 meeum
1682 5222 1809 5272 sunt

219 5335 240 5370 ι
274 5318 327 5374 in
358 5317 547 5383 cubili,
579 5331 686 5372 non
717 5331 935 5387 possum
962 5328 1188 5384 surgere
1210 5318 1268 5367 et
1287 5310 1418 5366 dare
1458 5308 1576 5363 tibi.
1629 5306 1695 5360 Et
1721 5305 1808 5360 ille

220 5428 240 5458 ο
269 5409 316 5464 si
347 5406 777 5480 perseveraverit
797 5405 1040 5478 pulsans,
1068 5402 1190 5458 dico
1208 5401 1450 5464 vobis,et
1472 5397 1517 5452 si
1540 5412 1648 5450 non
1662 5395 1812 5449 dabit

218 5520 241 5551 ε
273 5500 346 5556 illi
376 5514 627 5571 surgens,
659 5514 725 5553 eo
749 5497 894 5568 quod
918 5496 1127 5550 amicus
1166 5490 1282 5562 ejus
1322 5492 1413 5556 sit,
1453 5496 1672 5560 propter
1709 5486 1809 5540 im-

219 5612 241 5644 ι
269 5592 596 5663 probitatem
627 5598 809 5644 tamen
830 5587 946 5657 ejus
972 5594 1178 5655 surget,
1200 5595 1255 5640 et
1277 5583 1429 5639 dabit
1450 5580 1526 5636 illi
1547 5587 1813 5650 quotquot

220 5700 243 5733 ι
272 5681 432 5738 habet
455 5679 814 5736 necessarios.
858 5678 926 5733 Et
950 5692 1051 5747 ego
1074 5676 1224 5729 vobis
1252 5673 1373 5729 dico
1400 5690 1410 5724 :
1437 5671 1611 5725 Petito
1637 5676 1689 5723 et
1718 5668 1811 5721 da-

224 5798 243 5827 ι
272 5775 419 5831 bitur
440 5775 612 5838 vobis,
639 5773 861 5843 quaerite
881 5780 934 5827 et
956 5769 1239 5826 invenietis
1261 5809 1272 5833 ,
1295 5766 1503 5838 pulsate
1526 5773 1581 5819 et
1600 5762 1809 5833 aperie-

1830 4533 1884 4593 D

1915 1910 2189 1971 debemus.
2240 1915 2464 1974 Amicus
2481 1919 2574 1989 qui
2603 1919 2746 1974 venit
2773 1920 2841 1976 de
2878 1921 2985 1987 via,
3035 1922 3152 1992 ipse
3191 1932 3377 1978 noster
3422 1935 3510 1979 est

1911 2007 2145 2073 aninms,
2175 2008 2267 2077 qui
2298 2009 2461 2065 toties
2485 2026 2515 2064 a
2540 2010 2696 2066 nobis
2736 2013 2961 2076 recedit,
2995 2014 3209 2082 quoties
3242 2016 3309 2069 ad
3335 2032 3503 2086 appe-

1913 2096 2069 2150 tenda
2093 2105 2304 2153 terrena
2326 2106 2381 2155 et
2402 2100 2716 2171 temporalia
2741 2100 2873 2157 foris
2894 2111 3141 2174 vagatur.
3194 2104 3351 2160 Redit
3376 2122 3507 2161 vero

1911 2184 2226 2257 cmlestique
2255 2186 2508 2243 alimonia
2551 2189 2698 2245 reﬁci
2732 2191 3023 2258 desiderat,
3066 2208 3193 2248 eum
3230 2194 3284 2248 in
3318 2210 3377 2249 se
3418 2213 3505 2251 rc-

1911 2291 2124 2343 versus,
2151 2293 2385 2348 superna
2417 2281 2650 2350 ecepevit
2686 2296 2752 2336 ac
2789 2282 3093 2352 spiritualia
3133 2281 3403 2348 meditari,
3442 2287 3508 2341 de

1911 2383 2019 2437 quo
2046 2368 2273 2438 pulchre
2305 2371 2398 2440 qui
2439 2372 2670 2441 petierat
2707 2373 2987 2445 adjungit:
3016 2372 3133 2430 Non
3181 2390 3242 2431 se
3280 2375 3506 2441 habere,

1911 2460 2053 2529 quod
2081 2470 2246 2530 ponat
2269 2470 2394 2520 ante
2417 2463 2587 2529 illum,
2628 2467 2885 2536 quoniam
2927 2467 3121 2522 anima:
3157 2477 3280 2538 post
3324 2471 3506 2524 szeculi

1911 2554 2164 2610 tenebras
2184 2554 2351 2611 Deum
2374 2557 2693 2627 suspiranti,
2716 2558 2850 2613 nihil
2872 2568 3068 2631 prmter
3087 2576 3210 2617 eum
3241 2562 3505 2633 mgitare,

1912 2646 1984 2701 nil
2018 2645 2186 2718 loqui,
2233 2647 2306 2703 nil
2348 2649 2477 2705 libet
2510 2650 2732 2706 intueri.
2792 2651 2978 2707 Solum
3014 2653 3156 2724 quod
3194 2657 3512 2726 recognovit

1912 2753 2137 2792 summas
2176 2737 2461 2795 Trinitatis
2504 2740 2757 2810 gaudium
2803 2741 3182 2813 contemplari,
3227 2751 3389 2814 atque
3437 2745 3509 2800 ad

1912 2827 2014 2882 hoc
2040 2827 2255 2897 plenius
2274 2827 2592 2883 intuendum
2618 2830 2902 2901 pervenire
2926 2832 3146 2901 satagit.

1983 2918 2050 2972 Et
2082 2917 2171 2973 ille
2198 2918 2409 2973 deiutus
2438 2920 2754 2989 respondens
2803 2921 2945 2975 dicat
2975 2938 2992 2976 :
3026 2921 3155 2977 Noli
3195 2924 3321 2978 mihi
3353 2923 3510 2979 mole-

1910 3020 2023 3064 stus
2042 3025 2170 3071 esse,
2187 3009 2305 3079 jam
2336 3010 2523 3063 ostium
2543 3008 2785 3063 clausum
2813 3022 2911 3076 est,
2938 3020 3043 3068 etc.
3087 3013 3296 3070 Ostium
3324 3017 3506 3079 amici,

1914 3099 2081 3154 divini
2113 3107 2196 3153 est
2221 3096 2571 3168 intelligentia
2600 3099 2886 3164 sermonis,
2913 3102 3056 3170 quod
3087 3102 3188 3157 sibi
3216 3102 3507 3171 Apostolus

1835 3176 1883 3237 Ο
1912 3198 2029 3249 orat
2054 3189 2254 3259 aperiri
2283 3189 2349 3242 ad
2377 3188 2703 3258 loquendum
2734 3192 3049 3261 mysterium
3077 3192 3297 3248 Christi.
3346 3194 3506 3247 Clan-

1909 3299 2136 3353 sumque
2164 3290 2248 3337 est
2276 3290 2521 3352 tempore
2564 3280 2722 3336 famis
2762 3283 2933 3350 verbi,
2976 3299 3097 3338 cum
3144 3282 3502 3354 intelligentia

1908 3392 2012 3429 non
2046 3375 2223 3429 datur.
2268 3374 2335 3430 Et
2364 3373 2438 3428 illi
2474 3374 2565 3444 qui
2594 3375 2963 3445 evangelicum
3003 3376 3344 3444 sapientiam,
3384 3386 3507 3432 tan-

1906 3483 2067 3537 quam
2094 3482 2286 3538 panem
2312 3476 2618 3538 erogantes.
2655 3482 2751 3536 per
2774 3469 2963 3525 orbem
2993 3477 3151 3523 terrae
3180 3469 3508 3539 praedicave-

1908 3567 2064 3624 runt,
2120 3560 2272 3630 pueri
2304 3558 2715 3629 patrisfamilias
2737 3558 2851 3629 jam
2882 3569 3010 3615 sunt
3037 3561 3087 3614 in
3114 3571 3325 3616 secreto
3353 3561 3508 3632 quie-

1910 3651 1979 3706 tis
2007 3667 2129 3705 eum
2161 3651 2412 3717 Domino,
2445 3661 2501 3706 et
2533 3661 2714 3707 tamen
2749 3654 2956 3708 orando
2991 3651 3244 3720 efﬁcitur,
3271 3661 3331 3707 ut
3359 3654 3503 3709 acci-

1907 3743 2078 3812 piant.
2123 3742 2444 3799 Desiderant
2470 3743 2802 3800 intellectum
2831 3744 2900 3799 ab
2928 3744 3045 3815 ipso
3082 3745 3215 3813 Deo,
3251 3745 3416 3802 etiam
3457 3746 3506 3802 si

1909 3833 2071 3889 homo
2092 3834 2232 3889 desit
2269 3850 2368 3905 per
2398 3850 2561 3906 quam
2597 3834 2871 3906 sapientia
2902 3836 3247 3906 praedicetur.

1978 3923 2046 3978 Et
2069 3923 2159 3978 ille
2182 3924 2229 3980 si
2247 3926 2647 3995 perseveraverit
2676 3925 2922 3996 pulsans,
2947 3925 3065 3979 dico
3086 3925 3250 3991 vobis,
3271 3936 3318 3980 et
3341 3928 3386 3980 si
3402 3942 3508 3979 non

1907 4014 2052 4068 dabit
2094 4014 2174 4069 illi
2203 4030 2445 4086 surgens,
2485 4033 2544 4070 eo
2592 4015 2735 4085 quod
2772 4016 2973 4069 amicus
3010 4016 3125 4085 ejus
3162 4017 3251 4081 sit,
3298 4027 3511 4086 propter

1909 4105 2286 4174 improbitatem
2312 4114 2486 4159 tamen
2510 4106 2625 4176 ejus
2654 4115 2851 4176 surget,
2883 4114 2930 4159 et
2965 4106 3110 4158 dabit
3138 4105 3216 4157 illi
3254 4114 3505 4177 quotquot

1908 4194 2059 4250 habet
2089 4196 2428 4250 necessarios.
2476 4196 2543 4249 Et
2575 4212 2669 4266 ego
2707 4195 2847 4251 vobis
2887 4196 3027 4258 dico,
3068 4191 3235 4249 I’etite
3277 4204 3324 4249 et
3360 4194 3506 4247 dabi-

1908 4297 1997 4341 tur
2025 4286 2189 4353 vobis,
2230 4294 2337 4341 etc.
2375 4286 2722 4356 Comparatio
2767 4293 2852 4341 est
2894 4300 2923 4339 a
2971 4284 3199 4339 minore.
3256 4283 3315 4340 Si
3356 4286 3505 4340 enim

1908 4378 2118 4433 amicus
2152 4379 2314 4433 homo
2343 4377 2514 4449 surgit
2546 4377 2612 4433 de
2641 4375 2799 4442 lecto,
2845 4384 2903 4430 et
2946 4375 3040 4431 dat
3087 4391 3193 4430 non
3236 4375 3502 4437 amicitia,

1909 4468 2004 4523 sed
2031 4467 2190 4523 Ledio
2233 4466 2567 4536 compulsus,
2600 4473 2806 4536 quanto
2855 4464 3027 4535 magis
3072 4465 3164 4519 dat
3203 4463 3369 4529 Deus,
3408 4462 3502 4533 qui

1909 4557 2027 4615 sine
2056 4559 2213 4616 tardio
2239 4557 2543 4632 largissime
2562 4558 2728 4614 donat
2754 4556 2895 4628 quod
2917 4557 3149 4626 petitur!
3178 4555 3285 4611 Sed
3308 4555 3373 4609 ad
3400 4554 3505 4611 hoe

1908 4670 1968 4709 se
1991 4653 2099 4724 peti
2132 4654 2265 4720 vult,
2294 4662 2354 4708 ut
2381 4667 2609 4723 capaces
2634 4651 2899 4708 donorum
2936 4648 3053 4719 ejus
3090 4650 3239 4713 tiant,
3274 4647 3366 4719 qui
3408 4664 3503 4718 pe—

1909 4754 2049 4802 tunt.
2101 4746 2178 4802 Ne
2198 4747 2384 4817 itaque
2416 4746 2484 4801 de
2507 4744 2593 4799 via
2623 4743 2846 4800 veniens
2875 4743 3083 4798 amicus
3112 4741 3290 4797 inedia
3324 4741 3505 4810 dispe—

1911 4846 2048 4904 real,
2082 4839 2186 4894 hoc
2213 4846 2320 4903 est,
2352 4853 2421 4892 ne
2456 4836 2668 4891 animus
2707 4849 2877 4904 nuper
2900 4834 2969 4888 ab
3001 4832 3204 4888 erroris
3233 4832 3315 4886 sui
3355 4831 3508 4885 vani.

1910 4938 2020 4985 tate
2058 4929 2404 5000 resipiscens,
2453 4924 2706 4983 desiderii
2740 4923 3035 4995 spiritualis
3080 4923 3282 4978 diuitias
3321 4920 3501 4991 inopia

1911 5022 2174 5087 tabescat,
2215 5030 2465 5091 petamus
2487 5017 2674 5088 epulas
2696 5015 2870 5082 verbi,
2898 5015 3095 5086 quibus
3129 5013 3329 5079 alatur,
3356 5027 3504 5083 qure-

1913 5129 2095 5169 ramus
2141 5114 2375 5167 amicum
2413 5111 2505 5180 qui
2536 5109 2649 5173 det,
2681 5109 2957 5179 pulsenms
2990 5106 3190 5161 ostium
3239 5118 3346 5172 quo
3386 5116 3503 5156 ser-

1912 5212 2109 5258 vantur
2134 5200 2409 5257 absconsi.
2462 5199 2706 5271 Magnam
2748 5199 2892 5253 enim
2935 5211 3085 5267 spem
3117 5194 3282 5258 dedit,
3319 5199 3372 5248 et
3409 5189 3526 5245 dat.

1911 5296 2019 5359 ille,
2051 5295 2141 5365 qui
2172 5294 2537 5365 promittendo
2565 5307 2672 5347 non
2711 5291 2932 5361 decipit.

1986 5395 2168 5451 Omnis
2191 5394 2327 5450 enim
2348 5393 2437 5464 qui
2466 5393 2614 5463 petit,
2654 5390 2863 5460 accipit,
2887 5398 2939 5459 et
2962 5388 3050 5458 qui
3072 5384 3256 5458 qmerit
3284 5381 3519 5459 iureuit,a.

1912 5497 1956 5540 et
1994 5485 2225 5557 pulsanti
2259 5484 2541 5553 aperietur.
2584 5480 2724 5551 Ergo
2754 5480 2909 5550 juxta
2942 5475 3275 5547 praemissam
3314 5477 3504 5539 postu-

1913 5577 2076 5630 lantis
2112 5574 2271 5628 amici
2294 5571 2625 5643 parabolam,
2664 5568 3069 5639 perseverantia
3116 5576 3252 5632 opus
3288 5567 3395 5623 est,
3444 5568 3503 5613 ut

1914 5666 2242 5735 accipiamus
2283 5662 2424 5732 quod
2449 5660 2698 5730 petimus,
2728 5668 2784 5711 et
2808 5657 3141 5711 inveniamus
3191 5648 3334 5719 quod
3356 5662 3501 5735 quas

1916 5732 2103 5819 rimus,
2138 5751 2354 5822 etquod
2384 5748 2657 5818 pulscmus
2701 5746 2992 5817 aperiatur.
3039 5740 3171 5795 Nam
3217 5736 3261 5792 si
3301 5732 3505 5806 petenti
