3978 6428
506 379 614 433 ’507

1796 381 2071 437 SMARAG
2083 383 2145 436 Dl
2183 382 2469 437 ABBATIS

3652 390 3757 449 508

502 494 683 558 datur,
714 503 769 550 et
795 512 1041 566 quwrens
1070 497 1295 563 invenit,
1337 506 1391 553 et
1424 497 1660 568 pulsanti
1699 498 1959 567 aperitur,
1991 499 2075 553 cui
2108 500 2155 557 Α
2189 517 2204 547 ι
2235 514 2268 551 o
2298 498 2612 569 Thcopbile,
2643 513 2761 568 quae
2789 499 2951 568 erepit
2971 498 3127 555 Iesus
3162 500 3337 556 facere
3369 511 3423 556 et
3452 504 3649 556 docere
3674 520 3751 559 us-

504 600 611 640 non
638 586 813 651 datur,
838 595 893 641 et
921 588 1013 657 qui
1037 604 1141 645 non
1178 589 1417 655 invenit,
1456 598 1511 646 et
1550 590 1635 646 cui
1681 606 1786 645 non
1820 592 2078 660 aperitur,

502 683 725 743 apparet
743 676 885 746 quod
910 692 1018 732 non
1036 677 1175 737 bene
1191 679 1430 753 petierit,
1451 679 1746 749 quzesierit,
1768 680 2077 750 pulsaverit.

574 763 704 831 Quis
729 776 904 822 autem
930 784 995 821 ea:
1034 768 1175 822 vobis
1210 778 1410 838 patrem
1438 770 1562 840 petit
1599 785 1809 838 panem,
1847 770 2081 839 nunquid

501 856 729 926 lapidem
743 856 891 916 dabit
915 855 995 910 illi
1014 857 1039 911 .’
1080 857 1247 917 Panis
1266 857 1583 933 intelligitur
1604 859 1842 919 charitas
1863 868 2082 929 propter

501 941 761 1012 majorem
791 944 1107 1015 appetitum.
1157 945 1224 999 Et
1252 954 1359 999 tam
1399 946 1726 1011 necessaria,
1768 954 1827 999 ut
1851 947 1967 1001 sine
1994 946 2080 999 illa

500 1043 697 1090 cetera
721 1034 854 1090 nihil
880 1035 1013 1100 sint,
1040 1036 1177 1092 sicut
1199 1037 1314 1092 sine
1327 1052 1465 1107 pane
1488 1052 1671 1092 mensa
1694 1037 1851 1108 inops
1871 1047 1973 1101 est,
1995 1038 2080 1091 cui

501 1125 775 1179 contraria
800 1133 885 1182 est
915 1125 1093 1182 cordis
1114 1125 1331 1192 duritia,
1357 1141 1518 1196 quam
1538 1126 1699 1196 lapidi
1723 1128 2076 1197 comparavit.

571 1216 676 1271 Aut
702 1217 749 1272 si
778 1218 1253 1288 piscem,mmquid
1296 1235 1390 1288 pro
1432 1220 1571 1289 pisce
1610 1230 1894 1290 serpentem
1936 1221 2080 1274 dabit

499 1308 580 1363 illi
599 1310 626 1363 2
660 1308 830 1364 Piscis
852 1318 933 1363 est
955 1306 1092 1364 fides
1128 1309 1496 1373 invisibilium,
1534 1310 1617 1365 vel
1645 1319 1865 1380 propter
1884 1327 2078 1381 aquam

498 1400 775 1473 baptismi,
802 1400 885 1457 vel
905 1400 1027 1475 quia
1053 1401 1117 1455 de
1146 1399 1502 1457 invisibilibus
1525 1400 1656 1456 locis
1682 1403 1908 1472 capitur.
1927 1403 2079 1470 Quod

498 1496 660 1549 etiam
690 1493 823 1550 ﬁdes
848 1493 1008 1562 hujus
1033 1493 1217 1551 mundi
1244 1491 1497 1549 fluctibus
1533 1493 1937 1549 circumlatrata
1972 1511 2079 1549 non

499 1585 785 1656 frangitur,
833 1592 982 1639 recte
1028 1584 1158 1654 pisci
1202 1594 1567 1653 comparatur,
1610 1586 1699 1642 cui
1744 1586 2080 1643 contrarium

497 1673 680 1742 posuit
728 1680 1054 1742 serpentem,
1111 1681 1329 1742 propter
1380 1689 1589 1729 venena
1648 1674 1894 1742 fallacias,
1960 1693 2079 1747 quae

496 1766 659 1820 etiam
690 1765 863 1836 primo
883 1764 1085 1819 homini
1125 1764 1263 1819 male
1292 1766 1564 1822 suadendo
1587 1770 2003 1838 prteseminavit.

570 1855 670 1911 Aut
696 1857 739 1914 si
764 1858 968 1928 petierit
1008 1874 1181 1923 ovum,
1212 1858 1448 1929 nunquid
1484 1861 1709 1930 porriget
1744 1860 1822 1915 illi
1852 1862 2075 1931 scorpio-
2107 1844 2151 1901 Β

495 1965 611 2003 nem
639 1949 663 2003 ?
691 1948 745 2005 [ιι
778 1964 880 2003 ovo
902 1948 1174 2003 indicatur
1198 1961 1342 2017 spes.
1375 1946 1549 2003 Ovum
1571 1950 1715 2005 enim
1737 1951 1972 2005 nondum
1995 1959 2077 2006 est

498 2043 659 2100 l'cctus
690 2041 982 2111 perlectus,
1015 2041 1106 2096 sed
1135 2040 1364 2095 fovendo
1398 2050 1665 2111 speratur.
1723 2039 1820 2096 Cui
1854 2051 2074 2096 contra-

497 2130 636 2183 rium
664 2126 841 2197 posuit
873 2126 1231 2197 scorpionem,
1261 2124 1413 2195 cujus
1442 2125 1659 2181 aculeus
1682 2136 1975 2181 venenatus
2000 2144 2078 2180 re-

497 2233 583 2276 tro
610 2218 879 2277 timendus
900 2226 1001 2283 est,
1025 2218 1164 2277 sicut
1191 2218 1301 2289 spei
1339 2218 1673 2279 contrarium,
1700 2226 1785 2272 est
1816 2219 2074 2288 retrospi-

497 2329 625 2370 cere
651 2354 672 2379 ,
705 2328 827 2375 cum
864 2326 989 2385 spes
1026 2309 1329 2375 futurorum
1367 2312 1420 2366 in
1451 2326 1519 2367 ea
1564 2328 1684 2382 qua:
1718 2319 1842 2369 ante
1868 2319 1990 2366 sunt
2020 2327 2077 2366 sc

497 2401 772 2461 extendat.

572 2493 631 2550 Si
660 2510 783 2563 ergo
810 2510 900 2547 vos
935 2509 1053 2553 cum
1092 2492 1206 2547 sitis
1242 2492 1366 2545 mali
1412 2491 1572 2546 nostis
1615 2491 1749 2546 bona
1784 2496 1912 2546 dare
1950 2491 2079 2560 ﬁliis

496 2587 699 2652 vestris,
720 2596 914 2657 quanto
938 2586 1102 2659 magis
1132 2595 1279 2655 pater
1308 2595 1469 2639 vester
1492 2584 1557 2640 de
1587 2584 1711 2639 caelo
1750 2584 1893 2638 dabit
1920 2583 2075 2653 spiri-

496 2690 608 2740 tum
629 2679 821 2737 bonum
850 2677 1138 2749 petentibus
1165 2694 1239 2732 se.
1291 2676 1569 2745 Quomodo
1589 2677 1713 2733 mali
1744 2677 1874 2731 dant
1894 2675 2075 2731 bona?

496 2768 591 2824 sed
628 2767 797 2822 malos
830 2766 1115 2838 appellavit
1149 2767 1436 2824 dilectores
1476 2766 1653 2822 adhuc
1696 2766 1875 2821 szeculi
1918 2764 2082 2835 hujus.

496 2865 553 2915 ct
577 2842 907 2928 peccatores.
966 2855 1113 2912 Bona
1151 2872 1280 2913 vero
1316 2871 1436 2927 quae
1467 2855 1616 2921 dant,
1652 2855 1947 2911 secundum
1984 2869 2075 2908 e0-

498 2964 618 3003 rum
650 2963 867 3005 scnsum
904 2947 1049 3009 bona
1072 2947 1297 3003 dicenda
1322 2956 1468 3013 sunt,
1495 2949 1620 3018 quia
1649 2950 1763 3004 hinc
1792 2965 1891 3021 pro
1918 2946 2075 3001 bonis

497 3040 714 3105 habent,
743 3054 1048 3109 quanquam
1080 3039 1139 3100 in,
1167 3056 1346 3101 rerum
1377 3049 1570 3099 natura
1610 3042 1711 3097 ista
1757 3044 1895 3098 bona
1942 3046 2070 3113 sint,

493 3129 588 3185 sed
618 3130 931 3201 temporalia
958 3139 1014 3185 et
1041 3131 1108 3185 ad
1131 3131 1287 3191 istam
1317 3131 1487 3198 vitam
1510 3130 1783 3194 infirmam~
1804 3136 2076 3203 pertinen-

2190 610 2206 641 ο
2238 605 2343 660 que
2366 591 2418 644 in
2448 590 2590 645 diem
2611 605 2716 661 qua
2745 591 3060 662 praecipiens
3097 592 3353 662 apostolis
3381 609 3478 663 per
3498 592 3764 664 Spiritum

2190 700 2206 727 ι
2237 688 2479 737 sanctum
2504 720 2519 744 ,
2562 695 2699 749 quos
2744 680 2903 752 elegit
2946 690 3255 751 assumptus
3302 690 3403 737 est.
3458 682 3666 750 Quibus
3708 694 3759 738 ct

2189 788 2205 817 ι
2238 769 2465 839 prazbuit
2492 785 2551 823 se
2586 770 2758 839 ipsum
2788 771 2968 825 vivum
3004 778 3127 840 post
3163 771 3466 840 passionem
3499 787 3676 837 suam,
3705 774 3760 828 in

2189 880 2207 908 ‹
2236 858 2417 914 multis
2443 861 2794 930 argumentis,
2828 875 2925 930 per
2962 861 3077 915 dies
3102 861 3456 933 quadraginta
3492 879 3762 936 apparens

2188 968 2204 997 ι
2237 948 2339 1011 eis,
2367 958 2424 1003 et
2445 948 2669 1018 loquens
2698 949 2765 1004 de
2790 965 2954 1019 regno
2980 952 3096 1006 Dei.
3146 952 3213 1006 Et
3248 966 3579 1009 convescens
3622 970 3761 1024 pra:-

2187 1058 2203 1086 ι
2236 1038 2379 1107 cepit
2406 1038 2487 1092 eis
2514 1038 2581 1093 ab
2601 1038 2989 1111 Hierosolymis
3009 1056 3077 1096 ne
3094 1042 3451 1109 discederent,
3476 1044 3571 1099 sed
3598 1059 3755 1115 expc»

2188 1147 2205 1177 ι
2237 1135 2448 1183 ctarent
2464 1129 2876 1198 promissionem
2900 1130 3093 1196 Patris,
3112 1147 3273 1202 quam
3288 1135 3535 1201 audistis,
3561 1136 3761 1205 inquit,

2187 1238 2203 1267 ι
2235 1233 2329 1287 per
2350 1234 2410 1274 os
2424 1234 2600 1273 meum
2620 1239 2631 1274 :
2655 1221 2781 1291 quia
2802 1219 3038 1276 Joannes
3056 1223 3273 1293 quidem
3287 1223 3580 1294 baptizavit
3597 1240 3762 1296 aqua,

2187 1329 2204 1358 ι
2235 1326 2327 1365 vos
2374 1320 2552 1366 autem
2591 1311 2994 1381 baptizabimini
3033 1310 3240 1381 Spiritu
3267 1322 3475 1378 sancto,
3505 1328 3612 1368 non
3638 1325 3760 1385 post

2186 1420 2203 1450 ι
2232 1402 2430 1458 multos
2459 1402 2558 1456 hos
2588 1402 2723 1457 dies.
2778 1402 2947 1473 Igitur
2977 1402 3069 1471 qui
3099 1411 3490 1469 convenerant,
3532 1405 3763 1462 interro-

2185 1512 2202 1543 ι
2232 1492 2431 1562 gabant
2458 1509 2579 1547 eum
2632 1494 2870 1561 dicentes
2896 1512 2908 1547 :
2936 1494 3181 1561 Domine,
3212 1495 3259 1549 si
3291 1496 3345 1549 in
3382 1504 3627 1566 tempore
3656 1497 3757 1551 hoc

2186 1602 2203 1633 ι
2234 1583 2485 1637 restitues
2517 1599 2740 1653 regnum
2765 1582 2974 1637 Israel?
3014 1582 3160 1637 Dixit
3186 1592 3367 1638 autem
3396 1585 3477 1639 eis
3503 1604 3516 1638 :
3540 1585 3656 1639 Non
3682 1596 3762 1640 est

2184 1692 2203 1724 ι
2233 1681 2469 1729 vestrum
2500 1689 2662 1728 nosse
2701 1682 2941 1743 tempora
2973 1675 3057 1729 vel
3106 1683 3403 1739 momenta,
3446 1690 3568 1745 quae
3604 1676 3764 1731 Pater

2185 1783 2204 1815 ι
2232 1764 2413 1834 posuit
2447 1763 2501 1817 in
2530 1778 2625 1817 sua
2656 1772 2943 1833 potestate,
2967 1765 3060 1819 sed
3082 1764 3358 1834 accipietis
3380 1766 3637 1820 virtutem
3667 1782 3759 1821 su-

2185 1873 2203 1907 c
2231 1855 2594 1925 pervenientis
2636 1854 2867 1924 Spiritus
2902 1856 3073 1911 sancti
3105 1856 3157 1910 in
3195 1871 3306 1921 vos,
3342 1865 3399 1912 et
3432 1858 3590 1913 eritis
3625 1859 3761 1913 mibi

2185 1967 2204 1999 ι
2233 1956 2400 2003 testes
2430 1948 2485 2002 in
2508 1947 2842 2003 Hierusalem
2864 1958 2918 2003 et
2949 1950 3002 2004 in
3027 1950 3173 2004 omni
3195 1948 3377 2004 Iudaea
3414 1959 3471 2007 et
3508 1951 3759 2007 Samaria

2184 2056 2202 2088 ι
2231 2046 2287 2092 et
2315 2052 2483 2106 usque
2507 2037 2574 2091 ad
2608 2037 2856 2093 ultimum
2881 2046 3057 2093 terrae.
3109 2039 3175 2094 Et
3208 2054 3331 2094 cum
3355 2039 3471 2095 hare
3511 2041 3761 2106 dixisset,

2185 2146 2203 2175 ‹
2232 2126 2538 2180 videntibus
2564 2125 2672 2181 illis
2694 2126 2935 2181 elevatus
2956 2128 3061 2192 est‘,
3090 2135 3144 2181 et
3175 2127 3345 2182 nubes
3372 2128 3614 2198 suscepit
3637 2144 3762 2183 eum

2185 2238 2202 2267 ι
2233 2218 2300 2271 ab
2336 2217 2506 2273 oculis
2539 2232 2749 2273 eorum.
2802 2218 3045 2289 Cumque
3095 2219 3437 2274 intuerentur
3475 2220 3530 2273 in
3566 2220 3765 2276 caelum

2186 2328 2204 2359 ι
2232 2318 2447 2363 euntem
2483 2307 2652 2373 illum,
2682 2323 2807 2364 αρε
2832 2309 2938 2364 duo
2962 2310 3060 2363 viri
3086 2311 3374 2364 astiterunt
3384 2308 3539 2378 juxta
3562 2310 3687 2365 illos
3710 2311 3765 2364 in

2188 2417 2204 2448 ι
2234 2399 2473 2454 vestibus
2498 2399 2654 2463 albis,
2684 2400 2778 2469 qui
2805 2409 2862 2455 et
2893 2400 3143 2456 dixerunt
3174 2415 3189 2454 :
3224 2402 3335 2456 Viri
3360 2401 3587 2467 Galilani,
3629 2404 3763 2471 quid

2187 2509 2204 2541 ι
2232 2490 2390 2545 statis
2413 2492 2733 2561 aspicientes
2754 2493 2807 2547 in
2837 2492 3070 2547 ctelum?
3114 2493 3213 2548 llic
3238 2493 3393 2549 Jcsus
3421 2494 3514 2563 qui
3547 2504 3763 2549 assum-

2187 2603 2204 2632 ι
2232 2590 2356 2654 ptus
2385 2590 2469 2637 est
2500 2599 2530 2636 a
2560 2581 2711 2636 vobis
2733 2582 2787 2636 in
2815 2582 3030 2645 cmlum,
3066 2583 3145 2636 sic
3170 2583 3365 2647 veniet,
3410 2583 3766 2651 quemadmo-

2186 2692 2204 2721 ι
2233 2672 2359 2726 dum
2381 2671 2589 2726 vidistis
2612 2687 2735 2727 eum
2764 2683 2981 2726 euntem
3009 2671 3063 2725 in
3096 2672 3312 2725 omium.
3344 2691 3363 2724 ι

2255 2761 2492 2817 Primum
2513 2761 2722 2832 quidem
2737 2777 3023 2815 sermonem
3051 2761 3149 2830 feci
3170 2760 3235 2814 de
3261 2760 3521 2824 omnibus,
3548 2778 3580 2815 ο
3599 2761 3759 2815 Theo-

2178 2851 2335 2923 phile,
2364 2869 2482 2924 qucr
2510 2853 2657 2923 capit
2696 2851 2853 2906 Iesus
2895 2851 3067 2921 facere
3106 2861 3154 2905 et
3187 2852 3390 2905 docere.
3437 2851 3536 2923 (Ex
3569 2852 3763 2925 Beda.)

2181 2944 2256 2998 De
2276 2942 2526 2997 omnibus
2549 2957 2608 2997 se
2636 2942 2767 2997 dicit
2788 2940 2988 2997 Christi
3011 2941 3167 2996 lactis
3201 2949 3256 2995 et
3285 2940 3448 2996 dictis
3484 2941 3539 2995 in
3576 2942 3760 2997 Evan-

2178 3034 2318 3106 gelio
2343 3033 2645 3103 scripsisse,
2674 3047 2783 3090 non
2811 3032 2951 3101 quod
2971 3032 3150 3086 omnia
3180 3031 3643 3101 comprehendere
3664 3048 3761 3102 po-

2183 3126 2368 3189 tuerit,
2399 3140 2467 3179 ne
2492 3124 2562 3179 sit
2591 3124 2894 3179 contrarius
2925 3122 3139 3188 Joanni,
3162 3122 3255 3192 qui
3288 3122 3363 3175 ait
3392 3140 3406 3175 :
3440 3119 3612 3175 Multa
3638 3124 3758 3193 qui-

495 3221 590 3286 tia,
616 3229 672 3277 et
691 3187 936 3293 quisquis
957 3237 1021 3277 ea
1053 3187 1225 3275 malus
1261 3222 1370 3286 dat,
1399 3187 1520 3275 is“
1553 3221 1621 3276 de
1667 3187 1783 3277 suo:
1804 3187 2078 3280 itali-bb-
2103 3187 2149 3249 δ
2180 3215 2297 3268 dem
2322 3187 2369 3267 et
2395 3212 2504 3268 alia
2526 3215 2676 3285 signa
2712 3213 2833 3283 fecit
2877 3212 3030 3268 lem
3067 3187 3131 3267 ini
3154 3187 3435 3284 conspectu
3472 3187 3763 3283 discipulo-

494 3312 623 3365 mini
659 3322 733 3366 est
760 3322 900 3367 terra
936 3322 984 3366 et
1028 3313 1293 3383 plenitudo
1333 3314 1473 3383 ejus,
1517 3316 1607 3384 qui
1641 3315 1760 3382 fecit
1801 3317 1984 3371 caelum
2027 3328 2075 3371 et

494 3416 709 3467 terram,
737 3413 785 3459 et
814 3406 987 3459 omnia
1013 3421 1128 3475 qua:
1155 3406 1210 3458 in
1230 3406 1305 3461 eis
1326 3415 1463 3461 sunt.
1511 3405 1781 3472 Quantum
1804 3424 1933 3478 ergo
1957 3425 2077 3479 spe-

496 3496 727 3554 randum
755 3504 858 3561 est,
887 3497 1139 3557 daturum
1177 3496 1347 3553 Deum
1385 3499 1541 3554 nobis
1574 3499 1712 3555 bona
1747 3501 2074 3569 petentibus,

496 3603 598 3646 nec
628 3604 726 3643 nos
758 3603 915 3658 posse
935 3589 1129 3660 decipi,
1154 3599 1216 3646 ut
1255 3590 1583 3661 accipiamus
1626 3589 1769 3644 aliud
1808 3606 1907 3662 pro
1949 3592 2074 3657 alio,

496 3694 620 3737 cum
646 3678 715 3735 ab
741 3678 857 3747 ipso
874 3678 1130 3748 petimus,
1160 3681 1377 3750 quando
1404 3695 1523 3746 nos,
1552 3681 1714 3735 etiam
1741 3697 1864 3737 cum
1894 3697 2078 3738 sumus

497 3767 645 3834 mali,
675 3767 924 3833 novimus
951 3768 1006 3824 id
1030 3769 1160 3825 dare
1184 3771 1327 3840 quod
1358 3771 1612 3841 petimur.
1664 3771 1787 3834 Non,
1813 3773 1956 3826 enim
1987 3775 2078 3829 de-

496 3857 726 3926 cipimus
757 3856 895 3913 lilios
927 3867 1159 3914 nostros.
1208 3858 1273 3914 Et
1293 3859 1684 3931 qualiacunque
1702 3862 1842 3916 bona
1865 3860 2073 3928 damus,

498 3965 603 4010 non
639 3950 705 4007 de
750 3958 958 4014 nostro,
1001 3951 1097 4009 sed
1130 3951 1195 4005 de
1230 3951 1398 4021 ipsius
1439 3951 1646 4008 damus.
1692 3952 1888 4009 Aliter.
1934 3953 2078 4024 Apo-

494 4038 616 4093 stoli
638 4039 730 4108 qui
759 4037 1039 4093 electionis
1069 4039 1262 4094 merito
1282 4039 1576 4095 bonitatem
1606 4042 1819 4114 generis
1854 4042 2076 4098 humani

492 4138 863 4197 excesserant,
876 4130 1126 4187 omnibus
1141 4131 1315 4191 modis
1338 4147 1583 4203 superna:
1602 4133 1858 4188 bonitatis
1880 4118 2094 4189 intuitu.

495 4220 619 4283 mali
658 4235 781 4276 esse
822 4221 1092 4276 dicuntur.
1150 4221 1287 4293 Quia
1328 4222 1462 4279 nihil
1506 4230 1589 4278 est
1627 4226 2073 4295 persetnetipsum

490 4310 712 4376 stabile,
756 4310 887 4374 nihil
930 4311 1285 4378 immutabile,
1326 4313 1463 4377 nihil
1499 4314 1721 4381 bonum,
1760 4316 1864 4373 nisi
1903 4316 2076 4372 deitas

491 4399 622 4455 sola.
677 4399 877 4457 Omnes
906 4416 1036 4465 vero
1075 4411 1367 4469 creaturm,L
1408 4412 1465 4458 ut
1503 4403 1891 4460 beatitudinem
1922 4415 2076 4461 teter-

2178 3323 2294 3360 rnm
2314 3322 2550 3372 suorum,
2580 3322 2699 3377 qua:
2724 3321 2827 3360 non
2848 3315 2968 3359 sunt
2993 3305 3187 3374 scripta
3208 3305 3266 3358 in
3291 3304 3423 3357 libro
3443 3305 3541 3358 hoc
3571 3303 3760 3375 (Joan.

2177 3395 2321 3469 ult.),
2376 3396 2469 3451 sed
2512 3396 2654 3466 quod
2691 3396 2758 3450 de
2795 3395 3046 3451 omnibus
3084 3394 3331 3466 elegerit,
3374 3395 3515 3449 unde
3554 3394 3762 3450 faceret

2177 3501 2502 3551 sermonem,
2531 3501 2652 3556 qua:
2682 3485 2944 3555 judicavit
2981 3492 3105 3553 apta
3138 3493 3193 3539 et
3231 3498 3471 3554 congrua
3511 3482 3761 3538 sullicerc

2176 3578 2351 3635 ollicio
2369 3578 2785 3649 dispensationis
2819 3593 2950 3633 suae.
3001 3576 3330 3647 Theophilus
3363 3578 3760 3646 interpretatur

2178 3672 2270 3726 Dei
2299 3682 2531 3737 amator,
2570 3670 2656 3726 vel
2682 3687 2712 3725 a
2742 3671 2853 3725 Deo
2882 3677 3112 3724 amatus.
3162 3669 3479 3738 Quicunque
3504 3683 3635 3739 ergo
3660 3667 3758 3722 Dei

2179 3772 2391 3820 amator
2416 3772 2518 3829 est,
2556 3764 2623 3819 ad
2660 3778 2718 3819 se
2758 3765 3017 3834 scriptum
3064 3772 3212 3819 tenet
3248 3779 3361 3819 suae
3401 3763 3492 3817 hic
3537 3762 3753 3825 animaz,
3809 3748 3816 3757 ’

2178 3860 2304 3928 quia
2349 3857 2524 3913 Lucas
2560 3858 2802 3913 medicus
2830 3859 3065 3929 scripsit,
3115 3858 3353 3912 inveniet
3391 3857 3642 3912 salutem.
3685 3857 3758 3912 Et

2177 3950 2492 4014 notandum,
2523 3949 2668 4018 quod
2695 3949 2771 4002 ait
2797 3966 2812 4002 :
2842 3946 2974 4013 Qua:
3001 3948 3146 4019 caepit
3181 3948 3336 4003 Iesus
3373 3947 3546 4017 facere
3580 3956 3627 4000 et
3665 3948 3759 4000 do-

2178 4056 2310 4095 cere.
2351 4039 2533 4094 Primo
2557 4038 2737 4094 facere
2760 4046 2817 4094 et
2835 4046 3018 4109 postea
3046 4039 3258 4103 docere,
3300 4040 3424 4108 quia
3465 4036 3623 4093 Jesus
3667 4037 3759 4091 bo—

2178 4147 2280 4187 nus
2304 4132 2489 4185 doctor
2544 4136 2604 4184 et
2625 4129 2933 4195 instituens,
2960 4129 3102 4183 nulla
3127 4128 3229 4184 nisi
3256 4145 3376 4199 qua:
3400 4129 3526 4184 fecit
3549 4129 3756 4183 docuit.

2252 4221 2422 4294 Usque
2440 4223 2495 4276 in
2514 4221 2673 4285 diem,
2704 4237 2807 4292 qua
2829 4219 3132 4290 prwcipicns
3167 4219 3413 4290 apostolis
3456 4235 3551 4291 per
3588 4217 3760 4289 Spiri-

2176 4325 2286 4369 tum
2316 4322 2576 4379 sanctum,
2604 4328 2733 4383 quos
2756 4310 2905 4380 elegit
2928 4321 3224 4379 assumptus
3264 4317 3363 4376 est,
3406 4317 3510 4363 etc.
3563 4307 3762 4363 Trans—

2179 4406 2365 4462 censio
2404 4405 2691 4458 verborum
2727 4401 2972 4456 ordinem
3010 4400 3256 4465 turbans,
3289 4414 3388 4470 per
3422 4398 3759 4469 hyperbaton

491 4489 677 4552 uitatis
710 4489 791 4544 vel
830 4491 1277 4551 immutabilitatis
1316 4491 1622 4557 obtineant,
1674 4510 1781 4550 non
1829 4495 1932 4550 hoc
1978 4513 2074 4567 per
2097 4533 2153 4594 Β
2179 4494 2483 4567 legendum,
2518 4507 2688 4563 usque
2718 4492 2773 4545 in
2808 4490 2948 4545 diem
2978 4504 3094 4591 qua.
3122 4496 3428 4559 assumptus
3462 4496 3567 4552 est,
3614 4502 3757 4594 pra:—

492 4597 643 4636 suam
691 4590 960 4650 naturam,
999 4584 1092 4639 sed
1128 4600 1227 4657 per
1273 4585 1537 4643 creatoris
1577 4587 1660 4641 sui
1705 4588 2074 4658 participatio-

494 4686 619 4726 nem
664 4678 719 4724 et
755 4671 985 4740 gratiam
1033 4682 1457 4741 consequuntur.
1501 4674 1653 4747 Quod
1687 4692 1817 4732 vero
1854 4678 2073 4744 dicitur,

491 4772 698 4830 quanto
726 4762 897 4832 magis
937 4771 1090 4833 pater
1124 4772 1306 4816 vester
1344 4764 1410 4818 de
1449 4764 1589 4820 caelo
1629 4766 1781 4831 dabit
1828 4769 2073 4838 spiritum

493 4854 694 4907 lzonum
715 4852 1024 4921 petentibus
1047 4866 1125 4918 se,
1151 4854 1387 4919 ostendit
1412 4852 1671 4928 Spiritum
1703 4846 1947 4911 sanctum
1972 4858 2079 4926 ple-

495 4940 795 4994 nitudiuem
823 4955 941 4995 esse
961 4940 1222 4996 bonorum
1243 4943 1358 5007 Dei,
1388 4952 1442 4997 et
1461 4959 1524 4998 ea
1551 4959 1671 5013 qua:
1700 4945 1955 5000 divinitus
1979 4949 2072 5002 ad-

497 5030 889 5095 ministrantur,
915 5047 1020 5085 non
1047 5032 1149 5086 alia
1171 5032 1373 5103 absque
1387 5050 1449 5088 ea
1473 5034 1789 5101 subsistere,
1812 5038 1936 5106 quia
1956 5056 2073 5093 om-

496 5135 592 5177 nes
614 5118 898 5184 utilitates,
922 5135 1040 5188 quas
1058 5136 1125 5175 ex
1154 5122 1416 5178 donorum
1448 5124 1541 5180 Dei
1567 5126 1739 5196 gratia
1772 5129 2072 5199 suscipiun-

499 5220 602 5273 tur,
632 5224 696 5263 ex
730 5208 833 5263 isto
862 5210 1007 5264 fonte
1043 5220 1314 5275 emanant.

1123 5316 1437 5357 CONCORDM.

567 5394 621 5447 ln
658 5393 918 5463 petitione
946 5394 1224 5459 orationis,
1264 5404 1319 5450 et
1355 5397 1408 5451 in
1434 5401 1802 5467 acceptationc
1836 5401 2074 5454 muneris

499 5487 723 5549 istarum
751 5485 974 5540 duarum
1006 5485 1066 5540 lit
1098 5486 1383 5542 concordia
1412 5488 1719 5544 lectionum.

860 5596 928 5652 IN
976 5597 1400 5656 ASCENSIONE
1447 5599 1698 5672 DOMINI.

742 5684 931 5725 LECTIO
961 5686 1174 5725 AC’I‘UUM
1207 5686 1608 5733 APOSTOLORUM,
1635 5686 1750 5724 CAP.
1786 5688 1821 5724 Ι.

577 5758 860 5822 «Primum
910 5763 1122 5833 quidem
1174 5776 1477 5819 sermonem
1533 5761 1629 5816 feci
1683 5762 1745 5817 de
1802 5763 2071 5828 munibus,

2176 4589 2381 4658 cipiens
2414 4594 2538 4640 ante
2580 4582 3035 4651 assumptionem,
3080 4579 3133 4634 id
3164 4589 3267 4643 est,
3310 4585 3582 4649 praecepta
3618 4570 3766 4631 dans

2175 4677 2454 4750 apostolis,
2480 4690 2598 4746 qua:
2629 4673 2720 4728 vcl-
2736 4673 2825 4728 hic
2849 4671 2935 4726 vel
2958 4672 3011 4724 in
3040 4671 3340 4740 Evangeliis
3364 4671 3632 4741 leguntur.
3667 4668 3763 4722 Est

2174 4784 2303 4837 ergo
2330 4781 2554 4821 sensus:
2582 4762 2786 4832 Scripsi
2824 4763 2892 4816 de
2917 4761 3045 4817 .lesu
3086 4777 3115 4815 a
3157 4771 3398 4831 tempore
3450 4777 3561 4831 quo
3595 4760 3761 4830 cmpit

2174 4864 2326 4931 signa
2358 4858 2537 4913 facere
2560 4865 2616 4911 et
2646 4855 2861 4922 docere,
2892 4870 3063 4924 usque
3107 4856 3159 4908 in
3204 4856 3369 4919 diem,
3404 4871 3509 4924 qua
3553 4855 3760 4909 eisdem

2180 4947 2581 5008 consummatis,
2607 4947 2748 5000 unde
2776 4953 2997 5000 venerat
3032 4946 3212 5010 rediit,
3248 4959 3346 5014 per
3377 4945 3493 5000 dies
3524 4947 3760 5013 quadra-

2178 5040 2325 5111 ginta
2351 5051 2616 5106 apparens
2638 5036 2739 5100 eis,
2768 5043 2823 5090 et
2854 5035 3074 5104 loquens
3111 5036 3179 5090 de
3208 5049 3375 5105 regno
3414 5035 3506 5089 Dei
3546 5046 3603 5089 et
3634 5051 3761 5090 con-

2177 5144 2422 5193 vescens,
2463 5136 2569 5183 etc.
2613 5126 2692 5180 Ad
2742 5126 3113 5181 instruendam
3162 5126 3423 5181 Dominus
3460 5124 3622 5180 ﬁdem
3653 5140 3760 5180 suae

2179 5218 2594 5281 resurrectionis
2621 5217 2818 5286 saepius
2849 5216 3106 5285 apostolis
3131 5223 3254 5284 post
3276 5214 3582 5285 passionem
3608 5229 3760 5268 suam

2180 5311 2333 5378 vivus
2378 5316 2623 5379 apparet,
2678 5307 2830 5362 cibos
2881 5305 3063 5368 sumit,
3112 5305 3466 5372 eamdemque
3514 5318 3684 5372 quam
3730 5318 3760 5357 a

2177 5400 2407 5455 mortuis
2456 5400 2813 5454 suscitaverat
2867 5397 3188 5468 palpandam
3238 5410 3460 5451 carnem
3519 5394 3761 5449 exhibet.

2180 5492 2284 5546 Sed
2323 5492 2501 5546 altiori
2536 5492 2811 5561 mysterio,
2848 5505 2945 5559 per
2980 5492 3123 5544 hanc
3156 5488 3513 5559 quadraginta
3551 5486 3760 5541 dierum

2178 5600 2298 5636 cum
2337 5580 2608 5650 discipulis
2645 5580 3132 5644 conversationem,
3165 5577 3432 5648 signiﬁcat
3460 5590 3520 5630 se
3547 5575 3757 5629 occulta

2178 5672 2482 5742 praesentia,
2524 5687 2640 5739 quae
2679 5672 3000 5741 promiserat
3037 5667 3386 5738 impleturum
3426 5684 3438 5718 :
3484 5664 3625 5719 Ecce
3669 5679 3759 5731 ego

2179 5763 2438 5817 robiacmn
2479 5779 2590 5815 Sum
2633 5761 2867 5816 munibus
2905 5761 3080 5814 diebus
3122 5774 3282 5829 usque
3321 5757 3389 5809 ml
3428 5769 3763 5819 consumpta.-
