3978 6426
272 343 381 399 309

1094 339 1613 396 COLLECTIONES
1650 339 1714 393 IN
1758 338 2140 396 EPISTOLAS
2175 342 2263 397 ET
2303 342 2715 400 EVANGELIA.

3431 344 3556 402 310‘

274 460 472 514 tionem
506 454 710 511 surculi.
761 453 870 510 [ste
911 453 1055 509 enim
1105 468 1361 509 numerus
1402 453 1542 508 hanc
1591 461 1856 523 tempora-
1883 453 1935 511 Α
1959 467 2079 521 qua:
2104 452 2284 510 Patris
2305 462 2451 522 sunt,
2472 456 2567 512 sed
2598 472 2705 513 non
2736 457 3170 529 cxpediatnosse
3195 456 3538 524 mortalibus,

278 550 386 605 lem
427 557 807 617 terrenamque
842 545 1008 600 vitam
1031 585 1047 609 ,
1084 544 1168 599 vel
1206 552 1426 614 propter
1461 551 1694 613 quatuor
1728 543 1857 596 anni

278 651 545 711 tempora,
583 637 668 694 vel
704 645 924 707 propter
959 644 1190 706 quatuor
1218 642 1407 690 ventos
1432 634 1556 689 εωὶί
1586 633 1851 704 designat.

276 729 413 784 Nam
463 736 748 799 postquam
785 724 981 795 sepulti
1013 723 1280 780 fuerimus
1325 740 1451 780 cum
1495 723 1714 780 Christo
1761 738 1858 792 per

276 821 605 891 baptismum
639 818 693 872 in
718 824 915 881 morte,
930 815 1086 885 quasi
1105 814 1275 871 Rubri
1310 817 1478 871 maris
1512 814 1646 870 calle
1680 823 1857 868 trans-

275 912 354 966 ito
376 951 393 975 ,
446 902 814 964 necessarium
862 907 918 960 in
969 906 1073 960 bac
1109 905 1398 961 solitudine
1434 904 1648 961 Domini
1685 904 1851 959 habe-

272 1016 401 1057 mus
434 1000 711 1063 ducatum,
745 996 838 1067 qui
875 1010 983 1050 nos
1012 994 1085 1050 ad
1106 994 1348 1050 cmlestia
1384 1006 1549 1066 regna
1577 993 1853 1063 perducat,

271 1103 332 1147 ot
364 1090 614 1162 imaginis
645 1104 758 1144 suae
791 1086 1013 1143 denario
1050 1101 1403 1141 remunerans
1426 1085 1713 1155 praesentia
1741 1099 1858 1138 san-

272 1185 349 1240 cti
383 1182 636 1252 Spiritus,
673 1179 827 1250 quasi
855 1192 985 1233 vera
1004 1176 1191 1247 jubilei
1220 1177 1401 1246 quiete
1427 1174 1720 1231 beatiﬁcet.
1759 1174 1857 1229 Vos

274 1288 451 1330 autem
492 1271 889 1343 baptisabintini
938 1268 1139 1340 Spiritu
1163 1278 1346 1322 sancto
1375 1284 1479 1322 non
1513 1277 1628 1338 post
1665 1268 1858 1323 multos

273 1370 372 1421 nos
398 1366 552 1420 dies:
597 1361 841 1418 nondum
885 1359 1101 1415 fuerant
1143 1358 1371 1430 apostoli
1413 1359 1703 1428 baptizati,
1750 1375 1879 1417 non.

274 1470 456 1513 tamen
495 1471 658 1525 aqua,
701 1453 798 1509 sed
843 1451 1049 1522 Spiritu
1083 1458 1295 1516 sancto,
1337 1465 1476 1520 quos
1509 1450 1860 1522 intelligimus

271 1546 569 1620 iamvt'uisse
594 1545 919 1616 baptizatos,
940 1543 1056 1598 sive
1079 1542 1351 1613 baptismo
1376 1541 1621 1609 Joannis,
1638 1550 1706 1597 ut
1725 1559 1859 1598 non-

273 1640 411 1696 nulli
439 1638 792 1700 arbitrantur,
823 1649 939 1699 seu,
966 1633 1112 1705 quod
1148 1635 1325 1707 magis
1359 1634 1619 1690 credibile
1639 1644 1740 1700 est,
1765 1635 1859 1689 ha-

270 1735 532 1806 ptismate
576 1729 810 1793 Christi.
856 1727 1042 1797 Neque
1085 1727 1232 1783 enim
1279 1725 1639 1783 ministerium
1680 1728 1859 1797 bapti-

274 1824 435 1879 zandi
472 1821 740 1886 defuerat,
782 1828 846 1875 ut
885 1819 1111 1874 haberet
1154 1817 1459 1886 baptizatos
1496 1832 1718 1884 servos,
1759 1832 1859 1887 per

270 1930 415 1986 quos
436 1921 664 1969 caeteros
693 1911 1014 1982 baptizaret,
1053 1909 1181 1979 quia
1222 1923 1334 1963 non
1370 1907 1620 1964 defuerat
1654 1922 1859 1963 memo-

273 2006 444 2062 rabile
462 2004 615 2060 illius
629 2002 948 2058 humilitatis
974 1999 1353 2063 ministerium,
1380 1999 1599 2068 quando
1624 1998 1706 2053 eis
1729 1999 1861 2052 lavit

274 2100 458 2170 pedes.
508 2094 644 2152 Cum
694 2108 823 2165 ergo
874 2093 1080 2148 diceret
1135 2078 1416 2155 Dominus,
1458 2091 1583 2159 quia
1622 2088 1860 2143 Joannes

272 2190 495 2261 quidem
521 2185 815 2257 baptizavit
834 2199 995 2254 aqua,
1028 2196 1367 2263 nequaquam
1409 2180 1725 2252 subiungit:
1754 2181 1876 2235 Vos.

270 2290 458 2335 autem
481 2276 845 2349 haptizabitis,
867 2274 984 2340 sed,
1019 2271 1118 2328 Vos
1138 2281 1312 2326 autem
1333 2269 1723 2341 baptizabimini
1744 2267 1864 2339 Spi-

275 2373 381 2427 nitu
405 2378 608 2426 sancto.
664 2367 798 2436 Quia
832 2381 1006 2438 neque
1029 2363 1255 2437 apostoli
1280 2376 1454 2432 neque
1477 2376 1738 2430 sequaces
1764 2376 1859 2415 eo-

274 2479 418 2530 rum,
451 2462 543 2532 qui
568 2474 739 2530 usque
786 2458 948 2514 hodie
978 2455 1259 2526 baptizsnt
1296 2455 1350 2509 in
1387 2452 1657 2516 Ecclesia,
1700 2451 1862 2507 aliter

276 2567 443 2623 quam
466 2549 722 2614 Joannes,
750 2548 806 2604 id
824 2555 933 2614 est,
973 2546 1030 2601 in
1065 2560 1205 2616 aqua
1243 2543 1522 2614 baptizare
1549 2542 1858 2612 praevalent,

270 2644 371 2698 sed
398 2650 603 2697 tantum
642 2641 894 2696 invocato
927 2635 1130 2693 Christi
1170 2634 1410 2698 nomine,
1452 2633 1609 2688 adest
1638 2632 1863 2687 interior

273 2733 450 2788 virtus
491 2731 716 2803 spiritus
752 2728 945 2794 sancti,
973 2741 1114 2797 quae,
1140 2725 1358 2780 homine
1387 2739 1583 2793 aquam
1612 2724 1858 2779 tribuen-

275 2833 360 2887 te,
406 2821 802 2891 baptizaton
836 2819 1047 2873 animas
1070 2816 1230 2872 simul
1254 2824 1312 2872 et
1331 2831 1558 2887 corpora
1590 2816 1860 2886 pariticet,

270 2916 416 2985 quod
443 2914 497 2968 in
524 2910 749 2967 Joannis
771 2911 1041 2981 baptismo
1075 2924 1183 2964 non
1204 2907 1405 2989 ﬁebat;
1436 2923 1540 2963 non
1563 2907 1707 2961 enim
1748 2911 1861 2962 erat

272 3007 490 3077 spiritus
519 3004 697 3071 datus,
727 3004 850 3075 quia
873 3000 1034 3057 Iesus
1058 3001 1292 3056 nondum
1326 3000 1499 3069 fuerat
1537 2999 1859 3071 glori/iamne

274 3101 458 3171 (Joan.
484 3115 558 3159 vu
584 3099 624 3169 l.

268 3168 295 3231 έ
350 3194 521 3266 Igitur
542 3193 632 3264 qui
652 3199 1001 3246 conuenerant
1032 3187 1431 3258 interrogabant.
1447 3202 1565 3242 eum
1588 3186 1817 3241 dicentes
1839 3201 1858 3239 :
1888 3168 1931 3228 (ἶ

276 3284 520 3349 Domine,
555 3283 599 3337 si
635 3282 690 3335 in
725 3291 952 3351 tempore
996 3279 1092 3333 hoc
1133 3278 1372 3332 restitues
1410 3292 1626 3348 regnum
1665 3274 1855 3330 Israel.

273 3376 541 3443 Quoniam
591 3387 857 3443 apparens
890 3370 972 3426 eis
1018 3369 1233 3427 locutus
1276 3377 1363 3424 est
1406 3367 1473 3423 de
1521 3382 1688 3439 regno
1736 3367 1859 3430 Dei,

266 3467 501 3539 Spiritus
524 3478 737 3535 quoque
764 3462 934 3518 sancti
961 3476 1066 3517 non
1090 3468 1212 3532 post
1238 3460 1436 3515 multos
1459 3460 1578 3515 dies
1615 3460 1864 3530 promisit

276 3561 595 3623 adventum;
622 3552 1019 3626 consequenter
1042 3568 1165 3609 eum
1192 3555 1259 3609 de
1292 3553 1481 3609 eodem
1529 3568 1695 3623 regno
1733 3567 1858 3621 pcr-

279 3657 618 3713 cunctantur,
645 3655 827 3702 utrum
856 3645 1107 3701 videlicet
1137 3660 1261 3700 mox
1297 3644 1617 3699 adveniente
1654 3644 1860 3713 Spiritu

278 3749 488 3804 sancto,
519 3740 571 3794 in
599 3737 852 3809 praesenti
889 3735 1302 3799 restituendum,
1334 3748 1402 3788 an
1443 3734 1496 3787 in
1525 3732 1721 3787 futuro
1739 3746 1864 3786 san-

281 3833 386 3887 ctis
405 3830 787 3889 reservandum
804 3827 1032 3882 credere
1052 3826 1306 3881 debeant.
1328 3824 1586 3881 Carnales
1602 3824 1749 3880 enim
1770 3825 1863 3877 ad-

282 3926 387 3979 huc
411 3923 657 3993 discipuli
686 3920 1081 3978 resurrectione
1117 3918 1322 3979 Christi
1361 3919 1650 3988 completa,
1688 3918 1873 3973 conti-.

283 4032 393 4071 nuo
421 4030 644 4086 regnum
682 4013 847 4069 Israel
882 4013 1179 4085 credebant
1218 4026 1340 4067 esse
1370 4019 1683 4074 venturum,
1709 4010 1864 4080 juxta

282 4107 427 4176 quod
448 4105 711 4174 Cleophas
734 4104 811 4158 ait
832 4117 850 4157 :
879 4102 992 4157 Nos
1020 4112 1195 4156 autent
1213 4100 1577 4173 sperabamus,
1597 4100 1736 4170 quod
1758 4100 1869 4169 ipse

283 4208 417 4253 esset
472 4198 830 4267 redempturus
880 4195 1075 4261 Israel,
1120 4201 1177 4249 ct
1211 4193 1543 4265 evangelista
1580 4193 1864 4262 prtcmisit,

284 4290 411 4360 quia
454 4288 680 4343 Domino
729 4286 1156 4357 Hierosolymam
1196 4292 1426 4339 venturo
1465 4282 1864 4346 existimarent,

284 4381 430 4451 quod
478 4380 762 4436 confestim
819 4394 1044 4450 regnum
1093 4378 1187 4432 Dei
1235 4374 1694 4431 rnanil‘estaretur.
1759 4374 1867 4430 Sed

283 4472 569 4540 oportebat
592 4470 802 4541 impleri
829 4469 1189 4539 prophetiam,
1216 4483 1323 4537 qua
1345 4467 1494 4522 Patri
1522 4483 1726 4524 canens
1749 4467 1825 4522 ait
1848 4485 1863 4520 :

1959 550 2020 596 ut
2063 557 2277 614 semper
2315 546 2504 602 incerti
2548 548 2615 602 de
2656 550 2889 604 adventu
2921 547 3141 618 iudicis,
3178 549 3260 604 sic
3299 549 3542 620 quotidie

1957 632 2160 698 vivant,
2189 635 2344 704 quasi
2371 636 2458 691 die
2480 636 2583 692 alia
2609 637 2884 707 judicandi
2920 639 3048 693 sint.

2026 719 2133 776 Sed
2153 724 2418 795 aecipietis
2439 726 2680 781 virtutem
2698 728 3103 799 supervenientis
3121 728 3350 798 Spiritus
3372 726 3541 782 sancti

1956 812 2010 866 in
2042 828 2148 879 vos,
2179 822 2285 869 etc.
2337 813 2713 885 Superveniet,
2743 817 2935 888 inquit,
2962 819 3017 873 in
3038 834 3135 874 vos
3161 817 3395 889 Spiritus
3419 833 3547 873 san-

1957 912 2078 960 ctus
2102 924 2114 959 :
2152 921 2493 977 nequaquam
2518 922 2743 979 regnum
2770 909 2961 975 lsrael,
2981 910 3097 965 sive
3120 924 3343 987 regnpm
3369 911 3463 966 Dei
3487 912 3540 965 in

1957 995 2141 1062 lsrael,
2174 1005 2235 1052 ut
2262 997 2486 1069 putatis,
2525 997 2737 1065 atl'eret,
2767 999 2863 1055 sed
2893 999 3048 1055 vobis
3081 1001 3334 1056 virtutem
3364 1001 3431 1056 de
3455 1015 3546 1058 me

1960 1088 2287 1145 testiﬁcandi
2322 1089 2600 1160 prtebebit.
2655 1090 2996 1161 Tantumque
3034 1093 3187 1164 regni
3225 1093 3368 1149 illius
3409 1102 3546 1148 tern-

1956 1193 2090 1248 pora
2119 1179 2277 1250 longe
2302 1190 2453 1247 sunt,
2475 1191 2537 1236 ut
2556 1181 2708 1250 prius
2737 1197 2844 1237 non
2869 1182 3043 1238 selum
3069 1184 3207 1240 hanc
3236 1184 3545 1256 Hierosoly-

1959 1284 2169 1324 morum
2195 1271 2404 1336 urbem,
2453 1287 2639 1327 verum
2676 1285 2866 1327 omnes
2897 1272 3097 1335 induis:
3134 1273 3270 1331 lines
3291 1313 3306 1339 ,
3349 1276 3548 1332 dehinc

1958 1346 2139 1415 autem
2172 1370 2228 1416 et
2252 1362 2511 1432 proxima:
2533 1370 2721 1432 gentes
2743 1362 3020 1426 Samarite,
3048 1372 3104 1418 et
3142 1365 3209 1421 ad
3231 1374 3540 1422 extremum

1958 1451 2280 1507 novissimos
2333 1468 2549 1523 quoque
2603 1467 2703 1523 per
2744 1454 3029 1510 circuitum
3069 1457 3252 1511 mundi
3284 1458 3547 1514 terminos

1959 1541 2233 1612 Evangelii
2268 1543 2413 1598 fama
2433 1554 2736 1614 percurrat.

2027 1631 2246 1687 Etcum
2284 1633 2397 1687 Itale
2423 1634 2661 1701 dixisset,
2701 1634 2992 1691 uidentibus
3030 1635 3136 1691 illis
3177 1636 3404 1692 elevatus
3445 1647 3544 1693 est.

1959 1723 2171 1780 Marcus
2217 1723 2434 1794 quidem
2477 1724 2641 1780 aliam
2684 1724 2898 1782 Domini
2938 1727 3270 1784 locutionem
3294 1742 3551 1786 ‘comme-

1960 1829 2181 1870 morans
2207 1816 2285 1872 ait
2310 1833 2323 1869 ι
2357 1814 2426 1869 Et
2453 1815 2709 1872 Dominus
2742 1817 3134 1887 quidemrlesus
3160 1830 3437 1890 postquam
3467 1820 3550 1875 lo-

1958 1915 2110 1959 cutus
2133 1915 2207 1963 est
2235 1906 2333 1970 eis,
2363 1916 2664 1976 assumptus
2685 1918 2760 1962 est
2783 1909 2837 1961 in
2857 1908 3063 1965 etelutn.
3091 1908 3196 1965 Sed
3218 1912 3344 1981 quia
3371 1912 3548 1970 Lucas

1958 1996 2351 2066 signiﬁcantius
2377 1996 2611 2065 adjecit:
2638 1997 2770 2052 Cum
2789 1999 2900 2053 Ita'c
2927 1999 3167 2065 dixisset,
3195 2000 3420 2058 eleuatus
3446 2014 3547 2068 est,

1958 2086 2198 2140 ostendit
2226 2086 2473 2155 profecto
2509 2086 2613 2142 illis
2636 2101 2772 2155 quos
2795 2101 3549 2148 commemoraveratsermo—

1961 2176 2121 2232 nibus
2145 2177 2378 2247 expletis
2398 2177 2684 2232 Dominum
2712 2178 3021 2234 ascendisse
3047 2179 3115 2234 ad
3140 2181 3328 2236 cmlos.

2033 2266 2101 2323 Et
2133 2268 2292 2323 nubes
2326 2268 2550 2339 suscepit
2582 2284 2701 2323 eum
2727 2268 2792 2323 ab
2823 2268 2990 2323 oculis
3019 2285 3222 2324 eorum.
3263 2270 3365 2328 Ubi
3397 2289 3551 2329 crea-

1964 2372 2085 2416 tura
2109 2376 2210 2417 suo
2236 2360 2472 2416 creatori
2498 2368 2724 2429 praestat
2747 2359 3249 2431 obsequium,astra
3272 2364 3509 2419 indicant
3529 2381 3549 2420 :

1964 2460 2279 2508 nascentem
2316 2451 2637 2509 o‘cuuhiIant
2661 2492 2676 2515 ,
2740 2452 3009 2523 recipiunt
3045 2455 3218 2510 nubes
3254 2457 3553 2513 ascenden-

1965 2554 2095 2609 tem,
2125 2543 2371 2600 redeunti
2398 2544 2467 2599 ad
2484 2541 2750 2612 judicium
2775 2544 3201 2600 comitabuntur.

2036 2634 2170 2690 Ecce
2216 2636 2321 2690 duo
2383 2635 2484 2690 viri
2527 2636 2803 2691 astiterunt
2842 2637 3004 2707 juxta
3070 2634 3189 2692 illos
3235 2639 3290 2693 in
3332 2640 3559 2696 vestibus

1964 2727 2117 2781 albis.
2143 2726 2291 2781 Alba:
2318 2735 2497 2783 vestes
2520 2727 2835 2782 esaltationi
2866 2729 3039 2800 magis
3068 2741 3373 2800 congruunt.
3390 2750 3553 2803 quam

1966 2817 2355 2881 Immiliationi,
2398 2826 2454 2873 et
2504 2818 2625 2873 ideo
2654 2819 2882 2875 Domino
2908 2822 3266 2890 ascendente,
3311 2824 3365 2878 in
3415 2826 3561 2880 albis

1964 2910 2206 2965 vestibus
2234 2909 2409 2980 angeli
2440 2921 2733 2980 apparent,
2765 2912 2856 2981 qui
2887 2922 3015 2968 nato
3044 2913 3289 2979 Domino;
3330 2917 3385 2971 in
3415 2918 3554 2973 albis

1964 3000 2209 3057 vestibus
2238 3016 2501 3071 apparere
2539 3016 2647 3056 non
2674 3003 2953 3069 dicuntur,
2982 3006 3106 3074 quia
3137 3007 3237 3075 qui
3264 3008 3317 3061 in
3350 3010 3553 3063 nativi-

1966 3105 2076 3150 tate
2108 3109 2206 3150 sua
2242 3095 2494 3164 apparuit
2518 3095 2661 3150 Deus
2696 3096 2951 3163 humilis,
2999 3099 3053 3151 in
3090 3101 3408 3156 ascensione
3453 3117 3553 3157 sua

1963 3194 2212 3241 Ostcnsus
2237 3194 2320 3240 est
2348 3186 2511 3241 homo
2535 3185 2803 3241 sublimis.
2864 3186 2996 3241 Nam
3024 3196 3081 3242 et
3107 3187 3548 3261 Iocuscongruit,

1965 3279 2091 3332 dum
2146 3278 2193 3331 is
2251 3278 2347 3349 qui
2395 3278 2449 3333 in
2492 3278 2683 3333 humili
2725 3279 3002 3334 civitatula
3048 3292 3209 3336 natus
3245 3269 3553 3347 est,.homo

1964 3373 2030 3428 dc
2056 3382 2237 3428 monte
2266 3372 2483 3428 sublimi
2511 3386 2791 3443 regressus
2814 3381 2897 3427 est
2922 3374 2990 3428 ad
3021 3373 3209 3429 melos.

2037 3466 2140 3520 llic
2159 3465 2317 3521 Iesus
2348 3464 2439 3536 qui
2471 3473 2769 3533 assumptus
2806 3472 2881 3517 est
2908 3480 2941 3517 a
2966 3463 3105 3518 voltis
3139 3464 3193 3518 in
3227 3463 3433 3519 caelum.
3471 3464 3571 3523 0h.

1964 3558 2100 3613 duas
2123 3556 2242 3611 illas
2265 3569 2463 3610 causas
2488 3553 2665 3622 angeli
2694 3553 2977 3608 videntur:
3009 3562 3070 3608 ut
3091 3554 3340 3610 videlicet
3367 3570 3558 3612 asceu«

1964 3648 2134 3704 sionis
2160 3647 2465 3712 tristitiam,
2496 3646 2856 3717 rcgressionis
2881 3646 3396 3702 commemoratione
3425 3664 3556 3705 con-

1965 3741 2305 3805 solarentur;
2335 3748 2395 3793 ut
2428 3747 2483 3793 et
2507 3752 2638 3793 vere
2669 3737 2723 3792 in
2754 3737 2953 3793 coelum
2978 3737 3128 3792 illum
3158 3738 3239 3794 ire
3275 3747 3551 3795 monstra-

1967 3840 2109 3897 rent,
2137 3838 2192 3885 et
2221 3846 2329 3885 non
2356 3829 2512 3901 quasi
2543 3829 2596 3883 in
2627 3828 2853 3892 cazlum,
2888 3829 3027 3883 sicut
3052 3828 3246 3884 Eliam.

2038 3921 2126 3977 Sic
2163 3922 2348 3985 veniet,
2383 3919 2825 3992 quemadmodum
2865 3919 3067 3974 vidistis
3101 3937 3219 3975 cum
3254 3931 3455 3976 euntem
3499 3924 3557 3977 in

1968 4013 2172 4067 malum.
2212 4012 2271 4067 ld
2308 4020 2416 4076 est,
2448 4011 2502 4065 in
2544 4011 2735 4065 eadem
2782 4008 2955 4064 forma
2997 4012 3180 4067 carnis
3219 4020 3384 4081 atque
3427 4014 3556 4069 sub-

1966 4102 2167 4156 stantia
2196 4100 2378 4155 veniet
2396 4100 2756 4170 iudicaturus,
2800 4101 2854 4154 in
2897 4115 3002 4168 qua
3043 4106 3268 4156 venerat
3302 4100 3555 4169 judican-

1968 4195 2100 4259 dus,
2146 4194 2235 4249 cui
2285 4192 2528 4262 profecto
2575 4193 3038 4248 immortalitatem
3085 4194 3252 4259 dedit,
3303 4203 3558 4250 naturam

1969 4300 2077 4339 non
2118 4282 2359 4347 abstulit,
2401 4281 2555 4351 cujus
2590 4283 2755 4337 etiam
2794 4282 2966 4353 gloria
2996 4283 3201 4349 divina,
3229 4301 3350 4354 qua:
3383 4301 3555 4355 quon-

1970 4373 2093 4426 dam
2137 4372 2189 4425 in
2235 4379 2417 4426 monte
2462 4371 2638 4426 tribus
2684 4372 2962 4441 discipulis
3004 4375 3276 4445 apparuit,
3331 4388 3561 4446 peracto

1963 4460 2169 4530 judicio
2198 4461 2268 4516 ab
2303 4462 2557 4517 omnibus
2594 4463 2798 4518 sanctis
2821 4463 3108 4532 videbitur,
3142 4468 3358 4537 quando
3395 4470 3557 4525 tollc~

287 4538 366 4614 'Iiu
405 4577 521 4615 vero
569 4538 806 4631 repuliin
832 4538 899 4614 iet
944 4560 1178 4630 sprevisti
1215 4567 1263 4613 et
1305 4558 1557 4613 distulisti
1601 4557 1867 4613 Christum
1893 4538 1945 4597 Β
1973 4564 2060 4610 tur
2093 4554 2310 4626 impius,
2339 4570 2408 4610 ne
2436 4555 2619 4610 videat
2642 4554 2868 4625 gloriam
2897 4556 3012 4613 Dei.

288 4666 435 4708 tuum
460 4651 630 4726 (Psal.
655 4652 941 4724 Lxxxvm).
979 4651 1199 4722 Repulit
1215 4651 1381 4714 enim,
1405 4658 1462 4706 et
1481 4650 1867 4720 sprevitlilium

289 4752 465 4812 pater,
491 4744 705 4812 quando
729 4757 853 4798 eum
882 4743 936 4797 in
972 4741 1222 4812 passione
1249 4741 1492 4797 deseruit
1517 4741 1865 4810 loquentem:

288 4834 453 4897 Deus,
482 4833 624 4887 Deus
651 4849 814 4898 meus,
855 4848 1018 4905 quare
1047 4848 1129 4885 me
1160 4830 1487 4903 dereliquisti
1535 4829 1707 4901 (Psal.
1733 4829 1873 4900 xxi)?

292 4925 508 4983 Distulit
527 4935 725 4989 autem,
754 4932 816 4979 ut
844 4938 1003 4993 quem
1027 4924 1196 4979 sancti
1234 4923 1326 4980 illo
1357 4933 1598 4993 tempore
1625 4932 1873 4994 regnatu-

293 5031 410 5069 rum
435 5014 716 5083 putabant,
745 5022 1059 5084 exspectent
1082 5014 1136 5069 in
1162 5014 1249 5069 die
1267 5012 1457 5085 iudicii
1480 5015 1535 5070 in
1564 5030 1662 5070 sua
1705 5013 1871 5084 maje—

288 5113 432 5160 state
462 5113 770 5159 venturum.
818 5103 971 5161 Unde
991 5112 1049 5160 et
1079 5105 1194 5175 ipse
1224 5104 1485 5161 Dominus
1524 5113 1581 5161 et
1619 5106 1874 5177 spiritua-

290 5195 396 5249 lem
424 5194 609 5259 Israel,
636 5205 690 5250 ct
719 5210 941 5267 regnum
962 5195 1180 5253 caeleste
1212 5211 1244 5252 a
1268 5196 1546 5268 prophetis
1570 5196 1736 5254 fuisse
1757 5214 1875 5268 pro-

289 5288 519 5343 missum
544 5288 826 5345 insinuans
852 5289 930 5343 ait
962 5307 977 5342 :
1530 5344 1533 5349 ,

365 5376 491 5432 Non
515 5386 590 5434 est
615 5387 837 5432 vestrum
859 5394 1009 5434 nosse
1043 5388 1275 5449 tempora
1306 5378 1384 5434 vel
1429 5389 1713 5445 momenta,
1753 5397 1871 5450 qua:

292 5466 460 5522 Pater
481 5468 654 5538 posuit
681 5470 737 5523 in
771 5485 870 5522 sua
892 5478 1163 5539 potestate.
1202 5469 1368 5536 Illius,
1408 5470 1677 5539 inquiens,
1717 5474 1869 5542 regni

294 5569 405 5615 tam
459 5567 728 5615 secretum
773 5568 982 5630 tempus
1027 5569 1132 5625 est,
1175 5571 1234 5615 ut
1272 5560 1452 5616 Patris
1499 5564 1872 5619 tantummodo

291 5651 535 5706 scientia:
570 5658 775 5720 pateat,
818 5658 872 5703 ct
920 5650 1134 5718 quando
1165 5650 1333 5706 dicit:
1365 5650 1487 5704 Non
1532 5660 1606 5704 est
1642 5662 1869 5707 uestrum

290 5743 448 5807 seire,
481 5742 711 5797 ostendit
742 5744 879 5811 quod
904 5749 955 5793 et
989 5741 1097 5809 ipse
1141 5744 1297 5805 sciat,
1334 5742 1486 5811 cujus
1514 5745 1690 5797 omnia
1724 5755 1866 5809 sunt,

2272 4666 2611 4706 ενΑΝοΕιιωι
2653 4665 2837 4717 HAEC],
2876 4668 2996 4707 CAP.
3033 4670 3253 4711 υιτιιιο.

2045 4763 2064 4797 ι
2087 4742 2548 4799 Recumbentibus
2572 4742 2821 4798 undecim
2848 4743 3148 4815 discipulis,
3178 4751 3428 4819 apparuit
3448 4751 3557 4808 illis

1978 4856 1996 4888 ι
2041 4833 2219 4899 Jesus,
2256 4842 2313 4888 et
2348 4833 2698 4903 exprobravit
2741 4834 2847 4890 illis
2881 4836 3311 4906 incredulitatem
3340 4842 3559 4900 illorum

1978 4946 1997 4979 ι
2042 4936 2100 4982 et
2143 4926 2403 4982 duritiam
2449 4926 2665 4991 cordis,
2707 4927 2833 4996 qnia
2874 4928 2957 4983 his
2999 4930 3092 5000 qui
3141 4932 3388 4989 viderant
3432 4952 3554 4992 eum

1985 5038 2001 5070 ι
2049 5017 2412 5074 resurresisse
2440 5032 2547 5072 non
2575 5016 2941 5073 crediderunt.
2967 5020 3034 5074 Et
3056 5021 3192 5077 dixit
3215 5024 3332 5079 eis:
3358 5025 3559 5084 Euntcs
3649 5024 3653 5063 ῖ

1985 5130 2004 5163 ‹
2053 5112 2107 5166 in
2157 5109 2413 5165 mundum
2486 5113 2801 5165 universum
2856 5113 3145 5182 pnedicate
3209 5117 3557 5190 Evangelium

1984 5219 2005 5250 ι
2049 5199 2195 5254 omni
2219 5206 2502 5254 creaturae.
2526 5198 2628 5266 Qui
2655 5200 2946 5256 crediderit
2968 5211 3024 5257 et
3044 5202 3347 5275 baptizatus
3373 5207 3554 5275 fuerit,

1988 5307 2005 5339 ι
2051 5288 2232 5343 salvus
2265 5287 2390 5342 erit.
2429 5287 2531 5354 Qui
2568 5303 2698 5344 vero
2734 5305 2838 5345 non
2876 5293 3189 5359 crediderit,
3230 5300 3555 5353 condemna-

1983 5399 2002 5431 ι
2048 5379 2213 5435 bitur.
2256 5377 2420 5449 Signa
2457 5386 2637 5435 autem
2668 5394 2764 5437 eos
2804 5382 2896 5450 qui
2938 5385 3286 5450 crediderint,
3315 5387 3427 5441 hanc
3469 5405 3559 5444 sc-
3622 5453 3637 5463 ο

1985 5490 2002 5521 ι
2048 5479 2303 5541 queatur.
2331 5470 2387 5524 In
2415 5469 2633 5525 nomine
2654 5486 2777 5527 meo
2800 5472 3066 5529 tltetnonia
3092 5475 3329 5543 cjicient,
3355 5477 3561 5548 linguis

1985 5583 2001 5614 ι
2050 5564 2337 5633 loquentur
2381 5563 2550 5626 novis,
2585 5574 2868 5633 serpentes
2898 5566 3102 5622 tollent.
3144 5569 3209 5622 Et
3240 5568 3285 5623 si
3313 5571 3555 5625 mortil'c‘

1984 5676 1998 5703 α
2049 5672 2168 5721 runt
2193 5656 2322 5724 quid
2354 5656 2608 5720 biberint,
2644 5672 2748 5712 non
2783 5657 2864 5713 eis
2910 5660 3141 5714 nocebit.
3176 5660 3349 5730 Super
3380 5678 3553 5729 ξυλίνας

1984 5768 1999 5797 ι
2047 5762 2235 5801 manus
2272 5747 2563 5816 imponent,
2601 5759 2651 5802 ct
2693 5748 2827 5804 bene
2865 5750 3154 5806 habebunt.
3206 5753 3268 5809 Et
3294 5752 3556 5810 Dominus
