3978 6410
444 331 541 385 5H

1733 321 2087 378 SMARAGDI
2123 322 2410 379 ABBﬁTlS

3528 314 3533 321 ’
3600 330 3715 388 δίε

449 459 471 493 s
515 438 731 510 quidem
765 437 923 492 Jesus
964 402 1247 507 postquam
1289 433 1503 489 loculus
1545 440 1629 489 est
1666 434 1765 492 eis,
1807 448 2019 486 assum-
2051 437 2097 494 Α
2124 433 2230 486 vuli
2257 434 2503 498 credunt,
2536 435 2676 488 sicut
2700 450 2763 488 es
2805 434 2926 491 aliis
2965 449 3027 489 ea
3054 451 3175 506 qua:
3205 436 3312 493 illis
3354 439 3408 493 in
3435 439 3719 511 baptismo‘

446 547 471 582 οι
515 537 641 599 plus
670 536 755 582 est
784 527 840 581 iu
864 526 1061 581 emtum
1099 534 1155 580 et
1189 525 1343 580 sedet
1378 539 1409 578 a
1434 523 1645 578 dextris
1674 523 1789 578 Dei.
1819 522 1897 576 illi
1925 538 2020 576 aa-

445 638 468 672 :
514 627 623 673 tem
661 615 891 687 profecti
937 617 1366 686 praedicaverunt
1410 615 1632 683 ubique,
1658 614 1884 669 Domino
1929 629 2019 669 co-

445 728 466 760 ι
510 717 791 780 operante,
820 715 878 763 et
915 721 1223 762 sermonem
1263 706 1642 769 eonfirmante,
1670 703 2019 774 sequentibus

442 820 464 853 ι
509 801 700 871 signis.
748 818 768 854 ο

513 889 949 944 Recumbentibus
996 889 1237 944 undecim
1285 886 1580 959 discipulis,
1617 890 1861 959 apparuit
1912 887 2018 942 illis

436 983 628 1051 Iesus,
668 994 775 1039 etc.
829 984 1113 1052 Quomodo
1148 983 1487 1039 novissime?
1519 983 1673 1053 quasi
1712 981 1829 1051 jam
1877 983 2016 1038 ultra

438 1094 565 1133 eum
597 1093 704 1133 non
730 1077 1006 1142 viderent;
1036 1076 1388 1132 novissimum
1410 1075 1607 1145 quippe
1630 1074 1757 1129 illud
1777 1084 1880 1139 est,
1908 1091 2018 1145 quo

438 1168 727 1223 Dominum
759 1167 986 1236 apostoli
1032 1166 1086 1221 in
1114 1174 1259 1221 terra
1284 1165 1557 1230 viderunt,
1577 1164 1796 1235 quando
1828 1179 2017 1219 ascen—-

438 1259 521 1314 dit
562 1259 616 1313 in
642 1257 859 1313 coelum.
898 1257 966 1312 Et
1001 1254 1202 1313 factum
1227 1264 1311 1312 est
1340 1255 1756 1326 quadragesima
1784 1255 1871 1309 die
1894 1262 2017 1330 post

438 1345 558 1415 ejus
609 1346 1083 1403 resurrectionem.
1118 1344 1495 1415 Nunquidnam
1535 1351 1664 1400 tunc
1722 1343 2015 1413 exprobra-

438 1446 593 1491 turus
619 1443 762 1502 erat,
793 1435 937 1507 quod
971 1449 1076 1489 non
1107 1434 1467 1490 credidissent
1499 1433 1603 1500 eis,
1646 1434 1739 1503 qui
1772 1448 1896 1489 eum
1936 1433 2016 1487 vi-

438 1529 629 1581 derant
664 1526 1050 1592 resurrexisse,
1082 1525 1299 1596 quando
1330 1526 1494 1581 etiam
1532 1534 1588 1580 et
1627 1525 1726 1594 ipsi
1766 1533 1889 1594 post
1925 1539 2012 1579 re-

437 1620 833 1675 surrectionem
878 1619 1038 1673 toties
1064 1633 1189 1674 eum
1213 1618 1505 1673 viderant?
1548 1618 1679 1673 Illud
1708 1632 1839 1688 ergo
1867 1617 2006 1672 acci-

435 1710 652 1780 piamus
688 1717 809 1779 post
854 1709 1055 1764 multas
1093 1708 1584 1764 demonstrationes
1627 1707 1768 1778 ejus,
1816 1709 2013 1778 quibus

2125 521 2473 576 remittuntur
2502 530 2724 592 peccata
2754 532 3058 579 traxerunt.

2194 611 2362 681 Signa
2402 621 2577 667 autem
2620 629 2708 667 eos
2747 615 2836 683 qui
2877 614 3215 681 crediderint,
3257 618 3367 672 ha'c
3400 631 3706 690 sequentur.

2122 702 2186 756 In
2217 705 2425 758 nomine
2455 721 2569 759 meo
2593 706 2803 775 ejicicnt
2837 706 3119 771 dwmonia,
3144 716 3252 762 etc.
3286 708 3536 780 Nunquid
3562 716 3707 783 quo]

2120 794 2223 847 ista
2249 793 2403 864 signa
2434 810 2544 849 non
2572 794 2820 860 facimus,
2851 796 3073 851 minime
3097 798 3407 854 credimus?
3444 801 3554 858 Sed
3588 804 3707 859 lucc

2118 884 2425 938 necessaria
2474 885 2530 939 in
2580 886 2807 940 exordio
2853 886 3111 943 Ecclesia:
3162 886 3402 945 fuerunt.
3453 890 3527 948 Ut
3557 895 3706 948 enim

2119 968 2187 1022 ad
2240 968 2402 1024 ﬁdem
2456 982 2770 1039 cresceret,
2825 975 3104 1031 miraculis
3159 975 3335 1033 fuerat
3385 982 3701 1044 nutrienda,

2118 1059 2244 1128 quia
2294 1070 2352 1116 et
2392 1077 2495 1117 nos
2536 1078 2661 1118 cum
2708 1050 2931 1122 arbusta
2981 1067 3310 1139 plantanms,
3348 1079 3458 1127 tam
3495 1074 3589 1128 diu
3624 1075 3707 1129 eis

2117 1165 2312 1219 aquam
2353 1150 2668 1219 fundimus,
2733 1170 3017 1226 quousque
3090 1172 3154 1214 ea
3203 1158 3260 1214 in
3309 1170 3456 1217 terra
3506 1177 3708 1218 conva-

2117 1237 2285 1295 luisse
2314 1240 2618 1299 videamus.
2650 1244 2722 1299 At
2758 1245 2806 1300 si
2836 1246 3005 1302 semel
3040 1249 3279 1306 radicem
3305 1251 3547 1319 fixerint,
3577 1254 3710 1308 irri-

2115 1333 2260 1401 gatio
2296 1335 2548 1390 cessabit.
2589 1334 2728 1393 lline
2765 1346 2851 1394 est
2886 1340 3109 1406 ctenim,
3138 1342 3282 1411 quod
3310 1342 3511 1400 Paulus
3538 1345 3704 1400 dicit:

2117 1421 2334 1493 Linguae
2376 1425 2433 1479 in
2472 1426 2622 1497 signa
2659 1437 2811 1495 sunt,
2837 1445 2941 1484 non
2962 1430 3235 1498 fidelibus,
3276 1433 3366 1487 sed
3407 1434 3711 1504 infidelibus

2118 1510 2169 1581 (1
2196 1509 2328 1567 ϐου-ἱ
2343 1513 2478 1585 xtv).
2521 1515 2604 1570 An
2636 1516 2903 1573 habemus
2926 1518 2993 1573 de
3019 1518 3107 1575 bis
3134 1521 3306 1591 signis
3336 1532 3500 1593 atque
3537 1524 3711 1579 virtus

2115 1601 2290 1667 tibus,
2323 1617 2445 1672 quae
2483 1605 2659 1661 adhuc
2696 1606 2946 1664 subtilius
2984 1610 3336 1667 considerare
3373 1613 3711 1669 debeamus?

2118 1692 2317 1751 Sancta
2352 1697 2552 1767 quippe
2586 1697 2830 1754 Ecclesia
2883 1702 3127 1770 quotidie
3179 1703 3537 1773 spiritualiter
3574 1705 3713 1761 facit

433 1817 534 1872 per
558 1802 672 1857 dies
693 1800 1048 1871 quadraginta
1072 1799 1352 1869 discipulis
1372 1806 1730 1870 przesentatus
1757 1807 1862 1864 est,
1888 1812 2014 1853 eum

2120 1785 2259 1853 quod
2295 1793 2426 1842 tunc
2452 1801 2552 1855 per
2594 1788 2869 1857 apostolos
2903 1791 3260 1860 corporaliter
3282 1790 3538 1849 faciebat.
3570 1793 3714 1850 Nam

435 1892 598 1946 etiam
638 1890 931 1945 novissime
960 1889 1401 1945 recumbentibus
1441 1888 1550 1946 illis
1573 1889 1822 1944 undecim
1853 1903 2018 1961 appa-

436 1984 645 2047 ruisse,
682 1981 741 2036 id
775 1989 881 2046 est,
918 1982 1034 2050 ipso
1068 1979 1486 2051 quadragesimo
1525 1980 1631 2035 die.
1672 1981 1737 2035 Et
1762 1982 2017 2051 quoniam

430 2075 546 2142 jam
584 2078 705 2128 erat
737 2072 806 2126 ab
835 2072 917 2125 eis
952 2082 1279 2126 ascensurus
1317 2070 1370 2124 in
1408 2070 1629 2136 caelum,
1671 2072 1775 2127 hoc
1809 2072 1892 2125 eis
1929 2071 2019 2126 illo

437 2164 524 2217 die
561 2162 797 2217 maxime
839 2160 1169 2233 exprobrare
1204 2160 1459 2224 voluisse,
1499 2161 1646 2230 quod
1682 2160 1770 2217 bis
1809 2162 1903 2232 qui
1938 2161 2018 2215 vi-

435 2257 631 2310 derant
656 2268 781 2308 cum
813 2252 1176 2308 resurrexisse
1206 2267 1313 2306 non
1338 2252 1706 2312 crediderant,
1730 2259 2017 2321 antequam

436 2361 560 2402 eum
602 2344 705 2415 ipsi
752 2345 1029 2410 viderent,
1080 2359 1205 2399 cum
1248 2345 1436 2415 utique
1481 2353 1604 2414 post
1645 2346 2016 2400 ascensionem

436 2450 613 2500 suam,
660 2434 1083 2505 praedicantibus
1124 2432 1231 2488 illis
1267 2433 1645 2505 Evangelinm,
1683 2443 1870 2507 gentes
1897 2452 2018 2509 qua:

437 2542 545 2581 non
581 2527 851 2588 viderunt,
890 2524 1108 2579 luerant
1138 2524 1446 2580 creditum.
1490 2523 1620 2581 Post
1649 2524 1795 2578 illam
1822 2526 2018 2596 quippe

438 2618 913 2688 exprobrationem
950 2624 1191 2681 secutus,
1217 2616 1296 2671 ait
1328 2617 1468 2672 idem
1492 2616 1730 2672 Marcus:

513 2708 578 2763 Et
607 2708 743 2763 dixit
777 2709 851 2763 eis
874 2727 894 2765 :
926 2708 1124 2763 Euntes
1160 2708 1216 2762 in
1244 2708 1494 2763 mundum
1526 2709 1842 2773 universum,
1883 2724 2018 2778 pro.

437 2803 611 2856 n'icate
653 2800 992 2872 Evangelium
1038 2801 1180 2855 omni
1226 2809 1503 2856 creatura’.
1572 2799 1676 2866 Qui
1716 2800 2014 2864 crediderit,

435 2901 543 2946 etc.
586 2890 687 2961 (Ex
715 2888 968 2963 August.)
1017 2889 1127 2945 lloc
1167 2904 1298 2961 ergo
1341 2890 1709 2961 praedicaturi,
1761 2889 2016 2959 quoniam

437 2984 527 3053 qui
567 2999 678 3038 non
709 2982 1021 3048 crediderit,
1063 2982 1539 3049 condemnabitur,
1577 2998 1700 3038 eum
1739 2982 1791 3037 id
1832 2983 2020 3051 utique

436 3091 541 3130 non
574 3074 867 3130 crediderit
899 3061 1051 3146 quod
1084 3091 1190 3131 non
1226 3074 1378 3139 vidit,
1411 3090 1590 3130 nonne
1632 3075 1729 3145 ipsi
1766 3075 2020 3144 primitus

438 3166 658 3221 fuerant
718 3164 1059 3238 ol‘jurgandi,
1107 3165 1251 3236 quod
1288 3173 1577 3235 antequam
1606 3164 1890 3223 Dominum
1938 3164 2014 3221 vi-
2043 3164 2087 3192 “

434 3258 639 3312 discent
672 3272 779 3312 non
815 3258 1149 3313 crediderint
1182 3256 1282 3321 eis,
1313 3252 1511 3326 quibus
1540 3255 1801 3310 Dominus
1852 3270 2019 3325 appas

436 3347 634 3401 ruisset
648 3347 678 3399 *ἓν

508 3435 617 3508 (Ex
639 3432 819 3506 Crcg.)
854 3435 1007 3502 Quod
1047 3450 1179 3491 vero
1205 3436 1343 3490 dixit
1368 3437 1446 3490 eis
1490 3454 1503 3489 :
1547 3435 1750 3494 Euntes
1779 3436 1832 3490 in
1860 3452 2014 3491 mun-

436 3530 563 3582 dum
597 3526 935 3592 universum,
975 3526 1265 3596 prmdicate
1300 3526 1653 3598 Evangeliunt
1682 3527 1826 3582 omni
1861 3543 2011 3583 crea.

437 3633 593 3689 tura),
622 3621 864 3691 nunquid
895 3636 1055 3676 suum
1081 3621 1429 3692 Evangelium
1470 3622 1554 3678 vel
1596 3623 1886 3679 insensatis
1927 3640 2014 3679 re-

436 3714 576 3777 bus,
618 3711 704 3767 vel
753 3711 930 3767 brutis
976 3710 1303 3766 animalibus
1354 3710 1532 3767 fuerat
1574 3712 2007 3783 pmdicandum,

435 3813 496 3856 ut
524 3804 590 3857 de
617 3818 683 3858 co
719 3801 997 3872 discipulis
1038 3801 1275 3868 dicatur,
1324 3802 1621 3873 prmdicare
1662 3804 1807 3861 omni
1858 3821 2011 3860 crea-

437 3894 609 3949 tur:e?
680 3892 785 3948 Sed
822 3892 999 3949 omnis
1046 3901 1307 3948 creatura:
1352 3894 1570 3949 nomine
1615 3902 1793 3965 potest
1834 3896 2011 3950 omnis

438 3985 584 4041 natio
620 3985 859 4055 gentium
899 3985 1190 4055 designari.
1241 3985 1381 4041 Ante
1417 3988 1619 4041 etenim
1658 3986 1862 4042 dictum
1899 3988 2012 4041 fuc-

437 4084 520 4129 rat
546 4094 558 4129 :
585 4074 652 4129 In
689 4076 832 4129 viam
858 4077 1088 4146 gentium
1123 4093 1187 4155 ne
1214 4077 1450 4132 abieritis
1486 4077 1705 4148 (Matth.
1733 4077 1810 4149 ι).
1860 4076 2010 4134 Nunc

435 4178 615 4223 autem
653 4167 852 4223 dicitur
877 4185 890 4222 :
918 4165 1214 4224 Pra'dicate
1243 4170 1387 4223 omni
1410 4179 1689 4233 creaturm,
1722 4178 1780 4224 ut
1806 4171 2012 4226 scilicet

432 4261 583 4329 prius
614 4276 643 4314 a
664 4259 867 4325 ἐπάειδε,
893 4251 1258 4330 apostolorum
1292 4261 1503 4331 repulsa
1530 4260 1847 4331 praedicatio
1885 4272 2015 4316 tunc

434 4353 590 4406 nobis
626 4353 679 4406 in
718 4350 1044 4420 adjutorium
1090 4351 1263 4416 fieret,
1292 4367 1417 4406 cum
1465 4353 1605 4406 hanc
1633 4351 1720 4405 illa
1747 4353 1815 4406 ad
1861 4354 2011 4406 dam-

433 4441 667 4497 nationis
689 4457 800 4496 suae
827 4441 1191 4497 testimonium
1221 4441 1450 4510 superba
1481 4440 1783 4509 repulisset.

525 4535 629 4601 Qui
667 4535 943 4589 crediderit
992 4544 1040 4588 et
1086 4532 1383 4603 baptizatus
1431 4531 1628 4601 fuerit,
1672 4531 1846 4587 saluus
1891 4535 2008 4588 erit.

436 4627 539 4692 Qui
585 4642 701 4681 vero
744 4642 848 4680 non
887 4624 1166 4679 crediderit
1191 4662 1207 4686 ,
1250 4622 1701 4676 condemnabitur.
1761 4622 2013 4680 Fortasse

432 4719 805 4787 unusquisque
843 4717 985 4786 apud
1024 4716 1374 4789 semetipsum
1409 4714 1542 4769 dicit
1570 4733 1582 4768 :
1614 4715 1725 4787 Ego
1750 4716 1865 4788 jam
1895 4734 2014 4773 ere-

433 4809 576 4873 didi,
622 4808 808 4862 salvus
841 4821 938 4861 ero
970 4824 984 4860 :
1016 4820 1204 4861 verum
1252 4805 1415 4870 dicit,
1464 4806 1508 4861 si
1561 4806 1719 4863 fidem
1758 4810 2015 4878 operibus

439 4907 607 4954 tenet.
638 4898 779 4952 Vera
814 4896 1011 4951 etenim
1043 4894 1177 4950 ﬁdes
1207 4904 1309 4959 est,
1342 4911 1462 4965 qua:
1490 4898 1542 4952 in
1583 4898 1685 4954 hoc
1712 4900 1857 4970 quod
1892 4915 2013 4954 ver-

432 4990 560 5043 bum
595 4987 747 5049 dicit,
776 4986 1016 5040 moribus
1052 5001 1158 5039 non
1195 4987 1529 5042 contradicit.
1573 4987 1711 5044 Hinc
1735 4999 1818 5047 est
1840 4990 2009 5053 enim,

433 5077 575 5146 quod
623 5077 690 5131 de
727 5075 1046 5146 quibusdam
1103 5076 1253 5132 falsis
1304 5077 1549 5135 ﬁdelibus
1601 5080 1800 5136 Paulus
1850 5081 2007 5136 dicit:

437 5166 540 5231 Qui
584 5165 901 5235 conﬁtentur
938 5183 993 5221 se
1033 5184 1182 5223 nosse
1201 5168 1391 5236 Deum,
1423 5171 1578 5240 factis
1611 5181 1785 5226 auIem
1825 5180 2012 5240 negant.

436 5256 453 5324 (
482 5257 587 5311 ’l'it.
644 5270 659 5308 ι
687 5255 728 5324 ).
756 5254 892 5310 Hinc
914 5255 1146 5314 Joannes
1172 5259 1274 5313 ait:
1301 5258 1405 5325 Qui
1426 5261 1554 5314 dicit
1574 5277 1628 5315 se
1650 5277 1799 5314 nosse
1820 5259 2011 5324 Deum,

432 5357 483 5402 et
505 5349 756 5403 mandata
776 5351 890 5419 ejus
910 5368 1011 5405 non
1032 5353 1278 5419 custodit,
1301 5353 1527 5407 mendax
1547 5361 1641 5407 est.
1671 5352 1805 5407 Cum
1831 5361 2013 5407 autent

436 5438 649 5493 dicatur
688 5455 702 5492 :
746 5439 849 5506 Qui
894 5460 1011 5497 vero
1062 5460 1167 5498 non
1208 5443 1517 5507 crediderit,
1559 5442 2009 5507 condemnabitur,

436 5527 564 5596 quid
590 5528 678 5584 hic
702 5529 932 5586 dicimus
960 5532 1028 5586 de
1050 5530 1313 5600 parvulis,
1343 5530 1434 5598 qui
1465 5544 1561 5598 per
1594 5537 1810 5585 {etatem
1839 5531 2012 5585 adhuc

437 5619 655 5673 credere
692 5637 797 5675 non
830 5621 1040 5684 valent;
1089 5620 1216 5673 nam
1254 5619 1319 5672 de
1357 5616 1650 5686 majoribus
1686 5619 1831 5674 nulla
1866 5636 2010 5689 qua:-

438 5707 537 5762 stiu
563 5709 683 5764 est?
719 5709 774 5765 lu
812 5710 1053 5766 Ecclesia
1093 5724 1223 5779 ergo
1261 5707 1544 5762 salvatoris
1566 5723 1680 5781 ‘per
1717 5709 1848 5771 alios
1885 5728 2006 5783 par-

2117 1875 2428 1933 saeerdotes
2449 1878 2571 1949 ejus
2596 1896 2720 1935 cum
2760 1895 2859 1950 per
2881 1883 3178 1938 exorcismi
3213 1886 3442 1956 gratiam
3482 1903 3710 1942 manum

2118 1967 2466 2023 credentibus
2493 1968 2796 2040 imponunt,
2827 1980 2884 2026 et
2906 1972 3157 2029 habitare
3186 1973 3453 2045 malignos
3480 1977 3713 2047 spiritus

2118 2055 2175 2109 in
2201 2071 2388 2112 eorum
2425 2067 2608 2115 mente
2645 2063 3059 2129 contradiatnt,
3099 2065 3231 2134 quid
3274 2066 3422 2122 aliud
3472 2068 3710 2135 faciunt,

2116 2147 2221 2203 nisi
2258 2148 2523 2205 daemonia
2558 2151 2821 2222 ejiciunt?
2859 2154 2926 2209 Et
2964 2153 3152 2211 fideles
3188 2158 3423 2228 quique,
3457 2160 3551 2230 qui
3588 2160 3711 2230 jam

2114 2240 2241 2295 vitae
2283 2243 2485 2299 veteris
2534 2245 2815 2302 smcularia
2862 2248 3025 2304 verba
3073 2250 3479 2322 derelinquunt,
3507 2267 3707 2310 sancta

2115 2338 2296 2387 autem
2347 2335 2604 2405 mysteria
2650 2336 2942 2403 insonant,
3011 2341 3311 2396 conditoris
3355 2343 3439 2397 sui
3488 2342 3708 2398 laudem

2115 2430 2171 2476 et
2217 2424 2545 2491 potentiam,
2580 2435 2843 2497 quantum
2889 2430 3213 2499 praevalent,
3265 2442 3526 2501 narrant,
3575 2436 3705 2504 quid

2118 2512 2266 2567 aliud
2295 2512 2523 2579 faciunt,
2551 2518 2655 2572 nisi
2686 2519 2840 2574 novis
2866 2519 3064 2591 linguis
3091 2521 3419 2592 loquuntur?
3445 2523 3552 2590 Qui
3575 2525 3707 2581 dum

2116 2604 2276 2660 bonis
2299 2605 2414 2661 suis
2435 2607 2903 2665 exhortationibus
2922 2610 3187 2666 malitiam
3209 2611 3278 2668 de
3306 2612 3500 2668 alienis
3523 2614 3705 2669 cordi-

2118 2694 2226 2751 bus
2249 2695 2523 2762 auferunt,
2565 2708 2850 2769 serpentes
2888 2699 3103 2757 tollunt.
3143 2702 3213 2758 Et
3245 2704 3372 2759 dum
3419 2703 3708 2773 pestiferas

2119 2786 2399 2841 suasiones
2430 2788 2688 2853 audiunt,
2728 2790 2825 2844 sed
2858 2795 3039 2846 tamen
3074 2792 3142 2846 ad
3180 2792 3548 2862 operationem
3577 2809 3707 2863 pra-

2118 2892 2241 2931 vam
2279 2877 2502 2933 minime
2539 2880 2952 2949 pertrahuntur,
2991 2881 3330 2938 mortiferum
3368 2883 3588 2953 quidem
3617 2892 3704 2938 est

2118 2968 2261 3037 quod
2288 2968 2499 3035 bibunt,
2525 2970 2622 3026 sed
2650 2986 2757 3026 non
2789 2971 2869 3026 eis
2905 2972 3141 3039 nocebit,
3167 2974 3293 3044 quia
3338 2975 3552 3044 quoties
3579 2991 3705 3046 pro-

2120 3060 2294 3114 ximos
2339 3075 2468 3115 suos
2513 3060 2567 3115 in
2615 3061 2759 3118 bono
2803 3078 2969 3133 opere
3025 3064 3289 3122 inﬁrmari
3336 3065 3701 3135 conspiciunt,

2119 3150 2247 3205 dum
2271 3150 2354 3207 eis
2382 3159 2494 3207 tota
2530 3153 2733 3209 virtute
2781 3162 3150 3221 concurrunt,
3192 3165 3250 3211 et
3290 3157 3541 3225 exemplo
3586 3174 3701 3212 stne

2114 3240 2446 3310 operationis
2486 3241 2699 3298 illorum
2728 3245 2892 3300 vitam
2934 3244 3212 3312 roborant,
3253 3247 3347 3316 qui
3394 3247 3446 3302 in
3479 3249 3699 3320 propria

2113 3333 2326 3389 actione
2377 3334 2702 3401 titubabant,
2748 3338 2877 3407 quid
2917 3338 3062 3393 aliud
3106 3337 3333 3404 faciunt,
3380 3339 3487 3394 nisi
3537 3355 3704 3409 super:

2112 3432 2344 3495 :egrotos
2379 3442 2573 3482 manus
2611 3426 2921 3496 imponunt,
2971 3436 3032 3483 ttt
3069 3429 3208 3485 bene
3248 3428 3517 3484 habeant?
3569 3428 3703 3496 Quae

2113 3515 2369 3569 nimirum
2412 3516 2669 3571 miracula
2705 3525 2855 3572 tanto
2897 3517 3104 3586 majora
3142 3528 3298 3584 sunt,
3341 3528 3544 3589 quanto
3590 3519 3703 3589 δίιίο

2113 3603 2397 3668 ritaliora;
2430 3610 2582 3659 tanto
2619 3605 2824 3676 majora
2866 3614 3024 3672 sunt,
3065 3615 3268 3678 quanto
3305 3624 3403 3681 per
3437 3609 3554 3664 lucc
3591 3624 3702 3665 non

2113 3706 2364 3762 corpora,
2393 3693 2490 3748 sed
2518 3694 2716 3749 animae
2740 3697 3097 3752 suscitantur.

2185 3803 2251 3856 Et
2273 3802 2529 3859 Dominus
2546 3806 2756 3876 quidem
2773 3806 2809 3861 Ι
2812 3826 2930 3863 esus
2948 3819 3220 3881 postquam
3241 3810 3447 3867 locutus
3467 3820 3567 3877 est,
3590 3819 3695 3866 etc.-

2111 3894 2576 3950 tlonsiderandum
2601 3896 2756 3953 nobis
2780 3909 2887 3963 est,
2911 3900 3041 3969 quid
3071 3908 3155 3956 est
3182 3902 3325 3971 quod
3352 3901 3568 3957 Marcus
3590 3902 3695 3956 ait:

2114 3982 2272 4037 Sedet
2306 4000 2340 4037 a
2360 3983 2560 4038 dextris
2583 3985 2703 4053 Dei,
2738 3996 2793 4041 et
2820 3987 3127 4059 Stephanus
3152 3990 3284 4046 dicit
3307 4009 3321 4044 :
3357 3990 3519 4046 Video
3542 3991 3697 4046 eteius

2111 4082 2352 4142 apertos,
2406 4084 2455 4130 et
2497 4074 2669 4143 ﬁlium
2717 4077 2942 4132 hominis
2988 4089 3212 4134 stantem
3261 4098 3294 4135 a
3339 4081 3538 4136 dextris
3575 4080 3695 4135 Dei.

2110 4164 2251 4230 Quid
2280 4171 2399 4230 est,
2431 4165 2574 4236 quod
2609 4167 2755 4222 hunc
2794 4167 3008 4224 Marcus
3045 4170 3358 4235 sedentem,
3392 4170 3700 4243 Stephanus

2111 4270 2240 4309 vero
2278 4262 2510 4311 stantem
2552 4272 2611 4314 se
2654 4257 2854 4313 vidisse
2881 4261 3148 4314 testatur?
3188 4258 3294 4315 Sed
3320 4260 3540 4326 scimus,
3573 4264 3696 4332 quia

2112 4349 2300 4403 solere
2341 4346 2639 4417 indicantis
2682 4359 2796 4413 est,
2855 4359 3003 4407 stare
3048 4367 3179 4408 vero
3224 4353 3553 4423 pugnantis,
3613 4354 3696 4407 vel

2038 4479 2091 4539 D
2116 4438 2419 4508 adjuvantis
2467 4448 2567 4494 est.
2638 4441 2776 4507 Quia
2827 4442 2992 4513 igitur
3033 4443 3342 4514 redemptor
3382 4452 3568 4499 noster
3612 4460 3699 4499 as-

2119 4540 2365 4598 sumptus
2413 4529 2466 4583 in
2514 4529 2733 4596 malum,
2782 4540 2837 4585 et
2884 4548 3028 4587 nunc
3065 4533 3248 4587 omnia
3278 4533 3504 4602 judicat,
3533 4541 3590 4587 et
3629 4535 3699 4588 ad

2118 4632 2425 4678 extremum
2460 4620 2625 4691 judex
2671 4624 2913 4679 omnium
2953 4625 3159 4688 veniet,
3194 4634 3249 4680 et
3278 4626 3423 4681 hunc
3456 4632 3699 4696 post-as-

2119 4714 2481 4784 sumptionem
2532 4714 2748 4770 Marcus
2808 4717 2997 4772 sedere
3054 4718 3348 4782 describit,
3393 4718 3519 4787 quia
3577 4727 3699 4787 post

2120 4804 2455 4861 ascensionis
2497 4821 2609 4860 suae
2651 4806 2901 4876 gloriam,
2939 4806 3107 4876 iudex
3155 4808 3211 4863 in
3256 4807 3362 4861 ﬁne
3404 4807 3693 4882 videbitur.

2120 4896 2426 4967 Stephanus
2465 4912 2595 4953 vero
2630 4899 2685 4953 in
2723 4899 2926 4956 laboris
2962 4902 3260 4957 certamine
3294 4899 3526 4971 positus,
3550 4910 3697 4957 stau-

2115 4997 2222 5042 tem
2251 4987 2407 5052 vidit,
2442 5004 2604 5058 quem
2640 4989 2940 5059 adiutorem
2983 4993 3203 5059 habuit,
3244 4994 3368 5063 quia
3409 4999 3471 5045 ut
3506 4992 3611 5047 iste
3641 4993 3694 5045 in

2115 5090 2260 5134 terra
2305 5088 2712 5148 persecuturum
2762 5082 3133 5138 infidelitatem
3181 5084 3441 5148 vinceret,
3469 5097 3569 5152 pro
3607 5083 3697 5138 illo

2115 5171 2183 5225 de
2214 5168 2351 5225 coelo
2380 5169 2524 5226 illius
2550 5172 2721 5242 gratia
2749 5174 3029 5245 pugnavit.

2187 5259 2282 5319 Illi
2307 5270 2479 5324 autem
2500 5263 2720 5333 profecti
2739 5264 3179 5333 praedicaverunt,
3206 5273 3313 5320 etc.
3355 5264 3495 5331 Quid
3532 5265 3585 5318 in
3612 5264 3697 5317 bis

2114 5352 2566 5409 considerandum
2590 5366 2692 5420 est,
2722 5356 2852 5426 quid
2884 5358 3159 5411 memoria:
3186 5355 3693 5417 commendandum,

2113 5444 2218 5499 nisi
2240 5444 2380 5513 quod
2410 5454 2740 5514 praeceptum
2774 5447 3115 5502 obedientiaa.
3157 5447 3530 5504 Obedientiam
3566 5461 3698 5500 vero

2113 5534 2266 5604 signa
2293 5545 2475 5589 secuta
2508 5544 2653 5589 sunt.
2688 5535 2877 5591 Restat
2903 5553 3034 5593 sane
3059 5538 3287 5607 quzestio
3316 5553 3424 5591 non
3450 5537 3694 5600 minima,

2111 5624 2379 5692 quomodo
2415 5624 2694 5694 scripserit
2732 5625 2872 5680 idem
2910 5626 3258 5695 evangelista,
3293 5627 3496 5681 dixisse
3534 5642 3699 5695 ange-

2113 5716 2221 5773 lum
2254 5716 2569 5772 mulieribus
2595 5735 2607 5769 :
2636 5717 2738 5785 Ite,
2784 5719 2938 5773 dicite
2980 5717 3248 5787 discipulis
3289 5718 3401 5788 ejus
3443 5729 3487 5771 rt
3514 5717 3697 5780 Petro,
