3978 6428
251 357 362 415 315

1076 350 1593 408 COLLECTIONES
1631 351 1696 406 IN
1736 353 2112 410 EPISTOLAS
2151 356 2237 410 ET
2279 356 2688 413 EVANGELlA.

3398 364 3502 418 3H

248 472 379 541 quia
420 469 677 541 pra’cedet
722 456 823 524 vos.
856 469 911 523 in
944 467 1253 534 Galilream;
1298 470 1369 525 ibi
1410 486 1526 523 eum
1570 469 1824 533 videbitis,
1857 474 1903 531 Λ
1932 482 2140 537 avocat,
2170 481 2226 526 ιιι
2257 473 2401 529 aliud
2432 475 2726 529 habeamus
2772 477 2825 530 in
2865 480 3045 541 corde,
3077 491 3131 536 ct
3154 482 3297 537 aliud
3327 483 3505 552 prole.

250 564 387 616 sicut
420 560 555 615 dixit
588 559 759 621 vobis,
798 573 899 614 nec
935 565 1113 614 tamen
1161 559 1235 613 ibi
1274 559 1445 614 visum
1487 573 1517 613 a
1551 557 1828 629 discipulis

251 653 572 717 Dominum,
620 651 675 706 in
712 649 821 705 ullo
852 658 976 720 post
1010 650 1124 704 haec
1159 648 1430 720 Evangelii
1469 650 1550 703 sui
1591 649 1709 703 loco
1746 662 1829 702 rc-

250 746 460 810 tulerit,
491 744 584 799 sed
609 743 754 813 quod
785 742 859 797 ita
892 742 961 797 ab
986 741 1176 813 angelo
1207 749 1261 796 et
1303 756 1333 795 a
1362 741 1590 795 Domino
1624 741 1826 795 dictum

252 838 328 893 sit
352 836 646 907 prophetiae
672 835 872 890 dictum
893 834 1263 904 accipiendum
1292 842 1376 888 est
1401 852 1412 887 :
1436 832 1652 888 Galilxea
1675 848 1824 886 nam-

250 944 360 997 que
397 928 784 997 interpretatur
811 924 1214 995 transmigratio
1240 924 1324 977 vel
1363 922 1649 988 revelatio;
1677 923 1827 992 prius

251 1020 439 1089 itaque
484 1015 778 1073 secundum
823 1014 1313 1086 transmigrationis
1357 1014 1822 1086 significationem,

250 1109 385 1181 quid
428 1107 571 1163 al’ud
614 1106 853 1163 occurrit
901 1106 1325 1177 intelligendum,
1356 1106 1612 1177 prrecedet
1648 1122 1737 1161 vos
1769 1106 1825 1161 in

251 1201 553 1266 Catilinam,
591 1202 663 1255 ibi
703 1217 821 1255 eum
862 1201 1119 1267 videbitis,
1167 1203 1303 1256 sicut
1344 1202 1480 1256 dixit
1518 1202 1678 1267 vobis,
1721 1202 1824 1257 nisi

251 1292 379 1363 quia
401 1291 602 1349 Christi
636 1291 809 1363 gratia
842 1291 909 1346 de
940 1292 1136 1363 populo
1172 1293 1336 1350 Israel
1376 1294 1824 1363 transmigratura

249 1390 372 1437 erat
404 1382 473 1436 ad
503 1389 719 1451 gentes,
752 1382 961 1452 quibus
984 1384 1213 1455 apostoli
1260 1384 1618 1454 prasdicantes
1651 1383 1826 1438 Evan-

250 1475 477 1545 gelium,
504 1473 648 1529 nullo
674 1474 833 1530 modo
858 1476 1161 1540 crederent,
1186 1476 1289 1531 nisi
1319 1476 1398 1531 eis
1427 1476 1541 1546 ipse
1564 1476 1826 1531 Dominus

251 1567 398 1620 viam
435 1564 489 1619 in
521 1564 773 1621 cordibus
800 1566 1077 1621 hominum
1117 1567 1485 1637 praepararet?
1519 1567 1586 1621 Et
1611 1570 1713 1623 hoc
1738 1568 1824 1622 in-

253 1656 575 1728 telligimus,
613 1656 867 1727 pra'ccdet
906 1673 996 1711 vos
1034 1657 1089 1712 in
1113 1655 1409 1712 Galilieam.
1458 1656 1612 1725 Quod
1642 1665 1822 1714 autem

251 1748 579 1802 mirarentur
606 1747 901 1816 gaudentes
924 1747 1181 1818 disruptis
1203 1755 1258 1801 et
1283 1748 1476 1804 evictis
1501 1747 1819 1804 difﬁcultati-

250 1840 376 1903 bus,
405 1838 601 1907 aperiri
636 1837 739 1893 sibi
769 1838 970 1893 ostium
1010 1838 1065 1892 in
1095 1839 1322 1894 Domino
1350 1854 1449 1910 per
1473 1840 1823 1896 illuminatio—

252 1945 378 1984 nem
411 1928 671 1991 ﬁdelium,
706 1928 809 1984 hoc
843 1928 1180 2000 intelligitur,
1211 1930 1285 1985 ibi
1321 1947 1439 1985 cum
1472 1930 1731 1998 videbitis,
1767 1932 1823 1986 id

250 2034 358 2087 est,
390 2026 628 2081 membra
663 2025 783 2096 ejus
817 2025 1133 2094 invenietis,
1166 2027 1239 2082 ibi
1279 2036 1335 2082 et
1387 2027 1459 2082 ibi
1497 2028 1676 2083 vivum
1703 2043 1825 2084 cor-

252 2129 355 2183 pus
392 2114 507 2183 ejus
543 2124 599 2171 ct
647 2116 698 2171 in
735 2117 815 2171 eis
848 2117 940 2188 qui
977 2133 1071 2173 vos
1117 2120 1457 2187 susceperint
1496 2119 1820 2190 agnoscetis.

253 2206 561 2263 Secundum
599 2208 726 2264 illud
764 2217 975 2275 autem,
1017 2210 1158 2279 quod
1182 2208 1401 2265 Galilma
1438 2209 1826 2279 interpretatur

252 2298 539 2362 revelatio,
579 2315 686 2355 non
728 2298 846 2369 jam
894 2300 947 2354 in
1002 2298 1174 2356 forma
1222 2300 1364 2355 servi
1416 2299 1823 2372 intelligendum

250 2399 353 2454 est,
388 2388 482 2446 sed
511 2393 565 2446 in
595 2392 685 2447 illa
721 2408 827 2463 qua
855 2392 1079 2463 aequalis
1106 2392 1375 2458 estPatri,
1406 2394 1550 2462 quod
1576 2393 1826 2463 promisit

251 2481 393 2551 apud
419 2478 679 2536 Joannem
715 2481 1064 2537 dilectoribus
1109 2482 1243 2548 suis,
1292 2498 1414 2537 cum
1461 2483 1708 2538 diceret:
1754 2481 1823 2537 Et

249 2587 344 2641 ego
364 2570 578 2642 diligant
607 2588 758 2638 eum,
798 2580 847 2626 et
880 2569 1150 2626 ostendam
1180 2572 1432 2642 meipsum
1468 2570 1566 2625 illi.
1600 2571 1693 2627 Illa
1721 2572 1827 2627 erit

253 2663 512 2718 revelatio
546 2655 796 2734 tanquam
828 2679 957 2720 vera
988 2663 1229 2731 Galilaea,
1265 2680 1382 2718 cum
1415 2663 1611 2720 similes
1642 2662 1697 2718 ei
1723 2665 1825 2719 eri-

250 2773 389 2819 mus,
424 2755 509 2809 ubi
540 2773 655 2811 eum
698 2750 979 2812 videbimus
1019 2758 1172 2812 sicuti
1214 2767 1307 2812 est.
1351 2755 1470 2826 Ipsa
1517 2756 1627 2811 erit
1660 2756 1824 2811 etiam

250 2847 460 2902 beatior
490 2834 893 2918 transmigratio
926 2864 990 2903 cx
1031 2849 1133 2903 isto
1167 2847 1364 2904 saeculo
1402 2847 1453 2901 in
1492 2846 1635 2901 illam
1669 2855 1826 2902 aeter-

251 2937 496 3002 nitatem,
535 2937 581 2993 si
621 2936 737 3007 ejus
770 2948 1036 3009 praecepta
1076 2939 1154 2994 sic
1201 2939 1610 3009 amplectamur,
1659 2947 1719 2992 ut
1757 2939 1823 2993 ad

250 3031 497 3086 dextram
527 3030 642 3101 ejus
669 3032 938 3103 segregari
966 3048 1289 3086 mereamur.
1320 3031 1472 3085 Tunc
1497 3032 1638 3086 enim
1673 3032 1825 3085 ibunt

251 3121 455 3175 sinistri
498 3121 549 3175 in
587 3122 1012 3178 combustionem
1056 3131 1349 3185 aztcruam,
1384 3120 1511 3190 justi
1548 3131 1726 3176 autem
1770 3123 1823 3176 in

252 3211 420 3264 vitam
451 3219 726 3267 aeternam.

881 3318 1135 3359 εοῑςεοῐωι
1146 3322 1171 3357 Α
1182 3344 1193 3355 .

323 3410 379 3463 In
409 3412 770 3481 assumptione
810 3413 1142 3469 ascensionis
1171 3413 1403 3480 Domini,
1438 3415 1661 3470 istarum
1690 3415 1825 3469 dua-

255 3516 377 3555 rum
416 3500 475 3555 lit
501 3502 788 3557 concordia
821 3503 1134 3559 lectionum.

373 3630 689 3686 DOMINICA
728 3632 902 3689 POST
939 3634 1415 3692 ASCENSIONEM
1456 3636 1709 3693 DOMINI.

464 3738 717 3779 EPISTOIA
760 3740 922 3779 PRIMA
962 3742 1119 3780 ΒΕΑΤΙ
1162 3743 1341 3791 PETRI,
1381 3742 1499 3782 CAP.
1544 3743 1617 3782 IV.

333 3855 351 3886 ι
388 3835 571 3891 Estote
597 3833 888 3906 prudentes
911 3845 966 3892 ct
992 3838 1210 3910 vigilate
1233 3841 1287 3894 in
1315 3841 1668 3897 orationibus.
1694 3841 1831 3898 Ante

260 3945 279 3976 ς
325 3925 505 3980 omnia
531 3936 709 3981 autem
734 3938 973 3984 mutuam
1000 3930 1054 3984 in
1084 3931 1485 4002 vobismetipsis
1508 3934 1828 3990 charitatcm

261 4033 281 4065 ι
327 4015 637 4070 continuam
670 4016 1091 4090 habentes,quia
1122 4020 1365 4076 charitas
1391 4021 1569 4091 operit
1590 4023 1834 4078 multitu-

261 4123 280 4154 ι
327 4105 506 4159 dinem
532 4115 894 4177 peccatorum.
931 4108 1234 4181 Hospitales
1258 4112 1512 4179 invicem,
1544 4113 1662 4168 sine
1684 4130 1830 4169 mur-

261 4216 281 4247 ε
327 4197 644 4252 moratione.
676 4198 1054 4272 Unusquisque
1080 4202 1221 4257 sicut
1252 4204 1462 4273 accepit
1490 4206 1740 4275 gratiam,
1775 4206 1829 4261 in

262 4311 282 4341 ι
328 4292 645 4348 alterutrum
691 4295 1130 4353 administrantes
1176 4298 1341 4363 illam.
1373 4300 1515 4355 sicut
1549 4301 1676 4356 boui
1722 4302 1829 4358 dis-

264 4402 281 4431 ι
328 4392 643 4452 pensatores
698 4385 1042 4443 multiformis
1070 4389 1258 4460 gratia:
1281 4389 1397 4445 Dei.
1430 4389 1488 4445 Si
1510 4391 1631 4461 quis
1658 4392 1831 4462 loqui-

204 4520 209 4523 .
263 4496 281 4527 ε
331 4486 435 4540 tur,
471 4478 625 4547 quasi
662 4493 937 4535 sermones
965 4480 1091 4546 Dei,
1126 4482 1171 4537 si
1207 4483 1329 4553 quis
1366 4484 1656 4553 ministrat,
1706 4496 1825 4542 tan-

262 4587 281 4618 t
328 4584 490 4639 quam
534 4584 602 4624 ex
639 4569 839 4625 virtute
875 4587 1036 4641 quam
1073 4573 1417 4629 administrat
1460 4576 1621 4642 Dens,
1670 4588 1730 4633 ut
1774 4579 1827 4633 in

263 4680 281 4711 ε
327 4661 575 4716 omnibus
615 4661 999 4719 honoriﬁcctur
1027 4663 1167 4721 Deus
1203 4681 1301 4736 per
1334 4665 1518 4724 Jesum
1555 4669 1830 4726 Christum

263 4774 281 4806 ο
330 4754 611 4807 Dominum
638 4762 902 4809 nostrum.
952 4777 971 4808 ι

332 4844 509 4898 Estote
536 4844 814 4913 prudentes
845 4855 891 4899 et
924 4847 1131 4918 vigilate
1163 4850 1218 4903 in
1253 4853 1598 4907 orationibus.
1632 4853 1699 4907 Et
1728 4854 1833 4909 Do-

256 4938 438 4992 minus
474 4936 529 4991 in
550 4935 844 5008 Evangelio
871 4953 970 4994 nos
997 4939 1187 4996 incerti
1228 4940 1351 4996 linis
1388 4942 1584 4998 intuitu
1618 4958 1833 5016 semper

255 5042 418 5083 orare
448 5042 512 5082 ac
542 5027 769 5099 vigilare
795 5029 1083 5100 przccepit;
1112 5030 1190 5086 ait
1216 5047 1472 5102 namque,
1508 5033 1734 5105 loquens
1765 5038 1831 5093 de

257 5118 555 5188 dicjudicii
590 5134 605 5172 :
646 5117 868 5189 Vigilate
903 5122 1078 5186 itaque
1116 5124 1259 5176 omni
1299 5133 1553 5196 tempore,
1598 5138 1831 5193 orantes,

260 5220 315 5263 ut
357 5208 502 5279 digni
543 5210 839 5264 habeamini
866 5211 1044 5282 fugere
1091 5211 1194 5267 ista
1233 5216 1428 5279 omnia,
1474 5233 1593 5287 qua:
1650 5218 1834 5287 futura

256 5311 401 5365 sunt,
448 5310 495 5354 et
540 5310 682 5355 stare
723 5310 845 5356 ante
883 5300 1054 5370 ﬁlium
1094 5303 1339 5359 hominis.
1368 5305 1511 5361 Bene
1555 5316 1735 5362 autem
1781 5310 1832 5363 iu

258 5394 597 5450 orationibus
636 5393 860 5464 vigilare
909 5392 1185 5463 iubemur,
1235 5405 1296 5450 ut
1344 5413 1468 5454 cum
1515 5407 1725 5456 stamus
1766 5403 1834 5458 ad

257 5487 563 5542 orationem
588 5525 604 5550 ,
652 5485 909 5556 cogitatio
953 5485 1131 5541 omnis
1181 5488 1414 5542 carnalis
1459 5498 1516 5543 et
1561 5492 1836 5547 saecularis

260 5576 536 5641 abscedat,
560 5590 628 5630 ne
649 5575 940 5645 quidquam
974 5582 1102 5629 tunc
1125 5574 1341 5632 animus
1361 5587 1558 5647 praeter
1584 5579 1636 5633 id
1661 5580 1834 5635 solum

259 5669 462 5741 cogitet
510 5666 654 5735 quod
704 5674 974 5735 precatur.
1046 5664 1289 5734 Subripit
1332 5669 1476 5722 enim
1527 5669 1835 5738 frequenter

260 5758 457 5825 hostis,
496 5767 551 5813 et
596 5754 864 5812 subtiliter
916 5754 1104 5808 fallens
1144 5770 1332 5824 preces
1384 5768 1613 5819 nostras,
1664 5776 1692 5813 a
1724 5759 1834 5814 Deo

1931 578 2111 616 ramus
2150 562 2204 617 in
2229 579 2379 627 voce,
2409 579 2529 619 cum
2561 565 2853 621 intentione
2879 568 3086 625 sincera
3117 572 3282 627 Deum
3311 574 3503 629 debeat

1928 668 2033 704 non
2060 667 2225 707 sonus
2253 653 2420 719 vocis,
2450 656 2542 709 sed
2570 656 2761 711 anima:
2791 673 2981 714 sensus
3013 676 3192 716 orare.

1997 763 2129 819 Ante
2157 764 2334 818 omnia
2363 773 2537 818 autent
2564 777 2801 820 mutuam
2832 769 2886 822 in
2913 770 3292 844 nobismetipsis
3323 777 3502 831 chart-

1926 864 2083 909 tatem
2120 854 2419 907 continuam
2453 854 2716 910 habentes.
2769 857 2913 913 Bene
2948 861 3123 927 addit,
3159 865 3494 928 continuam,

1925 959 2030 1012 qua
2065 959 2276 1014 semper
2303 944 2525 1015 diligere
2560 946 2837 1002 valeamus
2859 990 2873 1014 ,
2906 965 3117 1020 semper
3152 962 3329 1009 autem
3368 956 3503 1026 vigi-

1926 1035 2038 1089 lare
2081 1036 2136 1089 in
2174 1035 2528 1100 orationibus,
2571 1037 2859 1110 fragilitate
2895 1042 3074 1098 carnis
3111 1043 3380 1109 obstante,
3410 1063 3503 1101 ne-

1925 1126 2161 1196 quimus.
2206 1126 2433 1199 Semper
2472 1129 2579 1195 his,
2614 1146 2750 1200 quas
2783 1130 3078 1204 subiungit,
3109 1134 3396 1192 virtutibus
3422 1139 3506 1192 in-

1924 1216 2117 1270 sistere
2165 1217 2389 1272 minime
2432 1219 2730 1276 valeamus.
2783 1222 2909 1278 Ideo
2956 1225 3309 1294 bospitalitati
3339 1267 3356 1293 ,
3410 1228 3505 1282 do-

1923 1306 2135 1370 ctrinm,
2177 1307 2634 1365 administrationi
2687 1314 3006 1381 gratiarum,
3049 1316 3130 1369 vel
3167 1321 3504 1375 communio-

1924 1412 2054 1450 num
2088 1396 2171 1450 vel
2206 1397 2529 1479 spiritalium
2567 1400 2619 1453 in
2647 1402 2942 1470 proximos,
2971 1406 3289 1477 ueterisque
3320 1407 3503 1478 hujus-

1926 1487 2090 1551 modi,
2126 1488 2250 1558 quia
2285 1489 2402 1544 hate
2441 1489 2717 1555 nimirum,
2749 1503 2803 1546 et
2842 1508 2939 1562 per
2977 1494 3210 1550 oﬂieium
3259 1499 3502 1567 corporis

1922 1590 1977 1638 ct
2011 1589 2252 1650 tempora
2290 1592 2589 1654 opportuna
2619 1586 2734 1639 tieri
2765 1602 2988 1643 necesse
3033 1596 3136 1643 est.
3174 1589 3290 1660 ipsa
3322 1598 3501 1645 autem

1924 1675 2183 1740 Charitas,
2225 1676 2379 1747 cujus
2427 1676 2705 1742 instinctu,
2748 1678 2865 1733 haec
2906 1680 3054 1735 foras
3099 1689 3352 1752 aguntur,
3383 1697 3503 1750 qum

1926 1767 2172 1823 interiori
2223 1767 2427 1823 homini
2466 1770 2748 1839 prarsidet,
2804 1786 3020 1842 semper
3069 1771 3265 1827 ibidem
3314 1773 3504 1828 haberi

1852 1838 1895 1896 Β
1926 1867 2136 1928 potest,
2181 1860 2428 1928 quamvis
2468 1838 2526 1914 in
2565 1860 2838 1931 publicum
2883 1838 2991 1917 non
3038 1878 3253 1932 semper
3290 1862 3503 1918 ostendi

1925 1956 2123 2020 potest.

1996 2053 2135 2131 Quia
2161 2064 2392 2118 charitas
2415 2066 2576 2134 operit
2601 2064 2991 2121 multitudinem
3010 2076 3364 2136 peccatorum,
3392 2076 3499 2120 etc.

1921 2155 1981 2210 in
2005 2169 2073 2211 eo
2099 2153 2489 2219 maximc,cum
2514 2155 2786 2210 veraciter
2809 2155 2920 2210 Deo
2946 2156 3147 2212 dicitur
3168 2174 3181 2209 :
3210 2156 3277 2211 Et
3304 2157 3507 2211 dimitte

1926 2246 2072 2301 nobis
2103 2245 2276 2300 debita
2311 2254 2524 2309 nostra,
2576 2246 2709 2300 sicut
2758 2257 2804 2301 et
2839 2264 2933 2301 nos
2965 2247 3278 2301 dimittimus
3310 2247 3510 2301 debito-

1925 2337 2068 2391 ribus
2101 2337 2313 2391 nostris.
2355 2336 2423 2391 Et
2460 2337 2729 2407 siquidem
2770 2350 2965 2393 cuncta
3007 2354 3172 2407 opera
3211 2337 3351 2394 bona
3382 2354 3505 2408 qua:

1924 2427 2186 2494 facimus,
2222 2426 2410 2498 culpas
2445 2442 2581 2497 quas
2617 2427 2844 2484 fecimus
2887 2430 3093 2485 diluere
3135 2437 3189 2484 et
3226 2429 3509 2499 cooperire

1923 2527 2133 2576 certum
2170 2527 2273 2575 est.
2322 2518 2430 2576 Sed
2468 2520 2574 2576 hoc
2613 2520 2735 2576 ideo
2776 2521 3085 2591 Specialiter
3125 2521 3193 2577 de
3237 2521 3505 2576 charitatc

1923 2610 2142 2676 dicitur,
2182 2624 2281 2680 per
2321 2625 2484 2680 quam
2508 2611 2771 2680 proximis
2812 2612 3036 2678 nostris,
3072 2626 3136 2667 ea
3185 2626 3306 2682 qua:
3352 2611 3508 2666 nobis

1923 2694 2143 2764 debent,
2172 2700 2457 2763 donamus,
2487 2700 2615 2770 quia
2645 2686 3006 2772 justissimum
3035 2709 3118 2756 est
3143 2702 3286 2771 apud
3313 2702 3504 2765 Deum,

1923 2799 1985 2846 ut
2016 2789 2172 2859 juxta
2220 2805 2531 2846 mensuram
2582 2790 2802 2860 pietatis
2851 2807 2957 2861 qua
3006 2791 3177 2847 mensi
3225 2790 3508 2854 fuerimus,

1925 2880 2242 2935 remetietur
2279 2880 2456 2935 nobis.
2528 2878 2682 2935 Sicut
2733 2888 2955 2937 econtra
2997 2881 3312 2936 terribiliter
3348 2881 3512 2936 duros

1923 2971 2105 3027 cordis
2130 2970 2212 3025 vir
2245 2970 2464 3040 sapiens
2494 2970 2692 3039 arguit,
2720 2971 2908 3027 dicens
2933 2989 2945 3023 :
2977 2970 3148 3026 Homo
3171 2972 3369 3025 homini
3401 2988 3513 3025 ser-

1924 3072 2007 3119 uat
2030 3064 2187 3125 iram,
2210 3072 2257 3117 et
2279 3080 2314 3117 a
2339 3061 2445 3117 Deo
2473 3062 2663 3133 quierit
2683 3061 2957 3117 medelam.
2990 3062 3100 3117 Nec
3124 3062 3505 3126 dubitandum,

1851 3204 1897 3262 C
1926 3156 2069 3226 quod
2116 3156 2171 3210 in
2215 3169 2282 3209 eo
2321 3170 2556 3225 quoque,
2595 3155 2685 3225 qui
2732 3163 2831 3224 per
2877 3155 3200 3210 cbaritatcm
3248 3155 3509 3225 quidquid

1928 3248 2070 3303 valet
2093 3262 2219 3317 erga
2246 3246 2634 3301 correctionem
2666 3246 2898 3316 proximi
2942 3245 3305 3311 admonendo,
3334 3246 3511 3300 incre-

1928 3338 2122 3408 pando,
2180 3336 2494 3406 castigando
2546 3343 2822 3404 operatur,
2873 3336 3111 3391 charitas
3164 3336 3279 3405 ipsa
3332 3335 3511 3404 operit

1929 3428 2327 3484 multitudinem
2361 3435 2730 3496 peccatorum.

2000 3540 2059 3596 Si
2087 3542 2205 3613 quis
2241 3540 2495 3612 loquitur,
2524 3542 2676 3611 quasi
2713 3556 2976 3595 sermones
3002 3538 3119 3592 Dei.
3175 3538 3394 3593 Timens
3433 3539 3513 3592 vi-

1928 3633 2138 3695 delicet,
2180 3646 2247 3686 ne
2281 3639 2477 3701 praeter
2505 3630 2833 3686 voluntatem
2862 3630 2981 3694 Dei,
3020 3629 3102 3683 vel
3132 3636 3329 3699 praeter
3367 3627 3513 3697 quod

1930 3726 1983 3779 in
2021 3725 2225 3780 sanctis
2259 3721 2561 3793 Scripturis
2588 3723 2866 3777 evidenter
2895 3720 3223 3791 praecipitur,
3257 3717 3341 3772 vel
3369 3719 3514 3772 dicat

1928 3814 2160 3885 aliquid,
2199 3815 2283 3869 vel
2321 3814 2580 3883 imperet,
2618 3821 2672 3869 et
2708 3812 3014 3867 inveniatur
3050 3820 3307 3881 tanquam
3343 3808 3513 3863 falsus

1931 3906 2085 3960 testis
2120 3906 2237 3972 Dei,
2280 3913 2375 3960 aut
2418 3904 2732 3976 sacrilegus,
2784 3901 2870 3961 vel
2918 3901 3265 3957 introducens
3309 3900 3514 3969 aliquid

1929 3995 2165 4049 alienum
2207 4012 2237 4049 a
2268 3994 2511 4050 doctrina
2541 3993 2775 4058 Domini,
2805 3992 2890 4047 vel
2919 4001 3075 4047 certe
3102 3990 3519 4059 subrelinquens

1928 4093 1985 4142 et
2008 4086 2328 4156 praeteriens
2365 4083 2569 4154 aliquid
2606 4097 2796 4137 eorum
2830 4097 2950 4152 qua:
2977 4082 3086 4136 Deo
3121 4080 3322 4150 placita
3364 4086 3513 4139 sunt,

1929 4194 2052 4232 cum
2090 4178 2207 4248 ipse
2253 4174 2696 4231 manifestissime
2745 4172 3195 4244 prmdicatoribus
3240 4169 3512 4233 veritatis,

1929 4267 1995 4323 de
2027 4266 2112 4321 his
2134 4281 2271 4336 quos
2298 4265 2366 4319 ad
2390 4264 2559 4318 vitam
2608 4263 2917 4318 imbuerant
2959 4260 3237 4332 prmcipiat
3288 4258 3505 4315 dicens:

1927 4362 2181 4416 Docentes
2201 4376 2287 4415 eos
2314 4375 2521 4414 seruare
2534 4359 2711 4414 omnia
2734 4373 3057 4429 quacunque
3086 4355 3336 4409 mandavi
3368 4354 3514 4408 vobis

1929 4452 2146 4528 (Matth.
2199 4451 2446 4524 ultimo);
2496 4452 2697 4508 etenim
2748 4466 2869 4521 qua:
2920 4451 3034 4521 ipse
3084 4449 3362 4504 mandavit
3405 4463 3512 4505 non

1854 4542 1906 4601 D
1934 4545 2056 4609 alla,
2087 4552 2145 4599 et
2176 4543 2291 4598 haec
2324 4558 2429 4597 non
2460 4558 2529 4598 ex
2553 4551 2728 4612 parte,
2760 4543 2852 4598 sed
2885 4542 3069 4597 omnia
3106 4540 3221 4596 suis
3248 4538 3513 4595 auditori-

1938 4635 2039 4691 bus
2068 4635 2136 4689 ad
2169 4634 2493 4690 servandum
2531 4634 2744 4689 tradere
2765 4631 2940 4703 jubet.

2011 4742 2070 4797 Si
2093 4742 2207 4811 quis
2236 4742 2524 4808 ministrat,
2561 4752 2811 4813 tanquam
2839 4758 2903 4797 ea:
2934 4744 3119 4795 virtute
3150 4756 3307 4812 quam
3338 4738 3512 4794 admi-

1936 4833 2126 4885 nistrat
2155 4830 2317 4886 Deus.
2358 4829 2532 4886 Tanto
2560 4830 2818 4885 humilius
2847 4828 3120 4901 impendat
3144 4828 3374 4898 quisque
3393 4840 3516 4896 pro-

1938 4924 2084 4978 ximo
2118 4924 2316 4977 bonum
2344 4936 2506 4977 onme
2541 4922 2685 4992 quod
2729 4928 2923 4990 potest,
2970 4926 3173 4990 quanto
3214 4917 3516 4974 certissime

1940 5014 2109 5076 novit,
2140 5013 2267 5083 quia
2304 5027 2337 5067 a
2363 5011 2654 5082 semetipso
2684 5027 2789 5067 non
2820 5018 2997 5081 potest
3022 5009 3222 5065 habere
3243 5009 3383 5079 quod
3410 5008 3481 5061 im
3500 5036 3513 5045 -

1938 5104 2155 5175 pendat.
3036 5114 3046 5123 ο

2014 5214 2079 5268 Ut
2112 5216 2165 5269 in
2198 5215 2437 5268 omnibus
2467 5214 2843 5284 honori/icetur
2864 5213 3005 5268 Deus
3042 5230 3135 5283 per
3160 5212 3338 5267 Iesum
3363 5210 3516 5266 Chri-

1939 5318 2096 5360 stum.
2143 5304 2303 5360 Juxta
2354 5305 2521 5374 ipsius
2565 5305 2691 5360 Jesu
2735 5306 2934 5360 Christi
2982 5317 3328 5375 prmccptum,
3372 5303 3514 5372 quod

1941 5402 2056 5455 ait:
2098 5397 2314 5453 Videant
2347 5408 2512 5453 vestra
2543 5413 2700 5468 opera
2730 5401 2885 5463 bona,
2911 5410 2959 5454 et
2979 5398 3269 5469 gloriﬁcent
3301 5394 3514 5450 Patrem

1940 5501 2162 5545 vestrum
2193 5490 2283 5560 qui
2323 5499 2397 5544 est
2438 5490 2489 5543 in
2529 5490 2670 5543 caelis
2710 5490 2925 5560 (Matth.
2963 5490 3057 5557 vt).
3118 5486 3515 5542 llonorilicatur

1938 5597 2068 5652 ergo
2092 5585 2232 5638 Deus
2276 5584 2328 5638 in
2368 5584 2577 5637 actibus
2620 5584 2840 5649 nostris,
2873 5598 2994 5639 cum
3027 5596 3185 5636 omne
3211 5580 3352 5650 quod
3381 5581 3517 5634 boue

1939 5692 2001 5729 ac
2051 5675 2344 5729 secundum
2392 5674 2719 5729 voluntatem
2778 5674 2895 5743 ejus
2944 5675 3196 5733 facitms.
3254 5686 3360 5725 non
3416 5671 3518 5727 hoc

1939 5766 2140 5822 nostris
2192 5764 2422 5827 meritis,
2454 5765 2546 5819 sed
2572 5763 2688 5830 ejus
2716 5767 2903 5835 gratiae
2935 5764 3236 5819 tribuimus.
3279 5763 3516 5819 Econtra
