3978 6428
503 309 605 364 515

1766 303 1898 359 SMA
1908 304 2113 362 RAGDI
2151 308 2439 364 ABBATIS

3643 317 3750 375 516

502 434 684 481 autem
736 423 873 479 mala
918 437 1036 491 qua:
1081 421 1346 492 gerimus,
1398 429 1598 475 nostra:
1634 419 1809 475 solum
1850 418 2065 474 malitia:
2095 424 2138 479 Α
2168 418 2458 487 pnelicarc
2492 418 2634 488 quod
2674 418 2872 483 nostis,
2911 418 3053 488 quoi
3091 427 3151 474 ut
3189 421 3351 476 modo
3390 438 3497 478 non
3542 422 3749 498 facitis,

508 516 595 572 vel
627 514 834 571 inertiae
859 512 943 568 vel
969 513 1284 583 ignorantia:
1307 512 1647 583 deputamus.

848 617 1182 659 svsucsuuu
1220 619 1454 669 JOANNIS,
1493 620 1613 659 esp.
1646 589 1736 658 iv.

578 715 597 747 ι
641 695 774 750 Cum
812 703 992 749 autem
1024 694 1236 749 venerit
1268 695 1591 764 paraclctus,
1627 709 1787 763 quem
1815 707 1916 764 ego
1949 690 2074 746 mit-

509 807 531 840 ι
575 796 685 842 tam
711 787 863 842 vobis
904 786 1113 842 aPatre
1148 786 1395 855 spiritum
1442 787 1707 851 veritatis,
1745 786 1836 856 qui
1869 787 2073 842 aPatre

506 897 525 927 ι
570 877 835 948 procedit,
873 875 964 931 ille
1009 877 1377 930 testimonium
1415 876 1719 946 perhibebit
1754 876 1821 930 de
1862 890 1967 929 me.
2009 875 2073 928 Et

508 989 527 1019 ι
572 985 671 1024 vos
710 968 1078 1023 testimonium
1119 966 1492 1037 perhibebitis,
1534 968 1657 1038 quia
1687 968 1755 1022 ab
1780 966 1934 1021 initio
1963 982 2075 1020 mc-

509 1079 527 1109 ι
574 1076 698 1114 cum
731 1060 882 1115 estis.
929 1058 1055 1114 Haec
1091 1059 1301 1115 locutus
1337 1075 1455 1114 sum
1491 1060 1666 1123 vobis,
1698 1067 1757 1113 ut
1784 1075 1888 1113 non
1919 1074 2074 1112 scan-

508 1169 528 1201 ι
575 1150 899 1205 dalizemini.
965 1147 1182 1217 Absque
1231 1149 1518 1219 synagogis
1565 1147 1764 1203 facient
1802 1164 1928 1212 vos,
1980 1148 2073 1201 sed

508 1256 529 1290 ι
574 1240 722 1293 venit
744 1240 900 1305 liora,
932 1246 991 1292 ut
1018 1239 1194 1293 omnis
1221 1239 1315 1308 qui
1355 1238 1610 1294 interﬁcit
1642 1255 1753 1305 vos,
1781 1240 2075 1295 arbitretur

512 1350 531 1384 ι
575 1332 890 1401 obsequium
913 1346 972 1387 se
995 1341 1253 1401 praestare
1277 1332 1407 1386 Deo.
1441 1331 1509 1385 Et
1535 1332 1648 1386 inec
1674 1329 1874 1386 facient
1898 1330 2070 1394 vobis,

512 1440 531 1473 ι
575 1422 701 1492 quia
744 1438 851 1477 non
897 1430 1161 1476 noverunt
1193 1420 1410 1476 Patrem
1453 1437 1627 1491 neque
1668 1438 1771 1476 me.
1826 1422 1929 1477 Sed
1962 1423 2073 1477 haec

510 1532 529 1565 ι
576 1513 785 1569 locutus
833 1528 955 1567 sum
998 1512 1171 1577 vobis,
1214 1520 1271 1566 ut
1311 1528 1431 1566 cum
1470 1514 1678 1568 venerit
1708 1514 1841 1569 hora
1886 1530 2072 1570 eorum

512 1621 532 1653 ι
580 1602 1027 1668 reminiscamini,
1054 1604 1179 1671 quia
1210 1617 1309 1671 ego
1338 1602 1449 1657 dixi
1482 1603 1650 1658 vobis.
1699 1624 1718 1656 ι

574 1691 707 1747 Cum
738 1702 910 1747 autem
944 1695 1138 1746 venerit
1162 1690 1391 1764 Spiritus
1432 1695 1757 1773 purae/etus,
1794 1713 1943 1767 quem
1980 1713 2072 1766 ego

2172 508 2309 562 illius
2326 509 2561 579 Spiritus
2586 508 2861 579 plenitudo
2888 508 3123 565 nondum
3151 512 3301 567 adest
3330 515 3503 572 vobis.

2254 597 2383 651 11ηέ
2425 597 2627 652 locutus
2670 615 2786 652 sum
2830 600 3002 664 vobis,
3029 610 3082 653 ut
3126 618 3228 655 non
3268 603 3705 664 scandalizemini
3727 626 3749 666 :

2172 692 2362 762 absque
2389 692 2666 761 sgnagogis
2697 692 2891 762 facient
2930 710 3036 748 vos.
3094 694 3319 749 Curavit
3354 713 3589 770 namque
3627 703 3751 771 pius

2172 784 2430 854 magister
2475 784 2656 838 futura
2702 784 2982 855 discipulis
3029 800 3320 855 pravorum
3372 789 3510 844 bella
3556 795 3751 860 praedi-

2171 891 2315 939 cere,
2345 891 2453 944 quo
2485 877 2662 931 minus
2692 876 2806 930 haec
2831 891 2925 931 eos
2954 878 3223 932 venientia
3261 890 3480 948 possent
3510 885 3748 938 turbare.

2175 966 2360 1019 Solent
2395 967 2539 1020 enim
2578 965 2748 1019 levius
2783 964 2913 1020 ferri
2954 966 3178 1022 adversa
3216 985 3337 1037 qua:
3370 971 3750 1038 prmsciuntur,

2172 1075 2335 1126 quam
2375 1073 2494 1127 qua:
2531 1058 2710 1113 subito
2748 1075 2814 1112 ex
2852 1058 3136 1128 desperato
3175 1062 3581 1130 superveniunt,
3614 1065 3755 1121 sicut

2175 1150 2227 1204 in
2277 1148 2521 1203 saeculari
2565 1148 2868 1202 litteratura
2918 1147 3115 1218 legitur
3155 1167 3169 1204 :
3221 1168 3241 1200 ι
3279 1149 3433 1220 Saepe
3483 1155 3753 1221 repentini

2174 1257 2331 1301 casus
2385 1240 2811 1310 perturbationis
2860 1240 3186 1295 fortissimos
3227 1257 3469 1311 quosque
3516 1243 3572 1297 in
3612 1243 3753 1298 bello

2175 1329 2373 1382 milites
2403 1328 2628 1396 fatigare
2654 1328 2849 1383 solent.
2877 1349 2895 1381 ι

2246 1417 2352 1472 Sed
2393 1420 2522 1471 venit
2560 1419 2713 1482 liora,
2750 1427 2806 1471 ut
2848 1420 3015 1472 omnis
3054 1420 3145 1489 qui
3183 1420 3430 1488 interﬁcit
3470 1439 3579 1486 vos,
3615 1423 3755 1475 arbi-

2174 1517 2339 1559 tretur
2367 1507 2669 1577 obsequium
2700 1524 2755 1561 se
2773 1517 3024 1577 pra’stare
3050 1508 3177 1562 Deo.
3208 1508 3632 1566 Arbitrabantur
3664 1515 3754 1566 ob-

2175 1596 2419 1664 sequium
2460 1612 2518 1649 se
2556 1605 2817 1664 pnestare
2851 1597 2962 1652 Deo
2990 1596 3187 1661 Judmi,
3223 1600 3275 1653 in
3318 1616 3383 1654 eo
3427 1602 3571 1670 quod
3600 1604 3756 1656 mini-

2175 1693 2317 1739 stros
2340 1678 2471 1739 Novi
2495 1686 2826 1741 Testamenti
2850 1686 2989 1742 odiis
3025 1687 3447 1758 insequebantur
3474 1700 3530 1746 et
3556 1702 3749 1749 morte.

502 1783 707 1836 mittam
734 1783 873 1837 vobis
905 1801 937 1836 a
966 1780 1126 1836 Patre
1166 1759 1300 1848 meo,
1345 1759 1600 1853 Spiritum
1628 1759 1876 1849 veritatis,
1913 1759 2069 1858 quiva

2181 1774 2283 1830 Sed
2344 1775 2491 1829 'sicut
2557 1775 2663 1831 illis
2718 1778 3086 1832 testimonium
3126 1781 3393 1852 perhibet
3440 1781 3751 1853 Apostolus,

503 1871 664 1927 Patre
683 1874 935 1944 procedit.
982 1874 1059 1927 Ex
1090 1873 1274 1927 multis
1313 1874 1487 1928 sancti
1513 1873 1790 1943 Evangelii
1823 1873 1955 1928 locis
1992 1875 2076 1929 in-

498 1964 767 2028 venimus,
795 1964 922 2034 quia
950 1962 1202 2034 discipuli
1243 1972 1370 2019 ante
1406 1966 1696 2019 adventum
1740 1966 1911 2020 sancti
1948 1965 2074 2036 Spi-

500 2056 639 2110 ritus
665 2056 845 2111 minus
878 2070 1105 2127 capaces
1134 2065 1292 2111 erant
1329 2058 1395 2111 ad
1432 2056 1833 2126 intelligendum
1878 2073 2074 2113 arcana

500 2148 695 2203 divinae
738 2148 1110 2214 sublimitatis,
1136 2149 1316 2204 minus
1353 2148 1521 2204 fortes
1570 2148 1637 2203 ad
1670 2150 1943 2205 toleranda
1982 2151 2075 2203 ad-

499 2253 658 2292 versa
693 2238 941 2303 humanae
977 2238 1283 2309 pravitatis,
1307 2239 1402 2293 sed
1434 2239 1515 2293 eis
1536 2226 1854 2293 adveniente
1866 2239 2074 2309 Spiritu

499 2344 623 2384 cum
673 2338 961 2401 augmento
1010 2332 1206 2387 divina:
1257 2332 1552 2402 agnitionis
1597 2332 1722 2386 data
1771 2341 1858 2387 est
1909 2333 2073 2387 etiam

498 2419 804 2474 constantia
855 2419 1105 2475 vincendi
1158 2421 1405 2475 humanae
1457 2420 1851 2489 persecutionis
1902 2429 2077 2475 tenta-

504 2517 706 2564 menta.
769 2509 919 2566 Unde
957 2526 1051 2567 eos
1077 2510 1314 2581 Spiritus
1351 2512 1523 2566 sancti
1561 2510 1791 2566 adventu
1831 2512 2079 2581 promisit

503 2601 840 2656 roborandos
866 2616 1004 2667 esse,
1038 2600 1123 2656 vel
1163 2601 1231 2655 ad
1260 2600 1511 2657 ﬁduciam
1541 2602 1962 2672 prmdicationis,
1991 2603 2079 2659 vel

502 2690 571 2745 ad
618 2691 974 2745 constantiam
1021 2691 1318 2761 passionis,
1372 2692 1512 2747 sicut
1565 2692 1619 2746 in
1670 2693 1785 2763 ipso
1834 2692 2077 2763 principe

501 2778 867 2850 apostolorum
903 2780 1105 2836 factum
1144 2796 1265 2837 esse
1306 2782 1673 2851 cognovimus,
1708 2783 1801 2851 qui
1830 2783 1981 2854 prius
2007 2784 2075 2838 ad

502 2871 663 2927 unius
725 2872 934 2928 ancillae
989 2888 1174 2928 vocem
1220 2872 1492 2928 Christum
1558 2874 1738 2928 timuit
1804 2874 2073 2939 conﬁteri,

501 2974 659 3029 quem
688 2968 874 3030 postea
910 2962 1085 3031 palam
1122 2970 1178 3017 et
1204 2962 1454 3017 omnibus
1488 2955 1699 3017 caeteris
1741 2963 2078 3018 constantius

404 3104 409 3107 ,
497 3056 687 3104 sancto
706 3049 914 3119 Spiritu
952 3050 1240 3106 roboratus
1277 3050 1461 3106 multis
1484 3049 1790 3106 Judzeorum
1832 3050 2071 3106 millibus

496 3138 829 3209 prmdieavit,
856 3140 931 3195 ita
964 3150 1026 3196 ut
1060 3141 1130 3197 ad
1153 3139 1270 3210 ejus
1297 3142 1734 3211 praedicationem
1770 3142 1875 3195 tria
1903 3139 2068 3195 millia

497 3230 738 3285 virorum
777 3232 1004 3302 legimus
1043 3234 1362 3299 credidisse,
1400 3243 1457 3289 et
1490 3233 1796 3303 baptizatos
1838 3246 1979 3299 esse,
2010 3243 2071 3288 et

496 3334 605 3372 non
643 3328 768 3389 post
818 3322 1044 3375 multum
1104 3324 1361 3392 temporis
1405 3325 1572 3379 etiam
1620 3326 1857 3395 quinque
1903 3326 2066 3380 millia

497 3409 813 3464 credidisse.
849 3410 1003 3477 Quod
1032 3427 1161 3466 vero
1186 3414 1297 3467 ait:
1324 3413 1428 3479 Qui
1468 3432 1501 3468 a
1526 3414 1687 3469 Patre
1725 3417 1976 3485 procedit,
2015 3428 2069 3473 et

496 3498 680 3552 statim
717 3496 1012 3566 subiunxit,
1041 3517 1195 3571 quem
1233 3520 1326 3573 ego
1354 3504 1578 3567 mittam,
1623 3505 1889 3575 signiﬁcat
1922 3506 2065 3561 enim

497 3590 641 3657 quod
691 3590 972 3659 mqualiter
1016 3592 1157 3648 idem
1199 3595 1435 3663 Spiritus
1479 3605 1694 3651 sanctus
1743 3613 1772 3651 a
1808 3596 1969 3654 Patre
2014 3610 2068 3655 et

485 3677 900 3746 l-‘ilioprocedit,
936 3690 994 3736 et
1020 3684 1299 3751 asqualiter
1338 3682 1543 3741 aPatrc
1579 3685 1772 3742 etFilio
1800 3689 2064 3756 mittitur;

498 3769 593 3822 sed
640 3776 861 3839 propter
906 3770 1305 3848 distinctionem
1348 3790 1697 3843 personarum
1742 3779 1830 3833 hic
1872 3780 2067 3835 dicitur

502 3874 532 3910 a
571 3857 730 3911 Patre
773 3858 1065 3925 procedere
1091 3901 1106 3926 ,
1148 3870 1253 3916 eta
1285 3859 1420 3919 Filio
1462 3866 1639 3931 mitti,
1685 3876 1741 3922 et
1784 3868 1836 3922 in
1877 3870 2065 3924 eadem

499 3943 846 4001 distinctione
872 3964 1223 4018 personarum
1247 3968 1406 4008 unam
1436 3970 1554 4011 esse
1582 3958 1972 4026 operationem,
2003 3976 2067 4014 ac

500 4031 829 4089 voluntatem
872 4051 1025 4091 suam
1069 4055 1192 4094 eum
1234 4038 1412 4097 Patris
1445 4045 1715 4102 voluntate
1768 4049 2063 4103 denuntiet.

499 4122 656 4179 Venit
700 4127 863 4182 etiam
910 4139 965 4184 et
1012 4146 1107 4185 sua
1154 4142 1362 4202 sponte,
1400 4136 1492 4205 qui
1542 4138 1764 4208 aequalis
1807 4147 1889 4193 est
1920 4136 2064 4194 Patri

495 4224 552 4269 et
572 4215 743 4283 Filio,
800 4234 908 4289 quo
953 4233 1311 4291 cognoscatur
1359 4241 1520 4281 unam
1574 4243 1695 4283 esse
1737 4229 2066 4302 voluntatem

494 4314 655 4376 atque
692 4312 1054 4379 olierationcm
1094 4325 1297 4372 sancta:
1329 4317 1631 4374 Trinitatis.

572 4397 695 4463 Ille,
721 4400 908 4471 inquit,
952 4408 1305 4461 testimonium
1347 4410 1629 4477 perliibebit
1665 4411 1730 4463 de
1769 4427 1870 4476 me,
1902 4421 1951 4464 et
1982 4430 2065 4466 vos

498 4492 851 4548 testimonium
882 4498 1230 4566 perhibebitis.
1267 4498 1404 4565 Quia
1433 4516 1553 4569 quae
1580 4502 1772 4571 spiritu
1800 4502 1946 4557 intus
1973 4506 2067 4559 do-

494 4590 649 4635 cente
684 4597 1055 4653 perceperunt,
1086 4588 1202 4644 hmc
1234 4590 1447 4659 abjceto
1483 4591 1675 4645 timore
1702 4593 2068 4660 praestiterunt

494 4668 627 4725 foris
652 4671 917 4742 loquendo
941 4687 996 4732 et
1015 4679 1136 4734 aliis
1166 4679 1541 4734 ministrando.
1572 4678 1688 4749 Ipse
1708 4685 2065 4752 namqucSpi-

496 4767 631 4821 ritus
676 4769 837 4824 corda
882 4787 1091 4837 eorum,
1135 4782 1191 4827 et
1239 4772 1307 4826 ad
1345 4772 1624 4826 scientiam
1671 4773 1911 4826 veritatis
1948 4775 2064 4828 illu-

492 4858 706 4925 stravit,
729 4869 784 4915 et
810 4860 877 4915 ad
905 4862 1144 4918 docenda
1173 4878 1293 4932 qua:
1319 4868 1539 4915 nossent
1566 4860 1799 4917 culmine
1820 4862 2063 4919 veritatis

494 4946 688 5002 erexit.

562 5036 695 5093 Cum
737 5049 912 5095 autem
954 5042 1149 5096 venerit
1176 5039 1483 5095 Paraeletus
1507 5082 1522 5107 ,
1580 5042 1667 5097 ille
1711 5043 2059 5099 testimonium

490 5133 773 5201 perhibebit
801 5135 866 5188 de
897 5151 996 5189 me.
1024 5133 1304 5202 Tanquam
1327 5131 1569 5189 diceret:
1595 5133 1731 5189 Odio
1758 5133 2061 5189 habuerunt

488 5231 545 5277 ct
574 5223 886 5278 occiderunt
924 5223 1189 5289 videntes,
1238 5221 1332 5275 sed
1378 5221 1483 5277 talc
1522 5224 1588 5278 de
1634 5238 1722 5279 me
1747 5223 2059 5280 Paraeletus

491 5314 857 5368 testimonium
890 5312 1210 5382 pcrhibcbit,
1242 5320 1303 5367 ut
1340 5328 1432 5369 eos
1454 5312 1614 5371 faciat
1645 5315 1698 5371 in
1728 5330 1814 5372 me
1838 5317 2056 5373 credere

490 5422 597 5463 non
629 5407 893 5461 videntes.

564 5495 631 5548 Et
668 5513 787 5558 vos,
823 5496 1014 5568 inquit,
1063 5500 1408 5556 testimonium
1446 5504 1797 5572 perhibebitis,
1829 5505 1951 5573 quia
1992 5504 2055 5556 ab

490 5589 641 5641 initio
668 5605 864 5643 mecum
895 5594 1035 5647 estis.
1091 5594 1648 5667 PerliiliebitSpiritus
1679 5606 1915 5661 sanctus,
1944 5577 2065 5666 per:

492 5672 746 5731 ltitiebitis
778 5687 829 5734 et
851 5696 966 5744 vos,
992 5682 1113 5751 quia
1138 5682 1202 5736 ab
1226 5682 1375 5738 initio
1408 5700 1613 5741 mecum
1646 5683 1801 5747 estis;
1831 5686 2055 5754 potestis

2174 1867 2568 1923 aemulationem
2594 1868 2688 1923 Dci
2716 1869 2939 1935 habent,
2975 1870 3069 1925 sed
3104 1888 3209 1925 non
3246 1874 3544 1928 secundum
3576 1876 3752 1930 scien-

2178 1957 2326 2011 tiam.
2364 1956 2710 2012 Arbitrantur
2739 1974 2868 2030 ergo
2907 1959 3037 2031 legis
3062 1963 3405 2018 aemulatores
3432 1966 3752 2036 obsequium

2175 2064 2233 2102 se
2267 2056 2525 2117 prmstare
2556 2048 2685 2115 Deo,
2728 2052 2853 2105 dum
2889 2054 3224 2122 prteconibus
3250 2056 3439 2124 gratia:
3483 2072 3646 2111 neces
3676 2058 3754 2111 in-

2174 2141 2381 2205 ferunt,
2420 2140 2515 2197 sed
2550 2141 2772 2199 frustra.
2814 2143 3012 2215 Legem
3046 2162 3165 2216 quae
3200 2162 3295 2216 per
3326 2146 3587 2202 famulum
3628 2149 3751 2203 data

2172 2241 2255 2286 est
2283 2233 2595 2300 defendunt,
2637 2235 2727 2304 qui
2771 2236 3003 2306 gratiam
3032 2251 3193 2306 quam
3241 2235 3536 2309 ipseF'ilius
3571 2238 3749 2299 offert.

2174 2323 2418 2393 accipere
2440 2332 2689 2389 renuunt,
2709 2324 2978 2380 incassum
3004 2325 3114 2381 Deo
3129 2341 3187 2380 se
3198 2325 3347 2381 Patri
3370 2326 3584 2396 placere
3609 2329 3755 2382 testi-

2174 2425 2346 2481 mant,
2390 2417 2482 2487 qui
2509 2415 2604 2471 Dei
2635 2415 2805 2471 ﬁlium
2856 2425 3224 2482 contemnere,
3270 2418 3381 2473 imo
3419 2418 3584 2473 etiam
3630 2435 3752 2489 per-

2174 2506 2326 2575 sequi
2364 2521 2429 2562 ac
2461 2506 2833 2577 blasphemare
2869 2507 3133 2563 laborant.
3163 2509 3278 2563 Duo
3315 2509 3451 2564 dixit
3488 2508 3597 2564 illis
3633 2527 3753 2565 esse

2173 2604 2400 2650 ventura
2435 2611 2465 2650 a
2490 2595 2722 2662 Judzeis,
2763 2597 2816 2652 id
2853 2605 2958 2662 est,
3000 2605 3060 2653 ut
3090 2613 3185 2654 eos
3221 2606 3375 2653 extra
3422 2615 3751 2671 synagogam

2175 2687 2438 2754 facerent,
2467 2696 2523 2744 et
2555 2697 2615 2742 ut
2643 2704 2739 2745 eos
2773 2689 3164 2756 interﬁcerent,
3195 2705 3313 2760 quae
3345 2692 3509 2745 etiam
3546 2693 3615 2745 ad
3657 2708 3754 2745 eu-

2176 2777 2379 2833 mulum
2408 2778 2771 2834 damnationis
2812 2779 2956 2835 illius
2988 2779 3169 2851 populi
3197 2780 3557 2851 pertinebant,
3594 2788 3650 2835 et
3681 2781 3751 2834 ad

2175 2869 2405 2925 salutem
2428 2870 2665 2941 gentium
2693 2868 2973 2940 profutura
2998 2870 3257 2937 fuissent,
3301 2871 3442 2925 sicut
3467 2869 3750 2929 Paulusiin

2174 2958 2399 3015 Actibus
2428 2960 2792 3030 apostolorum
2834 2960 2938 3015 illis
2980 2959 3180 3015 ludatis
3219 2961 3398 3015 dixit:
3436 2961 3573 3027 Quia
3606 2962 3749 3015 indi-

2174 3065 2302 3118 gnos
2325 3065 2411 3103 vos
2433 3049 2584 3103 verbo
2605 3049 2702 3103 Dei
2732 3049 2946 3119 fecistis,
2971 3065 3085 3103 ecce
3107 3050 3455 3104 convertimur
3482 3050 3552 3105 ad
3574 3061 3750 3120 gentes

2173 3137 2312 3210 (Act.
2342 3139 2485 3210 xui).
2521 3138 2612 3194 Sic
2639 3140 2782 3195 enim
2811 3141 3072 3211 prmcepit
3111 3141 3268 3196 nobis
3294 3140 3589 3195 Dominus:
3614 3140 3753 3194 Ecce

2168 3231 2288 3285 dedi
2322 3241 2372 3285 te
2401 3232 2456 3285 in
2488 3230 2656 3286 lucem
2688 3232 2943 3301 gentium,
2974 3241 3030 3285 ut
3060 3232 3131 3286 sis
3166 3231 3311 3285 salus
3347 3247 3462 3285 mea
3496 3247 3655 3302 usque
3677 3230 3750 3283 ad

2167 3332 2455 3376 extremum
2486 3331 2639 3376 teme
2662 3322 2796 3394 (Isa.
2830 3322 3000 3393 χιιι).
3044 3321 3320 3392 Sequitur.

2238 3411 2304 3464 Et
2331 3411 2440 3464 hrec
2463 3412 2678 3482 facient,
2704 3412 2826 3483 quia
2854 3430 2956 3466 non
3002 3422 3249 3467 noverunt
3276 3428 3355 3466 me
3381 3453 3396 3477 ,
3449 3429 3612 3482 neque
3639 3412 3748 3465 Pa-

2166 3514 2297 3557 trem
2324 3520 2516 3557 meum.
2542 3504 2678 3570 Quia
2706 3504 2849 3558 enim
2889 3504 3055 3559 Filius
3082 3505 3134 3559 in
3162 3504 3339 3568 Patre,
3381 3513 3437 3559 et
3458 3503 3621 3558 Pater
3665 3514 3753 3559 est

2168 3594 2220 3647 ia
2248 3593 2403 3657 Filio,
2435 3602 2492 3647 et
2509 3593 2601 3662 qui
2624 3593 2769 3647 videt
2799 3593 3025 3658 Filium,
3069 3594 3212 3650 videt
3242 3603 3297 3649 et
3328 3593 3563 3655 Patrem,
3603 3603 3753 3663 patet

2166 3684 2428 3754 profecto,
2445 3686 2572 3754 quia
2602 3686 2908 3756 quicunque
2928 3686 3048 3741 Filii
3072 3688 3444 3742 credulitatem
3475 3688 3749 3742 obstinate

2170 3774 2441 3843 rejiciunt,
2474 3793 2571 3831 nec
2596 3777 2812 3831 Patrem
2838 3794 2997 3834 nosse
3027 3779 3341 3850 probantur.

2241 3864 2345 3919 Sed
2373 3864 2483 3919 Iure
2523 3865 2723 3919 locutus
2752 3884 2868 3920 sum
2901 3869 3040 3923 vobis
3070 3910 3085 3935 ,
3134 3879 3190 3921 ut
3219 3886 3336 3922 cum
3367 3872 3559 3924 venerit
3614 3872 3745 3925 hora

2166 3972 2368 4022 eorum,
2402 3957 2828 4024 reminiscamini,
2852 3965 2957 4013 etc.
2994 3957 3183 4028 Magna
3238 3959 3536 4015 consolatio
3564 3970 3648 4015 est
3671 3962 3749 4015 di-

2167 4045 2514 4114 scipulorum,
2546 4058 2605 4101 ut
2649 4049 3061 4104 reminiscerent
3110 4058 3233 4105 ante
3284 4050 3538 4119 przedicta
3566 4068 3686 4106 esse
3713 4069 3743 4105 a

2169 4137 2427 4206 magistro
2454 4154 2572 4207 qua:
2610 4140 2821 4209 passuri
2846 4149 3046 4206 essent,
3076 4150 3138 4196 ut
3164 4141 3410 4197 eumdem
3442 4158 3499 4197 se
3544 4145 3746 4199 scirent

2171 4232 2368 4287 habere
2394 4231 2715 4300 adjutorem,
2747 4242 2802 4288 et
2838 4243 3317 4299 remuneratorem,
3342 4251 3440 4305 pro
3460 4232 3616 4304 cujus
3655 4254 3744 4291 no-

2170 4324 2311 4379 mine
2338 4324 2461 4379 talia
2491 4342 2744 4396 passuros
2772 4343 2828 4382 se
2854 4344 2993 4394 esse,
3016 4332 3332 4399 praedictum
3363 4340 3446 4383 est
3474 4331 3594 4385 illis.

2243 4412 2373 4468 Ha'c
2410 4418 2473 4468 ab
2497 4415 2644 4469 initio
2681 4416 2821 4470 vobis
2854 4436 2954 4472 non
2977 4419 3111 4485 dixi,
3134 4421 3255 4491 quia
3294 4421 3553 4473 vobiscum
3578 4438 3737 4474 eram.

2171 4502 2301 4569 Qua:
2337 4512 2465 4558 sunt
2490 4519 2607 4573 qua‘
2631 4506 2698 4560 ab
2728 4506 2882 4562 initio
2913 4507 3016 4562 illis
3047 4525 3152 4563 non
3182 4497 3316 4563 dixit
3338 4510 3498 4562 etiam
3551 4510 3615 4563 de
3631 4510 3737 4577 Spi-

2171 4594 2274 4647 ritu
2304 4604 2513 4663 sancto,
2537 4612 2695 4666 quem
2733 4599 2995 4653 missurus
3020 4608 3137 4654 erat
3177 4600 3278 4654 illis
3320 4618 3347 4654 a
3373 4602 3558 4665 Patre,
3599 4606 3651 4653 et
3678 4602 3740 4654 de

2167 4686 2531 4743 consolatione
2556 4698 2610 4744 et
2637 4689 3044 4745 conﬁrmatione
3068 4691 3558 4761 ιιίιιςτιρηιερίνὶιιιε
3583 4730 3599 4756 ,
3636 4707 3739 4758 quo

2166 4777 2475 4833 consolandi
2503 4787 2556 4834 et
2593 4781 2880 4834 roborandi
2931 4781 3205 4835 fuissent?
3238 4780 3306 4835 Ut
3334 4781 3514 4835 omnia
3559 4784 3737 4835 mundi

2166 4865 2407 4930 adversa,
2442 4868 2524 4922 vel
2555 4867 2859 4923 Judzeorum
2906 4871 3154 4925 scandala
3197 4879 3250 4924 et
3297 4871 3697 4940 persecutiones
3721 4910 3734 4933 ,

2161 4957 2331 5012 libero
2387 4959 2568 5014 animo
2631 4959 2923 5016 formidare
2963 4978 3068 5016 non
3111 4962 3437 5016 debuissent.
3499 4962 3624 5017 ll:ec
3674 4965 3738 5017 ab

2161 5048 2316 5103 initio
2347 5065 2451 5103 non
2479 5049 2609 5115 dixi,
2642 5051 2769 5120 quia
2798 5052 3074 5106 vobiscum
3110 5068 3278 5116 eram,
3304 5052 3429 5122 quia
3459 5068 3577 5107 mea
3604 5067 3739 5121 pm:—

2159 5137 2337 5192 sentia
2368 5138 2748 5193 consolabatur
2776 5155 2890 5195 vos.

2788 5247 3107 5288 CONCORDIA.

2229 5320 2456 5376 lstarum
2479 5309 2707 5379 duarum
2736 5324 2791 5379 in
2818 5323 3099 5380 cbaritatis
3128 5324 3309 5380 ofﬁcio
3361 5325 3420 5379 ﬁt
3448 5324 3733 5381 concordia

2160 5412 2467 5467 lectionum.

2502 5503 2567 5557 ΙΝ
2609 5503 2921 5560 SABBATO
2958 5504 3375 5560 PENTECOST.

2284 5650 2289 5655 ,
2350 5611 2539 5649 LECTIO
2577 5610 2787 5649 ACTUULI
2826 5612 3235 5661 APOSTOLORUM,
3277 5612 3392 5650 CAP.
3433 5613 3547 5652 ΧΙΧ.

2238 5708 2252 5737 ι
2292 5688 2508 5743 Factum
2534 5700 2609 5745 cst
2639 5706 2756 5746 cum
2787 5691 2971 5761 Apollo
3003 5702 3145 5746 esset
3169 5692 3431 5757 Corinthi,
3463 5703 3521 5747 ut
3543 5692 3735 5746 Paulus
