3978 6430
278 380 385 439 δι’)
1101 338 1617 430 COLLELITIONES
1656 373 1720 427 ιδ
1764 369 2139 430 ΕΡῙΒΤΜΑΞ
2177 378 2264 432 ET
2304 380 2711 438 EVANGELIA.
3171 340 3184 353 .
3427 392 3530 447 518

287 509 308 543 ι
339 486 643 560 peragratis
658 482 1025 553 superioribus
1046 483 1309 552 partibus,
1326 483 1535 537 veniret
1554 482 1846 552 Ephesum,
1882 486 1925 540 Α
1957 489 2061 534 tur.
2119 483 2184 539 Ut
2215 487 2305 554 qui
2330 488 2643 546 illecebrosa
2686 496 3034 563 persuasione
3065 516 3182 564 s::a,
3208 506 3420 573 generis
3443 508 3535 560 bu-

286 600 310 634 ι
345 588 401 635 et
434 576 700 633 inveniret
722 572 982 643 quosdam
1010 573 1332 642 discipulos,
1365 573 1607 641 dixitque
1634 572 1700 626 ad
1732 588 1855 627 eos:

285 691 310 725 ι
346 670 402 726 Si
412 668 668 740 Spiritum
682 675 925 723 sanctum
941 665 1229 734 accepistis
1254 665 1570 720 credentes?
1598 665 1666 718 At
1680 665 1752 719 illi
1774 665 1854 719 di-

284 781 308 815 ι
346 769 577 816 xerunt:
616 757 722 814 Sed
746 772 919 826 neque
944 755 1229 826 siSpiritus
1269 764 1486 810 sanctus
1529 764 1613 810 est
1662 756 1861 810 audivi-

283 874 306 907 ι
339 869 478 908 mus.
502 851 594 905 llle
619 865 749 905 vero
771 849 883 905 ait:
914 848 970 902 In
999 862 1105 917 quo
1124 862 1253 918 ergo
1281 847 1537 917 baptizati
1566 848 1731 902 estis?
1759 846 1861 914 Qui

282 962 306 996 ι
346 943 600 998 dixerunt
634 957 647 993 :
687 939 747 994 In
799 936 1021 994 Joannis
1081 938 1422 1009 baptismate.
1494 938 1637 992 Dixit
1678 947 1862 993 autem

287 1054 307 1084 ι
342 1032 579 1086 Paulus:
608 1029 843 1086 Joannes
885 1029 1181 1097 baptizavit
1226 1027 1499 1097 baptismo
1537 1029 1864 1099 pmnitentiac

284 1143 306 1175 ς
340 1122 629 1194 populum,
670 1121 890 1176 dicens:
933 1120 986 1174 in
1021 1134 1145 1174 cum
1203 1120 1294 1189 qui
1324 1128 1583 1174 venturus
1624 1128 1706 1175 est
1746 1128 1865 1190 post

284 1234 306 1265 ι
347 1216 518 1284 ipsum
549 1221 608 1267 ut
630 1212 930 1276 ered3rent,
958 1212 1061 1266 hoc
1086 1219 1169 1265 est
1193 1211 1247 1264 in
1278 1209 1482 1266 Jesum.
1525 1210 1619 1266 llis
1648 1211 1863 1276 auditis,

286 1324 306 1356 ι
340 1303 595 1374 baptizati
640 1310 767 1357 sunt
813 1301 865 1355 in
894 1301 1110 1357 nomine
1148 1301 1357 1355 Domini
1405 1298 1531 1356 Iesu
1558 1342 1572 1365 ,
1625 1309 1682 1355 et
1738 1317 1859 1355 cum

287 1412 307 1443 ε
344 1390 689 1461 imposuisset
732 1388 837 1443 illis
882 1404 1073 1443 manus
1116 1388 1339 1453 Paulus,
1370 1389 1517 1445 venit
1572 1404 1732 1459 super
1774 1404 1869 1444 cos

286 1502 304 1531 ι
330 1483 565 1552 Spiritus
586 1487 825 1544 sanctus,
856 1487 912 1534 et
956 1479 1313 1549 loquebantur
1342 1478 1540 1550 linguis
1563 1488 1617 1535 et
1645 1481 1870 1549 prophe-

287 1595 305 1625 ι
345 1576 549 1630 tabant.
590 1573 765 1628 Erant
810 1580 990 1627 autem
1039 1587 1228 1628 omnes
1264 1572 1365 1626 viri
1398 1571 1512 1627 fere
1566 1573 1866 1628 duodecim.

285 1686 306 1715 ι
340 1666 706 1735 lntrogressus
731 1671 911 1718 autem
951 1678 1298 1733 synagogam,
1316 1680 1438 1718 eum
1463 1663 1659 1719 ﬁducia
1687 1665 1871 1734 loque-

287 1777 306 1806 ι
343 1756 520 1820 batur,
551 1769 648 1824 per
692 1762 803 1809 tres
852 1768 1087 1818 menses,
1110 1753 1164 1808 di
1196 1762 1411 1825 putans,
1443 1763 1498 1809 et
1521 1754 1759 1810 suadens
1805 1756 1873 1811 de

286 1868 306 1898 ι
345 1861 511 1915 regno
533 1845 650 1900 Dei.
691 1864 711 1897 ι

357 1937 582 1991 Factum
603 1945 701 2001 est,
735 1952 853 1990 cum
879 1934 1064 2006 Apollo
1089 1945 1219 1990 esset
1250 1935 1521 2002 Corinthi,
1574 1947 1629 1991 ut
1664 1935 1867 1993 Paulus

279 2026 573 2098 peragratis
594 2024 951 2096 superioribus
995 2024 1256 2094 partibus,
1282 2026 1473 2080 veniret
1503 2025 1789 2097 Ephesum,
1817 2035 1866 2080 et

280 2117 533 2171 inveniret
555 2115 810 2187 quosdam
831 2112 1137 2184 discipulos,
1161 2113 1395 2185 dixitque
1416 2115 1486 2169 ad
1517 2132 1602 2169 eos
1620 2129 1639 2168 :
1664 2113 1724 2170 Si
1755 2115 1871 2186 Spi-

283 2210 445 2262 ritum
470 2216 709 2260 sanctum
753 2205 1023 2276 accepistis
1052 2205 1357 2259 credentes?
1384 2205 1450 2259 At
1487 2206 1569 2260 illi
1600 2207 1867 2273 dixerunt,

282 2307 394 2353 etc.
423 2297 525 2367 (Ex
546 2294 729 2376 Beda.)
747 2294 879 2350 Cum
897 2294 1149 2350 Ecclesim
1170 2294 1354 2365 regula
1377 2296 1466 2360 sit,
1483 2294 1667 2351 ﬁdeles
1694 2296 1746 2350 in
1776 2312 1873 2351 no-

286 2390 437 2445 mine
462 2397 660 2444 sanctaa
690 2386 975 2443 Trinitatis
997 2387 1284 2458 baptizari,
1314 2389 1577 2459 quaeritur
1605 2388 1872 2459 quomodo

285 2478 572 2550 Lucaspcr
587 2488 756 2534 totum
784 2478 947 2533 libelli
966 2478 1340 2550 bujustcxtum
1366 2495 1471 2534 non
1500 2478 1678 2545 aliter,
1702 2494 1865 2549 quam

288 2571 346 2625 in
387 2570 603 2625 nomine
626 2568 755 2625 Jesu
777 2567 978 2625 Christi
1008 2609 1023 2635 ,
1077 2569 1404 2639 baptismum
1458 2567 1577 2623 dari
1626 2577 1869 2625 testetur.
1932 2582 1935 2585 '

287 2665 443 2732 Quod
466 2664 541 2718 ita
565 2665 754 2719 beatus
775 2661 1094 2717 Ambrosius
1119 2661 1300 2726 solvit,
1322 2659 1449 2731 quia
1490 2674 1585 2731 per
1607 2659 1872 2715 unitatem

291 2755 810 2827 nominisimpletum
826 2753 1139 2826 mysterium
1160 2755 1252 2819 sit,
1271 2753 1363 2824 qui
1381 2754 1494 2808 sive
1507 2752 1786 2809 Christum
1801 2752 1877 2807 di-

292 2855 479 2912 cas,et
502 2847 669 2901 Deum
693 2845 929 2908 Patrem,
945 2859 1054 2913 quo
1073 2851 1270 2899 unctus
1294 2851 1380 2898 est
1407 2841 1598 2908 Filius,
1625 2853 1682 2897 et
1700 2842 1876 2913 ipsum

289 2936 385 3005 qui
420 2944 612 2990 unctus
636 2934 827 2989 Filium
850 2942 905 2989 et
929 2933 1190 3005 Spiritum
1221 2948 1329 3004 quo
1350 2940 1545 2989 unctus
1569 2942 1654 2989 est
1678 2974 1692 2998 ,
1741 2933 1877 2988 desi-

291 3025 491 3096 gnasti.
528 3024 803 3095 Scriptum
829 3033 914 3079 est
942 3023 1086 3079 enim
1112 3043 1125 3078 :
1152 3022 1338 3078 Jesum
1365 3040 1398 3078 α
1426 3023 1719 3090 Nazareth,
1748 3040 1878 3102 quo;

1962 573 2128 635 inanti,
2156 574 2245 640 qui
2277 576 2330 629 in
2355 578 2649 646 primordio
2674 587 2755 637 sui
2799 588 3121 658 spiraculum
3148 592 3267 648 vita:
3313 612 3535 668 accepe-

1964 675 2068 729 rat,
2098 664 2371 720 habitator
2393 679 2531 733 erat,
2571 670 2685 739 ejus
2713 676 2909 733 virtute
2967 691 3020 736 et
3052 688 3416 744 sacratissimo
3443 664 3536 746 -δὶ-

1961 771 2066 850 gno
2216 758 2576 850 ministerium
2623 768 2958 824 sacerdotum
2979 775 3127 831 exire
3147 788 3386 850 cogatur.
3432 784 3534 850 Qui

1961 856 2018 900 et
2046 845 2099 900 in
2125 847 2416 917 discipulos
2436 866 2561 907 suos
2581 854 2901 925 insulllasse,
2916 871 2970 916 et
2984 866 3204 933 spiritus
3218 845 3538 930 immundos

1966 934 2279 1005 increpasse
2304 937 2516 1009 legitur.
2553 940 2703 999 Unde
2741 955 2797 1000 et
2828 952 3167 1008 exorcizatur
3206 959 3346 1015 idem
3387 963 3539 1019 mali-

1967 1041 2104 1098 gnus
2132 1029 2373 1099 spiritus,
2406 1040 2464 1086 ut
2490 1043 2648 1089 exeat
2674 1046 2729 1092 et
2753 1043 2968 1097 recedat
3006 1046 3074 1101 ab
3113 1048 3201 1102 illo
3234 1051 3496 1120 plasmate
3523 1099 3537 1120 ,

1965 1120 2107 1216 quod
2157 1120 2471 1216 jamdudum
2498 1141 2596 1196 per
2625 1141 2905 1199 peccatum
2933 1138 3091 1205 primi
3118 1141 3351 1199 hominis
3373 1150 3541 1216 possi-

1966 1212 2143 1266 debat.
2171 1213 2236 1269 Et
2257 1216 2383 1284 quia
2422 1234 2524 1273 non
2553 1230 2659 1286 est,
2698 1222 2850 1291 juxta
2878 1227 3191 1295 Apostolum
3219 1274 3233 1297 ,
3275 1212 3540 1291 con—ventio

1966 1300 2162 1397 Christi
2192 1315 2239 1359 et
2266 1306 2457 1374 Belial,
2482 1327 2573 1364 nec
2593 1314 2814 1369 societas
2836 1314 2942 1371 luci
2963 1320 3032 1371 ad
3065 1323 3303 1378 tenebras
3321 1366 3335 1390 ,
3390 1343 3542 1397 egre-

1968 1393 2186 1485 diantur
2215 1399 2449 1454 tencbrze
2491 1409 2545 1455 et
2590 1402 2680 1457 lux
2710 1419 2836 1459 vera
2888 1407 3135 1466 Christus
3192 1393 3540 1485 ingrediatur.

1969 1483 2313 1541 Exoreismus
2360 1500 2622 1558 prmterea
2670 1503 2754 1549 est
2785 1512 2965 1553 sermo
3014 1483 3391 1571 increpationis
3432 1509 3545 1564 sive

1969 1574 2376 1643 conjurationis.
2406 1580 2557 1636 Unde
2577 1592 2632 1638 et
2655 1586 2705 1639 in
2732 1586 2958 1643 Actibus
2994 1594 3359 1661 apostolorum
3389 1613 3546 1652 exor-

1970 1665 2123 1721 cistaa
2148 1666 2314 1724 fuisse
2339 1669 2746 1745 leguntur(Act.
2782 1680 2931 1751 xix),
2973 1695 3029 1738 et
3072 1699 3259 1744 saneta
3308 1691 3544 1749 Ecclesia

1973 1755 2118 1810 inter
2156 1758 2355 1825 gradus
2403 1763 2797 1823 ecclesiasticos
2824 1774 3401 1837 exorcistarumctiam
3448 1786 3548 1839 mi-

1897 1847 1945 1905 B
1974 1846 2256 1942 nisterium
2302 1852 2482 1908 habet.
2518 1855 2806 1914 Sciendum
2856 1878 3085 1935 namque
3134 1880 3236 1936 est,
3267 1873 3392 1942 quia
3423 1890 3546 1930 cum

1970 1940 2297 2033 exorcizatio
2324 1942 2415 2009 sit,
2446 1943 2534 1999 ille
2553 1948 2740 2016 procul
2772 1950 2932 2007 dubio
2956 1940 3312 2028 exorcizatur,
3356 1964 3447 2033 qui
3494 1975 3549 2021 et

1969 2029 2279 2101 baptismati
2333 2045 2388 2089 et
2414 2035 2574 2091 saluti
2605 2037 2859 2109 ﬁdelium,
2885 2052 2940 2099 et
2969 2049 3221 2105 omnibus
3249 2029 3545 2110 virtutibus

1969 2124 2277 2180 contrarius
2334 2134 2435 2182 est.
2482 2127 2578 2184 Illo
2627 2132 2770 2187 enim
2812 2136 3151 2205 exoreizato,
3208 2142 3321 2198 sive
3366 2146 3548 2216 expul-

1971 2230 2054 2280 so,
2086 2215 2254 2271 divini
2284 2217 2436 2273 verbi
2465 2220 2867 2278 condimentum
2899 2227 3246 2286 credentibus
3275 2233 3452 2289 datur.
3486 2235 3553 2291 Et

1973 2307 2192 2372 idcirco,
2224 2308 2279 2363 hi
2308 2309 2400 2378 qui
2432 2309 2740 2381 baptizandi
2774 2324 2918 2384 sunt,
2945 2318 3112 2374 salem
3138 2320 3191 2376 in
3214 2335 3553 2382 sacramento

1972 2398 2263 2469 accipiunt,
2284 2407 2346 2454 ut
2374 2401 2492 2472 ejus
2520 2411 2678 2472 gustu
2714 2405 3114 2465 condimentum
3140 2413 3419 2487 sapientiae
3436 2431 3554 2486 per-

1974 2489 2195 2560 cipiant,
2231 2507 2405 2562 neque
2432 2508 2463 2546 a
2500 2508 2694 2564 sapore
2720 2495 2923 2554 Christi
2948 2500 3236 2571 desipiant,
3265 2513 3320 2559 et
3340 2507 3449 2561 sint
3468 2509 3553 2562 in-

1973 2584 2105 2638 sulsi
2131 2594 2186 2651 et
2210 2584 2360 2641 fatui.
2395 2587 2522 2643 Post
2543 2590 3000 2647 exoreizationem
3024 2603 3078 2648 et
3125 2595 3553 2653 exsuﬁlationem

1974 2677 2200 2746 symboli
2248 2680 2490 2748 sequitur
2543 2682 2780 2737 traditio.
2827 2682 2981 2751 Quod
3027 2686 3328 2758 symbolum
3369 2689 3559 2746 Graece

1973 2768 2245 2839 σύμϐοὖον,
2278 2767 2468 2824 Latine
2497 2769 2754 2825 indicium
2807 2772 2893 2828 vel
2930 2774 3142 2843 signum
3168 2816 3183 2841 ,
3232 2777 3316 2833 vel
3346 2779 3559 2835 collatio

1977 2857 2377 2928 interpretatur.
2417 2858 2677 2914 Indicium
2699 2900 2713 2925 ,
2758 2862 2883 2932 quia
2918 2878 3015 2933 per
3043 2865 3097 2920 id
3134 2858 3404 2921 indicatur
3432 2869 3555 2923 ﬁdei

1977 2950 2277 3018 integritas.
2328 2950 2571 3022 Signum,
2613 2953 2757 3021 quod
2783 2969 2850 3010 eo
2885 2956 3023 3012 bene
3050 2968 3261 3015 retento
3306 2968 3363 3015 et
3401 2962 3557 3016 intel-

1978 3040 2138 3108 lecto,
2171 3040 2356 3098 ﬁdeles
2398 3043 2466 3098 ab
2501 3044 2807 3103 inﬁdelibus
2851 3046 3251 3103 discernuntur.
3292 3048 3556 3117 Collatio,

290 3120 445 3174 modo
474 3121 624 3173 unxit
649 3135 768 3173 eum
809 3117 950 3172 Deus
980 3115 1182 3188 Spiritu
1234 3125 1434 3170 sancto.
1486 3113 1613 3171 Sive
1661 3114 1876 3170 Patrem

1979 3133 2104 3202 quia
2127 3133 2179 3187 in
2204 3148 2269 3188 eo
2292 3135 2520 3205 apostoli
2541 3152 2755 3193 omnem
2791 3137 3157 3210 integritatem
3185 3113 3554 3197 contulerunt.

290 3212 461 3277 dicas,
488 3220 543 3267 et
565 3210 757 3265 Filium
787 3208 921 3279 ejus,
946 3208 1276 3280 etSpiritum
1296 3209 1409 3264 oris
1433 3209 1642 3278 pariter
1670 3208 1873 3263 indica—

1977 3223 2131 3290 Quod
2162 3232 2342 3279 autem
2369 3241 2560 3282 omnes
2603 3228 2721 3298 pari
2753 3227 2876 3284 ﬁdei
2901 3229 3213 3301 sinceritate
3234 3232 3398 3288 corde
3432 3235 3559 3287 reti-

290 3304 383 3366 sti.
410 3304 454 3357 si
487 3311 664 3394 tamen
718 3303 769 3358 id
807 3302 971 3394 etiam
1025 3301 1189 3394 εἱσι·άο
1241 3301 1704 3394 οοῐηβτθιὶθιιάαδ)
1759 3298 1874 3394 ξίδίθ
1974 3316 2195 3382 nebant,
2227 3333 2320 3372 ore
2342 3318 2573 3374 confessi
2599 3329 2745 3387 sunt,
2773 3328 2828 3377 et
2853 3298 3320 3394 singuliproprias
3346 3333 3561 3381 senten—

290 3394 552 3465 Spiritnm
575 3393 748 3459 dicas,
776 3401 832 3449 et
853 3393 1021 3447 Deum
1035 3392 1277 3459 Patrem,
1295 3408 1325 3446 a
1349 3407 1455 3462 quo
1480 3392 1727 3462 procedit
1754 3391 1875 3463 Spi-

288 3487 448 3551 ritus,
476 3492 532 3539 et
557 3483 770 3550 Filium,
801 3484 927 3554 quia
951 3482 1073 3538 Filii
1123 3478 1337 3554 quoque
1364 3489 1417 3537 ct
1461 3482 1697 3553 Spiritus
1738 3498 1877 3536 nun-

291 3575 522 3645 cupasti,
554 3582 613 3628 ut
642 3573 831 3628 rationi
871 3572 1152 3642 copuletur
1199 3572 1515 3627 auctoritas.
1563 3570 1622 3625 In
1669 3570 1875 3640 Spiritu

291 3679 504 3733 quoque
536 3672 680 3718 recte
708 3663 969 3734 baptizari
1002 3678 1159 3733 posse
1210 3662 1490 3732 Scriptura
1518 3662 1746 3725 indicat,
1802 3661 1877 3715 di-

292 3764 450 3812 cente
481 3755 745 3811 Domino:
788 3753 890 3809 Vos
920 3763 1093 3808 autent
1140 3752 1535 3824 baptizubimini
1580 3752 1636 3805 in
1675 3751 1876 3821 Spiritu

292 3857 498 3913 sancto,
523 3856 583 3902 ut
607 3846 896 3918 Apostolus
925 3846 1001 3900 ait
1025 3864 1038 3899 ε
1064 3844 1256 3899 Omnes
1290 3845 1427 3898 enim
1452 3843 1506 3896 in
1533 3843 1642 3913 ipso
1664 3854 1877 3919 corpore

293 3939 349 3991 in
386 3955 489 3992 uno
511 3936 710 4008 Spiritu
747 3935 994 4007 baptismi
1025 3951 1226 3988 sumus.
1256 3933 1429 3987 Aliter
1457 3932 1725 4002 praecipue
1755 3945 1880 3985 con-—

294 4030 443 4101 gruit
462 4044 560 4084 nos
591 4029 642 4083 in
671 4027 887 4083 nomine
923 4025 1134 4080 Domini
1169 4023 1293 4079 Jesu
1334 4024 1535 4080 Christi
1565 4020 1830 4090 baptizari
1856 4060 1872 4084 ,

294 4121 443 4191 quia,
468 4120 607 4175 sicut
630 4117 921 4189 Apostolus
935 4117 1048 4171 ait:
1078 4113 1386 4185 Quicunque
1415 4112 1667 4183 baptizati
1694 4127 1877 4165 sumus

294 4214 352 4266 in
372 4210 579 4265 Christo
602 4208 750 4275 Jesu,
773 4209 829 4263 in
852 4216 1016 4261 morte
1054 4206 1218 4277 ipsius
1267 4204 1517 4274 baptizati
1539 4218 1736 4263 sumus,
1769 4209 1874 4255 etc.

299 4301 476 4374 (Rom.
505 4302 603 4373 vr).

366 4392 681 4463 Quicunque
708 4392 851 4447 enim
872 4391 939 4446 ad
972 4388 1242 4462 apostolos
1264 4388 1548 4443 credentes
1575 4383 1879 4455 baptizandi

1976 3409 2079 3463 tias
2098 3408 2458 3477 conferentes,
2496 3410 2814 3482 symbolum,
2850 3412 2904 3468 id
2940 3421 3043 3478 est,
3062 3414 3229 3470 totius
3249 3414 3371 3470 ﬁdei
3398 3416 3561 3471 colla-

1979 3500 2181 3555 tionem
2219 3501 2522 3556 ediderunt.
2558 3501 2860 3558 Discessuri
2885 3503 3030 3559 enim
3053 3502 3122 3561 ab
3147 3505 3404 3573 invicem,
3435 3522 3562 3562 nor-

1976 3607 2121 3669 mam
2150 3591 2344 3646 l‘uturae
2364 3592 2760 3661 praedicationis
2801 3593 2857 3647 in
2896 3593 3169 3665 communi
3211 3604 3515 3650 statuerunt
3544 3637 3559 3658 ,

1976 3698 2044 3738 ne
2072 3682 2313 3738 localiter
2327 3684 2396 3738 ab
2422 3684 2655 3739 invicem
2677 3685 3016 3741 discedentes
3029 3685 3298 3745 diverSUm
3322 3686 3558 3756 aliquod,

1980 3768 2062 3831 vel
2088 3776 2365 3833 dissonum
2409 3777 2789 3847 praedicarent.
2828 3779 3280 3835 Decentissimum
3329 3796 3562 3850 namque

1976 3875 2032 3924 et
2055 3868 2185 3925 utile
2216 3877 2355 3934 erat,
2372 3877 2434 3923 ut
2454 3868 2651 3940 quibus
2685 3878 2805 3924 erat
2831 3869 3011 3924 anima
3037 3887 3164 3937 una,
3194 3881 3247 3927 et
3273 3888 3369 3928 cor
3394 3889 3562 3928 unum

1979 3957 2031 4011 in
2064 3957 2309 4023 Domino,
2337 3964 2394 4011 et
2419 3972 2554 4027 quos
2574 3956 2995 4028 sanctiSpiritus
3008 3960 3220 4017 adlatus
3248 3964 3556 4032 vegetabat,

1977 4055 2033 4100 et
2061 4045 2185 4101 ﬁdei
2230 4046 2394 4101 etiam
2426 4046 2584 4102 unius
2611 4046 2881 4103 confessio
2914 4060 3221 4107 exornaret.
3252 4052 3364 4107 Nec
3390 4056 3556 4118 enim,

1978 4135 2260 4201 dirimi,in
2297 4135 2477 4204 aliquo
2514 4136 2595 4191 vel
2641 4144 2923 4206 poterant,
2964 4140 3049 4195 vel
3104 4141 3412 4208 debebant,
3467 4147 3559 4215 qui

1978 4226 2136 4281 unius
2166 4225 2287 4280 ﬁdei
2316 4224 2530 4281 vinculo
2587 4228 2960 4283 nectebantur.
3017 4229 3176 4285 Fides
3201 4247 3320 4301 quae
3370 4233 3425 4287 in
3458 4236 3561 4290 hoc

1978 4314 2220 4386 symbolo
2252 4315 2582 4382 continetur,
2607 4315 2680 4369 ita
2721 4318 2788 4372 ab
2832 4317 2916 4372 bis
2958 4319 3049 4388 qui
3096 4320 3402 4390 baptizandi
3437 4336 3563 4380 sunt

1982 4404 2205 4475 intelligi
2240 4405 2420 4469 debet,
2444 4412 2502 4459 ut
2531 4407 2757 4461 credant
2794 4407 2849 4461 in
2878 4406 3048 4461 Deum
3066 4407 3278 4464 Patrem
3310 4414 3559 4484 omnipo-

300 4484 675 4549 ndveniebant,
706 4484 1114 4539 instruebantur
1140 4490 1193 4537 et
1234 4481 1571 4537 docebantur
1611 4480 1678 4534 ab
1701 4479 1800 4543 eis,
1824 4486 1876 4533 et

1981 4506 2180 4552 tentem
2207 4497 2756 4553 creatorcmomnium
2781 4497 3070 4553 visibilium
3103 4507 3157 4555 ct
3186 4479 3554 4566 invisibilinm,

300 4575 546 4630 instructi
574 4583 629 4629 et
657 4574 799 4630 docti
847 4574 914 4628 de
940 4579 1282 4629 sacramento
1328 4569 1683 4641 baptismatis,
1714 4578 1769 4623 ει
1812 4569 1878 4623 de
1907 4550 1955 4609 D
1982 4588 2075 4657 qui
2107 4587 2272 4647 solus,
2297 4587 2388 4656 qui
2417 4603 2523 4642 non
2549 4595 2633 4642 est
2670 4589 2736 4643 de
2759 4588 2885 4645 alio.
2922 4588 3045 4644 Ideo
3079 4590 3224 4646 solus
3261 4550 3564 4662 appellatur

299 4668 512 4722 caeteris
558 4667 756 4738 regulis
782 4665 902 4721 ﬁdei
939 4664 1277 4735 accipiebant
1322 4670 1726 4719 sacrosanctum
1758 4677 1876 4732 my-

300 4758 524 4813 sterium
548 4756 904 4829 baptismatis.
1522 4751 1529 4759 ’

371 4857 806 4927 Catccbumenus
856 4877 1056 4934 autem,
1085 4866 1309 4923 audiens
1332 4866 1446 4922 sive
1482 4865 1779 4920 instructus
1807 4864 1881 4917 in-

306 4969 652 5034 terpretatur.
680 4958 861 5015 Genus
887 4959 1030 5013 enim
1060 4959 1356 5013 humanum
1381 4955 1553 5020 audit,
1583 4964 1638 5010 et
1666 4955 1881 5008 instrui-

306 5064 411 5117 tur,
445 5060 730 5121 antequam
774 5049 843 5104 ad
892 5048 1216 5120 baptismum
1243 5047 1443 5101 veniat.
1494 5048 1557 5101 Et
1593 5045 1735 5115 quod
1786 5061 1883 5114 per

306 5142 487 5198 Mosen
502 5141 772 5211 quondam
792 5139 1042 5193 audierat
1066 5156 1078 5191 :
1095 5138 1255 5202 Audi,
1271 5136 1464 5203 Israel,
1481 5136 1731 5190 Dominus
1743 5135 1889 5189 Deus

303 5245 446 5300 tuus,
471 5233 612 5287 Deus
632 5248 768 5286 unus
788 5241 864 5286 est
879 5230 1056 5303 (Deut.
1082 5229 1159 5301 vr)
1186 5269 1202 5295 ,
1250 5237 1305 5284 et
1335 5244 1429 5298 per
1481 5228 1652 5299 legem
1680 5236 1735 5282 et
1761 5244 1886 5298 pro-

305 5326 499 5400 phetas
523 5321 913 5390 instruebatur,
928 5320 1009 5387 “ad
1034 5320 1196 5377 unius
1222 5319 1337 5374 veri
1359 5317 1455 5374 Dei
1477 5318 1703 5384 cultum,
1726 5318 1885 5373 modo

304 5427 404 5483 per
424 5408 775 5465 sacerdotum
792 5405 1186 5470 ministerium,
1208 5402 1511 5459 utaudiens
1528 5400 1820 5465 elﬁciatnr,
1839 5409 1898 5454 et

304 5502 504 5559 instrui
530 5501 729 5569 valeat,
757 5498 1026 5555 utrelicto
1044 5497 1180 5561 ritu,
1204 5511 1314 5568 quo
1336 5503 1602 5552 creaturae
1618 5491 1901 5548 deservie-

304 5596 420 5662 bat,
437 5593 787 5652 solicreatori
805 5593 915 5648 Deo
931 5591 1227 5648 deserviat.
1246 5589 1305 5644 In
1320 5604 1558 5660 quomtn
1576 5586 1742 5641 etiam
1763 5583 1901 5637 facie

302 5706 334 5745 a
353 5687 644 5746 sacerdote
661 5701 759 5755 per
786 5683 1219 5740 exsuﬁlationem
1245 5683 1460 5752 signum
1499 5679 1681 5735 erucis
1708 5676 1896 5738 ﬁebat,

306 5794 365 5839 ut
386 5779 717 5839 etdiabolus
747 5777 1051 5843 iuuaretur,
1083 5787 1138 5831 ct
1180 5773 1399 5831 Christo
1426 5777 1504 5830 via
1556 5788 1906 5851 purpurato-

1094 5886 1101 5889 _
1130 5882 1287 5894 ..-ος-ν,
1304 5890 1325 5896 __

1986 4679 2285 4749 ingenitus,
2325 4687 2380 4733 et
2417 4678 2470 4732 in
2513 4677 2696 4733 Jesum
2723 4678 2995 4735 Christum
3054 4680 3219 4736 ﬁlium
3264 4681 3408 4750 ejus,
3470 4702 3563 4755 per

1985 4786 2144 4840 quem
2170 4772 2351 4825 omnia
2381 4770 2519 4825 facta
2546 4779 2703 4836 sunt,
2747 4787 2935 4826 verum
2984 4773 3152 4829 Deum
3188 4774 3524 4846 unigenitum
3545 4819 3560 4843 ,

1984 4876 2278 4931 verumque
2296 4858 2388 4916 Dei
2404 4859 2630 4927 Filium,
2688 4877 2795 4917 non
2838 4862 3039 4919 factum
3090 4865 3397 4937 adoptivum
3421 4910 3436 4931 ,
3470 4870 3562 4924 sed

1986 4952 2248 5024 genitum,
2272 4962 2329 5007 et
2350 4953 2510 5007 unius
2557 4969 2679 5010 cum
2700 4951 2863 5009 Patre
2892 4956 3437 5028 substantiaatatque
3488 4961 3561 5014 ita

1987 5061 2081 5115 per
2101 5043 2283 5099 omnia
2304 5045 2566 5114 aequalem
2594 5044 2705 5099 Deo
2731 5046 2901 5112 Patri,
2933 5055 2989 5101 ut
3014 5061 3114 5101 nec
3141 5055 3380 5118 tempore
3400 5090 3414 5113 ,
3462 5066 3562 5105 nec

1985 5132 2174 5203 gradu,
2204 5147 2305 5186 nec
2334 5141 2602 5201 potestate
2628 5148 2750 5187 esse
2772 5133 2945 5202 possit
2978 5132 3216 5198 inferior,
3249 5142 3564 5207 tantumque

1984 5236 2103 5277 esse
2133 5221 2279 5275 illuni
2306 5220 2397 5290 qui
2426 5229 2512 5275 est
2541 5221 2752 5292 genitus
2783 5231 3019 5293 quantus
3071 5231 3156 5278 est
3202 5223 3288 5279 ille
3329 5225 3422 5296 qui
3471 5241 3562 5295 ge-

1986 5314 2123 5379 nuit,
2152 5312 2521 5377 credantcum
2555 5312 2718 5367 etiam
2744 5322 2930 5368 natum
2956 5314 3023 5369 de
3042 5313 3246 5385 Spiritu
3273 5325 3482 5383 sancto,
3508 5326 3565 5371 et

1985 5402 2155 5458 Maria
2184 5417 2397 5474 semper
2420 5401 2648 5477 virgine,
2672 5404 2727 5460 id
2750 5413 2852 5472 est,
2880 5414 2939 5460 ut
2984 5406 3177 5475 spiritu
3203 5416 3391 5462 sancto
3436 5423 3561 5463 eoo-

1983 5502 2234 5565 perante,
2262 5510 2449 5551 verum
2478 5495 2584 5551 sibi
2618 5513 2815 5569 corpus
2836 5512 2903 5556 ex
2932 5497 3167 5568 virgine,
3200 5497 3338 5565 idem
3374 5498 3470 5555 Dei
3491 5498 3573 5553 Fi-

1986 5588 2088 5642 lius
2110 5588 2484 5659 assumpserit,
2512 5597 2570 5643 ut
2602 5592 2690 5660 qui
2719 5601 2838 5647 erat
2861 5593 2915 5647 in
2942 5589 3222 5649 divinitate
3256 5590 3350 5648 Dei
3389 5587 3567 5646 Patris

1986 5678 2146 5741 ﬁlius,
2173 5679 2286 5749 ipse
2327 5677 2501 5735 factus
2531 5682 2600 5735 sit
2650 5682 2703 5735 in
2733 5683 3063 5739 humanitate
3110 5685 3343 5741 hominis
3371 5691 3562 5740 matris

1986 5772 2143 5828 ﬁlius.
2163 5770 2398 5844 Credam
2421 5773 2585 5828 etiam
2605 5788 2727 5830 cum
2742 5775 3080 5833 descendisse
3106 5776 3290 5833 ultimo
3320 5785 3496 5851 tempe
3509 5794 3565 5835 re

1971 5892 2003 5900 σ-
