3978 6418
474 318 577 376 3l9

1756 304 2106 364 SMARAGDI
2144 303 2430 363 ABBATIS

3630 310 3730 365 5‘20

480 450 583 505 pro
611 431 977 502 redemptione
1001 425 1183 482 mundi
1211 440 1244 479 a
1265 423 1442 490 Patre,
1474 423 1566 493 qui
1587 435 1861 491 nunquam
1897 418 2059 474 desiit
2085 417 2133 475 Λ
2160 420 2460 473 contradico
2505 419 2639 490 (Isa.
2676 420 2750 489 ι).
2806 422 3122 479 Retrorsnm
3154 437 3259 477 non
3306 421 3452 486 abii,
3502 431 3567 476 ut
3615 438 3732 492 qua:

475 539 600 580 esse
635 538 755 578 cum
781 529 953 593 patre,
986 527 1041 573 et
1064 517 1337 572 hominem
1385 530 1572 571 verum
1601 513 1821 578 factum,
1849 521 1906 565 ut
1960 513 2057 564 bu-

475 628 694 667 manum
725 626 894 683 genus
919 611 1081 664 homo
1124 608 1421 673 liberaret,
1468 615 1525 661 et
1570 605 1685 675 ipse
1712 605 1804 674 qui
1853 604 2057 670 absque

475 702 650 767 initio,
674 701 1033 755 aeternitatem
1069 713 1192 752 cum
1212 696 1373 752 Patre
1396 704 1452 750 et
1482 695 1687 765 Spiritu
1718 702 1908 749 sancto
1935 710 2058 765 pos-

474 791 633 856 sidet,
668 791 721 845 in
763 791 871 845 fine
921 789 1261 856 saeculorum,
1290 786 1591 858 perfectum
1625 795 1831 840 natura:
1857 796 2058 841 nostra:

474 878 752 934 hominem
771 879 1089 948 susceperit,
1114 886 1170 934 et
1191 878 1418 933 verbum
1439 892 1568 931 caro
1582 876 1779 947 factum
1793 877 1882 941 sit,
1899 893 2054 932 assu-

473 967 670 1022 mendo
691 967 1111 1034 humanitatem,
1163 983 1271 1022 non
1299 966 1654 1037 permutando
1681 966 2050 1031 divinitatem;

480 1059 719 1130 credant.
732 1059 899 1113 etiam
944 1074 1067 1114 eum
1092 1057 1379 1128 pertulisse
1397 1057 1703 1127 passionem
1733 1064 1789 1112 et
1806 1064 2052 1121 mortem,

474 1163 583 1202 non
612 1148 812 1203 virtute
836 1148 1157 1210 divinitatis.
1186 1147 1283 1203 sed
1314 1148 1369 1202 in
1415 1148 1729 1203 infirmitate
1752 1148 2056 1203 humanita-

474 1237 567 1301 tis,
605 1246 875 1293 mortuum
915 1253 1045 1293 vera
1071 1230 1251 1293 carnis
1275 1246 1470 1303 morte,
1514 1239 1879 1294 resurrexisse
1927 1254 2054 1293 vera

473 1327 659 1382 carnis
681 1327 1100 1395 resurrectione,
1130 1337 1187 1385 et
1206 1329 1599 1385 resurrectione
1633 1344 1731 1385 sua
1768 1345 1920 1400 spem
1959 1346 2055 1383 no-

474 1417 560 1470 bis
588 1419 1004 1492 resurrectionis
1032 1418 1347 1475 contulisse.
1401 1420 1479 1474 lta
1508 1420 1788 1485 duntaxat,
1811 1428 1886 1475 ut-
1914 1421 2057 1475 sicut

471 1504 562 1559 ille
585 1508 742 1562 tertia
765 1508 859 1565 die
906 1509 1207 1564 resurrexit
1237 1510 1393 1565 vivus
1416 1526 1446 1564 a
1473 1510 1723 1578 mortuis,
1753 1512 1826 1567 ita
1860 1520 1915 1566 et
1955 1527 2053 1567 nos

473 1613 527 1650 ιιι
556 1597 662 1652 fine
682 1599 1003 1656 saeculorum
1029 1616 1395 1673 resurgamus,
1427 1603 1480 1657 in
1507 1603 1696 1658 eadem
1715 1644 1729 1668 ,
1773 1619 1880 1673 qua
1910 1620 2053 1659 nunc

472 1690 704 1747 vivimus
731 1707 911 1747 carne.
962 1691 1198 1748 Credant
1223 1694 1408 1759 etiam,
1438 1711 1559 1749 eum
1597 1696 1650 1750 in
1690 1698 1881 1752 eodem
1933 1712 2050 1752 eor-

2158 507 2475 575 spiritaliter
2499 509 2749 564 dicuntur
2774 509 3092 580 spiritaliter
3117 508 3396 565 audientes
3414 510 3479 565 ad
3507 511 3725 580 spirita-

2158 599 2286 653 lium
2316 616 2541 669 operum
2571 601 2929 657 emolumenta
2949 604 3282 673 perveniant.
3319 602 3454 670 Quia
3476 619 3609 679 ergo
3649 606 3723 659 di-

2157 692 2354 746 vinitas
2377 693 2646 748 hominem
2677 709 2976 761 assumens,
3005 696 3273 764 quoddam
3307 711 3373 751 ex
3396 697 3727 751 eonnexione

2157 783 2385 837 duarum
2407 784 2855 849 substantiarum,
2870 785 2923 839 in
2946 801 3052 839 una
3065 782 3288 839 DeiFilii
3310 801 3541 855 persona
3570 787 3721 857 colly-

2157 872 2295 926 rium
2322 871 2467 939 fecit,
2492 874 2632 928 unde
2652 888 2824 944 genus
2846 875 3140 929 humanum
3168 877 3309 945 quod
3330 890 3531 930 czecum
3562 891 3594 929 a
3619 878 3728 945 pri-

2156 960 2259 1016 mis
2277 963 2591 1031 parentibus
2637 973 2823 1019 natum
2850 972 2991 1030 erat,
3018 964 3382 1030 illuminaret,
3417 981 3524 1021 non
3556 968 3626 1021 ab
3672 984 3729 1021 re

2154 1062 2314 1122 sputo
2349 1067 2508 1108 aures
2536 1061 2828 1123 tanguntur
2858 1065 2914 1109 et
2958 1070 3138 1120 nares,
3169 1056 3335 1125 utqui
3362 1071 3606 1126 cxpuens
3634 1057 3727 1111 lin-=

2154 1157 2313 1211 gnam
2335 1143 2469 1197 muti
2491 1144 2761 1215 tetigerat,
2784 1152 2842 1201 et
2860 1152 3018 1215 sputo
3037 1144 3207 1200 lutum
3231 1145 3453 1211 fecerat,
3468 1154 3522 1200 et
3549 1148 3731 1202 oculos

2153 1232 2282 1287 eteci
2303 1233 2417 1288 nati
2437 1246 2743 1302 aperuerat,
2772 1250 2917 1291 nunc
2951 1248 3049 1306 per
3086 1235 3444 1291 ministerium
3483 1238 3729 1292 sacerdo-

2152 1328 2284 1385 tum,
2313 1329 2369 1376 et
2395 1322 2640 1377 auditum
2677 1323 2994 1392 spiritalem,
3023 1324 3108 1380 his
3129 1326 3222 1395 qui
3246 1326 3557 1396 baptizandi
3601 1337 3722 1383 sunt

2154 1411 2372 1473 tribuat,
2389 1420 2443 1466 et
2458 1420 2603 1469 recte
2624 1412 2898 1483 loquendi,
2914 1413 2966 1469 id
2979 1424 3081 1479 est,
3098 1415 3258 1470 fidem
3274 1430 3458 1470 veram
3478 1415 3728 1471 conﬁtcn-

2153 1502 2207 1556 di
2232 1501 2542 1558 facultatem
2574 1505 2831 1574 praebeat,
2864 1513 2916 1559 et
2942 1520 3100 1561 nares
3122 1505 3319 1575 quibus
3362 1508 3561 1562 bonum
3580 1506 3726 1561 Chri-

2154 1594 2221 1647 sti
2250 1593 2471 1649 odorem
2497 1595 2715 1664 capiant
2757 1595 2984 1665 aperiat.
3033 1596 3228 1652 Pectus
3267 1597 3413 1652 enim
3456 1598 3602 1654 illius
3642 1601 3729 1669 qui

2155 1681 2459 1752 baptizatur
2478 1683 2736 1739 refertum
2748 1699 2962 1755 semper
2988 1700 3108 1741 esse
3130 1685 3312 1753 debet,
3330 1695 3385 1741 et
3416 1687 3583 1743 divini
3606 1689 3729 1743 odo-

470 1800 625 1854 pare,
656 1779 796 1854 quod
827 1781 894 1839 de
920 1781 1128 1863 virgine
1163 1758 1456 1852 assumpsi;
1476 1825 1491 1848 ν
1519 1794 1576 1839 ει
1602 1786 1907 1855 passionem
1938 1803 2055 1842 sus-
2085 1758 2129 1817 Β
2160 1774 2235 1827 ris
2262 1782 2483 1829 nectare
2510 1782 2565 1828 et
2595 1774 2820 1844 spiritali
2845 1776 3097 1831 unctione
3122 1775 3434 1831 delibutum.
3472 1775 3629 1832 Unde
3678 1789 3729 1833 et

470 1875 655 1941 tinuit,
686 1884 741 1931 et
784 1874 1103 1940 resurrexit,
1129 1875 1441 1932 ascendisse
1472 1876 1527 1932 in
1556 1878 1775 1945 cmlum,
1804 1888 1858 1935 et
1885 1880 1939 1933 in
1965 1895 2057 1935 eo-

469 1969 616 2033 dem,
642 1976 698 2023 ct
721 1983 867 2023 nunc
891 1982 1010 2022 esse
1054 1975 1110 2022 et
1135 1968 1203 2022 ad
1224 1966 1492 2037 judicium
1518 1978 1803 2024 venturum
1832 1986 1974 2036 esse,
2003 1982 2057 2028 et

460 2057 809 2112 'resuscitatis
832 2056 1051 2111 omnibu
1068 2074 1102 2122 ε,
1126 2057 1257 2112 dare
1280 2057 1402 2112 aliis
1426 2074 1523 2127 pro
1549 2060 1786 2128 peccatis
1809 2062 2053 2131 supplicii

460 2147 661 2201 aeterni
677 2147 1023 2213 sententiam,
1040 2146 1183 2214 aliis,
1205 2162 1305 2217 pro
1326 2146 1551 2216 justitiae
1585 2151 1815 2217 meritis,
1838 2160 2053 2208 aeternae

475 2236 823 2291 beatitudinis
873 2236 1173 2307 praemium.
1227 2236 1545 2294 Credan’tet
1572 2239 1904 2310 inSpiritum
1930 2256 2053 2296 san-

468 2331 639 2392 ctum,
671 2323 839 2378 Deum
862 2339 1074 2389 verum,
1107 2323 1602 2397 exPatreFilioque
1635 2330 2014 2397 procedentem
2035 2372 2049 2397 ,

467 2415 731 2485 :equalem
782 2431 881 2485 per
906 2416 1086 2471 omnia
1109 2414 1258 2471 Patri
1280 2423 1331 2470 et
1359 2413 1519 2482 Filio,
1548 2418 1822 2474 voluntate
1843 2460 1859 2484 ,
1902 2431 2051 2489 pote-

470 2516 634 2569 state,
658 2506 980 2573 reternitate,
1013 2506 1339 2570 substantia,
1372 2522 1473 2561 nec
1508 2524 1629 2563 esse
1658 2509 1711 2563 in
1743 2510 1844 2564 hac
1864 2519 2051 2567 sancta

472 2594 738 2650 Trinitate
766 2595 905 2651 ullos
929 2597 1144 2668 gradus,
1175 2598 1370 2670 quibus
1398 2599 1592 2670 aliquis
1611 2602 1883 2671 superior,
1918 2603 2051 2659 infe—

470 2685 650 2739 riorve
672 2684 777 2740 dici
808 2687 997 2756 possit.
1019 2686 1431 2744 Credantetiam
1472 2698 1714 2745 sanctam
1755 2691 2065 2748 Ecclesium“

470 2775 814 2843 catholicam,
839 2779 892 2833 id
913 2787 1019 2846 est,
1046 2780 1424 2848 universalem,
1467 2783 1650 2838 nonin
1677 2794 1923 2840 sanctam
1949 2786 2050 2842 Ec-

472 2867 712 2934 clesiam,
739 2878 798 2923 ut
826 2870 1108 2926 credentes
1126 2872 1179 2926 in
1204 2871 1541 2939 Trinitatem,
1558 2876 1785 2931 credant
1810 2875 2049 2945 ejusdem

472 2965 673 3012 sanctae
703 2957 984 3015 Trinitatis
1013 2962 1210 3016 donum
1235 2978 1372 3030 esse,
1403 2974 1645 3021 sanctam
1669 2967 1988 3032 Eeelesiam,
2019 2985 2051 3022 a

456 3047 624 3117 cujus
650 3052 1027 3107 communione
1058 3053 1420 3121 discedentes,
1448 3056 1776 3113 schismatici
1802 3066 1857 3112 et
1885 3058 2049 3113 bazre—

469 3138 558 3192 tiei
591 3146 866 3206 vocantur,
899 3149 954 3197 et
987 3151 1190 3198 :eterna
1227 3146 1578 3203 damnatione
1622 3149 1940 3219 puniuntur.
1988 3150 2046 3204 ln

466 3227 582 3295 ejus
627 3246 756 3286 vero
800 3235 1177 3290 communione
1214 3246 1628 3306 permanentes,
1695 3248 1751 3294 et
1806 3243 2043 3296 membra

466 3320 667 3375 Christi
710 3335 851 3387 esse,
874 3331 930 3377 et
964 3324 1332 3380 remissionem
1360 3334 1702 3396 peccatorum
1734 3330 2044 3400 percipere,

468 3415 536 3467 ad
557 3413 721 3467 vitam
759 3423 1016 3469 aeternam
1040 3417 1331 3486 pertinere.
1368 3419 1503 3492 Quia
1537 3436 1666 3492 ergo
1688 3422 1890 3491 parvuli
1922 3441 2046 3479 ncc-

468 3506 595 3558 dam
626 3506 836 3560 ratione
860 3516 1092 3571 utentes,
1121 3508 1236 3563 have
1284 3509 1507 3565 minime
1553 3527 1746 3582 capere
1789 3524 2044 3583 possunt,

470 3603 687 3664 oportet
714 3605 910 3651 utcutn
934 3598 1000 3651 ad
1032 3599 1417 3670 intelligibilcut
1440 3611 1650 3659 aetatem
1683 3607 2045 3676 pervenerint,

470 3687 765 3741 doceantur
784 3694 839 3740 et
875 3686 998 3742 fidei
1054 3692 1427 3756 sacramentis,
1450 3701 1503 3747 et
1552 3695 1903 3751 confessionis
1937 3713 2047 3751 sua:

474 3773 769 3843 mysteriis,
785 3782 840 3829 et
850 3777 1113 3832 veraciter
1125 3780 1365 3843 credant,
1391 3790 1445 3836 et
1459 3782 1698 3855 diligenti
1715 3803 1844 3841 cura
1867 3798 2048 3844 custo-

472 3865 624 3919 diant
651 3865 1043 3924 confessionem
1068 3886 1240 3925 suam.
1266 3871 1429 3927 Planc
1451 3875 1705 3943 diximus,
1722 3879 1848 3949 quia
1864 3896 2049 3951 quam~

471 3956 554 4011 vis
580 3956 655 4010 illi
690 3960 915 4014 necdum
942 3961 1084 4031 loqui
1116 3965 1324 4034 possint
1356 3983 1456 4036 pro
1490 3969 1595 4023 illis
1624 3979 1680 4025 et
1721 3971 2048 4027 conﬁtentur

470 4057 526 4101 et
544 4047 862 4118 loquuntur,
891 4053 982 4122 qui
1030 4069 1124 4110 eos
1149 4056 1215 4111 de
1270 4056 1489 4113 lavacro
1520 4058 1681 4116 fontis
1725 4062 2041 4133 suscipiunt.

472 4134 581 4191 Nec
609 4138 879 4195 immerito
930 4142 1148 4215 dignum
1183 4155 1285 4212 est,
1312 4157 1371 4202 ut
1404 4151 1497 4219 qui
1532 4149 1760 4206 aliorum
1808 4154 2046 4223 peccatis

470 4230 687 4285 obnoxii
717 4240 863 4299 sunt,
891 4233 1119 4290 aliorum
1149 4238 1313 4294 etiam
1370 4240 1728 4309 confessione,
1760 4259 1856 4314 per
1884 4247 2044 4301 mini-

473 4319 693 4372 sterittm
723 4320 1060 4390 baptismatis
1094 4319 1470 4386 remissionem
1498 4332 1838 4405 originalium
1863 4338 2042 4406 perci—

472 4407 623 4479 piant
645 4419 1006 4477 peccatorum.

544 4501 856 4574 Tanguntur
880 4507 1060 4580 itaque
1093 4512 1159 4568 de
1188 4523 1345 4584 sputo
1375 4531 1534 4572 nares
1580 4527 1636 4572 et
1673 4533 1853 4585 aures,
1884 4531 1938 4577 et
1964 4523 2042 4578 di-

471 4590 614 4642 titur
662 4591 838 4647 ell'eta.
885 4594 1150 4663 Narcs,ut
1171 4601 1442 4657 Christum
1471 4605 1523 4659 in
1551 4606 1717 4663 odore
1744 4620 2041 4682 unguento-

476 4694 594 4732 rum
617 4692 913 4750 sequantur
953 4695 1008 4742 et
1032 4690 1251 4745 dicant:
1294 4691 1465 4747 Tralae
1502 4711 1583 4749 me
1610 4707 1724 4763 post
1762 4708 1830 4764 te,
1862 4717 2041 4756 curre-

472 4782 590 4820 mus
641 4766 817 4839 (Cant.
850 4772 909 4842 ι),
942 4782 997 4827 ct
1024 4790 1144 4831 cum
1178 4778 1435 4847 Apostole
1457 4783 1833 4850 confiteantur,
1858 4789 2042 4846 dicen-

628 4857 822 4951 Christi
870 4863 1033 4917 bonus
1084 4866 1217 4918 odor
1262 4884 1442 4922 sumus
1475 4870 1585 4925 Deo
1640 4873 1724 4946 (11
1753 4874 1966 4951 Contr),
1991 4892 2045 4937 et

474 4942 617 4999 illius
646 4949 886 5003 membra
910 4951 1228 5016 efficiantur,
1254 4955 1338 5007 cui
1369 4955 1567 5011 dicitur
1595 4977 1607 5012 :
1642 4942 1709 5015 Et
1735 4963 1865 5017 odor
1892 4942 2045 5022 vesti-

475 5047 763 5090 mentorum
790 5055 1006 5093 suorum
1048 5056 1204 5110 super
1239 5045 1415 5097 omnia
1440 5060 1700 5105 aromata.
1733 5051 2048 5126 Tanguntur

474 5136 529 5180 et
550 5144 708 5184 aures
736 5138 796 5183 ut
843 5130 1124 5185 audientes
1150 5132 1313 5186 verba
1343 5134 1459 5200 Dei,
1490 5146 1547 5192 et
1577 5138 1838 5199 facientes
1871 5161 1934 5200 ea
1975 5149 2047 5204 si-

477 5219 629 5273 miles
665 5220 795 5285 sint,
821 5221 1112 5274 secundum
1147 5221 1513 5295 Evangelium,
1542 5232 1649 5286 uiro
1677 5237 1917 5305 sapienti,
1957 5240 2046 5310 qui

475 5308 754 5378 wdiﬁcaeit
803 5308 1015 5360 danaum
1041 5324 1187 5362 suam
1218 5328 1378 5383 supra
1412 5324 1611 5384 petram
1639 5318 1850 5393 (Matth.
1907 5308 2001 5394 vti)
2026 5366 2041 5391 ,

474 5408 527 5451 et
554 5396 779 5467 spiritali
807 5396 989 5450 auditu
1033 5411 1245 5471 semper
1294 5404 1549 5473 spiritalia
1593 5412 1896 5467 auscultent
1925 5455 1937 5479 ,
1986 5424 2043 5468 ut

474 5508 598 5545 cum
639 5490 806 5543 David
861 5490 1040 5546 dicere
1090 5495 1297 5562 possint
1326 5517 1337 5551 :
1371 5500 1592 5556 Audiam
1641 5506 1767 5569 quid
1798 5507 2044 5578 loquatur

476 5586 530 5635 in
568 5596 649 5633 me
678 5579 931 5635 Dominus
960 5582 1097 5639 Deus
1122 5583 1290 5655 (I’sal.
1320 5592 1558 5661 mxxw).
1590 5594 1653 5647 Et
1701 5611 1820 5649 cum
1852 5598 1995 5653 .lsaia
2026 5619 2036 5651 :

478 5673 731 5726 Dominus
768 5672 906 5728 Deus
936 5680 1134 5747 aperuit
1190 5682 1314 5735 mihi
1344 5699 1519 5737 aurem
1544 5727 1556 5749 ,
1607 5702 1695 5765 ego
1727 5698 1897 5741 autem
1942 5706 2039 5744 non

2155 1866 2318 1919 ctiam
2346 1865 2430 1920 his
2459 1865 2552 1934 qui
2573 1865 2881 1934 baptizandi
2912 1875 3054 1926 sunt,
3081 1873 3267 1936 pectus
3288 1867 3355 1939 de
3374 1867 3518 1932 oleo,
3545 1877 3596 1921 et
3617 1884 3726 1923 sca-

2155 1956 2291 2026 pttlzn
2318 1964 2627 2026 tanguntur,
2656 1965 2715 2010 ut
2736 1955 2880 2010 illius
2904 1956 3009 2011 olei
3035 1956 3209 2011 sancti
3234 1956 3482 2011 videlicet
3499 1958 3727 2027 Spiritus

2154 2047 2408 2102 unctione
2433 2046 2573 2100 liniti
2600 2088 2615 2112 ,
2660 2047 2729 2103 de
2758 2062 2866 2117 quo
2917 2046 3205 2119 Apostolus
3229 2050 3342 2103 ait:
3378 2046 3526 2103 Sicut
3559 2052 3725 2103 unctio

2152 2135 2264 2203 eius
2309 2136 2457 2190 docet
2492 2153 2579 2192 vos
2618 2138 2682 2191 de
2712 2137 2955 2192 omnibus
3012 2137 3065 2209 (I
3093 2136 3256 2193 Joan.
3289 2137 3350 2211 ιι)
3389 2147 3518 2195 ante
3563 2148 3616 2195 et
3651 2156 3728 2194 re-

2153 2237 2237 2280 tro
2268 2226 2480 2292 muniti,
2519 2227 2571 2281 iJ
2619 2234 2723 2293 est,
2753 2237 2941 2283 contra
2982 2229 3163 2284 omnia
3185 2244 3441 2299 proSpera
3488 2229 3605 2284 sive
3646 2232 3726 2284 ad~

2150 2332 2304 2371 versa
2329 2317 2438 2371 sint
2466 2318 2931 2388 cireumspecti,et
2956 2319 3257 2376 cmlcstium
3278 2320 3595 2375 animalium
3614 2321 3723 2374 imi-

2152 2409 2353 2463 tatione
2386 2417 2509 2463 ante
2534 2417 2590 2465 et
2618 2419 2764 2465 retro
2793 2410 2936 2480 pleni
2959 2412 3065 2467 sint
3094 2412 3284 2477 oculis,
3316 2412 3369 2466 id
3391 2426 3497 2478 est,
3529 2415 3582 2468 in
3601 2430 3723 2484 prte-

2152 2499 2371 2554 tcritum
2424 2509 2480 2555 et
2505 2499 2743 2555 futurum
2771 2502 3150 2572 respicientes,
3196 2502 3386 2557 salutis
3415 2518 3530 2557 sua:
3564 2513 3725 2558 custo-

2150 2590 2291 2647 diam
2315 2606 2421 2645 non
2456 2592 2725 2647 amittant.
2755 2592 3016 2662 Tangitur
3043 2593 3122 2648 eis
3156 2601 3345 2663 pectus
3376 2603 3435 2647 ut
3455 2609 3583 2649 cum
3630 2593 3723 2647 Da-

2150 2682 2241 2737 vid
2277 2682 2457 2759 dicere
2495 2683 2705 2752 possint
2746 2702 2759 2737 :
2796 2682 2863 2736 Et
2900 2683 3260 2737 misericordia
3298 2682 3413 2752 ejus
3448 2684 3721 2751 pravenict

2151 2789 2231 2827 me
2259 2772 2429 2844 (Psal.
2466 2774 2642 2846 Lvttt).
2672 2774 2990 2846 Tanguntur
3032 2772 3284 2843 scapulae,
3311 2783 3371 2826 ut
3391 2789 3517 2828 cum
3544 2772 3722 2828 eodem

2151 2868 2333 2924 dicant
2360 2886 2372 2920 :
2404 2868 2472 2923 Et
2502 2867 2863 2921 misericordia
2888 2866 3003 2936 ejus
3028 2866 3367 2936 subsequetur
3393 2882 3474 2920 me
3494 2906 3512 2930 ,
3562 2866 3613 2921 id
3646 2874 3724 2920 est

2151 2960 2443 3026 anteriora,
2470 2967 2529 3013 ut
2552 2958 2688 3013 bene
2710 2957 2895 3021 velint,
2917 2957 3215 3026 posteriora
3241 2997 3257 3022 ,
3302 2972 3371 3010 ne
3414 2955 3616 3010 frustra
3646 2971 3723 3009 rc-

2150 3051 2269 3106 lint.
2297 3050 2356 3105 ln
2382 3050 2564 3105 cordis
2592 3048 2806 3104 nomine
2834 3062 2975 3118 saepe
3009 3062 3161 3101 mens
3187 3047 3501 3114 designatur
3530 3089 3545 3112 ,
3594 3047 3725 3102 sicut

2149 3152 2235 3197 est
2282 3141 2413 3196 illud
2458 3158 2472 3194 :
2516 3139 2583 3193 In
2622 3147 2731 3193 toto
2779 3138 2934 3192 corde
2996 3154 3109 3192 meo
3153 3136 3404 3208 exquisivi
3448 3146 3497 3190 te
3559 3134 3721 3206 (PsuL

2147 3237 2359 3303 cxvnt).
2394 3232 2461 3286 Et
2489 3231 2543 3286 in
2576 3229 2680 3285 olei
2709 3228 2925 3284 nomine
2954 3228 3287 3299 intelligitur,
3320 3227 3525 3282 unctio.
3556 3229 3720 3282 sancti

2146 3322 2389 3391 spiritus,
2408 3320 2520 3375 sive
2544 3335 2706 3389 opera
2731 3318 2949 3373 luminis
2975 3327 3031 3373 et
3070 3317 3474 3373 misericordi-.e.
3528 3318 3715 3372 Cordis

2148 3416 2298 3469 locus
2322 3413 2575 3468 unctione
2608 3411 2860 3481 utrinque
2891 3410 3151 3476 munitur,
3175 3410 3227 3465 id
3248 3417 3362 3475 est,
3394 3409 3638 3464 anterius
3673 3418 3722 3461 ct

2147 3505 2437 3576 posterius,
2465 3511 2526 3557 ut
2553 3501 2787 3573 undique
2809 3516 2961 3556 mens
2982 3499 3296 3566 Christiani,
3323 3507 3379 3555 et
3403 3498 3721 3569 pinguedine

2148 3598 2321 3652 sancti
2340 3596 2592 3668 Spiritus,
2616 3603 2672 3649 et
2697 3594 2949 3664 operibus
2984 3592 3204 3647 luminis
3227 3600 3388 3662 atque
3424 3592 3722 3646 misericor-

2147 3688 2249 3744 dia:
2270 3687 2549 3742 exuberet.
2588 3686 2795 3752 Quibus
2844 3684 2982 3741 bene
3011 3683 3308 3747 exuberat,
3365 3683 3410 3738 si
3462 3683 3721 3737 abrenun-

2148 3779 2331 3834 tiando
2362 3777 2572 3834 diabolo
2603 3786 2660 3831 ct
2676 3774 2932 3845 operibus
2963 3772 3100 3843 ejus,
3136 3773 3559 3829 dominationem
3589 3772 3723 3827 illius

2145 3882 2485 3943 aspernatur,
2526 3879 2581 3925 et
2608 3869 2798 3940 jugum
2828 3868 2970 3938 quod
3005 3882 3064 3923 se
3104 3868 3406 3938 premebat,
3443 3867 3588 3921 illius
3623 3865 3718 3920 olei

2144 3960 2399 4016 unctione
2426 3959 2687 4023 fatescat,
2741 3965 2797 4013 et
2823 3957 3110 4028 impleatur
3146 3956 3274 4011 illud
3310 3957 3714 4027 propheticum:

2146 4053 2531 4123 Computrescet
2551 4052 2741 4122 jugum
2772 4066 2804 4103 α
2847 4049 2981 4119 facie
3009 4047 3108 4103 olei
3136 4047 3271 4120 (lsa.
3325 4050 3403 4120 ς).
3439 4047 3718 4103 Abrenun-

2145 4146 2283 4199 tiare
2312 4143 2513 4199 etenim
2546 4142 2673 4212 poni
2707 4141 2846 4197 solet
2867 4155 2965 4210 pro
3010 4156 3075 4196 eo
3100 4140 3242 4211 quod
3269 4148 3381 4204 cst,
3437 4154 3716 4209 spernere,

2144 4236 2362 4306 ejicere,
2393 4234 2786 4299 contradicere,
2813 4233 2927 4289 sive
2957 4232 3099 4287 aliud
3128 4233 3276 4303 quid,
3299 4233 3441 4302 quod
3471 4234 3575 4289 hoc
3598 4247 3713 4288 vcr-

2144 4328 2214 4384 bo
2242 4328 2296 4382 in
2322 4327 2426 4381 hoc
2451 4340 2613 4381 sensu
2658 4324 2888 4395 exprimi
2927 4332 3125 4395 potest.
3162 4323 3332 4392 Quam
3374 4325 3715 4380 abrenuntia-

2068 4434 2120 4493 Ι)
2148 4420 2344 4474 tionem
2370 4424 2514 4472 recte
2531 4416 2797 4473 confessio
2820 4425 3017 4473 sancta:
3038 4416 3320 4472 Trinitatis
3342 4419 3621 4489 sequitur:
3652 4415 3712 4471 Ut

2143 4509 2232 4563 ubi
2244 4508 2525 4563 abundavit
2548 4516 2838 4579 peccatum,
2860 4508 3239 4578 supera-bunda
3257 4511 3430 4579 gratia
3447 4510 3463 4580 (
3474 4509 3623 4564 Rom.
3640 4510 3709 4578 ιτ).

2145 4599 2361 4657 Satanae
2384 4599 2528 4654 enim
2566 4600 2659 4669 qui
2701 4608 2758 4654 et
2790 4599 3033 4655 diabolus
3058 4610 3397 4672 nuncupatur
3420 4618 3451 4656 a
3477 4602 3711 4659 ﬁdelibus

2145 4690 2576 4755 abrenuntiatur,
2605 4697 2665 4744 ut
2694 4690 2921 4746 Domino
2952 4690 3208 4746 salvatori
3251 4691 3472 4748 liberius
3517 4693 3711 4749 servia-

2145 4791 2253 4847 tur,
2275 4783 2400 4852 quia
2420 4780 2573 4851 juxta
2608 4781 2846 4851 ejusdem
2881 4784 3093 4839 Domini
3148 4799 3371 4840 vocem:
3413 4784 3582 4840 Nemo
3625 4803 3710 4855 p0-

2145 4882 2240 4927 test
2269 4872 2469 4927 duobus
2521 4872 2745 4927 dominis
2772 4874 2961 4928 servire
2986 4873 3199 4946 (Matth.
3232 4874 3329 4945 Vl).
3359 4875 3709 4931 Abrenuntia-

2147 4975 2235 5019 tur
2254 4964 2419 5019 etiam
2446 4964 2697 5033 operibus
2726 4963 2864 5034 ejus,
2895 4965 3021 5035 quia
3048 4980 3211 5034 opera
3262 4964 3401 5021 illius
3442 4965 3707 5020 contraria

2145 5062 2273 5109 sunt
2297 5052 2594 5108 Salvatoris
2611 5054 2883 5123 operibus,
2915 5070 3014 5109 nec
3039 5055 3216 5110 minus
3244 5055 3294 5109 in
3336 5064 3478 5110 terra
3509 5056 3707 5126 pompis

2149 5144 2267 5214 ejus
2294 5144 2721 5209 abrenuntiatur,
2763 5161 2882 5215 qua:
2909 5145 3095 5215 utique
3138 5161 3298 5215 opera
3326 5155 3452 5200 sunt
3479 5145 3703 5209 Satanze,

2146 5238 2243 5292 sed
2276 5252 2341 5293 eo
2381 5237 2534 5307 quasi
2563 5237 2795 5293 discerni
2850 5237 3099 5293 videntur
3126 5253 3156 5292 a
3206 5240 3417 5294 ueteris
3462 5238 3707 5311 operibus

2147 5328 2284 5397 ejus,
2303 5327 2426 5396 quia
2446 5328 2498 5382 in
2521 5328 2601 5383 eis
2621 5327 2890 5398 superbia,
2909 5325 3061 5397 cujus
3086 5338 3273 5385 auctor
3300 5331 3386 5384 ille
3409 5342 3514 5394 est,
3532 5341 3705 5401 etquae

2148 5433 2269 5471 eum
2292 5417 2502 5488 dejecit,
2531 5418 2923 5488 quodammodo
2959 5421 3284 5491 designatur.
3318 5420 3529 5491 Pompa:
3554 5423 3708 5493 igitur

2147 5507 2260 5576 ejus
2282 5516 2424 5573 sunt,
2450 5510 2688 5573 ambitio,
2721 5512 3044 5580 arrogantia,
3075 5528 3207 5566 vana
3230 5512 3415 5583 gloria,
3447 5525 3499 5570 ct
3520 5524 3707 5569 caetera

2149 5599 2529 5669 hujuscemodi.
2564 5615 2683 5668 qum
2708 5599 2853 5655 fonte
2885 5602 3147 5672 superbia:
3170 5602 3458 5672 procedere
3484 5622 3707 5659 noscun-

2150 5699 2253 5745 tur.
2280 5690 2418 5746 Fons
2440 5709 2649 5763 quoque
2672 5696 2920 5766 baptismi
2945 5698 3346 5755 similitudinmn
3381 5701 3515 5770 gerit
3538 5700 3702 5771 srpnl-
