3978 6432
290 301 392 356 521

1106 299 1628 358 COLI.ECTIONES
1668 303 1733 358 IN
1778 304 2157 362 EPISTOLAS
2199 309 2284 364 ΕΤ
2327 310 2743 367 EV’ANCEHA.

3450 326 3558 383 522

285 412 368 467 cri
417 409 641 476 Christi,
669 410 809 481 quod
851 425 1045 464 novum
1100 410 1263 465 fuisse
1312 413 1534 484 legitur,
1587 416 1713 485 quia
1752 417 1865 485 qui-
1893 417 1942 476 Α
1966 426 2199 485 quatuor
2221 422 2404 475 mundi
2435 427 2911 493 partes,orientuu
2935 430 3184 486 videlicet
3210 442 3265 489 et
3293 439 3548 494 oet-idea-

287 516 500 571 cunque
520 500 574 555 in
601 514 665 555 co
693 499 1054 570 consepelitur
1083 501 1320 563 Christo.
1347 514 1401 558 et
1426 505 1474 559 ei
1501 516 1875 577 conresurgct,

284 590 585 648 secundum
602 591 851 645 eumdem
876 592 1209 661 Apostolum,
1236 586 1289 650 in
1339 598 1577 651 novitate
1608 598 1732 651 vita:
1760 614 1877 652 am-

285 682 477 738 bulare
497 681 677 747 debet,
707 680 862 750 cujus
890 680 1057 737 fontis
1104 699 1196 738 sex
1225 686 1425 756 gradus
1450 696 1575 741 sunt
1604 727 1620 750 ,
1664 697 1777 741 tres
1820 688 1872 741 in

278 779 573 847 descensu,
603 787 713 833 tres
738 788 959 845 noctes,
988 787 1043 832 et
1068 787 1181 834 tres
1210 779 1264 833 in
1295 793 1519 835 ascensu
1545 819 1561 842 ,
1599 788 1708 833 tres
1755 779 1873 833 dies

282 868 591 940 signiﬁcare
629 869 898 925 videntur.
951 870 1159 926 Idcirco
1186 878 1367 926 autem
1420 871 1720 940 baptismus
1764 887 1871 926 non

286 960 535 1024 iteratur,
564 960 688 1030 quia
711 969 766 1015 et
813 960 1061 1016 Christus
1097 976 1204 1017 non
1232 961 1463 1030 amplius
1490 976 1653 1031 quam
1702 962 1869 1016 semel

282 1050 535 1105 moritur.
562 1048 789 1105 Peccata
825 1050 993 1114 enim,
1013 1066 1134 1122 qute
1165 1060 1288 1122 post
1332 1052 1659 1122 baptismum
1716 1066 1866 1106 eoin-

282 1142 593 1205 mittuntur,
619 1141 948 1211 paenitentiae
972 1141 1250 1214 lacrymis,
1279 1142 1662 1213 eleemosynis,
1689 1151 1744 1196 et
1765 1157 1867 1197 ca:-

284 1231 417 1285 teris
444 1230 708 1286 bonorum
752 1245 977 1303 operum
1004 1232 1454 1293 exbibitionibus.
1518 1248 1624 1287 non
1668 1231 1868 1301 baptis-

282 1322 445 1375 matis
472 1321 755 1377 iteratione
794 1320 1058 1376 delentur.
1106 1322 1388 1378 Dominico
1414 1322 1619 1376 interea
1650 1323 1864 1392 corpori

281 1410 608 1478 sepeliendo,
652 1410 1001 1465 mundissima
1029 1410 1362 1476 linteamina,
1389 1419 1444 1465 et
1476 1419 1719 1464 aromata
1769 1410 1864 1463 ad-

282 1501 565 1566 hibentur,
590 1501 714 1571 quia
742 1510 796 1555 et
824 1502 869 1555 is
892 1501 984 1572 qui
1007 1500 1223 1557 Christo
1258 1500 1473 1571 sepeliri
1498 1501 1788 1564 desiderat,
1815 1500 1860 1555 si

273 1593 388 1661 jatn
422 1602 553 1649 aetas
584 1594 881 1664 permittit,
912 1595 1157 1664 quamvis
1188 1603 1429 1650 mortuus
1478 1595 1548 1649 sit
1572 1610 1668 1665 per
1705 1594 1861 1664 origi-

278 1684 404 1740 nale
429 1693 731 1753 peccatum,
758 1684 901 1755 quod
935 1686 1111 1740 adhuc
1143 1692 1344 1756 portat,
1375 1685 1536 1741 debet
1558 1694 1736 1739 tamen
1766 1685 1861 1738 bo-

1980 514 2108 569 tem,
2137 511 2555 577 septentrionem
2576 524 2630 569 et
2659 518 2959 585 meridiem,
2995 521 3239 577 derivata
3267 536 3368 580 est.
3406 527 3558 586 lluuc

1976 595 2411 666 enimSpiritnm,
2439 603 2529 671 qui
2567 619 2597 657 a
2638 603 2802 661 Patre
2825 607 3069 681 Filioque
3112 617 3377 683 procedit,
3415 620 3559 675 idem

1975 686 2235 746 Dominus
2254 695 2535 761 apostolis.
2559 705 2614 752 et
2639 714 2736 768 per
2755 703 3118 768 apostolorum
3146 716 3203 763 et
3228 724 3412 765 eorum
3436 728 3560 766 suc-

1973 788 2249 866 cessorum
2306 782 2667 841 ministerium
2699 799 2898 845 sancta:
2933 808 3043 848 sum
3068 796 3255 851 tribuit
3278 800 3558 866 Ecclesizc,

1971 864 2124 960 cujus
2151 870 2309 960 dona,
2335 887 2643 944 quanquam
2670 893 2734 932 ex
2755 880 2912 934 unius
2923 881 3153 952 Spiritus
3195 887 3339 945 fonte
3366 864 3557 960 proce;

1970 956 2123 1051 dant,
2143 958 2397 1014 videntur
2420 964 2820 1032 quodammodo
2864 973 3123 1039 quasdam
3175 956 3384 1033 habere.
3425 998 3550 1051 pro-

1967 1047 2243 1140 prietates.
2271 1052 2431 1109 Aliud
2464 1064 2549 1111 est
2570 1058 2715 1112 enim
2742 1074 2954 1131 sapere,
3008 1063 3152 1119 aliud
3196 1047 3509 1140 intelligere
3530 1116 3549 1135 ,

1967 1138 2096 1233 quia
2117 1141 2270 1197 multi
2283 1144 2500 1213 quidem
2520 1157 2724 1204 :eterna
2747 1153 2982 1221 sapiunt,
2998 1158 3090 1209 sed
3115 1157 3231 1213 haec
3254 1138 3555 1233 intelligere

1965 1227 2198 1320 minime;
2214 1244 2457 1302 possunt.
2486 1235 2764 1307 Sapientia
2791 1257 2921 1313 ergo
2950 1256 3186 1303 mentem
3208 1265 3371 1320 quam
3408 1227 3551 1309 insc—

1964 1313 2130 1407 derit,
2167 1318 2233 1374 de
2254 1328 2580 1378 teternorum
2615 1341 2710 1396 spe
2734 1337 2791 1383 et
2823 1331 3147 1390 certitudine
3173 1313 3361 1407 replet.
3394 1340 3551 1397 Intel-

1964 1405 2135 1502 lectus
2158 1424 2224 1463 eo
2262 1415 2404 1481 quod
2449 1426 2658 1472 secreta
2682 1429 2949 1490 penetrat,
2981 1441 3078 1481 cor
3119 1405 3261 1496 quod
3291 1432 3550 1502 tetigerit,

1963 1498 2254 1557 réliciendo
2306 1504 2421 1571 ejus
2458 1509 2708 1566 tenebras
2756 1512 3009 1571 illustrat.
3044 1498 3549 1588 Consilium,vdum

1961 1603 2082 1646 esse
2118 1595 2425 1665 quempiam
2470 1602 2799 1669 prmcipitem
2849 1606 3139 1674 prohibet,
3189 1611 3397 1668 ratione
3434 1615 3550 1668 ani-

1962 1692 2108 1734 mum
2135 1682 2323 1752 replet.
2350 1685 2631 1744 Fortitudo
2657 1705 2786 1745 vero
2809 1706 2933 1748 cum
2957 1696 3182 1752 adversa
3199 1714 3306 1754 non
3333 1704 3546 1766 metuit,

280 1790 472 1829 norum
489 1791 710 1845 operum
740 1776 1069 1831 exhibitione
1090 1774 1333 1847 ﬂagrare,
1372 1785 1426 1830 et
1467 1775 1684 1830 mundis
1708 1775 1855 1830 indui
1885 1756 1933 1815 Β
1963 1769 2249 1838 trepidanti
2282 1777 2445 1829 menti
2471 1777 2849 1835 conﬁdentiam
2903 1784 3121 1854 praebet.
3156 1786 3391 1844 Scientia
3417 1756 3544 1845 cuni

276 1864 536 1921 vestibus.
571 1865 645 1920 De
668 1864 864 1936 quibus
886 1866 1146 1935 propheta
1198 1866 1508 1920 sacerdotes
1533 1864 1680 1919 indui
1710 1873 1851 1930 orat,

278 1970 402 2009 cum
430 1954 596 2010 dicit:
632 1954 940 2010 Sacerdotes
997 1956 1076 2011 tui
1102 1956 1394 2010 induantur
1428 1956 1642 2025 justitia
1673 1953 1847 2026 (Psal.

276 2045 485 2116 cxxxr).
514 2044 646 2111 Quia
670 2061 800 2118 ergo
822 2047 1000 2100 omnia
1029 2045 1081 2101 in
1110 2046 1361 2117 baptismi
1386 2046 1593 2102 ratione
1612 2046 1855 2109 redolent

277 2138 551 2210 mysteriis
602 2147 660 2193 et
698 2137 997 2194 exuberant
1057 2139 1442 2205 sacramentis,
1491 2148 1853 2210 Opportunum

276 2238 413 2292 crat,
427 2239 488 2283 ut
503 2244 672 2285 novus
692 2229 853 2285 homo
866 2246 1000 2285 nova
1014 2232 1285 2301 acciperet
1297 2232 1637 2299 vestimenta,
1661 2241 1714 2287 et
1726 2247 1851 2301 pur—

276 2328 432 2389 gatus
469 2321 665 2376 veteris
708 2337 862 2376 noxa:
894 2321 1218 2386 colluvione,
1244 2322 1596 2378 candidarum
1622 2322 1851 2377 vestium

278 2413 809 2469 induereturuitore.
843 2413 1015 2469 Moses
1036 2414 1181 2470 enim
1228 2414 1410 2470 Aaron
1451 2422 1506 2469 et
1545 2412 1684 2469 filios
1735 2413 1853 2484 ejus

276 2504 425 2573 prius
449 2519 584 2574 aqua
610 2504 826 2569 lavavit,
850 2514 902 2559 et
932 2514 1051 2575 post
1087 2506 1245 2561 lineis
1288 2506 1461 2561 induit
1491 2507 1847 2561 vestimentis.

275 2596 412 2662 Quia
441 2604 623 2650 noster
650 2612 809 2651 verus
850 2596 1023 2651 Moses
1063 2598 1154 2666 qui
1196 2596 1450 2666 populum
1495 2598 1561 2652 de
1600 2596 1849 2668 [Egyptia

274 2687 551 2751 servitute,
583 2687 647 2742 de
674 2688 988 2757 gentilitatis
1014 2689 1261 2744 videlicet
1288 2704 1473 2744 errore
1517 2689 1732 2753 liberat,
1756 2689 1848 2759 qui

271 2789 355 2833 est
379 2780 639 2834 mediator
653 2779 744 2835 Dei
775 2789 830 2835 et
847 2781 1145 2845 hominum,
1170 2781 1251 2837 sui
1279 2797 1376 2837 nos
1404 2782 1849 2837 inenarrabilisa-

271 2871 531 2925 r-rameuti
548 2870 688 2925 unda
701 2871 969 2941 purificat,
982 2880 1035 2927 et
1050 2873 1312 2928 bonorum
1333 2888 1554 2944 operum
1570 2873 1850 2928 indumen-

273 2964 342 3016 tis
371 2970 616 3017 exornat.
654 2960 1047 3033 Baptizatorum
1086 2963 1271 3034 itaque
1328 2964 1506 3034 capita
1553 2964 1849 3019 chrismate

272 3053 550 3115 liniuntur,
572 3061 631 3106 ut
655 3052 709 3107 in
741 3068 903 3123 regno
932 3063 987 3109 et
1005 3054 1307 3109 sacerdotio
1340 3054 1593 3109 Ecclesiae
1623 3054 1845 3110 delibuti

270 3156 321 3200 et
344 3145 636 3202 Christiani
664 3148 894 3203 nominis
917 3148 1320 3220 prrerogativam
1343 3148 1630 3219 accipiant,
1652 3158 1707 3204 et
1729 3148 1845 3219 ejus

271 3240 532 3303 mendira.
558 3240 649 3309 qui
686 3256 781 3295 eos
807 3240 1052 3304 redemit,
1074 3247 1129 3295 et
1154 3256 1340 3295 eorum
1381 3249 1545 3309 caput
1574 3248 1680 3304 est,
1706 3239 1844 3295 ellici

271 3328 502 3382 valeant.
517 3328 706 3398 Capita
722 3328 899 3398 itaque
916 3344 1102 3383 eorum
1118 3329 1208 3398 qui
1230 3337 1687 3399 regeneranturcx
1704 3344 1844 3400 aqua

268 3432 321 3476 ct
349 3421 538 3490 spiritu
571 3429 759 3476 sancto
786 3420 1014 3491 mystico
1041 3420 1304 3476 velamine
1334 3428 1588 3490 teguntur
1611 3461 1625 3484 ,
1662 3429 1719 3475 ut
1765 3421 1845 3477 eis

270 3529 367 3582 per
406 3511 621 3567 Petrum
651 3511 899 3566 dicatur:
940 3508 1040 3564 Vos
1069 3510 1191 3565 estis
1224 3527 1384 3581 genus
1410 3510 1645 3575 electum,
1676 3510 1847 3581 regale

267 3604 653 3668 sacerdotium,
700 3619 827 3673 gens
874 3611 1087 3668 sancta,
1130 3601 1351 3673 populus
1406 3601 1760 3673 acquisitionis
1791 3599 1844 3672 (1

272 3690 417 3747 Pelr.
440 3690 520 3760 ιι),
553 3699 610 3748 et
639 3692 741 3746 hoc
778 3690 1041 3745 velamine
1068 3698 1124 3747 et
1148 3690 1393 3746 diadema
1423 3691 1651 3762 regium,
1681 3698 1735 3746 et
1758 3705 1844 3745 sa-

267 3783 557 3839 cerdotalis
586 3782 775 3854 capitis
817 3780 1176 3836 velamentum
1226 3781 1591 3853 signiﬁcetur;
1634 3790 1687 3835 et
1718 3782 1842 3851 quia

269 3891 365 3946 per
386 3884 544 3944 caput
598 3888 748 3929 mens
772 3871 1086 3944 plerumque
1116 3873 1169 3928 in
1197 3888 1352 3928 sacro
1404 3873 1617 3943 eloquio
1671 3872 1840 3942 accipi

268 3965 423 4029 solet,
454 3963 607 4034 juxta
658 3962 823 4018 illud:
856 3962 1111 4036 Respicite
1164 3975 1212 4020 et
1260 3964 1423 4020 levate
1473 3966 1646 4036 capita
1675 3976 1842 4020 vestra

269 4046 419 4126 (Luc.
443 4055 583 4126 xxi),
609 4069 759 4110 mens
786 4063 1093 4110 renatorum
1117 4062 1172 4111 et
1193 4055 1352 4126 regia:
1376 4055 1653 4127 dignitatis
1677 4071 1840 4110 orna-

269 4154 473 4211 menta,
498 4154 555 4202 et
583 4144 928 4200 sacerdotalis
955 4146 1174 4202 verticis
1206 4145 1402 4201 habeat
1431 4152 1756 4215 tegumenta,
1785 4154 1844 4200 ut

268 4247 323 4292 et
356 4247 539 4294 contra
572 4238 700 4292 vitia
725 4236 1042 4293 sacerdotali
1063 4236 1328 4292 velamine
1352 4237 1644 4299 muniatur,
1661 4246 1711 4290 et
1740 4238 1842 4291 vir-

270 4336 441 4382 tutum
466 4328 690 4399 gemmis
710 4327 1023 4396 spiritaliter
1050 4336 1365 4391 exornetur,
1388 4335 1439 4382 et
1482 4327 1734 4383 unctione
1758 4343 1841 4382 sa-

204 4424 217 4435 ’
270 4419 535 4474 crosancti
563 4418 873 4474 chrismatis
897 4416 1136 4479 liniatur,
1162 4416 1359 4488 quibus
1395 4416 1557 4472 etiam
1598 4417 1841 4488 septifor-

269 4510 372 4563 mis
407 4508 588 4580 gratim
605 4505 842 4578 Spiritus
894 4521 991 4578 per
1018 4507 1327 4563 chrismatis
1360 4508 1668 4563 unctionem
1715 4523 1843 4562 eon-

268 4599 499 4663 ceditur,
526 4608 711 4655 utnon
733 4600 905 4655 solum
936 4598 1107 4655 sancti
1138 4597 1394 4668 Spiritus,
1424 4599 1514 4668 qui
1556 4599 1716 4653 unius
1761 4608 1844 4653 cst

267 4705 392 4746 cum
415 4691 572 4746 Patre
588 4687 785 4746 etFilio
806 4690 1136 4752 substantire,
1153 4690 1247 4745 sed
1273 4690 1437 4744 totius
1456 4700 1655 4746 saneta:
1668 4689 1845 4744 Trini-

269 4781 395 4836 tatis
420 4780 777 4836 habitaculum
808 4779 943 4834 ellici
989 4788 1314 4834 mereantur.
1346 4778 1580 4850 Spiritus
1603 4779 1847 4850 paracle-

268 4880 356 4927 tus
380 4869 709 4943 scptiformis
741 4870 902 4926 etiam
930 4870 1117 4941 gratia:
1146 4869 1343 4924 dicitur
1364 4911 1381 4934 ,
1433 4877 1651 4941 propter
1674 4880 1844 4938 septe-

270 4961 406 5015 narii
443 4959 649 5014 numeri
687 4960 1025 5031 mysterium,
1073 4960 1127 5014 in
1173 4975 1281 5031 quo
1314 4975 1524 5015 summa
1583 4961 1843 5031 perfectio

271 5051 603 5123 iutelilgitur.
631 5050 726 5106 Est
752 5051 894 5105 enim
917 5051 1243 5122 compositus
1266 5066 1331 5107 ex
1358 5058 1472 5107 toto
1492 5052 1668 5121 primo
1701 5052 1841 5121 pari,

269 5151 326 5199 et
350 5157 416 5197 ex
445 5152 557 5198 toto
590 5144 765 5213 primo
788 5143 980 5213 impari
1009 5162 1021 5197 :
1053 5158 1117 5197 ex
1148 5151 1258 5198 toto
1284 5144 1461 5214 primo
1481 5144 1729 5214 pari,qui
1757 5145 1841 5198 di-

269 5235 379 5290 vidi
412 5242 610 5304 potest,
634 5244 689 5288 ct
712 5249 778 5288 ex
807 5242 922 5288 toto
966 5233 1142 5305 primo
1172 5234 1383 5305 impari.
1413 5235 1506 5304 qui
1535 5233 1701 5290 dividi
1738 5252 1842 5290 non

269 5336 464 5398 potest.
493 5326 664 5381 liabet
690 5327 833 5381 enim
861 5327 912 5382 in
939 5327 1172 5382 ternario
1198 5328 1513 5398 mysterium
1545 5327 1848 5394 Trinitatis,

270 5420 325 5474 in
348 5418 698 5490 quaternario
719 5418 1007 5489 Evangelii.
1027 5418 1153 5473 Sive
1172 5419 1450 5473 euim_tres
1472 5436 1570 5489 per
1591 5430 1846 5491 quatuor,

270 5513 385 5568 sive
407 5519 641 5584 quatuor
664 5526 761 5580 per
786 5519 895 5566 tres
915 5510 1354 5581 multiplicentur,
1373 5512 1438 5566 ad
1460 5512 1848 5569 duodenarium

270 5616 561 5657 numerum
591 5601 849 5670 surgitur,
883 5600 1007 5669 quia
1038 5600 1354 5670 mysterium
1381 5611 1585 5657 sanctae
1608 5601 1848 5659 Trinita-

271 5693 346 5751 tis
368 5702 426 5750 et
477 5693 726 5749 doctrina
747 5693 1018 5765 Evangelii
1047 5708 1142 5762 per
1170 5693 1449 5748 duodecim
1503 5696 1772 5766 apostolos
1797 5702 1850 5751 in

1868 4464 1921 4525 D

1958 1857 2320 1928 ignorantiam
2362 1863 2529 1935 fugat,
2561 1875 2617 1924 et
2637 1868 2838 1924 lumine
2878 1888 2977 1927 suo
3005 1890 3129 1929 eum
3158 1892 3319 1946 quem
3372 1879 3545 1948 reple-

1954 1948 2095 2003 verit
2143 1950 2392 2008 illustrat.
2421 1955 2603 2011 Pietas
2629 1998 2644 2022 ,
2692 1959 3077 2018 misericordia:
3129 1966 3381 2035 operibus
3418 1984 3541 2023 eum

1954 2056 2115 2111 quem
2155 2043 2463 2114 repleverit,
2492 2049 2795 2105 exuberare
2843 2054 3108 2109 concedit.
3142 2056 3360 2118 Timor.
3415 2060 3545 2115 dum

1952 2134 2148 2200 premit
2167 2143 2400 2191 mentem
2428 2153 2493 2192 ne
2522 2139 2587 2193 de
2632 2143 2984 2211 praesentibus
3014 2145 3308 2215 superbiat,
3340 2148 3407 2203 dc
3449 2149 3534 2204 fu-

1954 2223 2088 2277 turis
2106 2223 2251 2278 illam
2276 2226 2387 2296 spei
2405 2227 2696 2285 refectione
2709 2232 2999 2288 confortat.
3018 2233 3108 2289 Sic
3132 2237 3277 2291 enim
3301 2239 3540 2308 quodam

1951 2314 2278 2371 adminiculo
2304 2318 2386 2372 sui
2416 2319 2644 2375 invicem
2677 2323 2777 2377 sibi
2813 2335 3157 2391 succurrunt,
3182 2335 3241 2381 ut
3270 2328 3399 2383 dum
3427 2330 3535 2384 alia

1953 2408 2070 2465 alia:
2103 2411 2448 2483 suffragatur,
2489 2416 2613 2472 vita:
2655 2419 2788 2474 ordo
2833 2430 2889 2475 et
2934 2429 3107 2476 status
3159 2423 3541 2479 decentissime

1951 2511 2321 2570 componatur.
2363 2504 2537 2560 Minor
2563 2507 2761 2578 quippe
2810 2516 2893 2563 cst
2924 2510 3205 2580 sapientia,
3243 2512 3288 2566 si
3332 2512 3542 2568 intelle-

1948 2600 2037 2645 cm
2064 2601 2268 2646 careat.
2295 2594 2360 2648 Et
2381 2595 2538 2650 valde
2583 2597 2789 2653 inutilis
2817 2599 3120 2655 intellectus
3142 2609 3247 2667 est,
3274 2602 3319 2657 si
3356 2618 3422 2657 ex
3453 2619 3541 2658 sa-

1948 2683 2147 2753 pientia
2180 2702 2284 2740 non
2307 2688 2586 2743 subsistat.
2632 2690 2768 2757 Quia
2795 2706 2919 2746 cum
2948 2692 3141 2747 altiora
3181 2694 3298 2748 sine
3326 2694 3541 2764 sapien-

1949 2774 2038 2829 tia:
2095 2776 2332 2845 pondere
2378 2786 2657 2845 penetrat,
2719 2795 2815 2834 sua
2869 2780 3018 2836 illum
3085 2782 3275 2839 levitas
3322 2784 3539 2855 gravius

1948 2865 2215 2920 ruiturum
2256 2867 2417 2921 levat.
2455 2868 2571 2923 Vile
2600 2879 2683 2923 est
2709 2870 3017 2939 consilium,
3046 2873 3132 2929 cui
3185 2873 3348 2928 robor
3385 2873 3541 2929 forti-

1948 2953 2148 3011 tudinis
2172 2958 2340 3020 deest,
2380 2960 2504 3027 quia
2538 2962 2679 3028 quod
2733 2964 3017 3019 tractando
3072 2965 3296 3029 invenit,
3343 2981 3539 3021 carens

1947 3045 2173 3111 viribus,
2204 3061 2376 3117 usque
2398 3048 2465 3103 ad
2502 3048 2890 3118 perfectionem
2916 3053 3096 3122 operis
3132 3069 3236 3110 non
3264 3056 3539 3124 perducit,

1946 3144 2002 3191 et
2023 3135 2177 3192 valde
2212 3136 2470 3194 fortitudo
2493 3140 2811 3205 destruitur,
2846 3142 2950 3198 nisi
2994 3158 3092 3213 per
3119 3146 3404 3201 consilium
3435 3146 3539 3200 τηις

1945 3226 2137 3291 ciatur,
2164 3228 2290 3298 quia
2319 3244 2427 3299 quo
2468 3230 2589 3300 plus
2627 3246 2684 3286 se
2732 3246 2891 3301 posse
2934 3233 3215 3305 conspicit,
3264 3250 3329 3290 eo
3359 3237 3537 3291 virtus

1944 3318 2062 3373 sine
2105 3319 2329 3375 rationis
2356 3321 2723 3377 morlcramine
2751 3322 2988 3378 deterius
3024 3323 3076 3377 in
3107 3340 3347 3395 praeceps
3404 3328 3533 3382 ruit.

1944 3406 2098 3462 Nulla
2124 3416 2208 3463 est
2254 3409 2500 3477 scientia,
2541 3411 2585 3466 si
2614 3406 2902 3467 utilitatem
2944 3413 3165 3484 pietatis
3191 3431 3297 3470 non
3344 3416 3532 3483 habet,

1945 3496 2073 3566 quia
2103 3496 2228 3553 dum
2258 3499 2397 3554 bona
2429 3501 2640 3571 cognita
2668 3503 2889 3571 exsequi
2926 3503 3166 3575 negligit,
3198 3519 3319 3560 sese
3342 3505 3409 3561 ad
3447 3506 3534 3576 ju-

1944 3593 2142 3649 dicium
2173 3595 2377 3650 arctius
2418 3596 2652 3666 stringit,
2682 3604 2737 3651 et
2777 3595 2931 3652 valde
2958 3597 3162 3653 inutilis
3182 3606 3266 3654 est
3312 3599 3488 3670 pietas
3514 3640 3531 3665 ,

1944 3684 1988 3739 si
2020 3684 2247 3741 scientia
2294 3686 2619 3741 discretione
2655 3695 2825 3752 caret,
2879 3688 3005 3758 quia
3039 3688 3167 3745 dum
3201 3689 3344 3744 nulla
3395 3691 3544 3747 hanc

1944 3777 2170 3833 scicntia
2202 3777 2489 3846 illuminat,
2512 3781 2781 3849 quomodo
2827 3780 3151 3837 misereatur
3174 3781 3405 3852 ignorat.
3441 3783 3535 3838 ’l‘i-

1944 3883 2062 3922 mor
2081 3884 2296 3939 quoque
2327 3869 2460 3939 ipse,
2508 3869 2611 3924 nisi
2642 3870 2740 3925 has
2770 3871 2933 3925 etiam
2962 3872 3189 3927 virtutes
3237 3873 3531 3939 habuerit,

1944 3958 2012 4012 ad
2038 3958 2241 4013 nullum
2264 3974 2400 4028 opus
2448 3958 2636 4030 procul
2674 3959 2836 4015 dubio
2882 3961 3037 4016 home
3075 3962 3304 4017 actionis
3330 3964 3527 4034 surgit.
3574 3950 3579 3955 ’

1940 4051 2068 4121 quia
2097 4051 2225 4106 dum
2249 4053 2321 4107 ad
2350 4060 2545 4107 cuncta
2592 4052 2848 4124 trepidat,
2890 4053 3006 4125 ipSa
3044 4055 3125 4111 sui
3171 4054 3459 4112 formidine
3502 4074 3534 4111 a

1940 4138 2097 4196 bonis
2120 4139 2373 4209 operibus
2394 4149 2616 4211 torpens
2635 4150 2810 4198 vacat.
2855 4142 3209 4214 Summopere
3236 4144 3417 4214 itaque
3442 4147 3534 4200 ob-

1942 4233 2265 4288 servandum
2316 4241 2418 4296 est,
2446 4240 2502 4288 et
2531 4231 2701 4301 ipsius
2726 4236 2896 4288 sanct‘
2932 4232 3171 4303 Spiritus
3199 4233 3527 4304 adjutorium

1944 4323 2358 4394 implorandum,
2382 4336 2448 4377 ne
2476 4321 2738 4391 sapientia
2765 4322 2958 4388 elevet,
2987 4338 3054 4378 ne
3080 4323 3383 4380 intellectus
3398 4323 3529 4379 dum

1943 4413 2214 4469 subtiliter
2237 4413 2427 4476 currit,
2450 4412 2685 4477 aberret,
2712 4428 2781 4468 ne
2825 4413 3108 4468 consilium
3144 4413 3272 4469 dum
3311 4429 3371 4469 se
3390 4415 3530 4469 mul-

1950 4505 2176 4577 tiplicat,
2210 4503 2522 4570 confundat,
2556 4519 2623 4558 ne
2680 4503 2935 4558 fortitudo
2958 4504 3083 4557 dum
3115 4504 3367 4560 fiduciam
3391 4521 3531 4576 pra!-

1951 4598 2036 4651 bct
2067 4597 2387 4668 prmcipitct.
2424 4613 2492 4651 ne
2522 4596 2750 4652 scientia
2779 4595 2905 4650 dum
2935 4596 3083 4650 novit
3113 4603 3169 4651 et
3202 4611 3307 4651 non
3335 4596 3531 4667 diligit,

1951 4683 2119 4753 iullet,
2157 4702 2223 4740 ne
2251 4687 2424 4757 pietas
2475 4687 2599 4741 dum
2626 4702 2683 4742 se
2708 4694 2859 4741 extra
2885 4687 3266 4741 rectitudinem
3308 4687 3533 4742 inclinat

1950 4775 2274 4847 intorqueat,
2305 4792 2372 4831 ne
2406 4776 2569 4830 timor
2592 4775 2718 4829 dum
2740 4774 2862 4845 plus
2883 4775 3030 4847 justo
3058 4776 3306 4846 trepidat,
3340 4776 3392 4831 in
3440 4778 3535 4835 de-

1948 4866 2269 4937 sperationis
2300 4867 2508 4922 foveam
2537 4876 2761 4938 mergat.

2020 4956 2089 5011 Et
2117 4974 2235 5011 cum
2280 4957 2605 5029 imposuisset
2631 4956 2737 5011 illis
2764 4952 2950 5013 manus
2998 4956 3223 5025 Paulus,
3248 4961 3382 5014 venit
3404 4958 3530 5031 Spi-

1948 5049 2079 5103 ritus
2097 5058 2311 5104 sanctus
2336 5066 2493 5122 super
2520 5064 2627 5114 eos,
2656 5058 2705 5102 et
2726 5047 3073 5120 loquebantur
3104 5048 3317 5121 linguis,
3345 5059 3393 5103 et
3414 5067 3535 5121 pro-

1946 5141 2244 5212 phetabant.
2277 5140 2443 5196 Erant
2464 5157 2640 5195 omnes
2662 5142 2759 5195 viri
2792 5140 2901 5210 fere
2917 5140 3214 5206 duodecim,
3237 5151 3342 5197 etc.
3376 5140 3532 5208 Qum-

1947 5233 2053 5287 stio
2079 5233 2269 5287 crebra
2294 5232 2584 5287 ventilatur
2609 5272 2625 5297 ,
2679 5232 2724 5287 si
2753 5232 2827 5286 illi
2878 5232 2969 5301 qui
3026 5246 3124 5302 per
3169 5232 3531 5303 ignorantiam

1948 5322 2085 5379 forte
2113 5338 2218 5376 non
2265 5322 2654 5393 baptizati,scd
2686 5329 2866 5375 tamen
2893 5329 3053 5376 recta:
3081 5320 3203 5375 ﬁdei
3257 5320 3530 5389 aliquibus

1948 5416 2205 5485 baptizati
2247 5423 2393 5480 sunt,
2424 5415 2617 5468 iterum
2646 5413 2911 5483 baptizari
2946 5413 3198 5477 debeant,
3221 5426 3382 5481 quam
3428 5411 3532 5466 hoc

1950 5505 2185 5574 capitulo
2235 5503 2530 5575 expositam
2580 5516 2736 5566 reor;
2766 5501 2895 5571 quid
2922 5500 3064 5554 enim
3093 5498 3296 5563 dilfert,
3343 5504 3526 5552 utrum

1951 5613 2079 5657 tunc
2104 5610 2228 5656 ante
2282 5601 2492 5656 initium
2526 5597 2780 5668 baptismi
2821 5595 3065 5658 Christi,
3118 5611 3185 5649 an
3224 5608 3367 5648 nunc
3412 5594 3530 5647 sine

1951 5694 2291 5752 successione
2316 5691 2555 5763 ejusdem
2586 5689 2813 5759 quisque
2857 5687 3178 5758 baptizctur,
3208 5700 3329 5740 cum
3364 5686 3531 5739 etiam
