3978 6418
503 245 609 300 523

1791 221 2144 279 SMABACDI
2187 220 2473 275 ABBATIS

3657 225 3751 286 δυ

503 358 616 428 ipse
641 353 875 410 Joannes
905 365 995 405 eos
1027 362 1162 420 quos
1193 346 1246 400 in
1301 343 1405 399 ﬁde
1439 351 1494 398 et
1527 343 1580 397 in
1607 341 1823 396 nomine
1875 337 2078 394 Christi
2106 340 2154 396 Λ
2183 338 2309 390 tatis
2333 336 2538 400 oculos,
2574 334 2770 406 quibus
2812 335 3395 407 solummodoSpiritus
3434 349 3657 397 sanctus
3679 345 3751 401 vi.

505 446 632 502 licet
651 443 863 499 venturi
893 439 1280 510 baptizaverat,
1311 436 1506 490 iterum
1533 431 1889 510 baptizandos
1922 443 2044 484 esse
2069 459 2082 482 ν

503 533 874 607 praedicaverit
896 507 1120 586 dicens:
1159 529 1273 599 Ego
1327 527 1530 598 baptizo
1560 543 1647 580 vos
1689 507 1850 595 aqua,
1872 522 1960 577 ille
1989 523 2083 578 ba—

503 625 714 697 ptizabit
739 640 825 678 ros
850 623 905 676 in
928 620 1131 692 Spiritu
1157 628 1358 673 sancto.

575 713 772 768 Verum
819 709 1023 782 judicia
1059 708 1272 763 Domini
1301 707 1525 778 abyssus
1553 706 1738 762 multa.
1776 706 1916 760 Ecce
1959 705 2086 760 Asia

505 818 676 872 nuper
696 799 1062 871 apostolorum
1111 811 1209 852 nec
1239 797 1550 852 visitatione
1579 797 1738 868 digna
1768 836 1783 860 ,
1833 812 1978 850 nunc
2030 803 2088 850 et

503 891 796 963 apostolico
844 898 1058 945 sacrato
1087 903 1313 942 numero
1335 895 1389 941 et
1412 885 1709 957 prophetali
1735 894 1818 940 est
1863 899 2085 940 munere

504 984 812 1047 sublimata,
832 991 888 1036 et
909 980 1200 1036 notandum
1219 979 1361 1049 quod
1379 979 1613 1048 Spiritus
1625 987 1844 1032 sanctus
1864 977 2017 1032 ethic
2033 977 2085 1030 in

503 1073 788 1128 duodecim
821 1070 1113 1141 discipulos
1133 1079 1186 1124 et
1223 1084 1385 1139 supra
1415 1069 1468 1122 in
1495 1077 1713 1124 centum
1769 1075 1823 1123 et
1852 1068 2040 1140 viginti
2068 1108 2083 1132 ,

503 1162 596 1232 qui
626 1171 710 1216 est
731 1161 1089 1215 duodenarius
1109 1173 1364 1212 numerus
1390 1159 1569 1214 decies
1608 1159 1800 1214 ductus
1822 1159 2085 1213 adventus

509 1253 591 1305 sui
617 1252 768 1320 signa
797 1249 1202 1312 monstraverit,
1237 1247 1366 1302 illud
1417 1247 1470 1301 in
1496 1246 1851 1313 Hierusalem,
1881 1249 1984 1302 hoc
2033 1247 2084 1304 in

507 1345 736 1414 Epheso,
765 1357 884 1411 qua:
908 1349 991 1394 cst
1010 1341 1202 1395 civitas
1223 1339 1536 1393 Graecorum
1561 1379 1577 1403 ,
1620 1341 1781 1393 credo
1809 1347 1869 1393 ut
1905 1347 2087 1392 osten-

505 1433 658 1487 deret
691 1447 769 1495 se,
794 1431 907 1485 sive
932 1431 998 1485 de
1029 1429 1226 1484 Iudaeis
1265 1443 1360 1484 seu
1408 1428 1656 1497 gentibus
1689 1429 1872 1483 credat
1930 1429 2084 1498 quis,

505 1539 602 1578 eos
629 1522 1014 1583 tantummodo,
1049 1520 1140 1590 qui
1180 1519 1375 1574 unitati
1412 1519 1665 1574 Ecclesize
1711 1519 1990 1574 catholica:
2013 1529 2087 1574 at-

505 1630 612 1685 que
642 1613 946 1684 apostolica!
971 1611 1389 1674 communicent,
1422 1609 1661 1679 implere.

861 1713 1192 1753 EV'ANGELIUM
1221 1712 1454 1764 JOANNIS,
1481 1715 1598 1754 CAP.
1632 1715 1740 1753 XIV.

584 1816 602 1847 ι
637 1797 694 1851 Si
721 1795 942 1866 diligitis
989 1811 1094 1857 me,
1141 1795 1392 1849 mandata
1443 1807 1564 1846 mea
1608 1799 1840 1846 servate.
1880 1789 1948 1844 Et
1988 1805 2087 1861 ego

511 1903 530 1935 ι
570 1887 770 1956 rogabo
794 1882 1028 1950 Patrem,
1061 1893 1116 1940 ct
1157 1885 1323 1938 alium
1354 1881 1696 1936 Paracletum
1738 1867 2085 1944 dabit'vobis,

511 1995 529 2024 ε
565 1985 624 2030 ut
666 1983 884 2031 maneat
928 1975 1204 2030 vobiscum
1249 1975 1303 2028 in
1333 1982 1613 2037 aeternum,
1658 1971 1904 2042 spiritum
1942 1972 2092 2026 vcri-

511 2088 529 2118 ι
569 2067 716 2130 tatis,
747 2081 905 2136 quem
942 2066 1174 2120 mundus
1201 2082 1306 2120 non
1335 2071 1512 2136 potest
1535 2063 1805 2134 accipere,
1833 2063 1960 2133 quia
1983 2079 2089 2118 non

514 2178 533 2209 ι
568 2157 704 2212 vidit
746 2172 902 2220 eum,
938 2171 1038 2212 nec
1080 2157 1185 2212 scit
1215 2172 1359 2212 eum.
1397 2153 1505 2210 Vos
1546 2162 1726 2210 autem
1756 2156 2091 2225 cognoscetis

512 2267 530 2298 ι
569 2263 714 2311 eutn,
742 2247 868 2316 quia
895 2247 1035 2317 apud
1065 2262 1162 2300 vos
1187 2246 1444 2307 manebit,
1477 2245 1606 2299 etin
1634 2244 1788 2298 vobis
1813 2244 1938 2298 erit.
1971 2244 2087 2298 Non

512 2357 530 2388 ι
571 2337 868 2408 relinquam
897 2352 994 2392 vos
1035 2337 1326 2406 orphanos,
1375 2335 1589 2390 veniam
1635 2335 1701 2390 ad
1733 2350 1852 2388 vos.
1901 2334 2090 2390 Adhuc

513 2447 530 2478 ι
571 2427 863 2494 modicum,
884 2435 938 2481 et
963 2427 1193 2481 mundus
1213 2426 1326 2497 jam
1353 2441 1438 2478 me
1459 2441 1563 2479 non
1584 2423 1748 2478 videt.
1781 2423 1888 2479 Vos
1911 2432 2090 2478 autem

515 2537 533 2568 ι
573 2518 767 2573 videtis
804 2533 911 2583 me,
944 2517 1070 2588 quia
1099 2532 1200 2587 ego
1245 2517 1385 2580 vivo,
1421 2525 1475 2572 ct
1505 2531 1600 2571 vos
1641 2516 1853 2570 vivctis.
1903 2515 1962 2570 ln
2003 2515 2091 2569 illo

513 2627 531 2657 ι
569 2609 656 2664 die
694 2625 789 2664 vos
815 2610 1175 2680 cognoscetis,
1209 2609 1334 2679 quia
1365 2622 1464 2678 ego
1493 2608 1546 2662 in
1569 2605 1728 2661 Patre
1770 2621 1890 2660 meo
1914 2616 1970 2661 et
1995 2622 2090 2662 vos

515 2717 534 2748 ι
570 2699 622 2753 in
653 2715 753 2762 me,
784 2707 838 2754 et
861 2713 961 2769 ego
991 2699 1046 2753 in
1073 2699 1242 2753 vobis.
1273 2698 1374 2765 Qui
1415 2698 1575 2752 habet
1602 2697 1854 2751 mandata
1887 2713 2007 2751 mea
2035 2708 2090 2752 et

516 2805 534 2836 ι
571 2797 752 2842 servat
773 2803 858 2852 ea,
890 2787 980 2842 ille
1014 2796 1117 2848 est,
1146 2787 1237 2856 qui
1279 2787 1452 2855 diligit
1483 2801 1586 2840 me.
1627 2784 1730 2852 Qui
1757 2794 1938 2840 autem
1966 2787 2087 2842 dili-

515 2897 534 2930 ι
567 2879 643 2949 git
673 2895 778 2944 me,
811 2880 1064 2950 diligetur
1090 2895 1119 2933 a
1138 2876 1295 2932 Patre
1325 2893 1462 2932 meo.
1491 2877 1556 2931 Et
1582 2892 1682 2946 ego
1717 2876 1938 2947 diligam
1964 2891 2088 2933 eum

514 2987 532 3018 ι
571 2977 627 3022 ει
656 2967 1012 3024 manilcstabo
1032 2968 1078 3024 ei
1105 2983 1192 3022 me
1217 2967 1440 3037 ipsum.»

2191 428 2302 482 deri
2334 435 2533 497 potest,
2553 437 2610 480 et
2638 427 2766 481 sciri
2788 434 2844 481 et
2871 427 3091 482 sciendo
3117 427 3359 500 intelligi.

2271 517 2371 572 Vos
2397 528 2572 572 autem
2599 518 2916 588 cognoscetis
2938 533 3078 583 eum,
3107 519 3234 589 quia
3261 519 3400 591 apud
3425 536 3517 574 vos
3541 525 3750 580 manebit

2189 619 2236 662 et
2263 611 2318 662 in
2340 609 2480 663 vobis
2501 608 2620 663 erit.
2666 608 2784 662 Erit
2821 615 2882 663 ut
2908 620 3125 664 maneat
3161 609 3215 663 in
3257 618 3542 666 aeternum.
3586 612 3752 670 Domi-

2189 718 2318 757 num
2348 717 2580 772 namque
2615 701 2938 757 salvatorem
2963 709 3019 756 et
3042 701 3286 758 inﬁdeles
3305 711 3430 758 ante
3458 705 3751 774 passionem

2190 793 2242 846 in
2273 806 2438 846 carne
2459 792 2730 856 viderunt,
2763 793 2856 847 sed
2884 791 3194 862 quiai‘ilius
3207 793 3302 848 Dei
3326 804 3490 860 esset,
3519 798 3642 867 quia
3667 799 3754 855 Pa-

2190 883 2424 938 I'aclctus
2451 897 2484 937 a
2523 882 2753 938 Domino
2793 882 2993 937 missus
3021 883 3078 937 in
3103 883 3384 950 mundum,
3414 901 3524 940 non
3558 888 3655 944 nisi
3692 891 3750 944 ﬁ-

2188 973 2336 1028 deles
2359 973 2502 1028 scire
2523 980 2834 1042 potuerunt.
2877 971 3138 1042 Spiritum
3177 983 3360 1029 autem
3401 985 3643 1032 sanctum
3665 995 3750 1035 ne-

2187 1081 2294 1134 que
2330 1063 2501 1120 oculis
2544 1065 2728 1119 videre
2767 1063 3030 1131 inﬁdeles,
3079 1081 3254 1137 neque
3295 1067 3479 1124 animo
3521 1070 3751 1128 valebant

2188 1169 2537 1225 cognoscere,
2566 1154 2690 1224 quia
2730 1169 2837 1210 non
2866 1153 3088 1212 indutus
3128 1157 3465 1215 humanitate
3493 1159 3750 1232 discipulis

2188 1248 2455 1318 apparuit,
2489 1249 2582 1303 sed
2614 1247 2685 1302 ita
2707 1247 2775 1302 ad
2803 1263 2899 1303 eos
2925 1249 3133 1315 venire,
3175 1250 3250 1305 ita
3278 1251 3419 1322 apud
3459 1267 3556 1308 eos
3581 1254 3752 1310 maluit

2189 1354 2427 1400 manere,
2457 1346 2518 1392 ut
2543 1338 2596 1392 in
2625 1337 2864 1408 ipsorum
2889 1339 3144 1396 cordibus
3171 1341 3536 1412 gratissimam
3560 1345 3656 1400 sibi
3682 1361 3752 1402 se-

2189 1429 2309 1483 dem
2333 1437 2694 1484 consecraret.
2728 1428 2842 1484 lioc
2861 1439 2945 1485 est
2969 1430 3114 1485 enim
3140 1431 3284 1502 quod
3311 1433 3425 1488 ait:
3469 1432 3568 1489 Vos
3595 1445 3750 1491 autem

2188 1520 2508 1590 cognoscetis
2535 1535 2676 1585 eum,
2704 1520 2830 1590 quia
2872 1519 3016 1592 apud
3047 1537 3136 1575 vos
3183 1522 3440 1588 manebit,
3469 1533 3518 1578 et
3545 1523 3599 1578 in
3623 1526 3751 1580 vobis

2187 1612 2304 1664 erit.
2335 1609 2437 1679 Qui
2464 1617 2646 1664 autem
2690 1609 3032 1665 invisibiliter
3056 1611 3112 1664 in
3157 1611 3260 1666 hac
3284 1611 3390 1666 vita
3430 1621 3612 1670 manet
3643 1629 3750 1670 cum

2071 1761 2075 1766 ,
2117 1711 2164 1770 Β
2190 1699 2398 1763 electis,
2429 1698 2712 1754 visibiliter
2738 1697 2924 1768 utique
2951 1697 3030 1754 eis
3056 1698 3287 1770 gratiam
3308 1714 3420 1756 suae
3450 1701 3752 1772 cognitionis

2187 1794 2425 1846 exhiict.

2264 1881 2387 1936 Non
2419 1881 2708 1952 relinquam
2734 1899 2822 1936 ros
2861 1881 3144 1953 orphanos,
3195 1882 3395 1936 ueniam
3431 1881 3638 1938 ad-uos.
3676 1881 3754 1938 Vi-

2188 1973 2414 2029 debatur
2441 1973 2769 2037 inﬁdelibus,
2799 1973 2924 2042 quia
2953 1972 3192 2028 moriens
3214 1971 3268 2026 in
3295 1984 3476 2036 cruce,
3506 1979 3566 2026 ut
3589 1971 3753 2026 Domi-

2189 2079 2291 2118 nus
2323 2062 2616 2132 discipulos
2662 2061 2990 2130 relinqueret
3032 2061 3323 2130 orphanos,
3369 2060 3468 2115 sed
3509 2074 3613 2115 non
3645 2059 3753 2115 reli-

2188 2154 2306 2224 quit
2351 2154 2646 2222 orphanos,
2701 2153 2896 2224 quibus
2936 2162 2993 2207 et
3029 2152 3255 2222 praebuit
3299 2152 3536 2222 seipsum
3591 2152 3752 2207 vivum

2187 2253 2308 2316 post
2329 2245 2634 2316 passionem
2661 2259 2815 2300 suam
2845 2244 2898 2298 in
2943 2243 3130 2299 multis
3158 2244 3496 2314 argumentis
3535 2258 3628 2314 per
3651 2245 3752 2299 dies

2189 2336 2566 2409 quadraginta,
2591 2342 2648 2390 et
2688 2343 2812 2406 post
2848 2334 2964 2390 dies
2999 2333 3187 2390 decem
3227 2334 3612 2404 assumptiouis
3635 2349 3750 2396 suae.

2173 2426 2412 2495 Spiritus
2446 2425 2617 2481 sancti
2651 2423 2755 2480 illis
2782 2427 2848 2480 de
2889 2423 3026 2480 εωιο
3066 2424 3362 2480 chrismata
3403 2423 3635 2486 donavit,
3671 2421 3750 2476 ubi

2189 2517 2364 2585 ipsum
2398 2514 2673 2571 Christum
2701 2517 2766 2568 ad
2796 2531 2890 2570 eos
2913 2515 3148 2576 venisse,
3183 2513 3363 2568 nullus
3407 2513 3646 2585 ambigit,
3672 2513 3750 2584 qui

2189 2604 2604 2676 inseparabilem
2644 2613 2844 2660 sancta:
2865 2601 3149 2672 Trinitatis
3186 2611 3441 2659 naturam
3480 2603 3668 2659 virtute
3705 2611 3752 2658 et

2188 2699 2501 2770 Operatione
2527 2713 2646 2754 esse
2667 2698 2935 2768 cognovit.

2257 2789 2444 2844 Adhuc
2487 2788 2769 2854 modicum,
2813 2797 2862 2842 et
2902 2787 3128 2842 mundus
3157 2802 3241 2842 me
3275 2787 3394 2857 jam
3420 2801 3528 2841 non
3559 2783 3746 2840 uidebit.

2190 2877 2460 2934 Modicum
2499 2885 2617 2932 erat
2643 2891 2816 2947 usque
2857 2875 2924 2932 ad
2967 2884 3179 2946 tempus
3215 2873 3446 2946 expleta:
3485 2874 3748 2947 passionis,

2189 2983 2258 3023 ex
2314 2983 2421 3039 quo
2473 2968 2624 3023 illum
2676 2967 2896 3038 reprobi
2950 2967 3135 3022 videre
3192 2981 3299 3021 non
3339 2965 3616 3032 valebant;
3665 2962 3748 3019 soli

579 3057 639 3112 Si
681 3058 898 3130 diligitis
929 3076 1029 3124 me,
1071 3059 1322 3112 mandata
1368 3074 1483 3111 mea
1528 3067 1748 3111 servate.
1793 3055 1934 3124 Quid
1979 3067 2085 3123 est,
2115 3049 2158 3110 C
2189 3057 2391 3112 etenim
2413 3055 2563 3126 justi,
2603 3055 2695 3126 qui
2737 3065 2914 3113 morte
2959 3056 3104 3112 illius
3125 3062 3283 3110 erant
3317 3055 3751 3130 eontristati,gau.-

506 3152 648 3222 quod
674 3151 823 3216 dicit,
871 3151 1012 3222 quod
1057 3141 1422 3222 diligentibus'
1441 3148 1611 3203 Deum
1653 3156 1709 3202 et
1748 3148 2090 3204 servantibus

507 3244 754 3298 mandata
780 3241 1164 3316 ejus,$piritus
1190 3241 1492 3311 paraclctus
1521 3241 1764 3305 daretur,
1788 3239 1914 3294 dum
1948 3239 2088 3296 Deus

509 3331 677 3402 diligi,
707 3339 763 3384 et
793 3335 1042 3384 mandata
1064 3328 1182 3398 ejus
1208 3329 1410 3384 servari
1451 3342 1558 3382 non
1587 3335 1833 3396 possunt,
1864 3329 1965 3384 nisi
1992 3343 2089 3399 per

495 3420 760 3492 Spiritum
798 3419 1087 3474 sanctum?
1121 3417 1250 3488 quid
1288 3415 1564 3479 estaliud,
1607 3415 1730 3482 nisi,
1775 3424 1834 3471 ut
1873 3417 1964 3487 qui
1992 3432 2090 3488 per

495 3512 756 3584 Spiritum
797 3519 1041 3566 sanetum
1080 3507 1256 3579 diligit
1285 3507 1472 3569 Deum,
1515 3515 1758 3562 meretur
1797 3507 2084 3578 diligendo,

512 3611 572 3656 ut
606 3602 726 3672 plus
753 3601 965 3662 habeat,
996 3607 1050 3654 et
1087 3597 1206 3668 plus
1225 3595 1491 3663 habendo,
1526 3597 1646 3668 plus
1671 3597 1900 3670 diligat?
1925 3597 2088 3654 Para-

508 3694 680 3749 cletus
719 3690 1026 3747 consolator
1060 3691 1465 3758 interpretatur,
1511 3699 1566 3744 et
1603 3689 1824 3758 spiritus
1867 3701 2088 3746 sanctus

511 3793 656 3840 recte
690 3783 1001 3838 Paraeletus
1042 3790 1288 3846 vocatur,
1342 3781 1469 3850 quia
1514 3783 1676 3837 corda
1721 3782 1978 3849 ﬁdelium,
2019 3799 2087 3838 ne

510 3880 652 3934 inter
689 3876 848 3946 hujus
887 3877 1065 3932 saeculi
1101 3875 1325 3931 adversa
1370 3875 1644 3940 deﬁciant,
1693 3875 1927 3932 caelestis
1963 3876 2087 3930 vitae

510 3971 792 4026 desideriis
814 3969 1078 4034 sublevat,
1109 3983 1172 4023 ac
1197 3967 1389 4023 reﬁcit.

582 4060 648 4115 Et
676 4077 769 4131 ego
795 4059 986 4131 rogabo
1027 4059 1258 4125 Patrem,
1301 4069 1350 4113 et
1386 4059 1549 4114 alium
1579 4057 1914 4114 Paracletum
1942 4061 2086 4114 dabit

508 4157 664 4210 vobis.
693 4153 993 4210 Ostendeus
1018 4151 1250 4222 seipsum
1272 4167 1392 4207 esse
1414 4151 1775 4208 Paracletum.
1806 4151 2086 4207 llabebant

506 4259 683 4304 autem
729 4257 782 4302 et
825 4246 973 4316 prius
1011 4245 1368 4313 Paraclctum,
1414 4246 1588 4316 ipSum
1618 4247 1868 4301 videlicet
1904 4245 2085 4300 Domi-

508 4355 634 4393 num
677 4353 860 4393 secum
905 4337 960 4390 ἱιι
1007 4353 1168 4392 carne
1209 4347 1652 4400 commorantem,
1684 4353 1807 4392 Clllll
1835 4347 1890 4391 et
1917 4337 2082 4390 mira-

2188 3147 2337 3202 dium
2365 3147 2780 3202 resurrectionis
2803 3145 2919 3216 ejus
2942 3146 3128 3202 videre
3155 3155 3493 3202 meruerunt.

2271 3237 2373 3294 Vos
2397 3249 2571 3294 autem
2595 3239 2780 3294 uidetis
2809 3257 2908 3305 me,
2938 3241 3063 3311 quia
3089 3256 3182 3310 ego
3205 3239 3340 3306 vitro,
3367 3247 3418 3294 et
3449 3255 3536 3294 vos
3571 3235 3747 3294 eiectis.

2189 3331 2330 3401 Quid
2357 3339 2462 3397 est,
2484 3332 2610 3402 quia
2631 3347 2732 3403 ego
2761 3333 2906 3398 vivo,
2931 3341 2984 3387 et
3005 3346 3102 3388 vos
3128 3331 3322 3388 vivetis
3338 3333 3366 3387 ’ἔ
3391 3330 3506 3388 Cur
3530 3331 3594 3388 de
3619 3343 3748 3401 pra:-

2189 3423 2327 3478 senti
2357 3437 2415 3478 se
2456 3423 2594 3478 dixit
2636 3423 2837 3489 vivere,
2869 3421 2990 3478 illos
3015 3415 3192 3476 autem
3235 3423 3302 3476 de
3327 3419 3511 3476 inuno
3547 3433 3660 3476 esse
3682 3417 3752 3474 vi-

2189 3523 2395 3578 cturos,
2421 3513 2526 3568 nisi
2551 3513 2720 3568 vitam
2754 3514 2916 3568 etiam
2956 3513 3137 3568 carnis
3184 3512 3372 3582 utique
3413 3507 3748 3581 resurgentis,

2187 3603 2364 3675 qualis
2397 3605 2449 3658 in
2497 3605 2612 3673 ipso
2657 3604 3013 3673 praecedebat,
3042 3611 3099 3658 et
3133 3602 3242 3658 illis
3276 3611 3361 3659 est
3391 3602 3654 3673 pollicitus
3677 3614 3750 3656 se.

2188 3705 2454 3761 cuturam,
2483 3704 2537 3750 et
2571 3694 2697 3765 quia
2739 3694 2908 3766 ipsius
2931 3709 3056 3774 tuo;
3085 3692 3264 3748 futura
3309 3690 3490 3748 fuerat
3531 3704 3749 3747 resurre-

2188 3787 2316 3851 ctio,
2345 3787 2627 3856 praesentis
2653 3786 2832 3856 posuit
2861 3784 3118 3855 temporis
3158 3784 3402 3849 verbum,
3441 3792 3656 3856 propter
3681 3781 3746 3837 sia

2188 3875 2544 3946 gniﬁcandam
2613 3875 2979 3942 celeritatem;
3015 3874 3230 3929 illorum
3271 3881 3478 3941 autem,
3513 3871 3746 3944 quoniam

2190 3966 2242 4019 in
2268 3964 2450 4020 saeculi
2477 3965 2724 4039 differtur
2751 3965 2932 4032 ﬁnem,
2956 3981 3060 4020 non
3085 3965 3181 4030 ait,
3201 3965 3404 4030 vivitis,
3447 3965 3540 4020 sed
3567 3963 3742 4032 eiectis.

2188 4057 2332 4114 Duas
2373 4073 2504 4130 ergo
2537 4059 2962 4114 resurrectiones
3007 4074 3161 4114 suam
3209 4057 3420 4114 scilicet
3455 4073 3576 4114 mox
3622 4055 3744 4110 laut-

2185 4166 2324 4215 ram,
2363 4159 2418 4206 et
2458 4159 2699 4206 nostram
2745 4150 2798 4204 in
2836 4147 3018 4205 smeuli
3056 4149 3162 4204 ﬁne
3205 4159 3514 4205 secuturam
3555 4147 3744 4204 duobus

2189 4245 2367 4299 verbis
2401 4243 2684 4314 prmsentis
2721 4243 2980 4312 temporis
3024 4251 3078 4298 et
3120 4241 3288 4297 futuri
3325 4242 3599 4315 eleganter
3631 4239 3744 4293 bre-

2186 4339 2430 4408 viterque
2455 4335 2724 4406 promisit.
3103 4347 3106 4350 '

505 4429 750 4484 culorum
777 4426 1056 4481 dulcedine
1097 4435 1152 4480 et
1185 4441 1285 4496 ope
1309 4425 1732 4497 praedicationis,
1765 4439 1832 4478 ne
1860 4433 2081 4494 propter
2105 4397 2158 4456 Β
2253 4433 2320 4488 1η
2343 4397 2438 4488 illo
2467 4434 2554 4488 die
2582 4451 2666 4488 vos
2695 4435 3034 4504 cognoscetis,
3065 4435 3189 4505 quia
3213 4449 3307 4504 ego
3334 4433 3392 4487 in
3428 4429 3586 4486 Patre
3621 4444 3739 4490 mea,

507 4519 797 4576 inﬁdelium
826 4519 1255 4588 persecutionem
1297 4515 1654 4572 scandalizari
1682 4515 1912 4584 possint,
1944 4515 2081 4587 erigi

503 4621 558 4666 et
583 4607 880 4666 conlortari
907 4607 1149 4663 solebant
1176 4627 1187 4661 :
1228 4607 1440 4679 Rogabo
1464 4607 1618 4669 dixit,
1646 4613 1868 4676 propter
1893 4607 2082 4660 huma-

505 4701 747 4762 nitatem,
783 4699 874 4769 qui
903 4698 996 4753 dat
1021 4713 1143 4754 cum
1161 4692 1319 4752 Patre
1345 4711 1442 4767 per
1469 4695 1828 4751 divinitatem.

577 4791 642 4846 Ut
683 4800 891 4845 maneat
910 4791 1167 4845 vobiscum
1191 4789 1244 4842 in
1266 4798 1536 4842 tetermtm.
1565 4785 1624 4840 in
1643 4795 1907 4842 aeternum
1930 4805 2080 4844 nam-

503 4897 608 4954 que
635 4889 818 4936 manet
847 4896 968 4935 cum
1011 4878 1232 4944 sanctis,
1263 4891 1400 4946 quos
1437 4885 1492 4930 et
1516 4876 1570 4930 in
1599 4876 1705 4930 hac
1728 4877 1836 4932 vita
1867 4893 2079 4949 semper

504 4973 844 5030 invisibiliter
871 4973 1014 5027 intus
1047 4970 1298 5033 illustrat,
1337 4973 1392 5022 et
1424 4967 1478 5020 in
1515 4966 1696 5020 futuro
1724 4969 1791 5024 ad
1831 4980 2074 5026 contem-

502 5067 755 5137 plandum
805 5071 1065 5135 perpetuo
1118 5059 1352 5129 speciem
1406 5072 1518 5112 sua:
1567 5057 1862 5129 majestatis
1909 5061 2076 5118 intro-

501 5156 668 5212 ducit.

573 5250 830 5320 Spiritum
873 5245 1126 5308 ueritatis,
1174 5239 1325 5312 quem
1366 5239 1450 5293 hic
1494 5241 1719 5296 mundus
1763 5260 1866 5299 non
1910 5257 2075 5316 potest

501 5339 755 5409 accipere,
784 5337 908 5408 quia
936 5351 1040 5392 non
1078 5331 1202 5384 uidit
1245 5345 1382 5394 eum,
1413 5346 1502 5385 nec
1528 5333 1621 5386 scit
1651 5350 1787 5388 eum.
1822 5334 2076 5392 Mundam
2107 5407 2116 5422 Ι

499 5438 678 5482 autem
706 5425 937 5496 appellat
984 5419 1230 5475 homines
1270 5419 1448 5474 mundi
1492 5421 1648 5490 hujus
1689 5427 1859 5481 amori
1899 5428 2070 5482 datos.

502 5519 728 5572 Mundus
757 5530 888 5586 ergo
905 5527 1028 5568 eum
1055 5509 1298 5579 accipere
1325 5526 1426 5566 non
1467 5523 1658 5582 potest,
1692 5516 1744 5570 id
1783 5527 1887 5582 est,
1919 5535 2074 5572 mun-

503 5608 670 5663 diales
699 5606 964 5668 homines,
997 5601 1119 5670 quia
1165 5615 1269 5654 non
1319 5601 1512 5658 habent
1554 5605 1847 5663 invisibiles
1894 5611 2074 5664 chari-

2181 4536 2229 4579 et
2259 4541 2346 4577 vos
2381 4525 2434 4578 in
2464 4540 2566 4584 me,
2600 4532 2703 4577 etc.
2751 4523 2804 4576 lu
2833 4539 2940 4592 quo
2965 4524 3070 4589 die,
3103 4523 3206 4578 nisi
3236 4525 3301 4578 de
3329 4539 3436 4594 quo
3461 4523 3553 4588 ait,
3587 4531 3633 4575 et
3665 4534 3738 4574 vos

2181 4614 2407 4670 rivetis?
2459 4611 2732 4666 Noverunt
2761 4613 3012 4682 apostoli,
3061 4621 3188 4668 tunc
3224 4627 3348 4668 esse
3390 4611 3653 4668 Christum
3691 4607 3737 4660 in

2169 4703 2334 4759 Patre
2374 4717 2471 4773 per
2518 4703 2780 4758 unitatem
2806 4703 3094 4758 individua
3135 4703 3468 4768 divinitatis;
3499 4704 3738 4758 noverant

2179 4807 2238 4846 se
2258 4808 2380 4849 esse
2405 4793 2461 4848 in
2491 4791 2726 4858 Christo,
2765 4808 2862 4864 per
2889 4793 3284 4864 susceptionem
3324 4792 3445 4850 ﬁdei
3483 4803 3535 4850 et
3570 4806 3735 4847 sacra-

2182 4893 2482 4940 mentorum
2513 4884 2650 4954 ejus.
2689 4883 2960 4940 Noverant
2977 4885 3244 4942 veraciter
3266 4885 3467 4952 vivere,
3494 4894 3615 4940 tunc
3631 4895 3734 4936 esse

2181 4971 2456 5028 Christum
2487 4973 2540 5027 in
2556 4973 2735 5038 Patre,
2764 4983 2820 5029 et
2858 4976 2910 5030 in
2941 4990 2999 5030 se
3022 4989 3143 5030 esse
3171 4973 3467 5039 Christum,
3507 4987 3600 5046 per
3619 4971 3734 5027 dile-

2179 5065 2412 5121 ctioncm
2459 5074 2515 5119 et
2557 5065 2957 5121 observantiam
2993 5067 3370 5123 mandatorum
3417 5065 3548 5137 ejus.
3593 5061 3732 5118 Novit

2181 5163 2237 5210 et
2284 5156 2387 5210 hoc
2435 5165 2620 5210 sancta
2671 5156 2765 5210 Dei
2811 5155 3072 5223 Ecclesia,
3125 5158 3226 5213 sed
3269 5157 3424 5230 longe
3468 5157 3650 5212 melius
3686 5162 3732 5208 et

2179 5248 2388 5316 plenius
2427 5249 2481 5302 in
2511 5248 2598 5303 illa
2642 5249 2748 5316 die,
2780 5251 2847 5304 de
2881 5264 2986 5320 qua
3031 5251 3196 5316 dixit,
3241 5261 3290 5305 et
3319 5269 3406 5306 vos
3449 5237 3614 5308 vinetis
3636 5289 3650 5314 ,
3682 5248 3728 5301 in

2177 5356 2282 5408 qua
2316 5341 2582 5395 veraciter
2605 5341 2786 5396 vivere
2811 5341 3096 5412 incipiunt,
3123 5341 3228 5397 hoc
3257 5351 3361 5409 est,
3388 5343 3440 5397 in
3464 5343 3548 5397 die
3576 5351 3734 5395 resera

2177 5431 2450 5495 rectionis,
2479 5429 2692 5500 quando
2734 5445 2800 5485 eo
2835 5429 3129 5501 perfectius
3153 5441 3494 5502 cunctaque
3531 5427 3727 5487 scienda

2175 5535 2300 5580 sunt
2327 5527 2522 5588 sciunt,
2544 5541 2652 5594 quo
2679 5525 2852 5594 ipsum
2880 5525 3120 5580 scientiae
3156 5524 3356 5582 fontem
3386 5527 3608 5584 vicinius
3626 5523 3728 5580 sine

2175 5616 2280 5668 line
2323 5614 2676 5685 consyiciuut.
2736 5613 2805 5670 Ut
2842 5615 3091 5670 omnibus
3135 5615 3295 5686 hujus
3335 5616 3723 5688 promissionem
