3978 6432
214 282 325 336 59.33

1043 277 1560 333 COLLECTIONES
1596 278 1660 332 IN
1703 279 2084 337 EPlSTOl.AS
2129 282 2213 337 ΕΤ
2254 285 2669 344 EV’ANGELIA.

3385 294 3491 350 39.6

213 393 565 452 beatitudinis
591 392 955 463 promitteret,
1003 405 1108 445 non
1150 391 1486 446 solummodo
1525 392 1801 460 apostolis,
1835 398 1880 454 Α
1909 394 2224 464 Quicunque
2246 397 2389 452 enim
2406 400 2608 470 Spiritu
2638 413 2828 458 saneto
2858 405 3139 477 adimpleri
3161 407 3490 467 desiderant.

212 504 340 542 mox
365 483 648 553 subiunxit
682 503 694 537 :

290 576 394 642 Qui
416 576 567 629 habet
596 574 851 628 mandata
879 590 1015 638 mea,
1040 582 1090 627 et
1133 582 1304 626 servat
1329 577 1429 637 ea,‘
1455 572 1545 627 ille
1581 583 1679 637 est,
1719 575 1808 644 qui

210 671 385 741 diligit
431 685 533 724 me.
584 666 690 734 Qui
738 676 912 721 autem
960 665 1130 737 diligit
1178 682 1278 728 me,
1322 665 1613 736 diligitura
1649 664 1810 720 Patre

215 782 352 829 meo,
388 774 436 817 et
458 778 552 833 ego
580 761 799 832 diligam
826 777 963 824 eum,
1010 769 1059 813 et
1084 758 1430 827 manifestabo
1458 760 1507 813 ei
1530 760 1804 829 meipsum.

216 854 321 908 Ubi
348 853 495 908 omni
545 852 845 907 intentione
872 850 1322 911 considerandum
1352 858 1456 913 est,
1484 850 1613 919 quia
1652 849 1808 904 Chri-

214 956 358 1001 stum
384 961 513 1000 vere
539 945 764 1014 diligere
794 951 900 1008 est,
931 957 1037 997 non
1063 942 1236 996 solum
1266 942 1436 1010 ipsam
1465 940 1806 995 dilectionem

214 1040 373 1094 labiis
399 1039 652 1108 ambigue
702 1037 971 1101 conﬁteri,
1019 1038 1112 1091 sed
1145 1037 1395 1091 mandata
1435 1034 1660 1100 Christi,
1686 1052 1807 1105 qua:

211 1129 473 1184 discendo
495 1130 777 1191 habemus,
805 1129 1078 1198 aperando
1104 1142 1341 1181 servare.
1386 1125 1489 1192 Qui
1513 1126 1687 1191 habet,
1722 1127 1805 1207 inf

214 1222 354 1291 quit,
397 1221 648 1274 mandata
678 1237 791 1274 mea
827 1231 875 1273 et
920 1229 1090 1273 servat
1121 1236 1203 1285 ea,
1251 1219 1340 1273 ille
1381 1228 1476 1283 est,
1505 1219 1595 1289 qui
1635 1218 1806 1288 diligit

213 1334 316 1369 me.
354 1316 455 1383 Qui
507 1315 669 1370 habet
702 1315 754 1369 in
808 1314 1094 1376 memoria,
1138 1321 1192 1367 et
1237 1322 1420 1367 servat
1450 1313 1501 1365 in
1528 1312 1638 1366 vita
1667 1329 1681 1377 ;
1713 1312 1804 1381 qui

213 1410 381 1463 habet
413 1408 464 1461 in
494 1407 855 1470 sermonibus,
886 1414 942 1459 et
977 1414 1157 1459 servat
1199 1404 1253 1459 in
1286 1404 1565 1467 moribus;
1592 1404 1683 1472 qui
1714 1404 1806 1457 ha-

213 1504 307 1557 bet
338 1503 625 1565 audiendo,
659 1510 713 1555 et
757 1510 939 1555 servat
985 1498 1251 1562 faciendo,
1294 1507 1386 1552 aut
1420 1497 1511 1566 qui
1540 1497 1701 1551 habet
1729 1495 1805 1549 fa-

212 1595 428 1659 ciendo,
462 1605 516 1648 et
556 1602 737 1647 servat
775 1591 1190 1662 perseverando,
1222 1590 1337 1660 ipse
1362 1597 1464 1653 est,
1491 1589 1685 1660 inquit,
1711 1589 1803 1659 qui

209 1686 389 1756 diligit
418 1701 522 1738 mc.
556 1682 880 1746 Notandum,
912 1683 1035 1752 quia
1066 1697 1188 1735 cum
1222 1680 1503 1750 przesenlis
1543 1678 1800 1747 temporis

1911 486 2092 541 carnis
2111 487 2439 543 domicilium
2462 507 2681 548 necesse
2704 502 2787 550 est
2831 499 3025 554 mentis
3047 500 3497 570 contemplatione

1912 579 2312 634 transcendant.
2358 580 2509 636 Sicut
2553 594 2732 640 autem
2757 588 3111 661 quadraginta
3134 590 3271 656 dies,
3297 593 3495 662 quibus

1911 668 2169 725 Dominus
2193 678 2317 739 post
2342 676 2794 731 resurrectionem
2821 694 2945 733 cum
2972 680 3247 752 discipulis
3268 698 3494 739 conver-

1909 769 2060 815 satus
2107 770 2210 825 est,
2256 778 2377 817 cum
2420 776 2737 835 resurgente
2775 768 2992 826 Christo
3040 774 3492 844 peregrinationis

1909 850 2070 921 hujus
2097 854 2384 925 designant
2403 856 2720 924 Ecclesiam,
2751 860 2825 915 ita
2849 862 2964 919 dies
2992 865 3490 939 quinquagesimus,

1908 942 2265 1011 quoSpiritus
2295 950 2515 1000 sanctus
2561 948 2847 1018 accipitur,
2888 951 3276 1020 perfectionem
3318 957 3493 1011 beata:

1909 1031 2129 1100 quietis,
2160 1048 2265 1102 qua
2299 1033 2453 1089 labor
2497 1035 2753 1093 Ecclesia:
2795 1041 3110 1111 temporalis
3148 1044 3369 1099 denario
3409 1061 3495 1101 re-

1907 1122 2279 1177 munerabitur
2306 1132 2531 1191 artemo,
2579 1137 2938 1198 congruenter
2969 1132 3243 1200 exprimit.
3279 1132 3411 1187 Nam
3444 1144 3498 1189 et

1906 1212 2019 1281 ipse
2061 1227 2318 1269 numerus
2367 1218 2848 1289 quadragenarius,
2895 1224 3190 1292 aequalibus
3235 1226 3346 1280 suis
3380 1242 3499 1296 par-

1907 1303 2052 1358 tibus
2079 1313 2443 1374 computatus,
2474 1308 2621 1362 addit
2648 1311 2877 1379 amplius
2904 1311 3077 1381 ipsum
3104 1315 3408 1380 denarium,
3441 1326 3496 1371 et

1907 1390 2036 1447 facit
2083 1395 2491 1466 quinquaginta.
2549 1398 2975 1471 Quadragenarii
3029 1403 3227 1474 quippe
3279 1409 3494 1461 numeri

1905 1482 2190 1537 dimidium
2244 1495 2328 1540 est
2374 1488 2585 1558 viginti,
2616 1500 2810 1559 quarta
2862 1508 2990 1562 pars
3038 1495 3245 1560 decem,
3303 1499 3495 1566 quinta

1904 1584 2049 1640 octo,
2100 1584 2290 1631 octava
2343 1579 2600 1649 quinque,
2657 1582 2865 1637 decima
2930 1593 3181 1654 quatuor,
3233 1588 3491 1643 vicesima

1903 1666 2029 1725 duo.
2053 1668 2521 1739 quadragesimum
2546 1688 2731 1726 unum.
2760 1673 2959 1742 Viginti
2981 1685 3183 1741 autem,
3206 1686 3261 1732 et
3283 1678 3492 1744 decem,

211 1753 381 1830 verbo
410 1774 631 1838 diceret,
652 1774 741 1843 qui
761 1784 935 1826 autent
958 1772 1127 1842 diligit
1151 1774 1251 1836 me,
1282 1770 1479 1840 adjecit
1501 1771 1565 1825 de
1595 1770 1793 1835 futuro,
1827 1753 1873 1810 Β
1901 1762 1955 1808 οι
2002 1764 2124 1809 οθῑο
2155 1765 2208 1810 οι
2254 1759 2507 1828 quinque:
2556 1770 2609 1814 et
2657 1772 2893 1832 quatuor
2937 1775 2991 1819 θῐ
3038 1766 3164 1831 δυο,
3212 1775 3268 1821 ει
3298 1784 3488 1832 unum.

211 1864 466 1933 diligetur
498 1880 530 1916 a
557 1859 714 1915 Patre
753 1878 888 1925 meo,
916 1871 963 1915 et
1000 1878 1092 1931 ego
1115 1860 1331 1932 diligam
1358 1877 1496 1925 eum,
1550 1869 1598 1914 et
1627 1862 1800 1914 mani—

211 1954 414 2023 festabo
444 1955 490 2007 ei
545 1955 817 2024 meipsum.
866 1954 1048 2022 Diligit
1093 1969 1321 2023 namque
1362 1954 1524 2008 etiam
1553 1970 1695 2011 nunc
1720 1955 1799 2008 di-

214 2046 447 2099 lectores
476 2060 602 2100 suos
631 2061 752 2099 cum
780 2041 940 2099 Patre
964 2042 1150 2110 Filius,
1201 2046 1292 2100 sed
1344 2062 1484 2101 nunc
1522 2047 1695 2118 diligit
1732 2047 1799 2101 ad

213 2137 339 2201 hoc,
389 2146 445 2190 ttt
493 2145 637 2192 recte
682 2138 864 2191 vivant
896 2151 963 2191 ex
1005 2136 1128 2202 lide,
1175 2154 1295 2206 qum
1325 2154 1421 2208 per
1458 2139 1798 2195 dilectionem

211 2237 488 2297 operatur.
518 2229 668 2284 Tunc
689 2229 754 2283 ad
774 2229 879 2284 hoc
901 2230 1107 2300 diliget,
1131 2240 1189 2285 ut
1210 2232 1525 2301 perveniant
1551 2233 1619 2287 ad
1634 2233 1800 2288 visio-

212 2336 335 2373 nem
367 2321 629 2385 veritatis,
659 2337 821 2392 quam
850 2338 946 2393 per
970 2322 1126 2378 ﬁdem
1151 2334 1519 2395 gustaverant.
1553 2327 1668 2382 Non
1700 2343 1796 2381 au-

214 2418 321 2461 tem
369 2408 566 2465 frustra
609 2412 833 2477 addidit,
898 2420 954 2466 et
997 2408 1352 2469 manifestabo
1415 2416 1465 2471 ei
1509 2416 1793 2486 meipsum.

214 2497 288 2551 Se
322 2513 450 2552 vero
497 2500 787 2555 secundum
817 2501 1206 2557 humanitatem
1255 2505 1466 2559 cunctis
1497 2505 1551 2558 in
1590 2504 1799 2574 judicio

213 2587 603 2656 manilestabit,
655 2590 783 2646 solis
811 2605 938 2646 vero
970 2591 1130 2662 justis
1168 2601 1223 2649 et
1249 2595 1456 2649 sanctis
1495 2595 1798 2651 divinitatis

212 2679 462 2750 gloriam,
488 2680 540 2734 in
567 2696 670 2750 qua
700 2681 922 2751 aequalis
948 2691 1031 2737 est
1066 2676 1212 2737 Patri
1262 2692 1317 2738 et
1342 2685 1568 2755 Spiritui
1606 2696 1797 2743 sancto

212 2771 280 2824 ad
307 2770 689 2827 beatitudinem
719 2781 973 2829 aeternam
994 2774 1437 2832 manifestaturus
1459 2778 1582 2832 erit.

846 2901 1164 2943 CONCORDIA.

284 2974 341 3030 ln
370 2976 541 3033 sancti
570 2976 806 3047 Spiritus
833 2978 1147 3050 acceptione
1167 2988 1222 3034 et
1248 2978 1390 3036 dono
1414 2981 1638 3037 istarum
1661 2983 1793 3043 dua-

212 3083 338 3123 rum
363 3066 423 3123 lit
441 3068 734 3124 concordia
760 3069 1072 3135 lectionum.

573 3196 897 3255 DOMINICA
926 3200 1437 3257 PENTECOSTES.

461 3304 654 3346 ιεετιο
683 3305 896 3345 ACTUUI
926 3306 1330 3358 APOSTOLORUI,
1351 3309 1470 3348 CAP.
1496 3310 1555 3355 ll.

287 3418 305 3450 ι
343 3399 480 3453 Dum
521 3399 916 3471 complerentur
944 3401 1062 3457 dies
1106 3402 1458 3461 Pentecostes
1502 3415 1657 3461 erant
1682 3423 1798 3462 om-

213 3511 232 3543 ι
272 3505 369 3548 nes
392 3491 636 3563 discipuli
666 3492 868 3563 pariter
911 3493 965 3547 in
1005 3494 1193 3549 eodem
1225 3495 1362 3551 loco.
1414 3496 1481 3551 Et
1508 3496 1685 3554 facttts
1710 3506 1797 3553 est

214 3604 231 3635 ι
270 3591 487 3653 repente
515 3583 581 3638 de
609 3584 748 3639 cado
795 3599 961 3640 sonus
993 3594 1250 3656 tanquam
1299 3586 1636 3643 advenientis
1682 3588 1796 3659 spi-

214 3693 232 3725 ι
272 3675 406 3728 ritus
452 3673 802 3740 vehementis,
851 3682 907 3730 et
952 3675 1176 3746 replevit
1224 3684 1393 3733 totam
1440 3679 1659 3734 domum
1707 3680 1798 3736 ubi

213 3783 231 3813 ι
268 3771 422 3817 erant
449 3758 714 3821 sedentes.
745 3763 813 3819 Et
835 3776 1202 3837 apparuerunt
1237 3768 1345 3823 illis
1373 3769 1671 3840 dispertita:
1696 3770 1799 3825 lin-

213 3872 232 3903 ι
273 3869 389 3924 gua:
431 3863 683 3925 tanquam
717 3855 874 3927 ignis.
925 3855 1182 3927 Seditque
1233 3874 1398 3930 super
1444 3859 1682 3932 singulos
1706 3878 1798 3918 eo-

214 3963 232 3995 ι
269 3960 408 3998 rttm.
453 3944 517 3999 Et
556 3944 742 4016 repleti
783 3955 907 4002 sunt
937 3962 1126 4003 omnes
1150 3948 1343 4020 spiritu
1373 3960 1577 4018 sancto,
1609 3960 1663 4009 et
1684 3968 1797 4015 ca:-

214 4059 232 4090 t
272 4050 463 4112 perunt
494 4040 637 4112 loqui
668 4030 833 4097 variis
856 4040 1075 4113 linguis,
1136 4054 1297 4114 prottt
1326 4045 1798 4115 spiritussanctus

215 4151 233 4181 ι
272 4131 431 4186 dabat
459 4133 635 4202 eloqui
681 4122 807 4187 illis.
847 4134 1013 4189 Erant
1050 4144 1229 4189 autent
1266 4135 1601 4193 Hierusalem
1642 4139 1796 4193 habi-

214 4240 233 4272 t
268 4230 441 4278 tantes
467 4222 634 4279 ,Ιιιίίιρί
673 4226 772 4279 viri
818 4226 1080 4297 religiosi,
1127 4242 1192 4281 ex
1226 4228 1371 4283 omni
1414 4229 1631 4286 natione
1675 4246 1796 4301 quae

215 4331 234 4364 ι
267 4313 367 4367 sub
392 4314 527 4368 coelo
554 4324 655 4370 est.
685 4315 850 4371 Facta
875 4326 1056 4372 autem
1083 4318 1185 4373 hac
1206 4333 1359 4384 voce,
1390 4321 1642 4375 convenit
1665 4322 1795 4375 mul-

215 4426 233 4458 ι
279 4407 448 4462 titudo
491 4417 543 4463 et
587 4418 767 4466 mente
818 4410 1039 4467 confusa
1085 4422 1187 4478 est,
1242 4414 1497 4484 quoniam
1542 4415 1795 4469 audiebat

217 4516 233 4546 ι
274 4498 642 4568 unusquisque
666 4498 843 4568 lingua
873 4515 971 4555 sua
1009 4500 1128 4556 illos
1159 4501 1457 4571 loquentes.
1494 4503 1797 4572 Stupebant

216 4604 232 4634 ι
268 4594 445 4639 autem
473 4600 663 4642 omnes
687 4597 742 4642 et
764 4589 1102 4646 mirabantur
1127 4590 1406 4647 dicentes:
1434 4593 1645 4660 Nonne,
1669 4608 1797 4651 ecce

215 4693 233 4725 α
272 4689 461 4747 omnes
484 4677 593 4741 isti,
628 4678 719 4747 qui
763 4678 1075 4749 loquuntur,
1103 4679 1307 4736 Galilzei
1337 4684 1501 4737 sunt?
1553 4684 1620 4738 Et
1653 4684 1792 4755 quo-

218 4785 237 4817 r
274 4769 435 4824 modo
478 4784 578 4826 nos
643 4772 947 4829 audivimus
995 4775 1367 4845 unusquisque
1416 4777 1652 4848 linguam
1698 4793 1800 4833 no-

217 4878 235 4909 ι
275 4871 465 4927 stram,
508 4863 563 4917 in
607 4866 713 4933 qua
742 4864 853 4917 nati
881 4867 1109 4921 sumus?
1138 4865 1320 4921 Parthi
1343 4874 1397 4923 et
1425 4867 1559 4921 Medi
1591 4877 1646 4924 et
1676 4868 1798 4922 Ela-

215 4971 234 5003 ‹
272 4951 435 5017 mitte,
468 4962 524 5007 et
562 4955 653 5023 qui
702 4956 946 5010 habitant
991 4956 1452 5027 Mesopotamiam,
1481 4957 1719 5013 Judzeam
1746 4967 1800 5015 et

215 5059 235 5091 ε
267 5040 676 5111 Cappadociam,
699 5045 930 5099 Pontum
952 5054 1007 5100 et
1028 5046 1228 5113 Asiam,
1252 5047 1541 5119 Phrygiam
1567 5057 1621 5103 et
1640 5049 1800 5104 Pam-

217 5154 236 5183 ε
276 5134 861 5215 ρὴγιίίιιηηίεεγριιιιιι
886 5146 943 5192 et
970 5146 1152 5208 partes
1180 5138 1364 5209 Libym
1395 5154 1517 5209 qute
1544 5149 1627 5195 est
1650 5141 1795 5196 circa

217 5246 235 5278 ι
270 5228 537 5300 Cyrenen,
574 5216 639 5283 et
690 5231 910 5285 advena:
964 5231 1215 5296 Romani,
1265 5230 1435 5286 Judaei
1485 5246 1699 5302 quoque
1745 5241 1800 5287 et

158 5304 165 5307 ’
214 5340 236 5374 ‹
272 5323 568 5396 proselyti,
616 5323 805 5379 Cretes
850 5334 907 5381 et
946 5324 1170 5381 Arabes.
1219 5325 1539 5381 Audivimus
1583 5341 1679 5382 eos
1722 5326 1799 5381 lo-

215 5432 237 5465 ι
269 5423 498 5483 quentes
526 5416 729 5470 nostris
757 5414 952 5484 linguis
979 5415 1245 5486 magnalia
1272 5416 1387 5470 Dei.
1416 5435 1434 5467 ι

279 5507 423 5563 Dum
472 5505 854 5577 complerentur
901 5507 1013 5561 dies
1062 5503 1389 5561 Pentecoste:
1428 5515 1575 5560 erant
1623 5523 1799 5561 omnes

209 5599 457 5671 discipuli
495 5598 694 5669 pariter
734 5599 790 5652 in
834 5597 1013 5651 eodem
1048 5596 1182 5651 loco.
1216 5598 1318 5669 (Ex
1348 5596 1536 5670 Beda.)
1574 5597 1686 5654 Hoc
1718 5607 1803 5653 est

213 5692 266 5749 in
323 5687 607 5748 cmnaculo
652 5690 794 5757 quod
835 5688 1083 5758 superius
1136 5688 1442 5743 ascendisse
1489 5698 1798 5745 narrantur.

1901 1844 2289 1915 quinquaginta
2334 1846 2556 1902 faciunt.
2590 1849 2755 1918 Cujus
2781 1855 3018 1922 computi
3055 1852 3306 1911 facillime
3337 1868 3487 1926 patet

1902 1932 2095 2004 ﬁgura,
2127 1936 2378 2004 quoniam
2423 1952 2665 2006 praesens
2694 1941 2995 2009 conﬂictus,
3042 1947 3299 2028 gaudium
3338 1949 3491 2003 nobis

1894 2022 2095 2091 jubilaei
2167 2028 2321 2096 quasi
2360 2028 2591 2082 latenter
2635 2041 2857 2101 generat
2884 2022 3298 2105 sempiternum,
3345 2039 3491 2110 Apo-

1897 2114 2037 2168 stolo
2065 2114 2297 2182 dicente,
2325 2118 2465 2187 quod
2510 2120 2647 2173 enim
2691 2121 2745 2175 in
2782 2125 3025 2191 prmaenti
3069 2124 3487 2182 momentaneum

1898 2213 1994 2269 est,
2027 2214 2076 2258 et
2097 2205 2202 2260 leve
2225 2206 2578 2263 tribulationis
2611 2220 2994 2282 nostrte,supra
3010 2216 3221 2270 modum
3250 2218 3301 2271 in
3325 2218 3486 2273 subli-

1898 2297 2130 2349 mitatem
2172 2307 2424 2352 wternum
2469 2299 2650 2369 gloria:
2693 2302 2895 2372 pondus
2942 2315 3189 2374 operatur
3215 2305 3267 2357 in
3318 2294 3486 2362 nobis.

1901 2385 2039 2440 Vera
2065 2395 2149 2443 est
2174 2397 2352 2443 autem
2382 2401 2566 2446 nostra
2596 2391 2892 2460 beatitudo,
2924 2405 2981 2450 et
3020 2400 3265 2465 corporis
3288 2406 3339 2451 et
3367 2400 3482 2452 ani-

1899 2492 2000 2532 ma:
2027 2494 2124 2533 nos
2166 2479 2571 2537 immortalitate
2605 2483 2898 2553 gloriantes
2942 2500 3170 2541 summm
3212 2495 3267 2542 et
3315 2488 3487 2542 beatae.

1899 2568 2182 2625 Trinitatis
2215 2579 2417 2625 teterna
2440 2573 2651 2628 visione
2676 2574 2883 2629 satiari.
2918 2574 3052 2629 Nam
3078 2578 3327 2647 corporis
3360 2595 3491 2648 qua-

1900 2665 2021 2714 tuor
2041 2661 2335 2715 notissimis
2363 2661 2712 2731 qualitatibus
2737 2665 3104 2730 consistimus,
3135 2662 3187 2720 in
3233 2667 3492 2723 interiore

1898 2756 2079 2803 autem
2108 2749 2326 2805 homine
2350 2765 2417 2805 ex
2446 2760 2560 2807 toto
2580 2754 2764 2819 corde,
2788 2762 2897 2809 tota
2921 2756 3117 2820 anima,
3149 2766 3257 2811 tota
3285 2766 3488 2823 mente,

1900 2840 2066 2896 Deum
2093 2841 2316 2913 diligere
2335 2841 2611 2911 iubemur,
2640 2856 2696 2898 et
2722 2846 2823 2900 hoc
2850 2855 2931 2901 est
2972 2846 3226 2916 perfecte
3257 2849 3378 2902 vitm
3405 2850 3496 2903 de-

1900 2932 2112 2987 narium
2155 2935 2351 2989 divinte
2398 2949 2496 2989 nos
2524 2935 2708 3006 gloria:
2750 2938 3000 3008 prmsenti
3048 2938 3257 2994 visione
3294 2940 3486 2995 hetari.

1900 3023 2101 3078 Verum
2126 3025 2447 3086 notandum,
2473 3025 2629 3096 juxta
2660 3027 2966 3093 historiam,
3000 3030 3144 3098 quod
3171 3030 3310 3100 apud
3352 3033 3488 3085 anti-

1822 3101 1867 3163 C
1898 3131 2035 3186 quos
2073 3116 2189 3171 dies
2229 3115 2599 3183 Pentecostes,
2640 3118 2692 3173 id
2724 3126 2825 3182 est,
2872 3119 3351 3191 quinquagesitnze,
3379 3135 3492 3190 quo

1901 3211 1983 3266 lex
2010 3212 2135 3267 data
2162 3220 2276 3267 erat
2298 3253 2313 3277 ,
2339 3213 2407 3268 ab
2434 3213 2707 3270 occisione
2750 3214 2872 3286 agni
2901 3216 3334 3285 computabatur.
3387 3215 3488 3270 llic

1900 3311 2080 3358 autem
2112 3319 2219 3358 non
2249 3320 2278 3358 a
2305 3303 2518 3359 Domini
2546 3306 2820 3375 passione,
2868 3306 2962 3360 se'd
2985 3306 3126 3360 sicut
3170 3306 3360 3361 Leatus
3385 3305 3487 3361 Au-

1899 3398 2167 3468 gustinus,
2197 3413 2304 3468 quo
2329 3398 2550 3469 spiritus
2577 3407 2795 3455 sanctus
2832 3399 3033 3453 missus
3055 3407 3160 3464 est,
3199 3407 3484 3469 computa-

1900 3495 2009 3554 tur,
2038 3489 2128 3559 qui
2167 3489 2457 3545 redeuntes
2503 3491 2641 3563 signi
2672 3491 2873 3546 veteris
2915 3490 3183 3563 excmplo,
3230 3491 3344 3561 ipse
3382 3492 3485 3546 sibi

1899 3577 2343 3632 manifestissime
2370 3579 2511 3634 diem
2542 3579 2878 3634 Dominicum
2910 3594 3008 3635 suo
3029 3580 3370 3635 consecravit
3399 3581 3489 3634 ad-

1898 3677 2084 3725 ventu.
2117 3669 2235 3737 Quo
2264 3670 2426 3724 etiam
2474 3672 2731 3740 temporis
2780 3671 3009 3727 articulo
3048 3686 3234 3726 verum
3278 3670 3485 3727 Pascha

1899 3761 1984 3816 die
1997 3760 2274 3817 Dominieo
2298 3764 2616 3817 monstravit
2640 3778 2763 3819 esse
2783 3763 3183 3820 celebrandum.
3218 3762 3351 3817 Nam
3383 3763 3487 3817 sic-

1900 3861 1959 3907 ut
2000 3853 2112 3920 hic,
2144 3854 2223 3909 sic
2261 3862 2317 3908 et
2360 3854 2472 3909 illic
2502 3855 2555 3908 in
2585 3854 2725 3925 ignis
2770 3854 2979 3908 visione
3028 3853 3169 3908 Deus
3213 3852 3484 3922 apparuit,

1897 3944 2109 4000 dicente
2136 3944 2188 3998 in
2218 3945 2405 4000 Exodo
2432 3963 2445 3998 :
2478 3943 2640 4000 Totus
2679 3955 2853 3999 autem
2880 3961 3028 3998 mons
3058 3943 3210 3999 Sinai
3239 3942 3478 4012 fumabat

1897 4053 1956 4090 eo
1976 4037 2116 4106 quod
2140 4036 2487 4090 descendisset
2522 4035 2775 4089 Dominus
2803 4052 2959 4106 super
2983 4050 3099 4087 eum
3124 4034 3178 4085 in
3201 4032 3336 4102 igne.

1967 4125 2038 4180 Et
2073 4127 2244 4196 factus
2286 4137 2362 4180 est
2408 4136 2611 4195 repente
2637 4126 2701 4179 de
2738 4124 2863 4178 uelo
2893 4140 3051 4177 sonus
3095 4132 3342 4192 tanquam
3387 4121 3485 4175 ad-

1896 4221 2166 4281 venientis,
2197 4227 2303 4275 etc.
2331 4218 2435 4273 Per
2465 4218 2643 4288 ignem
2666 4217 2879 4287 quidem
2910 4215 3189 4278 Dominus,
3213 4221 3271 4266 ut
3291 4213 3480 4267 beatus

1896 4326 2033 4382 papa
2067 4310 2361 4380 Gregorius
2406 4308 2643 4378 exponit,
2688 4306 2955 4375 apparuit,
3002 4304 3096 4359 sed
3141 4320 3239 4373 per
3286 4313 3482 4359 semet-

1899 4402 2070 4471 ipsum
2099 4400 2425 4455 locutioncm
2457 4398 2681 4451 interius
2714 4395 2858 4457 fecit,
2881 4402 2934 4445 et
2956 4407 3127 4463 neque
3151 4393 3289 4463 ignis
3319 4393 3481 4457 Deus.

1900 4506 2072 4562 neque
2106 4491 2193 4545 ille
2233 4490 2441 4545 sonitus
2484 4486 2609 4552 fuit,
2651 4485 2743 4540 sed
2772 4498 2870 4554 per
2907 4482 3029 4542 hoc.
3069 4483 3210 4552 quod
3239 4484 3480 4537 exterius

1899 4585 2160 4649 exhibuit,
2211 4581 2479 4653 expressit
2522 4580 2626 4636 hoc
2671 4577 2812 4648 quod
2871 4572 3095 4629 interius
3140 4575 3326 4645 gessit.
3376 4575 3478 4641 Qui

1897 4676 2041 4732 enim
2073 4675 2364 4745 discipulos
2391 4680 2445 4729 et
2471 4672 2585 4727 zelo
2621 4682 2930 4732 succensus,
2957 4675 3012 4721 et
3039 4667 3204 4721 verbo
3240 4666 3481 4721 eruditos

1901 4768 2045 4821 intus
2073 4765 2323 4830 reddidit,
2358 4763 2488 4818 foris
2506 4761 2716 4831 linguas
2746 4759 2932 4828 igneas
2955 4757 3208 4812 ostendit.
3230 4756 3287 4810 ln
3318 4757 3478 4828 signi-

1902 4863 2149 4917 ﬁcatione
2180 4861 2345 4931 igitur
2378 4860 2590 4913 admota
2634 4862 2759 4911 sunt
2802 4854 3085 4918 elementa,
3120 4860 3178 4907 ut
3218 4853 3397 4924 ignem
3423 4862 3478 4907 et

1902 4954 2135 5008 sonitum
2181 4953 2440 5007 sentirent
2478 4963 2721 5017 corpora,
2773 4946 2893 5015 igne
2938 4961 3067 5000 vero
3109 4945 3383 5012 invisibili,
3421 4953 3481 5001 et

1903 5060 2032 5099 voce
2055 5045 2170 5098 sine
2204 5043 2379 5098 sonitu
2410 5042 2729 5094 docerentur
2763 5038 2942 5092 corda.
3470 5028 3481 5041 ’

1974 5135 2040 5188 Et
2067 5140 2420 5204 apparuerunt
2444 5130 2548 5183 illis
2575 5129 2879 5197 dispertita',
2920 5135 3024 5183 etc.
3069 5126 3305 5196 Spiritus
3330 5128 3474 5182 enim

1899 5233 2119 5281 sanctus
2166 5224 2218 5278 in
2261 5223 2383 5293 igne
2420 5229 2474 5276 et
2537 5221 2733 5292 linguis
2786 5220 3070 5290 apparuit,
3118 5222 3243 5290 quia
3288 5236 3477 5275 omnes

1900 5334 2036 5390 quos
2060 5315 2356 5387 impleverit
2393 5314 2644 5367 ardentes
2687 5313 2891 5383 pariter
2919 5320 2973 5367 et
3003 5312 3283 5382 loquentes
3325 5312 3474 5367 facit.

1901 5412 2166 5466 Ardentes
2191 5407 2373 5476 utique
2408 5421 2471 5460 ex
2500 5419 2588 5470 sc,
2619 5412 2674 5459 et
2696 5404 2978 5473 loquentes
3005 5403 3069 5457 de
3108 5420 3186 5457 se.
3222 5400 3391 5455 Simul
3421 5408 3475 5453 et

1902 5503 2165 5564 indicans,
2194 5500 2317 5570 quia
2357 5506 2541 5553 sancta
2588 5495 2826 5550 Ecclesia
2867 5510 2963 5564 per
2989 5493 3173 5548 mundi
3215 5492 3475 5546 terminos

1903 5595 2122 5649 dilatata
2149 5590 2385 5647 omnium
2413 5590 2647 5661 gentium
2675 5595 2791 5641 erat
2820 5602 2950 5640 voce
2976 5585 3265 5639 locutura.‘

1979 5683 2223 5753 Seditque
2250 5699 2404 5752 supra
2430 5677 2657 5750 singulos
2686 5693 2882 5733 eorum.
2922 5675 3072 5743 Quod
3112 5676 3313 5731 sedisse
3337 5675 3474 5730 dici-
