3978 6458
469 283 573 338 527
1351 239 1359 247 ’
1749 256 2102 316 διιΑιιΑῦιιι
2142 252 2436 311 ABBA’l‘lS
3614 235 3740 294 διεδ

470 406 579 458 tur,
623 389 784 458 regite
825 394 907 441 est
942 380 1222 453 potestatis
1267 376 1540 438 indicium,
1589 372 1671 425 vel
1717 378 1865 425 certe
1914 368 2040 438 quia
2071 372 2113 430 Α
2143 366 2408 421 daismum
2432 363 2630 429 eligere
2658 358 2946 421 malebant,
2985 355 3125 409 sicut
3152 353 3347 409 Λοιιίοτ
3372 353 3425 406 iu
3467 351 3609 405 libro
3631 350 3740 405 lu.

475 451 979 555 req-uiesuimlicatur
1010 474 1063 526 in
1091 470 1313 525 sanctis.
2146 462 2262 517 dith
2293 462 2484 516 feei~se
2523 467 2774 512 narratur
2800 455 3032 528 (Iudith.
3067 453 3197 524 .vtv).
3237 452 3352 506 Non
3375 451 3552 507 solum
3574 464 3742 521 ergo,

477 626 488 633 .
546 550 614 630 Et
651 576 904 639 eruperunt
943 563 1084 633 loqui
1111 560 1232 614 aliis
1279 556 1490 626 linguis.
1526 553 1796 609 Unitatem
1839 550 2048 639 lingua—

476 678 616 724 rum,
644 635 806 729 quam
846 651 1098 722 superbia
1140 646 1427 718 Babylonis
1455 644 1805 710 disperserat,
1838 635 2050 692 humili-

478 764 559 807 tas
587 728 844 804 Ecclesia‘.
891 740 1170 811 recolligit.
1206 734 1570 807 Spiritualiter
1607 739 1785 786 autem
1820 728 2054 782 varietas

478 844 798 912 linguarum,
838 835 977 888 dona
1004 830 1279 884 variarum
1305 823 1573 896 signiﬁcat
1601 819 1916 891 gratiarum.
1961 814 2057 868 Ve-

479 905 599 985 rum
630 943 737 982 non
769 918 1307 993 incongrueSpiritus
1332 922 1552 969 sanctus
1580 908 1909 978 intelligitur,
1939 905 2058 959 ideo

480 1021 715 1093 primum
744 1017 1048 1085 linguarum
1091 1009 1290 1063 donum
1319 1004 1531 1061 dedisse
1568 999 1899 1062 hominibus,
1942 994 2061 1093 qui-

484 1084 585 1165 bus
613 1084 849 1162 humana
876 1100 1140 1171 sapientia
1185 1096 1483 1152 forinsecus
1508 1100 1563 1146 et
1601 1088 1847 1152 discitur,
1887 1093 1943 1139 et
1969 1084 2063 1138 do-

484 1209 658 1263 cetur,
683 1206 741 1251 ut
786 1194 1113 1255 ostenderet,
1159 1203 1322 1259 quam
1371 1183 1530 1239 faeile
1578 1180 1750 1251 possit
1793 1176 2065 1247 sapientes

486 1291 661 1345 facere
690 1302 785 1357 per
810 1282 1129 1353 sapientiam
1154 1279 1269 1343 Dei,
1299 1290 1418 1345 qua:
1440 1274 1519 1328 eis
1546 1273 1754 1326 interna
1782 1276 1886 1322 est.

556 1356 722 1436 Erant
767 1388 941 1433 autem
967 1376 1023 1429 in
1062 1369 1395 1426 Hierusalem
1424 1366 1719 1419 habitantes
1761 1359 1941 1414 Juda'i
1972 1356 2067 1411 riri

488 1474 733 1545 religiosi,
768 1480 874 1526 etc.
903 1466 1241 1524 Conveniens
1291 1470 1422 1533 puto
1459 1457 1795 1529 perquirere,
1846 1451 2067 1521 quinam

490 1538 746 1627 isti'sunt,
773 1571 827 1616 et
851 1576 916 1613 ex
943 1574 1048 1628 qua
1078 1554 1389 1625 captivitate
1427 1548 1621 1612 Judaei,
1663 1543 1917 1615 quoniam
1958 1538 2071 1608 qui-

490 1657 612 1709 dem
644 1654 731 1707 illa
758 1667 876 1720 qum
907 1650 958 1703 in
990 1645 1221 1717 Egypto
1251 1643 1425 1696 fuerat
1452 1638 1537 1694 vel
1558 1638 1610 1692 in
1636 1632 1944 1705 Babylonia,
1975 1628 2071 1683 ab-

2150 553 2416 622 inquiunt,
2452 552 2544 620 qui
2588 557 2780 603 natura
2824 556 2950 601 sunt
2993 544 3183 607 Judaei,
3231 559 3298 597 ex
3341 543 3560 597 diverso
3600 540 3745 594 orbe

2151 647 2732 701 convenerant,vcrum
2753 643 2807 690 et
2825 635 2880 688 hi
2899 634 2990 703 qui
3014 634 3079 687 de
3106 631 3366 702 przeputio
3386 631 3521 688 nati.
3543 643 3747 684 eorum

2155 730 2476 788 adhaeserint
2500 728 2632 797 juri.

2470 833 2806 874 EVANCELIIJI
2843 829 3075 879 JO.\NNIS,
3107 829 3225 868 CAP.
3267 826 3379 867 XIV.

2233 933 2252 966 ι
2282 913 2340 968 Si
2366 912 2489 983 quis
2513 909 2686 981 diligit
2717 923 2826 975 me,
2848 920 3155 963 sermonem
3181 919 3360 959 meum
3389 902 3654 966 servabit,
3687 910 3751 956 et

2168 1024 2185 1057 ι
2214 1005 2374 1061 Pater
2402 1018 2555 1058 meus
2582 1001 2765 1071 diliget
2804 1014 2948 1063 eum,
2988 1007 3044 1053 et
3086 997 3155 1052 ad
3191 1012 3316 1052 eum
3351 995 3655 1058 veniemus,
3689 1004 3753 1047 et

2168 1114 2186 1146 ι
2225 1094 2559 1150 mansionem
2603 1091 2744 1163 apud
2778 1105 2902 1145 eum
2942 1088 3221 1143 faciemus.
3271 1085 3372 1153 Qui
3414 1100 3524 1139 non
3567 1083 3754 1153 diligit

2168 1205 2187 1238 ο
2219 1201 2326 1252 me,
2381 1198 2659 1241 sermones
2705 1196 2857 1237 meos
2906 1196 3013 1235 non
3061 1186 3262 1234 servat.
3316 1177 3384 1232 Et
3436 1190 3752 1232 sermonem

2171 1298 2190 1331 ε
2218 1292 2379 1348 quem
2401 1275 2630 1330 audistis
2654 1289 2759 1328 non
2779 1280 2863 1327 est
2890 1285 3060 1335 meus,
3091 1269 3184 1324 sed
3216 1268 3335 1338 eius
3356 1266 3452 1337 qui
3482 1265 3634 1319 misit
3660 1280 3758 1320 me

2175 1392 2192 1422 ι
2216 1370 2414 1425 Patris.
2446 1367 2572 1421 [huc
2600 1366 2809 1420 locutus
2851 1377 2969 1417 sum
2998 1361 3152 1416 vobis
3191 1358 3332 1429 apud
3371 1371 3469 1411 vos
3496 1370 3752 1410 manens.

2175 1482 2193 1514 ι
2226 1460 2536 1518 Paracletus
2581 1467 2759 1514 autem
2788 1455 3028 1526 Spiritus
3070 1462 3307 1517 sanctus,
3355 1464 3517 1521 quem
3548 1449 3759 1502 ‘mittet

2178 1552 2380 1609 «Pater
2417 1554 2473 1608 in
2503 1552 2718 1606 nomine
2746 1564 2887 1613 meo,
2933 1546 3021 1602 ille
3060 1561 3157 1600 vos
3201 1543 3415 1600 docebit
3448 1540 3655 1602 omnia,
3697 1547 3757 1592 et

2178 1666 2196 1697 ι
2230 1652 2481 1717 suggeret
2522 1643 2675 1698 vobis
2726 1641 2907 1695 omnia
2966 1652 3300 1709 quamcunque
3340 1636 3530 1691 dixero
3571 1632 3755 1687 vobis.

491 1745 664 1799 soluta
697 1743 808 1812 jam
848 1739 1041 1793 fuerat.
1075 1733 1303 1789 Romani
1333 1739 1513 1785 autem
1552 1724 1788 1781 nondum
1812 1725 2071 1812 venerant
2098 1708 2144 1766 Β
2177 1754 2196 1787 ε
2225 1708 2418 1791 pagg",
2448 1733 2693 1802 relinquo
2717 1730 2889 1793 vobis,
2910 1708 3098 1799 page“,
3125 1740 3300 1782 meam
3326 1723 3396 1778 do
3427 1721 3602 1778 vobis.
3635 1719 3759 1773 Non

492 1834 545 1888 in
572 1808 960 1901 captivitatem,
990 1826 1118 1880 licet
1153 1822 1265 1891 jam
1308 1829 1365 1876 et
1409 1821 1523 1889 ipsa
1559 1814 1863 1871 immineret
1904 1808 2070 1863 ultrix

489 1922 762 1981 commissi
805 1920 871 1974 de
901 1917 1182 1971 Salvatore
1226 1910 1442 1982 piaculi.
1486 1908 1747 1978 Superest
1790 1904 1972 1973 igitur,
2013 1909 2073 1953 ut

491 2015 581 2072 illa
619 2011 952 2081 intelligatur
993 2005 1300 2076 captivitas,
1347 2016 1467 2069 quae
1504 1999 1604 2054 Sub
1636 1993 1903 2050 Antiocho
1932 1991 2072 2045 facta

491 2114 596 2169 est,
624 2103 767 2173 quod
809 2100 996 2168 utique
1040 2112 1145 2151 non
1181 2095 1360 2149 multis
1397 2101 1523 2146 ante
1571 2085 1900 2158 temporibus
1927 2084 2069 2139 acci-

493 2198 666 2251 derat.

566 2283 827 2350 Quoniam
867 2278 1111 2334 audiebat
1155 2274 1505 2345 unusquisque
1538 2270 1719 2340 lingua
1755 2284 1853 2322 sua
1879 2282 1966 2320 eos
1990 2265 2072 2319 lo-

491 2386 722 2448 quentes.
767 2373 1038 2440 Quzerilur
1084 2371 1138 2424 in
1177 2368 1280 2422 hoc
1332 2367 1468 2430 loco,
1514 2364 1659 2435 quod
1702 2360 2074 2430 unusquisque

494 2468 749 2522 audiebat
792 2465 990 2535 linguis
1035 2463 1148 2517 suis
1196 2460 1474 2528 loquentes
1510 2471 1604 2511 eos
1639 2453 1903 2524 magnalia
1957 2451 2074 2515 Dei,

495 2568 676 2614 utrum
699 2559 752 2612 hi
777 2558 867 2626 qui
895 2555 1254 2625 loquebantur
1266 2552 1491 2608 diversis
1516 2550 1879 2613 sermonibus,
1901 2547 2078 2602 unius-

495 2648 756 2719 cujusque
799 2646 1016 2716 linguae,
1066 2645 1167 2699 hoc
1204 2643 1347 2712 quod
1388 2641 1670 2695 dicebatur
1710 2637 2075 2709 proferebant,

495 2738 549 2791 id
573 2744 673 2799 est,
701 2735 1067 2803 unusquisque
1094 2746 1303 2796 eorum,
1331 2746 1471 2784 utine
1497 2729 1621 2793 hac,
1649 2741 1793 2782 nunc
1830 2726 1935 2780 alia
1976 2725 2079 2779 lin-

496 2844 598 2898 gua
626 2814 851 2896 loquens
877 2825 956 2879 sic
983 2840 1076 2893 per
1112 2837 1302 2877 omnes
1338 2827 1604 2885 curreret,
1632 2834 1700 2872 an
1728 2818 1780 2872 in
1809 2833 1875 2873 eo
1899 2817 2079 2887 potius

495 2927 612 2972 erat
636 2917 902 2981 mirabile,
946 2915 1088 2984 quod
1131 2928 1309 2969 sermo
1346 2927 1532 2967 eorum
1573 2911 1664 2980 qui
1699 2909 2076 2979 loquebantur,

494 3008 737 3079 qualibet
760 3007 941 3077 lingua
983 3005 1173 3060 fuisset
1220 3003 1621 3074 pronuntiatus,
1664 3000 1955 3070 unicuique
1986 3014 2080 3052 au-

495 3099 661 3155 dienti
716 3099 1008 3154 secundum
1057 3112 1212 3151 suam
1264 3095 1501 3165 linguam
1556 3092 1974 3163 intelligebatur,
2022 3101 2081 3144 ut

496 3189 647 3244 verbi
693 3189 904 3259 gratia,
956 3201 1281 3257 unoquoque
1330 3184 1574 3256 apostolo
1633 3184 1687 3238 in
1736 3182 1976 3237 Ecclesia
2005 3182 2081 3236 lo-

495 3289 714 3350 quentc.
747 3280 978 3334 Necesse
1006 3279 1147 3332 enim
1176 3285 1295 3332 erat
1333 3276 1634 3331 tacentibus
1669 3273 1890 3343 reliquis
1915 3288 2081 3327 unum

497 3369 663 3437 loqui,
703 3379 758 3421 et
798 3380 1103 3421 sermonem
1136 3380 1301 3419 unmn
1329 3365 1395 3418 ad
1426 3362 1666 3417 auditum
1700 3362 1938 3416 omnium
1962 3376 2082 3431 per—

502 3459 710 3524 venire,
736 3458 851 3527 ipse
880 3472 1060 3512 sermo
1100 3458 1239 3511 hanc
1279 3456 1331 3509 in
1370 3470 1429 3510 se
1470 3455 1578 3508 vim
1604 3454 1848 3517 haberet,
1879 3461 1937 3508 ut
1959 3466 2083 3508 cum

504 3552 839 3605 diversarum
884 3549 1125 3620 gentium
1160 3548 1435 3602 auditores
1469 3554 1674 3611 essent,
1716 3546 2084 3616 unusquisque

500 3639 797 3696 secundum
840 3639 1076 3709 linguam
1108 3652 1283 3703 suam,
1313 3637 1457 3693 illius
1497 3637 1665 3707 ipsius
1695 3636 1852 3691 unius
1879 3651 2084 3692 sermo-

475 3728 606 3791 ~nis,
638 3726 729 3796 qui
755 3726 824 3780 ab
860 3726 1103 3796 apostolo
1145 3725 1319 3781 fuerat
1368 3726 1745 3797 pronuntiatus
1783 3727 2085 3797 susciperet

503 3817 764 3881 auditum,
790 3825 844 3870 et
872 3825 1088 3886 caperet
1112 3817 1463 3881 intellectum,
1494 3816 1595 3872 nisi
1624 3816 1764 3872 forte
1787 3818 2084 3872 secundum

506 3906 610 3959 hoc
658 3905 828 3974 magis
883 3906 1160 3961 videbatur
1219 3907 1540 3962 audiendum
1586 3922 1707 3962 esse
1764 3906 2083 3962 miraculum

506 4004 670 4063 quam
702 3994 964 4063 loqucmlu
974 4012 1043 4048 ιιι.
1886 3978 1891 3986 l

580 4079 866 4154 Stupebant
903 4094 1076 4138 autem
1120 4102 1295 4139 omnes
1338 4095 1385 4140 et
1433 4086 1763 4141 mirabantur
1809 4085 2081 4139 dicentes:

512 4174 703 4229 Nonne
738 4189 854 4227 ecce
880 4190 1055 4227 antnes
1089 4176 1176 4228 isti
1199 4176 1288 4246 qui
1324 4176 1611 4247 loquuntur
1631 4173 1839 4230 (ἔτιΙίΙωὶ
1864 4185 2004 4239 sunt,
2038 4183 2086 4228 et

505 4262 764 4333 quomodo
814 4279 908 4315 nos
944 4263 1260 4331 audivimus,
1308 4267 1661 4337 unusquisque
1711 4265 1945 4336 linguam
1995 4282 2087 4319 no-

2175 1846 2194 1876 ι
2228 1824 2498 1898 quomodo
2522 1821 2755 1879 mundus
2780 1820 2894 1885 dat,
2930 1834 3029 1891 ego
3054 1818 3121 1874 do
3151 1816 3323 1871 vobis.
3362 1814 3480 1869 Non
3504 1812 3761 1867 turbetur

2178 1941 2196 1972 ι
2227 1936 2322 1976 cor
2344 1926 2586 1974 vestrum
2632 1929 2807 1984 neque
2848 1911 3118 1967 formidet.
3166 1909 3428 1973 Audistis,
3475 1907 3603 1978 quia
3644 1904 3760 1961 divi

2179 2028 2198 2061 ‹
2234 2009 2403 2071 vobis,
2434 2006 2589 2069 vado,
2633 2011 2689 2059 et
2720 2003 2881 2058 venio
2927 2001 2995 2056 ad
3036 2016 3153 2056 vos.
3201 2001 3259 2055 Si
3301 1998 3600 2070 diligeretis
3646 2012 3760 2061 me,

2180 2119 2197 2151 ι
2225 2098 2528 2171 gauderetis
2546 2096 2753 2165 utique,
2775 2094 2900 2165 quia
2923 2093 3061 2148 vado
3089 2093 3153 2147 ad
3170 2090 3409 2155 Patrem,
3439 2090 3566 2160 quia
3591 2088 3763 2143 Pater

2181 2209 2199 2241 ι
2233 2187 2404 2257 major
2427 2203 2512 2242 me
2533 2194 2635 2241 est.
2673 2186 2740 2240 Et
2761 2199 2899 2239 nunc
2934 2183 3041 2237 dixi
3069 2183 3239 2245 vobis,
3280 2180 3599 2251 priusquam
3639 2178 3760 2243 fiat,

2182 2301 2199 2331 ε
2229 2288 2289 2336 ut
2310 2295 2431 2336 cum
2461 2277 2660 2332 factum
2702 2274 2863 2329 fuerit
2901 2272 3152 2328 credatis.
3182 2268 3300 2324 iam
3332 2285 3439 2324 non
3471 2268 3640 2323 multa
3675 2266 3758 2319 lo-

2183 2392 2200 2424 c
2240 2388 2377 2444 quar
2407 2370 2704 2425 vobiscum.
2736 2366 2897 2421 Venit
2922 2365 3064 2419 enim
3085 2362 3341 2432 Princeps
3363 2360 3550 2414 mundi
3575 2358 3760 2429 hujus,

2184 2480 2202 2513 ι
2234 2470 2290 2515 ct
2319 2460 2373 2515 in
2402 2472 2491 2513 me
2531 2473 2638 2511 non
2673 2455 2835 2510 habet
2878 2455 3191 2523 quidquam,
3236 2451 3330 2505 sed
3370 2459 3429 2504 ut
3468 2458 3765 2520 cognoscat

2184 2570 2202 2602 ‹
2236 2549 2488 2610 mundus,
2525 2547 2653 2617 quia
2699 2545 2860 2615 diligo
2893 2546 3129 2607 Patrem,
3179 2548 3234 2596 et
3275 2540 3417 2596 sicut
3446 2541 3763 2594 mandatum

2184 2658 2202 2691 ι
2234 2637 2383 2692 dedit
2411 2636 2540 2691 mihi
2572 2644 2740 2705 pater,
2774 2634 2852 2688 sic
2880 2634 3034 2688 facio.
3062 2652 3080 2684 ι

2251 2727 2312 2783 Si
2341 2727 2456 2799 quis
2478 2726 2646 2797 diligit
2669 2742 2770 2788 me,
2799 2740 3084 2778 sermonem
3114 2737 3286 2777 meum
3315 2720 3558 2784 servabit,
3576 2729 3624 2774 et
3655 2717 3765 2772 Pa-

2183 2834 2260 2877 ter
2288 2837 2435 2875 meus
2456 2818 2636 2889 diliget
2661 2825 2861 2881 eum,et
2887 2816 2955 2870 ad
2981 2831 3124 2880 eum,
3144 2812 3426 2876 veniemus,
3457 2821 3505 2865 et
3526 2809 3763 2863 mansio-

2184 2926 2300 2965 nem
2341 2908 2483 2980 apud
2529 2923 2645 2961 eum
2674 2905 2945 2975 faciemus.
2983 2904 3239 2958 Probatio
3263 2917 3393 2974 ergo
3432 2901 3763 2962 dilectionis,

2182 2999 2446 3055 exbibitio
2471 3003 2555 3052 est
2581 2996 2779 3066 operis.
2810 2993 2947 3047 Hinc
2965 2993 3018 3047 in
3042 2991 3279 3062 Epistola
3307 3005 3403 3045 sua
3436 2988 3577 3044 idem
3607 2987 3776 3043 Joan-

2182 3108 2279 3147 nes
2306 3091 2474 3145 dicit:
2524 3087 2627 3153 Qui
2662 3085 2808 3139 dicit.
2851 3084 2976 3145 quia
3011 3082 3173 3152 diligo
3205 3079 3371 3134 Deum
3415 3088 3465 3134 et
3511 3079 3767 3132 mandata

2182 3178 2297 3231 (ﬁll
2337 3177 2440 3214 non
2493 3162 2748 3225 custodit,
2797 3163 3028 3217 mendax
3065 3170 3139 3216 est
3197 3158 3251 3225 (Ι
3284 3159 3581 3231 10013.").
3628 3159 3773 3214 Vere

2181 3257 2329 3312 enim
2362 3255 2644 3326 d'ligimus
2672 3256 2867 3317 Deum,
2891 3255 2935 3309 si
2965 3252 3224 3308 mandata
3238 3251 3358 3319 ejus
3379 3249 3768 3312 observamus,

2181 3359 2239 3403 et
2269 3364 2369 3403 nos
2398 3365 2426 3402 a
2462 3348 2666 3403 nostris
2703 3348 3083 3417 voluptatibus
3103 3354 3469 3400 coarctamur.
3504 3342 3569 3397 Et
3604 3341 3775 3397 Pater

2184 3458 2328 3496 meus
2358 3441 2531 3512 diligit
2568 3457 2711 3505 eum,
2755 3440 2884 3508 quia
2920 3455 3086 3508 opera
3120 3452 3242 3505 quae
3272 3433 3436 3490 Pater
3469 3435 3620 3495 facit.
3651 3434 3773 3487 lure

2182 3541 2240 3588 et
2258 3530 2515 3587 similiter
2550 3530 2724 3585 Filius
2762 3529 2912 3591 facit,
2943 3538 3000 3584 et
3028 3526 3124 3598 qui
3148 3524 3323 3595 diligit
3348 3521 3774 3592 Filium,diligit

2180 3637 2238 3683 et
2267 3626 2505 3690 Patrem,
2535 3634 2592 3679 et
2624 3624 2718 3693 qui
2749 3622 2994 3693 diligitur
3021 3635 3052 3675 a
3073 3617 3217 3675 Fllio
3248 3615 3499 3687 diligitur
3519 3631 3548 3668 a
3581 3612 3773 3668 Patre.

2254 3716 2325 3772 Et
2363 3717 2433 3772 ad
2461 3734 2579 3773 eum
2603 3712 2866 3771 uenientus
2901 3730 2953 3770 et
2974 3714 3311 3768 mansionem
3342 3708 3486 3780 apud
3521 3723 3641 3762 eum
3681 3706 3771 3775 fa-

2181 3816 2400 3869 ciemus.
2432 3812 2535 3878 Qui
2565 3813 2712 3866 enim
2738 3825 2865 3867 vere
2882 3809 3073 3885 .diligit
3097 3808 3296 3868 Deum.
3316 3820 3421 3860 nec
3442 3802 3771 3860 tentaliauis

2180 3917 2429 3978 tempore
2465 3907 2674 3961 recedit
2704 3905 2771 3959 ab
2799 3920 2988 3959 amore
3018 3902 3134 3967 Dei,
3159 3900 3226 3957 ad
3243 3900 3394 3956 hunc
3414 3899 3645 3952 veniunt
3668 3895 3772 3949 Pa-

2180 4013 2265 4058 ter
2276 4010 2330 4057 et
2348 3999 2516 4055 Filius
2533 3997 3229 4070 spiritualiacccssiom,et
3250 3994 3594 4050 mansionem
3618 3990 3767 4059 apud

2178 4111 2306 4152 cum
2370 4094 2595 4150 habent.
2633 4093 2726 4148 Ille
2764 4093 2913 4147 enim
2946 4107 3074 4146 vere
3106 4099 3275 4154 amat,
3304 4090 3466 4160 cuius
3507 4086 3560 4139 vi
3585 4083 3769 4140 felieet

2137 4206 2141 4210 '
2180 4196 2419 4245 mentem
2449 4187 2744 4244 delectatio
2774 4202 2942 4258 prava
2971 4200 3035 4240 ex
3074 4198 3345 4240 consensu
3376 4184 3487 4235 non
3516 4185 3769 4248 superat.

2182 4280 2316 4337 Nam
2359 4290 2513 4336 tanto
2561 4282 2797 4353 quisque
2826 4293 3123 4348 asupi-rno
3172 4289 3367 4350 arnore.2
3407 4271 3767 4343 disiungitur,

506 4363 693 4417 stram,
721 4353 774 4405 in
799 4369 902 4422 qua
933 4353 1041 4405 nati
1080 4371 1278 4421 sumus,
1321 4356 1506 4410 Parthi
1544 4367 1591 4410 et
1616 4356 1779 4421 Medi,
1806 4367 1854 4411 et
1884 4356 2075 4410 Elami-

2184 4383 2387 4444 quanto
2405 4373 2636 4428 inferius
2661 4373 2984 4427 delectatur.
3012 4369 3245 4425 Dilectio
3257 4371 3481 4424 sanctos
3501 4362 3770 4418 discernit

507 4452 591 4503 tte,
617 4451 666 4496 et
690 4443 777 4512 qui
807 4442 1042 4495 habitant
1067 4441 1489 4515 MesOpotamiam
1515 4458 1562 4500 et
1584 4447 1917 4510 Judream,et
1949 4445 2083 4516 Cap-

492 4531 821 4601 padociam?
846 4529 1089 4585 Judteam
1110 4532 1209 4587 hoc
1242 4535 1358 4588 loco
1384 4550 1488 4588 non
1519 4543 1684 4588 totam
1724 4542 1959 4603 gentem,
1989 4533 2082 4587 sed

508 4632 717 4693 partem
746 4623 907 4685 illius,
938 4623 1039 4677 hoc
1080 4632 1181 4687 est,
1225 4626 1423 4679 tribum
1449 4623 1582 4679 Juda
1624 4634 1679 4677 et
1705 4625 1983 4696 Benjamin
2014 4626 2087 4679 si-

511 4714 753 4785 gniﬁcat,
795 4715 864 4769 ad
901 4715 1295 4769 distinctionem
1333 4716 1582 4771 videlicet
1626 4715 1903 4782 Samaria),
1940 4717 2086 4787 Gali-

511 4807 641 4870 laeze,
674 4805 1022 4876 Decapolcos,
1051 4792 1354 4859 et‘aliarum
1384 4808 1436 4859 in
1471 4807 1658 4860 eafem
1698 4807 1972 4876 provincia
2003 4823 2086 4862 rc-

510 4895 749 4967 gionum,
803 4912 922 4965 qua:
968 4896 1095 4951 licet
1136 4910 1323 4950 omnes
1364 4911 1471 4949 una
1512 4895 1690 4965 lingua
1739 4897 2085 4966 loquerentur
2163 4924 2169 4930 μ

511 4986 753 5044 llebriea.
788 4987 1135 5040 domesticam
1165 4994 1341 5039 tamen
1370 4984 1589 5054 singulm
1615 4985 1821 5041 dicendi
1849 4990 2080 5056 speciem

512 5077 747 5132 bibuere
773 5078 1101 5132 distinctam.
1150 5075 1299 5129 Unde
1325 5082 1377 5127 et
1415 5074 1608 5127 Petrus
1636 5075 1689 5128 in
1722 5077 1930 5133 Domini
1961 5096 2083 5149 pas-

496 5172 681 5237 sione,
707 5172 848 5240 quod
876 5170 1126 5226 Galilacus
1156 5168 1227 5222 sit
1255 5166 1462 5234 loquela
1488 5183 1580 5221 sua
1606 5170 1867 5236 proditur.

584 5256 808 5313 Pontum
838 5269 884 5312 et
912 5259 1111 5320 Asiam,
1135 5252 1415 5325 Phrygiam
1438 5267 1485 5308 ct
1518 5253 1897 5330 Pamphyliam,
1919 5263 2084 5334 .4593;-

482 5362 655 5439 .ptum
701 5358 747 5403 et
800 5358 973 5418 partes
1028 5345 1225 5413 Libym,
1274 5361 1395 5414 quat
1426 5358 1498 5400 est
1547 5349 1682 5403 circa
1732 5350 1986 5421 Cyrenen,
2036 5367 2084 5410 et

512 5448 742 5506 (ultimae,
788 5439 1031 5503 Romani,
1081 5435 1260 5495 Jttda'i
1306 5455 1526 5510 quoque,
1574 5451 1621 5494 et
1664 5444 1930 5514 proselyti,
1977 5458 2079 5501 etc.

515 5533 844 5601 Proselytos,
873 5529 925 5581 id
952 5534 1054 5591 est,
1081 5526 1335 5592 advenas,
1375 5530 1749 5600 nuncupabant
1783 5549 1875 5587 eos
1896 5537 1985 5605 qui
2018 5539 2083 5591 de

516 5622 763 5692 gentibus
802 5617 1064 5687 originem
1093 5615 1365 5684 ducentes,
1411 5619 1873 5679 circumcisionem
1910 5635 1958 5677 et
1996 5624 2084 5681 Ju-

2183 4482 2213 4521 a
2237 4467 2465 4531 mundo,
2500 4481 2624 4535 qua-
2656 4464 2785 4518 facit
2809 4464 3057 4518 habitare
3098 4475 3387 4517 unanimes
3411 4458 3683 4530 ittdomo,
3710 4455 3766 4508 in

2184 4575 2289 4631 qua
2306 4563 2469 4616 domo
2484 4559 2608 4613 facit
2622 4558 2782 4614 Pater
2794 4568 2848 4613 ct
2862 4558 3033 4611 Filius
3052 4556 3414 4616 mansionem,
3438 4552 3534 4620 qui
3556 4551 3766 4605 donant

2185 4661 2240 4707 et
2271 4651 2442 4720 ipsam
2492 4650 2866 4708 dilecﬁouem.
2893 4650 3108 4712 Quibus
3138 4649 3345 4703 donant
3371 4645 3426 4699 in
3460 4645 3570 4699 fine
3599 4644 3765 4697 etiam

2184 4761 2336 4801 suam
2366 4745 2884 4809 manifestatiunem,
2940 4744 3007 4797 de
3035 4757 3143 4812 qua
3172 4720 3617 4796 manifestatione
3670 4737 3761 4791 di-

2184 4836 2425 4904 scipulus
2450 4837 2827 4908 interrogavit,
2860 4846 2915 4890 et
2940 4837 3152 4890 audivit
3178 4833 3245 4895 ad
3270 4835 3411 4888 hanc
3442 4832 3764 4888 manifesta-

2188 4930 2387 4985 tionem
2429 4946 2526 4999 per
2547 4930 2894 4984 dilectionem
2919 4927 3351 5000 perveniendum
3380 4942 3524 4983 esse.

2257 5028 2361 5092 Qui
2389 5044 2493 5079 non
2556 5027 2730 5096 diligit
2760 5043 2838 5080 me
2868 5040 3134 5080 sermones
3165 5040 3308 5079 meos
3341 5040 3445 5079 non
3472 5030 3669 5076 servat.
3703 5018 3763 5073 lli

2183 5133 2311 5174 sunt
2337 5120 2430 5189 qui
2461 5118 2673 5173 Patrem
2693 5129 2749 5173 et
2784 5118 3049 5187 Spiritum
3077 5126 3329 5172 sanctum
3361 5132 3643 5185 nunquam
3681 5116 3762 5168 vi-

2181 5216 2336 5280 dent,
2368 5212 2563 5269 Filium
2594 5225 2801 5274 autem,
2827 5228 2935 5266 non
2963 5222 3022 5266 ut
3044 5212 3440 5275 lieuellcentur,
3463 5210 3561 5265 sed
3594 5211 3759 5279 utju-

2180 5308 2434 5362 dicentur
2462 5309 2529 5361 ad
2568 5309 2843 5361 modicum
2895 5307 3109 5371 vident,
3143 5320 3246 5361 nec
3277 5305 3456 5376 ipsum
3496 5305 3550 5356 in
3586 5304 3759 5358 forma

2182 5401 2297 5462 Dei,
2356 5400 2447 5454 ubi
2481 5410 2564 5452 est
2597 5416 2720 5453 eum
2780 5399 2938 5454 Patre
2970 5409 3024 5453 et
3064 5398 3271 5467 Spiritu
3306 5407 3522 5459 sancto,
3556 5396 3761 5466 pariter

2179 5493 2491 5557 invisibilis,
2524 5494 2619 5547 sed
2644 5492 2888 5548 informa
2915 5492 3174 5553 hominis.
3192 5491 3285 5546 ubi
3303 5491 3648 5545 cssemuudo
3669 5504 3761 5542 vo-

2178 5592 2298 5646 iuit.
2332 5587 2594 5655 patiendo
2630 5585 3086 5655 contemptibilis,
3120 5583 3422 5656 judicando
3472 5582 3759 5636 terribilis.

2249 5680 2315 5733 Et
2345 5696 2635 5735 sei-nionem
2657 5695 2809 5749 quem
2839 5679 3064 5735 audistis
3095 5689 3299 5734 nonest
3332 5695 3499 5733 meus.
3531 5680 3620 5730 sed
3652 5679 3761 5740 rius
