  <div class='ocr_page' id='page_1' title='image "/cluster/home/n/w/nwhite01/storage/ocr_20150623/102/umn.31951002477395f/172.png"; bbox 0 0 3978 6428; ppageno 0'>
   <div class='ocr_carea' id='block_1_1' title="bbox 249 286 361 343">
    <p class='ocr_par' dir='ltr' id='par_1_1' title="bbox 249 286 361 343">
     <span class='ocr_line' id='line_1_1' title="bbox 249 286 361 343; baseline 0.018 -2"><span class='ocrx_word' id='word_1_1' title='bbox 249 286 361 343; x_wconf 68' lang='lat'><strong>329</strong></span> 
     </span>
    </p>
   </div>
   <div class='ocr_carea' id='block_1_2' title="bbox 1041 282 2674 341">
    <p class='ocr_par' dir='ltr' id='par_1_2' title="bbox 1041 282 2674 341">
     <span class='ocr_line' id='line_1_2' title="bbox 1041 282 2674 341; baseline 0.001 -1"><span class='ocrx_word' id='word_1_2' title='bbox 1041 283 1557 341; x_wconf 56' lang='lat' dir='ltr'><strong>CtlLlJ&#39;ZCTltmliS</strong></span> <span class='ocrx_word' id='word_1_3' title='bbox 1598 283 1664 338; x_wconf 72' lang='lat' dir='ltr'><strong>IN</strong></span> <span class='ocrx_word' id='word_1_4' title='bbox 1704 282 2085 338; x_wconf 62' lang='lat' dir='ltr'><strong>EPESTULAS</strong></span> <span class='ocrx_word' id='word_1_5' title='bbox 2124 285 2210 339; x_wconf 81' lang='grc' dir='ltr'><strong>ΕΤ</strong></span> <span class='ocrx_word' id='word_1_6' title='bbox 2261 285 2674 341; x_wconf 63' lang='lat' dir='ltr'><strong>EVANGELIA.</strong></span> 
     </span>
    </p>
   </div>
   <div class='ocr_carea' id='block_1_3' title="bbox 3418 292 3523 343">
    <p class='ocr_par' dir='ltr' id='par_1_3' title="bbox 3418 292 3523 343">
     <span class='ocr_line' id='line_1_3' title="bbox 3418 292 3523 343; baseline -0.019 0"><span class='ocrx_word' id='word_1_7' title='bbox 3418 292 3523 343; x_wconf 67' lang='lat'><strong>530</strong></span> 
     </span>
    </p>
   </div>
   <div class='ocr_carea' id='block_1_4' title="bbox 246 397 3524 478">
    <p class='ocr_par' dir='ltr' id='par_1_4' title="bbox 246 397 3524 478">
     <span class='ocr_line' id='line_1_4' title="bbox 246 397 3524 478; baseline 0.001 -22"><span class='ocrx_word' id='word_1_8' title='bbox 246 402 339 473; x_wconf 83' lang='lat' dir='ltr'><strong>qui</strong></span> <span class='ocrx_word' id='word_1_9' title='bbox 364 400 506 455; x_wconf 81' lang='lat' dir='ltr'><strong>misit</strong></span> <span class='ocrx_word' id='word_1_10' title='bbox 535 418 613 456; x_wconf 88' lang='lat' dir='ltr'><strong>me</strong></span> <span class='ocrx_word' id='word_1_11' title='bbox 638 400 827 455; x_wconf 78' lang='lat' dir='ltr'><strong>Patris.</strong></span> <span class='ocrx_word' id='word_1_12' title='bbox 854 402 990 469; x_wconf 82' lang='lat' dir='ltr'><strong>Quid</strong></span> <span class='ocrx_word' id='word_1_13' title='bbox 1020 411 1103 455; x_wconf 89' lang='lat' dir='ltr'><strong>est</strong></span> <span class='ocrx_word' id='word_1_14' title='bbox 1148 402 1291 473; x_wconf 72' lang='lat' dir='ltr'><strong>quod</strong></span> <span class='ocrx_word' id='word_1_15' title='bbox 1326 402 1474 472; x_wconf 66' lang='lat' dir='ltr'><strong>prius</strong></span> <span class='ocrx_word' id='word_1_16' title='bbox 1510 399 1698 472; x_wconf 77' lang='lat' dir='ltr'><strong>plurali</strong></span> <span class='ocrx_word' id='word_1_17' title='bbox 1742 416 1838 454; x_wconf 93' lang='lat' dir='ltr'><strong>nu-</strong></span> <span class='ocrx_word' id='word_1_18' title='bbox 1866 403 1911 460; x_wconf 70' lang='grc' dir='ltr'><strong>Λ</strong></span> <span class='ocrx_word' id='word_1_19' title='bbox 1939 397 2050 460; x_wconf 87' lang='lat' dir='ltr'><strong>bat,</strong></span> <span class='ocrx_word' id='word_1_20' title='bbox 2081 407 2136 452; x_wconf 89' lang='lat' dir='ltr'><strong>et</strong></span> <span class='ocrx_word' id='word_1_21' title='bbox 2173 398 2314 453; x_wconf 80' lang='lat' dir='ltr'><strong>idem</strong></span> <span class='ocrx_word' id='word_1_22' title='bbox 2354 401 2468 470; x_wconf 88' lang='lat' dir='ltr'><strong>ipse</strong></span> <span class='ocrx_word' id='word_1_23' title='bbox 2498 399 2748 456; x_wconf 78' lang='lat' dir='ltr'><strong>Christus</strong></span> <span class='ocrx_word' id='word_1_24' title='bbox 2792 410 2847 455; x_wconf 86' lang='lat' dir='ltr'><strong>et</strong></span> <span class='ocrx_word' id='word_1_25' title='bbox 2871 401 3033 456; x_wconf 90' lang='lat' dir='ltr'><strong>homo</strong></span> <span class='ocrx_word' id='word_1_26' title='bbox 3076 412 3130 457; x_wconf 90' lang='lat' dir='ltr'><strong>et</strong></span> <span class='ocrx_word' id='word_1_27' title='bbox 3176 402 3337 457; x_wconf 89' lang='lat' dir='ltr'><strong>Deus.</strong></span> <span class='ocrx_word' id='word_1_28' title='bbox 3385 404 3524 478; x_wconf 82' lang='lat' dir='ltr'><strong>Ergo</strong></span> 
     </span>
    </p>
   </div>
   <div class='ocr_carea' id='block_1_5' title="bbox 252 493 1836 565">
    <p class='ocr_par' dir='ltr' id='par_1_5' title="bbox 252 493 1836 565">
     <span class='ocr_line' id='line_1_5' title="bbox 252 493 1836 565; baseline -0.001 -17"><span class='ocrx_word' id='word_1_29' title='bbox 252 508 405 549; x_wconf 89' lang='lat' dir='ltr'><strong>mero</strong></span> <span class='ocrx_word' id='word_1_30' title='bbox 417 493 857 554; x_wconf 77' lang='lat' dir='ltr'><strong>sermonesdixit,</strong></span> <span class='ocrx_word' id='word_1_31' title='bbox 876 510 1018 549; x_wconf 87' lang='lat' dir='ltr'><strong>nunc</strong></span> <span class='ocrx_word' id='word_1_32' title='bbox 1032 503 1208 549; x_wconf 89' lang='lat' dir='ltr'><strong>autem</strong></span> <span class='ocrx_word' id='word_1_33' title='bbox 1226 494 1481 565; x_wconf 75' lang='lat' dir='ltr'><strong>singulari</strong></span> <span class='ocrx_word' id='word_1_34' title='bbox 1497 493 1836 549; x_wconf 85' lang='lat' dir='ltr'><strong>sermonem?</strong></span> 
     </span>
    </p>
   </div>
   <div class='ocr_carea' id='block_1_6' title="bbox 249 582 1840 653">
    <p class='ocr_par' dir='ltr' id='par_1_6' title="bbox 249 582 1840 653">
     <span class='ocr_line' id='line_1_6' title="bbox 249 582 1840 653; baseline -0.001 -14"><span class='ocrx_word' id='word_1_35' title='bbox 249 582 509 639; x_wconf 81' lang='lat' dir='ltr'><strong>Fortasse</strong></span> <span class='ocrx_word' id='word_1_36' title='bbox 533 583 933 653; x_wconf 72' lang='lat' dir='ltr'><strong>prmdieatiouis</strong></span> <span class='ocrx_word' id='word_1_37' title='bbox 966 583 1036 638; x_wconf 87' lang='lat' dir='ltr'><strong>ibi</strong></span> <span class='ocrx_word' id='word_1_38' title='bbox 1066 599 1347 639; x_wconf 87' lang='lat' dir='ltr'><strong>sermones</strong></span> <span class='ocrx_word' id='word_1_39' title='bbox 1374 592 1722 649; x_wconf 70' lang='lat' dir='ltr'><strong>monstraret,</strong></span> <span class='ocrx_word' id='word_1_40' title='bbox 1752 585 1840 639; x_wconf 92' lang='lat' dir='ltr'><strong>hic</strong></span> 
     </span>
    </p>
   </div>
   <div class='ocr_carea' id='block_1_7' title="bbox 249 670 1834 745">
    <p class='ocr_par' dir='ltr' id='par_1_7' title="bbox 249 670 1834 745">
     <span class='ocr_line' id='line_1_7' title="bbox 249 670 1834 745; baseline -0.002 -15"><span class='ocrx_word' id='word_1_41' title='bbox 249 690 385 731; x_wconf 82' lang='lat' dir='ltr'><strong>vero</strong></span> <span class='ocrx_word' id='word_1_42' title='bbox 421 670 680 745; x_wconf 82' lang='lat' dir='ltr'><strong>scipsum,</strong></span> <span class='ocrx_word' id='word_1_43' title='bbox 707 675 799 745; x_wconf 90' lang='lat' dir='ltr'><strong>qui</strong></span> <span class='ocrx_word' id='word_1_44' title='bbox 829 684 912 730; x_wconf 89' lang='lat' dir='ltr'><strong>est</strong></span> <span class='ocrx_word' id='word_1_45' title='bbox 932 671 1162 729; x_wconf 86' lang='lat' dir='ltr'><strong>Verbum</strong></span> <span class='ocrx_word' id='word_1_46' title='bbox 1206 674 1401 737; x_wconf 79' lang='lat' dir='ltr'><strong>Patris,</strong></span> <span class='ocrx_word' id='word_1_47' title='bbox 1434 683 1487 728; x_wconf 89' lang='lat' dir='ltr'><strong>et</strong></span> <span class='ocrx_word' id='word_1_48' title='bbox 1511 675 1631 729; x_wconf 87' lang='lat' dir='ltr'><strong>ideo</strong></span> <span class='ocrx_word' id='word_1_49' title='bbox 1657 674 1793 729; x_wconf 75' lang='lat' dir='ltr'><strong>dixit</strong></span> <span class='ocrx_word' id='word_1_50' title='bbox 1821 691 1834 727; x_wconf 90' lang='lat'><strong>:</strong></span> 
     </span>
    </p>
   </div>
   <div class='ocr_carea' id='block_1_8' title="bbox 254 762 1841 836">
    <p class='ocr_par' dir='ltr' id='par_1_8' title="bbox 254 762 1841 836">
     <span class='ocr_line' id='line_1_8' title="bbox 254 762 1841 836; baseline 0 -16"><span class='ocrx_word' id='word_1_51' title='bbox 254 778 360 820; x_wconf 91' lang='lat' dir='ltr'><strong>non</strong></span> <span class='ocrx_word' id='word_1_52' title='bbox 394 781 571 831; x_wconf 89' lang='lat' dir='ltr'><strong>suum,</strong></span> <span class='ocrx_word' id='word_1_53' title='bbox 603 766 748 836; x_wconf 88' lang='lat' dir='ltr'><strong>quia</strong></span> <span class='ocrx_word' id='word_1_54' title='bbox 770 782 828 821; x_wconf 91' lang='lat' dir='ltr'><strong>sc</strong></span> <span class='ocrx_word' id='word_1_55' title='bbox 857 766 973 836; x_wconf 88' lang='lat' dir='ltr'><strong>ipso</strong></span> <span class='ocrx_word' id='word_1_56' title='bbox 1022 766 1127 820; x_wconf 76' lang='lat' dir='ltr'><strong>nun</strong></span> <span class='ocrx_word' id='word_1_57' title='bbox 1152 774 1253 829; x_wconf 88' lang='lat' dir='ltr'><strong>est,</strong></span> <span class='ocrx_word' id='word_1_58' title='bbox 1285 765 1378 820; x_wconf 80' lang='lat' dir='ltr'><strong>sed</strong></span> <span class='ocrx_word' id='word_1_59' title='bbox 1404 762 1631 820; x_wconf 81' lang='lat' dir='ltr'><strong>aPatre.</strong></span> <span class='ocrx_word' id='word_1_60' title='bbox 1685 764 1841 820; x_wconf 89' lang='lat' dir='ltr'><strong>Sicut</strong></span> 
     </span>
    </p>
   </div>
   <div class='ocr_carea' id='block_1_9' title="bbox 254 849 1837 931">
    <p class='ocr_par' dir='ltr' id='par_1_9' title="bbox 254 849 1837 931">
     <span class='ocr_line' id='line_1_9' title="bbox 254 849 1837 931; baseline -0.001 -18"><span class='ocrx_word' id='word_1_61' title='bbox 254 876 357 914; x_wconf 86' lang='lat' dir='ltr'><strong>nec</strong></span> <span class='ocrx_word' id='word_1_62' title='bbox 391 875 487 913; x_wconf 88' lang='lat' dir='ltr'><strong>sua</strong></span> <span class='ocrx_word' id='word_1_63' title='bbox 511 859 710 931; x_wconf 75' lang='lat' dir='ltr'><strong>imago,</strong></span> <span class='ocrx_word' id='word_1_64' title='bbox 742 855 1038 922; x_wconf 78' lang='lat' dir='ltr'><strong>sedi’atris,</strong></span> <span class='ocrx_word' id='word_1_65' title='bbox 1065 873 1163 912; x_wconf 89' lang='lat' dir='ltr'><strong>nec</strong></span> <span class='ocrx_word' id='word_1_66' title='bbox 1189 853 1356 912; x_wconf 85' lang='lat' dir='ltr'><strong>suusF</strong></span> <span class='ocrx_word' id='word_1_67' title='bbox 1369 856 1507 922; x_wconf 87' lang='lat' dir='ltr'><strong>ilius,</strong></span> <span class='ocrx_word' id='word_1_68' title='bbox 1526 854 1620 912; x_wconf 85' lang='lat' dir='ltr'><strong>sed</strong></span> <span class='ocrx_word' id='word_1_69' title='bbox 1639 849 1837 911; x_wconf 84' lang='lat' dir='ltr'><strong>Patris.</strong></span> 
     </span>
    </p>
   </div>
   <div class='ocr_carea' id='block_1_10' title="bbox 253 946 1838 1020">
    <p class='ocr_par' dir='ltr' id='par_1_10' title="bbox 253 946 1838 1020">
     <span class='ocr_line' id='line_1_10' title="bbox 253 946 1838 1020; baseline -0.003 -14"><span class='ocrx_word' id='word_1_70' title='bbox 253 951 423 1006; x_wconf 75' lang='lat' dir='ltr'><strong>Recte</strong></span> <span class='ocrx_word' id='word_1_71' title='bbox 458 950 620 1020; x_wconf 76' lang='lat' dir='ltr'><strong>igitur</strong></span> <span class='ocrx_word' id='word_1_72' title='bbox 650 951 854 1013; x_wconf 54' lang='lat' dir='ltr'><strong>uictori</strong></span> <span class='ocrx_word' id='word_1_73' title='bbox 888 950 1111 1015; x_wconf 89' lang='lat' dir='ltr'><strong>tribuit,</strong></span> <span class='ocrx_word' id='word_1_74' title='bbox 1136 946 1394 1019; x_wconf 82' lang='lat' dir='ltr'><strong>quidquid</strong></span> <span class='ocrx_word' id='word_1_75' title='bbox 1430 946 1562 1003; x_wconf 80' lang='lat' dir='ltr'><strong>facit</strong></span> <span class='ocrx_word' id='word_1_76' title='bbox 1595 946 1838 1017; x_wconf 63' lang='lat' dir='ltr'><strong>aequalis,</strong></span> 
     </span>
    </p>
   </div>
   <div class='ocr_carea' id='block_1_11' title="bbox 255 1032 1843 1110">
    <p class='ocr_par' dir='ltr' id='par_1_11' title="bbox 255 1032 1843 1110">
     <span class='ocr_line' id='line_1_11' title="bbox 255 1032 1843 1110; baseline -0.002 -14"><span class='ocrx_word' id='word_1_77' title='bbox 255 1056 288 1096; x_wconf 91' lang='lat' dir='ltr'><strong>a</strong></span> <span class='ocrx_word' id='word_1_78' title='bbox 312 1054 420 1110; x_wconf 90' lang='lat' dir='ltr'><strong>quo</strong></span> <span class='ocrx_word' id='word_1_79' title='bbox 449 1038 613 1094; x_wconf 85' lang='lat' dir='ltr'><strong>habet</strong></span> <span class='ocrx_word' id='word_1_80' title='bbox 656 1040 760 1095; x_wconf 88' lang='lat' dir='ltr'><strong>hoc</strong></span> <span class='ocrx_word' id='word_1_81' title='bbox 802 1039 978 1109; x_wconf 88' lang='lat' dir='ltr'><strong>ipsum</strong></span> <span class='ocrx_word' id='word_1_82' title='bbox 1004 1077 1021 1105; x_wconf 96' lang='lat'><strong>,</strong></span> <span class='ocrx_word' id='word_1_83' title='bbox 1063 1035 1207 1108; x_wconf 89' lang='lat' dir='ltr'><strong>quod</strong></span> <span class='ocrx_word' id='word_1_84' title='bbox 1242 1036 1315 1091; x_wconf 83' lang='lat' dir='ltr'><strong>illi</strong></span> <span class='ocrx_word' id='word_1_85' title='bbox 1343 1047 1430 1092; x_wconf 91' lang='lat' dir='ltr'><strong>est</strong></span> <span class='ocrx_word' id='word_1_86' title='bbox 1481 1032 1843 1093; x_wconf 65' lang='lat' dir='ltr'><strong>indiliercnter</strong></span> 
     </span>
    </p>
   </div>
   <div class='ocr_carea' id='block_1_12' title="bbox 255 1130 504 1201">
    <p class='ocr_par' dir='ltr' id='par_1_12' title="bbox 255 1130 504 1201">
     <span class='ocr_line' id='line_1_12' title="bbox 255 1130 504 1201; baseline -0.008 -16"><span class='ocrx_word' id='word_1_87' title='bbox 255 1130 504 1201; x_wconf 66' lang='lat' dir='ltr'><strong>(equalis.</strong></span> 
     </span>
    </p>
   </div>
   <div class='ocr_carea' id='block_1_13' title="bbox 331 1213 1843 1290">
    <p class='ocr_par' dir='ltr' id='par_1_13' title="bbox 331 1213 1843 1290">
     <span class='ocr_line' id='line_1_13' title="bbox 331 1213 1843 1290; baseline -0.001 -16"><span class='ocrx_word' id='word_1_88' title='bbox 331 1220 463 1276; x_wconf 64' lang='lat' dir='ltr'><strong>Illuc</strong></span> <span class='ocrx_word' id='word_1_89' title='bbox 486 1220 691 1274; x_wconf 73' lang='lat' dir='ltr'><strong>iocatus</strong></span> <span class='ocrx_word' id='word_1_90' title='bbox 715 1236 829 1274; x_wconf 85' lang='lat' dir='ltr'><strong>sum</strong></span> <span class='ocrx_word' id='word_1_91' title='bbox 859 1219 1001 1275; x_wconf 84' lang='lat' dir='ltr'><strong>vobis</strong></span> <span class='ocrx_word' id='word_1_92' title='bbox 1032 1219 1171 1290; x_wconf 76' lang='lat' dir='ltr'><strong>apud</strong></span> <span class='ocrx_word' id='word_1_93' title='bbox 1206 1236 1292 1275; x_wconf 90' lang='lat' dir='ltr'><strong>vos</strong></span> <span class='ocrx_word' id='word_1_94' title='bbox 1313 1230 1547 1275; x_wconf 81' lang='lat' dir='ltr'><strong>manens.</strong></span> <span class='ocrx_word' id='word_1_95' title='bbox 1579 1213 1669 1274; x_wconf 81' lang='lat' dir='ltr'><strong>illa</strong></span> <span class='ocrx_word' id='word_1_96' title='bbox 1691 1234 1843 1274; x_wconf 87' lang='lat' dir='ltr'><strong>man-</strong></span> 
     </span>
    </p>
   </div>
   <div class='ocr_carea' id='block_1_14' title="bbox 257 1310 1842 1383">
    <p class='ocr_par' dir='ltr' id='par_1_14' title="bbox 257 1310 1842 1383">
     <span class='ocr_line' id='line_1_14' title="bbox 257 1310 1842 1383; baseline -0.002 -14"><span class='ocrx_word' id='word_1_97' title='bbox 257 1313 363 1378; x_wconf 89' lang='lat' dir='ltr'><strong>sio,</strong></span> <span class='ocrx_word' id='word_1_98' title='bbox 406 1314 472 1382; x_wconf 81' lang='lat' dir='ltr'><strong>de</strong></span> <span class='ocrx_word' id='word_1_99' title='bbox 499 1327 603 1382; x_wconf 89' lang='lat' dir='ltr'><strong>qua</strong></span> <span class='ocrx_word' id='word_1_100' title='bbox 630 1313 879 1383; x_wconf 87' lang='lat' dir='ltr'><strong>superius</strong></span> <span class='ocrx_word' id='word_1_101' title='bbox 912 1312 1066 1377; x_wconf 82' lang='lat' dir='ltr'><strong>dixit,</strong></span> <span class='ocrx_word' id='word_1_102' title='bbox 1099 1319 1153 1367; x_wconf 90' lang='lat' dir='ltr'><strong>et</strong></span> <span class='ocrx_word' id='word_1_103' title='bbox 1173 1310 1431 1382; x_wconf 80' lang='lat' dir='ltr'><strong>spiritalis</strong></span> <span class='ocrx_word' id='word_1_104' title='bbox 1469 1319 1575 1374; x_wconf 88' lang='lat' dir='ltr'><strong>est,</strong></span> <span class='ocrx_word' id='word_1_105' title='bbox 1609 1324 1729 1382; x_wconf 68' lang='lat' dir='ltr'><strong>quae</strong></span> <span class='ocrx_word' id='word_1_106' title='bbox 1749 1326 1842 1366; x_wconf 84' lang='lat' dir='ltr'><strong>so-</strong></span> 
     </span>
    </p>
   </div>
   <div class='ocr_carea' id='block_1_15' title="bbox 259 1401 1845 1472">
    <p class='ocr_par' dir='ltr' id='par_1_15' title="bbox 259 1401 1845 1472">
     <span class='ocr_line' id='line_1_15' title="bbox 259 1401 1845 1472; baseline -0.002 -15"><span class='ocrx_word' id='word_1_107' title='bbox 259 1404 330 1458; x_wconf 87' lang='lat' dir='ltr'><strong>lis</strong></span> <span class='ocrx_word' id='word_1_108' title='bbox 360 1404 563 1459; x_wconf 88' lang='lat' dir='ltr'><strong>sanctis</strong></span> <span class='ocrx_word' id='word_1_109' title='bbox 586 1403 764 1457; x_wconf 89' lang='lat' dir='ltr'><strong>datur.</strong></span> <span class='ocrx_word' id='word_1_110' title='bbox 787 1401 913 1457; x_wconf 62' lang='grc' dir='ltr'><strong>Παῖς</strong></span> <span class='ocrx_word' id='word_1_111' title='bbox 934 1415 1061 1457; x_wconf 89' lang='lat' dir='ltr'><strong>vero</strong></span> <span class='ocrx_word' id='word_1_112' title='bbox 1084 1402 1150 1457; x_wconf 91' lang='lat' dir='ltr'><strong>de</strong></span> <span class='ocrx_word' id='word_1_113' title='bbox 1169 1418 1274 1472; x_wconf 88' lang='lat' dir='ltr'><strong>qua</strong></span> <span class='ocrx_word' id='word_1_114' title='bbox 1303 1417 1447 1456; x_wconf 91' lang='lat' dir='ltr'><strong>nunc</strong></span> <span class='ocrx_word' id='word_1_115' title='bbox 1476 1402 1628 1466; x_wconf 84' lang='lat' dir='ltr'><strong>dicit,</strong></span> <span class='ocrx_word' id='word_1_116' title='bbox 1652 1415 1845 1470; x_wconf 83' lang='lat' dir='ltr'><strong>corpo-</strong></span> 
     </span>
    </p>
   </div>
   <div class='ocr_carea' id='block_1_16' title="bbox 263 1492 1845 1563">
    <p class='ocr_par' dir='ltr' id='par_1_16' title="bbox 263 1492 1845 1563">
     <span class='ocr_line' id='line_1_16' title="bbox 263 1492 1845 1563; baseline 0.001 -14"><span class='ocrx_word' id='word_1_117' title='bbox 263 1494 396 1549; x_wconf 88' lang='lat' dir='ltr'><strong>ralis</strong></span> <span class='ocrx_word' id='word_1_118' title='bbox 420 1502 537 1557; x_wconf 89' lang='lat' dir='ltr'><strong>est,</strong></span> <span class='ocrx_word' id='word_1_119' title='bbox 584 1494 649 1549; x_wconf 90' lang='lat' dir='ltr'><strong>de</strong></span> <span class='ocrx_word' id='word_1_120' title='bbox 681 1510 777 1549; x_wconf 90' lang='lat' dir='ltr'><strong>sua</strong></span> <span class='ocrx_word' id='word_1_121' title='bbox 814 1492 1101 1563; x_wconf 58' lang='lat' dir='ltr'><strong>praesentia</strong></span> <span class='ocrx_word' id='word_1_122' title='bbox 1150 1492 1420 1562; x_wconf 80' lang='lat' dir='ltr'><strong>corporali</strong></span> <span class='ocrx_word' id='word_1_123' title='bbox 1474 1493 1845 1550; x_wconf 84' lang='lat' dir='ltr'><strong>tantummodo</strong></span> 
     </span>
    </p>
   </div>
   <div class='ocr_carea' id='block_1_17' title="bbox 262 1578 1842 1656">
    <p class='ocr_par' dir='ltr' id='par_1_17' title="bbox 262 1578 1842 1656">
     <span class='ocr_line' id='line_1_17' title="bbox 262 1578 1842 1656; baseline -0.001 -16"><span class='ocrx_word' id='word_1_124' title='bbox 262 1585 421 1650; x_wconf 79' lang='lat' dir='ltr'><strong>dixit,</strong></span> <span class='ocrx_word' id='word_1_125' title='bbox 437 1599 598 1655; x_wconf 90' lang='lat' dir='ltr'><strong>quam</strong></span> <span class='ocrx_word' id='word_1_126' title='bbox 622 1585 836 1656; x_wconf 90' lang='lat' dir='ltr'><strong>utrique</strong></span> <span class='ocrx_word' id='word_1_127' title='bbox 860 1595 915 1640; x_wconf 88' lang='lat' dir='ltr'><strong>et</strong></span> <span class='ocrx_word' id='word_1_128' title='bbox 937 1578 1067 1655; x_wconf 80' lang='lat' dir='ltr'><strong>justi</strong></span> <span class='ocrx_word' id='word_1_129' title='bbox 1084 1588 1140 1638; x_wconf 87' lang='lat' dir='ltr'><strong>et</strong></span> <span class='ocrx_word' id='word_1_130' title='bbox 1161 1583 1309 1654; x_wconf 84' lang='lat' dir='ltr'><strong>impii</strong></span> <span class='ocrx_word' id='word_1_131' title='bbox 1326 1583 1508 1638; x_wconf 86' lang='lat' dir='ltr'><strong>videre</strong></span> <span class='ocrx_word' id='word_1_132' title='bbox 1531 1590 1842 1654; x_wconf 88' lang='lat' dir='ltr'><strong>potuerunt.</strong></span> 
     </span>
    </p>
   </div>
   <div class='ocr_carea' id='block_1_18' title="bbox 258 1672 1847 1744">
    <p class='ocr_par' dir='ltr' id='par_1_18' title="bbox 258 1672 1847 1744">
     <span class='ocr_line' id='line_1_18' title="bbox 258 1672 1847 1744; baseline 0 -15"><span class='ocrx_word' id='word_1_133' title='bbox 258 1675 357 1730; x_wconf 83' lang='lat' dir='ltr'><strong>Illa</strong></span> <span class='ocrx_word' id='word_1_134' title='bbox 386 1675 438 1730; x_wconf 91' lang='lat' dir='ltr'><strong>in</strong></span> <span class='ocrx_word' id='word_1_135' title='bbox 468 1684 727 1731; x_wconf 70' lang='lat' dir='ltr'><strong>aeternum</strong></span> <span class='ocrx_word' id='word_1_136' title='bbox 751 1674 1026 1730; x_wconf 76' lang='lat' dir='ltr'><strong>bc’atiiicat</strong></span> <span class='ocrx_word' id='word_1_137' title='bbox 1056 1673 1328 1740; x_wconf 86' lang='lat' dir='ltr'><strong>liberatos,</strong></span> <span class='ocrx_word' id='word_1_138' title='bbox 1360 1672 1474 1728; x_wconf 68' lang='lat' dir='ltr'><strong>haec</strong></span> <span class='ocrx_word' id='word_1_139' title='bbox 1501 1672 1557 1727; x_wconf 92' lang='lat' dir='ltr'><strong>in</strong></span> <span class='ocrx_word' id='word_1_140' title='bbox 1607 1680 1847 1744; x_wconf 89' lang='lat' dir='ltr'><strong>tempore</strong></span> 
     </span>
    </p>
   </div>
   <div class='ocr_carea' id='block_1_19' title="bbox 1940 491 3527 567">
    <p class='ocr_par' dir='ltr' id='par_1_19' title="bbox 1940 491 3527 567">
     <span class='ocr_line' id='line_1_19' title="bbox 1940 491 3527 567; baseline 0.005 -23"><span class='ocrx_word' id='word_1_141' title='bbox 1940 491 2049 545; x_wconf 82' lang='lat' dir='ltr'><strong>ibat</strong></span> <span class='ocrx_word' id='word_1_142' title='bbox 2082 506 2179 561; x_wconf 86' lang='lat' dir='ltr'><strong>per</strong></span> <span class='ocrx_word' id='word_1_143' title='bbox 2210 491 2263 546; x_wconf 87' lang='lat' dir='ltr'><strong>id</strong></span> <span class='ocrx_word' id='word_1_144' title='bbox 2288 493 2433 562; x_wconf 85' lang='lat' dir='ltr'><strong>quod</strong></span> <span class='ocrx_word' id='word_1_145' title='bbox 2456 493 2618 548; x_wconf 90' lang='lat' dir='ltr'><strong>homo</strong></span> <span class='ocrx_word' id='word_1_146' title='bbox 2648 501 2786 560; x_wconf 90' lang='lat' dir='ltr'><strong>erat,</strong></span> <span class='ocrx_word' id='word_1_147' title='bbox 2816 503 2869 548; x_wconf 88' lang='lat' dir='ltr'><strong>et</strong></span> <span class='ocrx_word' id='word_1_148' title='bbox 2896 494 3150 550; x_wconf 86' lang='lat' dir='ltr'><strong>manebat</strong></span> <span class='ocrx_word' id='word_1_149' title='bbox 3183 510 3278 565; x_wconf 90' lang='lat' dir='ltr'><strong>per</strong></span> <span class='ocrx_word' id='word_1_150' title='bbox 3308 495 3359 551; x_wconf 86' lang='lat' dir='ltr'><strong>id</strong></span> <span class='ocrx_word' id='word_1_151' title='bbox 3383 499 3527 567; x_wconf 86' lang='lat' dir='ltr'><strong>quod</strong></span> 
     </span>
    </p>
   </div>
   <div class='ocr_carea' id='block_1_20' title="bbox 1942 581 3531 654">
    <p class='ocr_par' dir='ltr' id='par_1_20' title="bbox 1942 581 3531 654">
     <span class='ocr_line' id='line_1_20' title="bbox 1942 581 3531 654; baseline 0.007 -19"><span class='ocrx_word' id='word_1_152' title='bbox 1942 582 2081 635; x_wconf 90' lang='lat' dir='ltr'><strong>Deus</strong></span> <span class='ocrx_word' id='word_1_153' title='bbox 2106 591 2242 635; x_wconf 87' lang='lat' dir='ltr'><strong>erat.</strong></span> <span class='ocrx_word' id='word_1_154' title='bbox 2267 581 2432 652; x_wconf 81' lang='lat' dir='ltr'><strong>Igitur</strong></span> <span class='ocrx_word' id='word_1_155' title='bbox 2457 582 2599 638; x_wconf 90' lang='lat' dir='ltr'><strong>Deus</strong></span> <span class='ocrx_word' id='word_1_156' title='bbox 2628 584 2719 654; x_wconf 86' lang='lat' dir='ltr'><strong>qui</strong></span> <span class='ocrx_word' id='word_1_157' title='bbox 2746 583 2893 639; x_wconf 92' lang='lat' dir='ltr'><strong>nullo</strong></span> <span class='ocrx_word' id='word_1_158' title='bbox 2920 584 3228 643; x_wconf 84' lang='lat' dir='ltr'><strong>continetur</strong></span> <span class='ocrx_word' id='word_1_159' title='bbox 3249 585 3390 653; x_wconf 87' lang='lat' dir='ltr'><strong>loco,</strong></span> <span class='ocrx_word' id='word_1_160' title='bbox 3421 590 3531 646; x_wconf 88' lang='lat' dir='ltr'><strong>dis-</strong></span> 
     </span>
    </p>
   </div>
   <div class='ocr_carea' id='block_1_21' title="bbox 1939 672 3533 746">
    <p class='ocr_par' dir='ltr' id='par_1_21' title="bbox 1939 672 3533 746">
     <span class='ocr_line' id='line_1_21' title="bbox 1939 672 3533 746; baseline 0.007 -21"><span class='ocrx_word' id='word_1_161' title='bbox 1939 672 2082 726; x_wconf 76' lang='lat' dir='ltr'><strong>cedit</strong></span> <span class='ocrx_word' id='word_1_162' title='bbox 2104 672 2394 743; x_wconf 85' lang='lat' dir='ltr'><strong>ab_eorum</strong></span> <span class='ocrx_word' id='word_1_163' title='bbox 2422 674 2675 728; x_wconf 87' lang='lat' dir='ltr'><strong>cordibus</strong></span> <span class='ocrx_word' id='word_1_164' title='bbox 2703 674 2795 744; x_wconf 89' lang='lat' dir='ltr'><strong>qui</strong></span> <span class='ocrx_word' id='word_1_165' title='bbox 2843 689 2966 729; x_wconf 88' lang='lat' dir='ltr'><strong>eum</strong></span> <span class='ocrx_word' id='word_1_166' title='bbox 3011 675 3343 746; x_wconf 88' lang='lat' dir='ltr'><strong>relinquunt,</strong></span> <span class='ocrx_word' id='word_1_167' title='bbox 3369 680 3533 735; x_wconf 83' lang='lat' dir='ltr'><strong>mori-</strong></span> 
     </span>
    </p>
   </div>
   <div class='ocr_carea' id='block_1_22' title="bbox 1938 762 3528 837">
    <p class='ocr_par' dir='ltr' id='par_1_22' title="bbox 1938 762 3528 837">
     <span class='ocr_line' id='line_1_22' title="bbox 1938 762 3528 837; baseline 0.005 -19"><span class='ocrx_word' id='word_1_168' title='bbox 1938 762 2040 819; x_wconf 86' lang='lat' dir='ltr'><strong>bus</strong></span> <span class='ocrx_word' id='word_1_169' title='bbox 2070 779 2177 818; x_wconf 89' lang='lat' dir='ltr'><strong>non</strong></span> <span class='ocrx_word' id='word_1_170' title='bbox 2203 763 2431 834; x_wconf 88' lang='lat' dir='ltr'><strong>pedibus</strong></span> <span class='ocrx_word' id='word_1_171' title='bbox 2465 766 2615 820; x_wconf 81' lang='lat' dir='ltr'><strong>venit</strong></span> <span class='ocrx_word' id='word_1_172' title='bbox 2640 766 2707 821; x_wconf 84' lang='lat' dir='ltr'><strong>ad</strong></span> <span class='ocrx_word' id='word_1_173' title='bbox 2738 766 2857 821; x_wconf 90' lang='lat' dir='ltr'><strong>illos</strong></span> <span class='ocrx_word' id='word_1_174' title='bbox 2877 766 2970 837; x_wconf 88' lang='lat' dir='ltr'><strong>qui</strong></span> <span class='ocrx_word' id='word_1_175' title='bbox 3021 774 3414 826; x_wconf 85' lang='lat' dir='ltr'><strong>convertuntur</strong></span> <span class='ocrx_word' id='word_1_176' title='bbox 3461 772 3528 826; x_wconf 84' lang='lat' dir='ltr'><strong>ad</strong></span> 
     </span>
    </p>
   </div>
   <div class='ocr_carea' id='block_1_23' title="bbox 1939 854 3528 929">
    <p class='ocr_par' dir='ltr' id='par_1_23' title="bbox 1939 854 3528 929">
     <span class='ocr_line' id='line_1_23' title="bbox 1939 854 3528 929; baseline 0.004 -19"><span class='ocrx_word' id='word_1_177' title='bbox 1939 867 2085 922; x_wconf 86' lang='lat' dir='ltr'><strong>eum,</strong></span> <span class='ocrx_word' id='word_1_178' title='bbox 2111 866 2219 910; x_wconf 81' lang='lat' dir='ltr'><strong>nan</strong></span> <span class='ocrx_word' id='word_1_179' title='bbox 2244 854 2400 921; x_wconf 81' lang='lat' dir='ltr'><strong>facie,</strong></span> <span class='ocrx_word' id='word_1_180' title='bbox 2428 856 2523 912; x_wconf 87' lang='lat' dir='ltr'><strong>sed</strong></span> <span class='ocrx_word' id='word_1_181' title='bbox 2545 854 2648 911; x_wconf 83' lang='lat' dir='ltr'><strong>ﬁde</strong></span> <span class='ocrx_word' id='word_1_182' title='bbox 2675 892 2691 922; x_wconf 91' lang='lat'><strong>,</strong></span> <span class='ocrx_word' id='word_1_183' title='bbox 2743 864 2800 911; x_wconf 89' lang='lat' dir='ltr'><strong>et</strong></span> <span class='ocrx_word' id='word_1_184' title='bbox 2825 856 3089 913; x_wconf 87' lang='lat' dir='ltr'><strong>accedunt</strong></span> <span class='ocrx_word' id='word_1_185' title='bbox 3116 859 3184 914; x_wconf 90' lang='lat' dir='ltr'><strong>ad</strong></span> <span class='ocrx_word' id='word_1_186' title='bbox 3208 860 3335 915; x_wconf 88' lang='lat' dir='ltr'><strong>eum</strong></span> <span class='ocrx_word' id='word_1_187' title='bbox 3358 899 3377 929; x_wconf 91' lang='lat'><strong>,</strong></span> <span class='ocrx_word' id='word_1_188' title='bbox 3420 878 3528 919; x_wconf 86' lang='lat' dir='ltr'><strong>non</strong></span> 
     </span>
    </p>
   </div>
   <div class='ocr_carea' id='block_1_24' title="bbox 1939 945 2536 1003">
    <p class='ocr_par' dir='ltr' id='par_1_24' title="bbox 1939 945 2536 1003">
     <span class='ocr_line' id='line_1_24' title="bbox 1939 945 2536 1003; baseline 0 0"><span class='ocrx_word' id='word_1_189' title='bbox 1939 961 2106 1003; x_wconf 90' lang='lat' dir='ltr'><strong>carne</strong></span> <span class='ocrx_word' id='word_1_190' title='bbox 2132 945 2227 1002; x_wconf 88' lang='lat' dir='ltr'><strong>sed</strong></span> <span class='ocrx_word' id='word_1_191' title='bbox 2248 946 2536 1003; x_wconf 87' lang='lat' dir='ltr'><strong>charitate.</strong></span> 
     </span>
    </p>
   </div>
   <div class='ocr_carea' id='block_1_25' title="bbox 2009 1034 3529 1110">
    <p class='ocr_par' dir='ltr' id='par_1_25' title="bbox 2009 1034 3529 1110">
     <span class='ocr_line' id='line_1_25' title="bbox 2009 1034 3529 1110; baseline 0.004 -20"><span class='ocrx_word' id='word_1_192' title='bbox 2009 1034 2070 1091; x_wconf 90' lang='lat' dir='ltr'><strong>Si</strong></span> <span class='ocrx_word' id='word_1_193' title='bbox 2100 1036 2386 1107; x_wconf 69' lang='lat' dir='ltr'><strong>diligentis</strong></span> <span class='ocrx_word' id='word_1_194' title='bbox 2411 1053 2512 1100; x_wconf 83' lang='lat' dir='ltr'><strong>me,</strong></span> <span class='ocrx_word' id='word_1_195' title='bbox 2533 1037 2834 1107; x_wconf 70' lang='lat' dir='ltr'><strong>gaudentis</strong></span> <span class='ocrx_word' id='word_1_196' title='bbox 2887 1038 3065 1110; x_wconf 82' lang='lat' dir='ltr'><strong>utique</strong></span> <span class='ocrx_word' id='word_1_197' title='bbox 3085 1078 3101 1104; x_wconf 90' lang='lat'><strong>,</strong></span> <span class='ocrx_word' id='word_1_198' title='bbox 3137 1040 3262 1110; x_wconf 80' lang='lat' dir='ltr'><strong>quia</strong></span> <span class='ocrx_word' id='word_1_199' title='bbox 3285 1040 3418 1096; x_wconf 83' lang='lat' dir='ltr'><strong>vado</strong></span> <span class='ocrx_word' id='word_1_200' title='bbox 3460 1043 3529 1095; x_wconf 82' lang='lat' dir='ltr'><strong>ad</strong></span> 
     </span>
    </p>
   </div>
   <div class='ocr_carea' id='block_1_26' title="bbox 1925 1116 3532 1202">
    <p class='ocr_par' dir='ltr' id='par_1_26' title="bbox 1925 1116 3532 1202">
     <span class='ocr_line' id='line_1_26' title="bbox 1925 1116 3532 1202; baseline 0.002 -19"><span class='ocrx_word' id='word_1_201' title='bbox 1925 1122 2165 1192; x_wconf 80' lang='lat' dir='ltr'><strong>Patrem,</strong></span> <span class='ocrx_word' id='word_1_202' title='bbox 2194 1136 2298 1182; x_wconf 87' lang='lat' dir='ltr'><strong>etc.</strong></span> <span class='ocrx_word' id='word_1_203' title='bbox 2331 1124 2437 1182; x_wconf 80' lang='lat' dir='ltr'><strong>Per</strong></span> <span class='ocrx_word' id='word_1_204' title='bbox 2460 1125 2604 1197; x_wconf 78' lang='lat' dir='ltr'><strong>quod</strong></span> <span class='ocrx_word' id='word_1_205' title='bbox 2656 1116 2994 1198; x_wconf 78' lang='lat' dir='ltr'><strong>igiturFilius</strong></span> <span class='ocrx_word' id='word_1_206' title='bbox 3038 1144 3147 1185; x_wconf 90' lang='lat' dir='ltr'><strong>non</strong></span> <span class='ocrx_word' id='word_1_207' title='bbox 3176 1139 3263 1187; x_wconf 89' lang='lat' dir='ltr'><strong>est</strong></span> <span class='ocrx_word' id='word_1_208' title='bbox 3305 1132 3532 1202; x_wconf 69' lang='lat' dir='ltr'><strong>aequalis</strong></span> 
     </span>
    </p>
   </div>
   <div class='ocr_carea' id='block_1_27' title="bbox 1932 1212 3534 1289">
    <p class='ocr_par' dir='ltr' id='par_1_27' title="bbox 1932 1212 3534 1289">
     <span class='ocr_line' id='line_1_27' title="bbox 1932 1212 3534 1289; baseline 0.001 -17"><span class='ocrx_word' id='word_1_209' title='bbox 1932 1215 2103 1283; x_wconf 84' lang='lat' dir='ltr'><strong>Patri,</strong></span> <span class='ocrx_word' id='word_1_210' title='bbox 2132 1230 2231 1287; x_wconf 89' lang='lat' dir='ltr'><strong>per</strong></span> <span class='ocrx_word' id='word_1_211' title='bbox 2253 1216 2355 1273; x_wconf 90' lang='lat' dir='ltr'><strong>hoc</strong></span> <span class='ocrx_word' id='word_1_212' title='bbox 2385 1217 2560 1271; x_wconf 90' lang='lat' dir='ltr'><strong>iturus</strong></span> <span class='ocrx_word' id='word_1_213' title='bbox 2588 1223 2707 1271; x_wconf 88' lang='lat' dir='ltr'><strong>erat</strong></span> <span class='ocrx_word' id='word_1_214' title='bbox 2743 1216 2814 1273; x_wconf 84' lang='lat' dir='ltr'><strong>ad</strong></span> <span class='ocrx_word' id='word_1_215' title='bbox 2830 1212 3068 1285; x_wconf 82' lang='lat' dir='ltr'><strong>Patrem,</strong></span> <span class='ocrx_word' id='word_1_216' title='bbox 3091 1219 3145 1275; x_wconf 92' lang='lat' dir='ltr'><strong>in</strong></span> <span class='ocrx_word' id='word_1_217' title='bbox 3184 1235 3292 1289; x_wconf 88' lang='lat' dir='ltr'><strong>quo</strong></span> <span class='ocrx_word' id='word_1_218' title='bbox 3342 1231 3534 1276; x_wconf 85' lang='lat' dir='ltr'><strong>ventu-</strong></span> 
     </span>
    </p>
   </div>
   <div class='ocr_carea' id='block_1_28' title="bbox 1941 1306 3530 1382">
    <p class='ocr_par' dir='ltr' id='par_1_28' title="bbox 1941 1306 3530 1382">
     <span class='ocr_line' id='line_1_28' title="bbox 1941 1306 3530 1382; baseline 0.001 -16"><span class='ocrx_word' id='word_1_219' title='bbox 1941 1326 2039 1367; x_wconf 89' lang='lat' dir='ltr'><strong>rus</strong></span> <span class='ocrx_word' id='word_1_220' title='bbox 2065 1318 2169 1376; x_wconf 92' lang='lat' dir='ltr'><strong>est,</strong></span> <span class='ocrx_word' id='word_1_221' title='bbox 2195 1306 2346 1365; x_wconf 79' lang='lat' dir='ltr'><strong>vivos</strong></span> <span class='ocrx_word' id='word_1_222' title='bbox 2366 1309 2702 1378; x_wconf 70' lang='lat' dir='ltr'><strong>iudicaturus</strong></span> <span class='ocrx_word' id='word_1_223' title='bbox 2725 1316 2782 1365; x_wconf 89' lang='lat' dir='ltr'><strong>et</strong></span> <span class='ocrx_word' id='word_1_224' title='bbox 2808 1317 3086 1378; x_wconf 86' lang='lat' dir='ltr'><strong>mortuos;</strong></span> <span class='ocrx_word' id='word_1_225' title='bbox 3110 1326 3208 1382; x_wconf 85' lang='lat' dir='ltr'><strong>per</strong></span> <span class='ocrx_word' id='word_1_226' title='bbox 3235 1312 3365 1369; x_wconf 88' lang='lat' dir='ltr'><strong>illud</strong></span> <span class='ocrx_word' id='word_1_227' title='bbox 3399 1327 3530 1367; x_wconf 88' lang='lat' dir='ltr'><strong>vero</strong></span> 
     </span>
    </p>
   </div>
   <div class='ocr_carea' id='block_1_29' title="bbox 1942 1396 3529 1474">
    <p class='ocr_par' dir='ltr' id='par_1_29' title="bbox 1942 1396 3529 1474">
     <span class='ocr_line' id='line_1_29' title="bbox 1942 1396 3529 1474; baseline 0.003 -18"><span class='ocrx_word' id='word_1_228' title='bbox 1942 1403 2086 1474; x_wconf 87' lang='lat' dir='ltr'><strong>quod</strong></span> <span class='ocrx_word' id='word_1_229' title='bbox 2113 1409 2199 1457; x_wconf 86' lang='lat' dir='ltr'><strong>est</strong></span> <span class='ocrx_word' id='word_1_230' title='bbox 2219 1399 2441 1471; x_wconf 72' lang='grc' dir='ltr'><strong>ωίιιιίιὶίε</strong></span> <span class='ocrx_word' id='word_1_231' title='bbox 2460 1397 2626 1466; x_wconf 84' lang='lat' dir='ltr'><strong>Patri,</strong></span> <span class='ocrx_word' id='word_1_232' title='bbox 2656 1416 2932 1472; x_wconf 85' lang='lat' dir='ltr'><strong>nunquam</strong></span> <span class='ocrx_word' id='word_1_233' title='bbox 2953 1403 3177 1459; x_wconf 84' lang='lat' dir='ltr'><strong>recessit</strong></span> <span class='ocrx_word' id='word_1_234' title='bbox 3192 1421 3220 1457; x_wconf 87' lang='lat' dir='ltr'><strong>a</strong></span> <span class='ocrx_word' id='word_1_235' title='bbox 3236 1396 3417 1470; x_wconf 81' lang='lat' dir='ltr'><strong>Patre,</strong></span> <span class='ocrx_word' id='word_1_236' title='bbox 3433 1406 3529 1461; x_wconf 88' lang='lat' dir='ltr'><strong>sed</strong></span> 
     </span>
    </p>
   </div>
   <div class='ocr_carea' id='block_1_30' title="bbox 1943 1490 3534 1564">
    <p class='ocr_par' dir='ltr' id='par_1_30' title="bbox 1943 1490 3534 1564">
     <span class='ocr_line' id='line_1_30' title="bbox 1943 1490 3534 1564; baseline 0 -15"><span class='ocrx_word' id='word_1_237' title='bbox 1943 1509 2067 1549; x_wconf 87' lang='lat' dir='ltr'><strong>cum</strong></span> <span class='ocrx_word' id='word_1_238' title='bbox 2100 1490 2190 1547; x_wconf 89' lang='lat' dir='ltr'><strong>illo</strong></span> <span class='ocrx_word' id='word_1_239' title='bbox 2214 1500 2299 1546; x_wconf 87' lang='lat' dir='ltr'><strong>est</strong></span> <span class='ocrx_word' id='word_1_240' title='bbox 2323 1492 2522 1562; x_wconf 87' lang='lat' dir='ltr'><strong>ubique</strong></span> <span class='ocrx_word' id='word_1_241' title='bbox 2553 1499 2697 1548; x_wconf 89' lang='lat' dir='ltr'><strong>totus</strong></span> <span class='ocrx_word' id='word_1_242' title='bbox 2729 1507 2828 1563; x_wconf 89' lang='lat' dir='ltr'><strong>per</strong></span> <span class='ocrx_word' id='word_1_243' title='bbox 2862 1490 3195 1548; x_wconf 73' lang='lat' dir='ltr'><strong>divinitatem</strong></span> <span class='ocrx_word' id='word_1_244' title='bbox 3226 1508 3389 1564; x_wconf 90' lang='lat' dir='ltr'><strong>quam</strong></span> <span class='ocrx_word' id='word_1_245' title='bbox 3414 1494 3534 1550; x_wconf 91' lang='lat' dir='ltr'><strong>nul-</strong></span> 
     </span>
    </p>
   </div>
   <div class='ocr_carea' id='block_1_31' title="bbox 1944 1578 3533 1655">
    <p class='ocr_par' dir='ltr' id='par_1_31' title="bbox 1944 1578 3533 1655">
     <span class='ocr_line' id='line_1_31' title="bbox 1944 1578 3533 1655; baseline 0.001 -16"><span class='ocrx_word' id='word_1_246' title='bbox 1944 1584 2030 1640; x_wconf 89' lang='lat' dir='ltr'><strong>lus</strong></span> <span class='ocrx_word' id='word_1_247' title='bbox 2051 1584 2292 1638; x_wconf 88' lang='lat' dir='ltr'><strong>continet</strong></span> <span class='ocrx_word' id='word_1_248' title='bbox 2332 1578 2515 1647; x_wconf 85' lang='lat' dir='ltr'><strong>locus,</strong></span> <span class='ocrx_word' id='word_1_249' title='bbox 2567 1597 2925 1654; x_wconf 76' lang='lat' dir='ltr'><strong>agnoscamus</strong></span> <span class='ocrx_word' id='word_1_250' title='bbox 2958 1583 3235 1655; x_wconf 76' lang='lat' dir='ltr'><strong>geminam</strong></span> <span class='ocrx_word' id='word_1_251' title='bbox 3279 1586 3533 1641; x_wconf 79' lang='lat' dir='ltr'><strong>substan—</strong></span> 
     </span>
    </p>
   </div>
   <div class='ocr_carea' id='block_1_32' title="bbox 1950 1664 3530 1745">
    <p class='ocr_par' dir='ltr' id='par_1_32' title="bbox 1950 1664 3530 1745">
     <span class='ocr_line' id='line_1_32' title="bbox 1950 1664 3530 1745; baseline 0.002 -15"><span class='ocrx_word' id='word_1_252' title='bbox 1950 1676 2077 1731; x_wconf 88' lang='lat' dir='ltr'><strong>tiam</strong></span> <span class='ocrx_word' id='word_1_253' title='bbox 2098 1664 2321 1740; x_wconf 84' lang='lat' dir='ltr'><strong>Christi,</strong></span> <span class='ocrx_word' id='word_1_254' title='bbox 2353 1673 2590 1729; x_wconf 81' lang='lat' dir='ltr'><strong>divinam</strong></span> <span class='ocrx_word' id='word_1_255' title='bbox 2617 1674 2843 1738; x_wconf 87' lang='lat' dir='ltr'><strong>scilicet,</strong></span> <span class='ocrx_word' id='word_1_256' title='bbox 2874 1690 2980 1745; x_wconf 90' lang='lat' dir='ltr'><strong>qua</strong></span> <span class='ocrx_word' id='word_1_257' title='bbox 3005 1671 3230 1745; x_wconf 66' lang='lat' dir='ltr'><strong>aequalis</strong></span> <span class='ocrx_word' id='word_1_258' title='bbox 3260 1684 3345 1731; x_wconf 89' lang='lat' dir='ltr'><strong>est</strong></span> <span class='ocrx_word' id='word_1_259' title='bbox 3359 1673 3530 1741; x_wconf 86' lang='lat' dir='ltr'><strong>Patri,</strong></span> 
     </span>
    </p>
   </div>
   <div class='ocr_carea' id='block_1_33' title="bbox 261 1760 3535 1837">
    <p class='ocr_par' dir='ltr' id='par_1_33' title="bbox 261 1760 3535 1837">
     <span class='ocr_line' id='line_1_33' title="bbox 261 1760 3535 1837; baseline 0 -18"><span class='ocrx_word' id='word_1_260' title='bbox 261 1767 452 1821; x_wconf 77' lang='lat' dir='ltr'><strong>visitet</strong></span> <span class='ocrx_word' id='word_1_261' title='bbox 476 1766 803 1821; x_wconf 72' lang='lat' dir='ltr'><strong>liberandos.</strong></span> <span class='ocrx_word' id='word_1_262' title='bbox 853 1762 1004 1829; x_wconf 72' lang='grc' dir='ltr'><strong>Παισ,</strong></span> <span class='ocrx_word' id='word_1_263' title='bbox 1042 1763 1219 1833; x_wconf 80' lang='lat' dir='ltr'><strong>inquit</strong></span> <span class='ocrx_word' id='word_1_264' title='bbox 1242 1801 1257 1828; x_wconf 93' lang='lat'><strong>,</strong></span> <span class='ocrx_word' id='word_1_265' title='bbox 1314 1760 1518 1817; x_wconf 75' lang='lat' dir='ltr'><strong>locutus</strong></span> <span class='ocrx_word' id='word_1_266' title='bbox 1563 1774 1678 1817; x_wconf 85' lang='lat' dir='ltr'><strong>sum</strong></span> <span class='ocrx_word' id='word_1_267' title='bbox 1708 1762 1845 1818; x_wconf 88' lang='lat' dir='ltr'><strong>vobis</strong></span> <span class='ocrx_word' id='word_1_268' title='bbox 1875 1761 1921 1820; x_wconf 92' lang='lat' dir='ltr'><strong>B</strong></span> <span class='ocrx_word' id='word_1_269' title='bbox 1948 1766 2260 1831; x_wconf 82' lang='lat' dir='ltr'><strong>humanam,</strong></span> <span class='ocrx_word' id='word_1_270' title='bbox 2284 1780 2390 1836; x_wconf 88' lang='lat' dir='ltr'><strong>qua</strong></span> <span class='ocrx_word' id='word_1_271' title='bbox 2418 1763 2588 1833; x_wconf 84' lang='lat' dir='ltr'><strong>major</strong></span> <span class='ocrx_word' id='word_1_272' title='bbox 2622 1773 2705 1821; x_wconf 91' lang='lat' dir='ltr'><strong>cst</strong></span> <span class='ocrx_word' id='word_1_273' title='bbox 2721 1764 2901 1820; x_wconf 87' lang='lat' dir='ltr'><strong>Pater.</strong></span> <span class='ocrx_word' id='word_1_274' title='bbox 2930 1764 3235 1837; x_wconf 87' lang='lat' dir='ltr'><strong>Utrumque</strong></span> <span class='ocrx_word' id='word_1_275' title='bbox 3256 1774 3436 1822; x_wconf 85' lang='lat' dir='ltr'><strong>autem</strong></span> <span class='ocrx_word' id='word_1_276' title='bbox 3460 1767 3535 1821; x_wconf 85' lang='lat' dir='ltr'><strong>si-</strong></span> 
     </span>
    </p>
   </div>
   <div class='ocr_carea' id='block_1_34' title="bbox 263 1852 1846 1927">
    <p class='ocr_par' dir='ltr' id='par_1_34' title="bbox 263 1852 1846 1927">
     <span class='ocr_line' id='line_1_34' title="bbox 263 1852 1846 1927; baseline -0.001 -17"><span class='ocrx_word' id='word_1_277' title='bbox 263 1857 405 1927; x_wconf 78' lang='lat' dir='ltr'><strong>apud</strong></span> <span class='ocrx_word' id='word_1_278' title='bbox 430 1874 517 1912; x_wconf 84' lang='lat' dir='ltr'><strong>vos</strong></span> <span class='ocrx_word' id='word_1_279' title='bbox 543 1866 778 1920; x_wconf 75' lang='lat' dir='ltr'><strong>manens,</strong></span> <span class='ocrx_word' id='word_1_280' title='bbox 797 1855 982 1925; x_wconf 87' lang='lat' dir='ltr'><strong>utique</strong></span> <span class='ocrx_word' id='word_1_281' title='bbox 1001 1853 1288 1926; x_wconf 81' lang='lat' dir='ltr'><strong>praesentia</strong></span> <span class='ocrx_word' id='word_1_282' title='bbox 1310 1852 1575 1925; x_wconf 87' lang='lat' dir='ltr'><strong>corporali</strong></span> <span class='ocrx_word' id='word_1_283' title='bbox 1593 1869 1698 1909; x_wconf 87' lang='lat' dir='ltr'><strong>una</strong></span> <span class='ocrx_word' id='word_1_284' title='bbox 1723 1868 1846 1910; x_wconf 89' lang='lat' dir='ltr'><strong>cum</strong></span> 
     </span>
    </p>
   </div>
   <div class='ocr_carea' id='block_1_35' title="bbox 266 1944 1072 2014">
    <p class='ocr_par' dir='ltr' id='par_1_35' title="bbox 266 1944 1072 2014">
     <span class='ocr_line' id='line_1_35' title="bbox 266 1944 1072 2014; baseline -0.005 -12"><span class='ocrx_word' id='word_1_285' title='bbox 266 1948 378 2003; x_wconf 83' lang='lat' dir='ltr'><strong>illis</strong></span> <span class='ocrx_word' id='word_1_286' title='bbox 402 1944 702 2003; x_wconf 70' lang='lat' dir='ltr'><strong>visibilium;</strong></span> <span class='ocrx_word' id='word_1_287' title='bbox 732 1945 1072 2014; x_wconf 79' lang='lat' dir='ltr'><strong>loquebatur.</strong></span> 
     </span>
    </p>
   </div>
   <div class='ocr_carea' id='block_1_36' title="bbox 339 2028 1850 2110">
    <p class='ocr_par' dir='ltr' id='par_1_36' title="bbox 339 2028 1850 2110">
     <span class='ocr_line' id='line_1_36' title="bbox 339 2028 1850 2110; baseline -0.003 -16"><span class='ocrx_word' id='word_1_288' title='bbox 339 2038 650 2096; x_wconf 80' lang='lat' dir='ltr'><strong>Paraclerus</strong></span> <span class='ocrx_word' id='word_1_289' title='bbox 675 2048 848 2094; x_wconf 88' lang='lat' dir='ltr'><strong>autem</strong></span> <span class='ocrx_word' id='word_1_290' title='bbox 863 2030 1092 2110; x_wconf 81' lang='lat' dir='ltr'><strong>Spiritus</strong></span> <span class='ocrx_word' id='word_1_291' title='bbox 1115 2044 1347 2101; x_wconf 77' lang='lat' dir='ltr'><strong>sanctus,</strong></span> <span class='ocrx_word' id='word_1_292' title='bbox 1370 2049 1523 2109; x_wconf 73' lang='lat' dir='ltr'><strong>quem</strong></span> <span class='ocrx_word' id='word_1_293' title='bbox 1564 2036 1728 2090; x_wconf 81' lang='lat' dir='ltr'><strong>mittet</strong></span> <span class='ocrx_word' id='word_1_294' title='bbox 1749 2028 1850 2089; x_wconf 82' lang='lat' dir='ltr'><strong>Pa—</strong></span> 
     </span>
    </p>
   </div>
   <div class='ocr_carea' id='block_1_37' title="bbox 262 2124 1849 2193">
    <p class='ocr_par' dir='ltr' id='par_1_37' title="bbox 262 2124 1849 2193">
     <span class='ocr_line' id='line_1_37' title="bbox 262 2124 1849 2193; baseline -0.006 -6"><span class='ocrx_word' id='word_1_295' title='bbox 262 2144 345 2187; x_wconf 81' lang='lat' dir='ltr'><strong>ter</strong></span> <span class='ocrx_word' id='word_1_296' title='bbox 364 2132 419 2186; x_wconf 85' lang='lat' dir='ltr'><strong>in</strong></span> <span class='ocrx_word' id='word_1_297' title='bbox 441 2131 647 2185; x_wconf 85' lang='lat' dir='ltr'><strong>nomine</strong></span> <span class='ocrx_word' id='word_1_298' title='bbox 673 2140 807 2193; x_wconf 87' lang='lat' dir='ltr'><strong>meo,</strong></span> <span class='ocrx_word' id='word_1_299' title='bbox 831 2128 918 2182; x_wconf 85' lang='lat' dir='ltr'><strong>ille</strong></span> <span class='ocrx_word' id='word_1_300' title='bbox 938 2142 1023 2182; x_wconf 82' lang='lat' dir='ltr'><strong>vos</strong></span> <span class='ocrx_word' id='word_1_301' title='bbox 1063 2126 1259 2181; x_wconf 85' lang='lat' dir='ltr'><strong>docebit</strong></span> <span class='ocrx_word' id='word_1_302' title='bbox 1304 2126 1504 2193; x_wconf 83' lang='lat' dir='ltr'><strong>omnia,</strong></span> <span class='ocrx_word' id='word_1_303' title='bbox 1534 2133 1641 2181; x_wconf 90' lang='lat' dir='ltr'><strong>etc.</strong></span> <span class='ocrx_word' id='word_1_304' title='bbox 1683 2124 1849 2179; x_wconf 79' lang='lat' dir='ltr'><strong>Multa</strong></span> 
     </span>
    </p>
   </div>
   <div class='ocr_carea' id='block_1_38' title="bbox 265 2212 1848 2288">
    <p class='ocr_par' dir='ltr' id='par_1_38' title="bbox 265 2212 1848 2288">
     <span class='ocr_line' id='line_1_38' title="bbox 265 2212 1848 2288; baseline -0.006 -10"><span class='ocrx_word' id='word_1_305' title='bbox 265 2224 401 2279; x_wconf 76' lang='lat' dir='ltr'><strong>dixit</strong></span> <span class='ocrx_word' id='word_1_306' title='bbox 431 2221 773 2277; x_wconf 71' lang='lat' dir='ltr'><strong>audientibus</strong></span> <span class='ocrx_word' id='word_1_307' title='bbox 803 2216 1126 2284; x_wconf 64' lang='lat' dir='ltr'><strong>infidelibus,</strong></span> <span class='ocrx_word' id='word_1_308' title='bbox 1153 2226 1273 2288; x_wconf 61' lang='lat' dir='ltr'><strong>qua:</strong></span> <span class='ocrx_word' id='word_1_309' title='bbox 1301 2218 1353 2272; x_wconf 82' lang='lat' dir='ltr'><strong>in</strong></span> <span class='ocrx_word' id='word_1_310' title='bbox 1377 2231 1565 2271; x_wconf 89' lang='lat' dir='ltr'><strong>eorum</strong></span> <span class='ocrx_word' id='word_1_311' title='bbox 1586 2212 1749 2270; x_wconf 89' lang='lat' dir='ltr'><strong>corde</strong></span> <span class='ocrx_word' id='word_1_312' title='bbox 1771 2216 1848 2269; x_wconf 89' lang='lat' dir='ltr'><strong>lo-</strong></span> 
     </span>
    </p>
   </div>
   <div class='ocr_carea' id='block_1_39' title="bbox 264 2306 1852 2381">
    <p class='ocr_par' dir='ltr' id='par_1_39' title="bbox 264 2306 1852 2381">
     <span class='ocr_line' id='line_1_39' title="bbox 264 2306 1852 2381; baseline -0.004 -10"><span class='ocrx_word' id='word_1_313' title='bbox 264 2328 391 2371; x_wconf 85' lang='lat' dir='ltr'><strong>cum</strong></span> <span class='ocrx_word' id='word_1_314' title='bbox 420 2329 526 2369; x_wconf 91' lang='lat' dir='ltr'><strong>non</strong></span> <span class='ocrx_word' id='word_1_315' title='bbox 571 2313 912 2375; x_wconf 87' lang='lat' dir='ltr'><strong>invenerunt,</strong></span> <span class='ocrx_word' id='word_1_316' title='bbox 938 2310 1065 2381; x_wconf 88' lang='lat' dir='ltr'><strong>q&#39;uia</strong></span> <span class='ocrx_word' id='word_1_317' title='bbox 1093 2310 1315 2379; x_wconf 88' lang='lat' dir='ltr'><strong>spiritus</strong></span> <span class='ocrx_word' id='word_1_318' title='bbox 1341 2316 1561 2363; x_wconf 89' lang='lat' dir='ltr'><strong>sanctus</strong></span> <span class='ocrx_word' id='word_1_319' title='bbox 1588 2306 1732 2363; x_wconf 90' lang='lat' dir='ltr'><strong>intus</strong></span> <span class='ocrx_word' id='word_1_320' title='bbox 1757 2322 1852 2364; x_wconf 92' lang='lat' dir='ltr'><strong>eos</strong></span> 
     </span>
    </p>
   </div>
   <div class='ocr_carea' id='block_1_40' title="bbox 265 2399 1853 2470">
    <p class='ocr_par' dir='ltr' id='par_1_40' title="bbox 265 2399 1853 2470">
     <span class='ocr_line' id='line_1_40' title="bbox 265 2399 1853 2470; baseline -0.004 -10"><span class='ocrx_word' id='word_1_321' title='bbox 265 2420 379 2460; x_wconf 82' lang='lat' dir='ltr'><strong>non</strong></span> <span class='ocrx_word' id='word_1_322' title='bbox 403 2403 647 2458; x_wconf 82' lang='lat' dir='ltr'><strong>ducebat.</strong></span> <span class='ocrx_word' id='word_1_323' title='bbox 680 2400 844 2455; x_wconf 78' lang='lat' dir='ltr'><strong>Multa</strong></span> <span class='ocrx_word' id='word_1_324' title='bbox 895 2400 1026 2455; x_wconf 77' lang='lat' dir='ltr'><strong>dicit</strong></span> <span class='ocrx_word' id='word_1_325' title='bbox 1062 2399 1299 2470; x_wconf 83' lang='lat' dir='ltr'><strong>quotidie</strong></span> <span class='ocrx_word' id='word_1_326' title='bbox 1327 2414 1425 2470; x_wconf 89' lang='lat' dir='ltr'><strong>per</strong></span> <span class='ocrx_word' id='word_1_327' title='bbox 1458 2406 1674 2453; x_wconf 88' lang='lat' dir='ltr'><strong>sanctos</strong></span> <span class='ocrx_word' id='word_1_328' title='bbox 1718 2412 1853 2468; x_wconf 80' lang='lat' dir='ltr'><strong>prte-</strong></span> 
     </span>
    </p>
   </div>
   <div class='ocr_carea' id='block_1_41' title="bbox 266 2489 1848 2567">
    <p class='ocr_par' dir='ltr' id='par_1_41' title="bbox 266 2489 1848 2567">
     <span class='ocr_line' id='line_1_41' title="bbox 266 2489 1848 2567; baseline -0.004 -15"><span class='ocrx_word' id='word_1_329' title='bbox 266 2499 558 2562; x_wconf 75' lang='lat' dir='ltr'><strong>dieatorcs,</strong></span> <span class='ocrx_word' id='word_1_330' title='bbox 581 2500 699 2567; x_wconf 75' lang='lat' dir='ltr'><strong>quce</strong></span> <span class='ocrx_word' id='word_1_331' title='bbox 719 2494 1000 2548; x_wconf 79' lang='lat' dir='ltr'><strong>audientes</strong></span> <span class='ocrx_word' id='word_1_332' title='bbox 1032 2492 1255 2546; x_wconf 79' lang='lat' dir='ltr'><strong>interius</strong></span> <span class='ocrx_word' id='word_1_333' title='bbox 1282 2507 1387 2545; x_wconf 92' lang='lat' dir='ltr'><strong>non</strong></span> <span class='ocrx_word' id='word_1_334' title='bbox 1423 2489 1706 2560; x_wconf 85' lang='lat' dir='ltr'><strong>recipiunt,</strong></span> <span class='ocrx_word' id='word_1_335' title='bbox 1723 2489 1848 2560; x_wconf 86' lang='lat' dir='ltr'><strong>quia</strong></span> 
     </span>
    </p>
   </div>
   <div class='ocr_carea' id='block_1_42' title="bbox 248 2583 1851 2657">
    <p class='ocr_par' dir='ltr' id='par_1_42' title="bbox 248 2583 1851 2657">
     <span class='ocr_line' id='line_1_42' title="bbox 248 2583 1851 2657; baseline -0.001 -18"><span class='ocrx_word' id='word_1_336' title='bbox 248 2586 491 2657; x_wconf 73' lang='lat' dir='ltr'><strong>Spiritus</strong></span> <span class='ocrx_word' id='word_1_337' title='bbox 525 2593 744 2642; x_wconf 89' lang='lat' dir='ltr'><strong>sanctus</strong></span> <span class='ocrx_word' id='word_1_338' title='bbox 765 2594 869 2638; x_wconf 88' lang='lat' dir='ltr'><strong>non</strong></span> <span class='ocrx_word' id='word_1_339' title='bbox 896 2584 1133 2654; x_wconf 80' lang='lat' dir='ltr'><strong>suggerit</strong></span> <span class='ocrx_word' id='word_1_340' title='bbox 1153 2584 1232 2639; x_wconf 87' lang='lat' dir='ltr'><strong>eis</strong></span> <span class='ocrx_word' id='word_1_341' title='bbox 1259 2583 1643 2653; x_wconf 76' lang='lat' dir='ltr'><strong>interius,qua:</strong></span> <span class='ocrx_word' id='word_1_342' title='bbox 1668 2583 1851 2639; x_wconf 87' lang='lat' dir='ltr'><strong>audie-</strong></span> 
     </span>
    </p>
   </div>
   <div class='ocr_carea' id='block_1_43' title="bbox 268 2670 1850 2746">
    <p class='ocr_par' dir='ltr' id='par_1_43' title="bbox 268 2670 1850 2746">
     <span class='ocr_line' id='line_1_43' title="bbox 268 2670 1850 2746; baseline -0.003 -13"><span class='ocrx_word' id='word_1_343' title='bbox 268 2688 396 2733; x_wconf 85' lang='lat' dir='ltr'><strong>rant</strong></span> <span class='ocrx_word' id='word_1_344' title='bbox 423 2677 696 2740; x_wconf 79' lang='lat' dir='ltr'><strong>exterius,</strong></span> <span class='ocrx_word' id='word_1_345' title='bbox 748 2675 812 2731; x_wconf 79' lang='lat' dir='ltr'><strong>(lc</strong></span> <span class='ocrx_word' id='word_1_346' title='bbox 839 2691 946 2745; x_wconf 88' lang='lat' dir='ltr'><strong>quo</strong></span> <span class='ocrx_word' id='word_1_347' title='bbox 991 2683 1137 2730; x_wconf 86' lang='lat' dir='ltr'><strong>recte</strong></span> <span class='ocrx_word' id='word_1_348' title='bbox 1186 2674 1563 2746; x_wconf 86' lang='lat' dir='ltr'><strong>promittitur:</strong></span> <span class='ocrx_word' id='word_1_349' title='bbox 1595 2670 1718 2745; x_wconf 81' lang='lat' dir='ltr'><strong>Ipse</strong></span> <span class='ocrx_word' id='word_1_350' title='bbox 1763 2686 1850 2728; x_wconf 80' lang='lat' dir='ltr'><strong>vos</strong></span> 
     </span>
    </p>
   </div>
   <div class='ocr_carea' id='block_1_44' title="bbox 265 2756 1852 2837">
    <p class='ocr_par' dir='ltr' id='par_1_44' title="bbox 265 2756 1852 2837">
     <span class='ocr_line' id='line_1_44' title="bbox 265 2756 1852 2837; baseline -0.003 -13"><span class='ocrx_word' id='word_1_351' title='bbox 265 2768 468 2824; x_wconf 64' lang='lat' dir='ltr'><strong>docebit</strong></span> <span class='ocrx_word' id='word_1_352' title='bbox 496 2769 693 2823; x_wconf 82' lang='lat' dir='ltr'><strong>omnia.</strong></span> <span class='ocrx_word' id='word_1_353' title='bbox 728 2767 866 2834; x_wconf 81' lang='lat' dir='ltr'><strong>Quia</strong></span> <span class='ocrx_word' id='word_1_354' title='bbox 893 2760 996 2822; x_wconf 77' lang='lat' dir='ltr'><strong>nisi</strong></span> <span class='ocrx_word' id='word_1_355' title='bbox 1020 2756 1409 2837; x_wconf 75' lang='lat' dir='ltr'><strong>idcmSpiritus</strong></span> <span class='ocrx_word' id='word_1_356' title='bbox 1432 2767 1596 2821; x_wconf 88' lang='lat' dir='ltr'><strong>corde</strong></span> <span class='ocrx_word' id='word_1_357' title='bbox 1631 2764 1852 2820; x_wconf 85' lang='lat' dir='ltr'><strong>assistat</strong></span> 
     </span>
    </p>
   </div>
   <div class='ocr_carea' id='block_1_45' title="bbox 266 2856 1852 2924">
    <p class='ocr_par' dir='ltr' id='par_1_45' title="bbox 266 2856 1852 2924">
     <span class='ocr_line' id='line_1_45' title="bbox 266 2856 1852 2924; baseline -0.003 -9"><span class='ocrx_word' id='word_1_358' title='bbox 266 2861 559 2924; x_wconf 80' lang='lat' dir='ltr'><strong>audientis,</strong></span> <span class='ocrx_word' id='word_1_359' title='bbox 589 2860 797 2915; x_wconf 88' lang='lat' dir='ltr'><strong>otiosus</strong></span> <span class='ocrx_word' id='word_1_360' title='bbox 842 2866 925 2914; x_wconf 91' lang='lat' dir='ltr'><strong>est</strong></span> <span class='ocrx_word' id='word_1_361' title='bbox 963 2872 1141 2913; x_wconf 88' lang='lat' dir='ltr'><strong>sermo</strong></span> <span class='ocrx_word' id='word_1_362' title='bbox 1178 2857 1431 2913; x_wconf 85' lang='lat' dir='ltr'><strong>doctoris.</strong></span> <span class='ocrx_word' id='word_1_363' title='bbox 1488 2856 1658 2912; x_wconf 87' lang='lat' dir='ltr'><strong>Nemo</strong></span> <span class='ocrx_word' id='word_1_364' title='bbox 1704 2856 1852 2912; x_wconf 83' lang='lat' dir='ltr'><strong>enim</strong></span> 
     </span>
    </p>
   </div>
   <div class='ocr_carea' id='block_1_46' title="bbox 266 2946 1853 3019">
    <p class='ocr_par' dir='ltr' id='par_1_46' title="bbox 266 2946 1853 3019">
     <span class='ocr_line' id='line_1_46' title="bbox 266 2946 1853 3019; baseline -0.003 -12"><span class='ocrx_word' id='word_1_365' title='bbox 266 2951 482 3007; x_wconf 78' lang='lat' dir='ltr'><strong>uocemi</strong></span> <span class='ocrx_word' id='word_1_366' title='bbox 519 2949 723 3006; x_wconf 84' lang='lat' dir='ltr'><strong>homini</strong></span> <span class='ocrx_word' id='word_1_367' title='bbox 759 2946 979 3013; x_wconf 74' lang='lat' dir='ltr'><strong>tribuat,</strong></span> <span class='ocrx_word' id='word_1_368' title='bbox 1003 2948 1145 3019; x_wconf 87' lang='lat' dir='ltr'><strong>quod</strong></span> <span class='ocrx_word' id='word_1_369' title='bbox 1172 2963 1234 3003; x_wconf 79' lang='lat' dir='ltr'><strong>ex</strong></span> <span class='ocrx_word' id='word_1_370' title='bbox 1273 2956 1369 3002; x_wconf 89' lang='lat' dir='ltr'><strong>ore</strong></span> <span class='ocrx_word' id='word_1_371' title='bbox 1403 2947 1650 3003; x_wconf 89' lang='lat' dir='ltr'><strong>docentis</strong></span> <span class='ocrx_word' id='word_1_372' title='bbox 1696 2946 1853 3003; x_wconf 84' lang='lat' dir='ltr'><strong>intel-</strong></span> 
     </span>
    </p>
   </div>
   <div class='ocr_carea' id='block_1_47' title="bbox 267 3035 1852 3114">
    <p class='ocr_par' dir='ltr' id='par_1_47' title="bbox 267 3035 1852 3114">
     <span class='ocr_line' id='line_1_47' title="bbox 267 3035 1852 3114; baseline -0.003 -17"><span class='ocrx_word' id='word_1_373' title='bbox 267 3044 402 3114; x_wconf 78' lang='lat' dir='ltr'><strong>ligit.</strong></span> <span class='ocrx_word' id='word_1_374' title='bbox 430 3042 557 3113; x_wconf 83' lang='lat' dir='ltr'><strong>quia</strong></span> <span class='ocrx_word' id='word_1_375' title='bbox 583 3040 685 3096; x_wconf 92' lang='lat' dir='ltr'><strong>nisi</strong></span> <span class='ocrx_word' id='word_1_376' title='bbox 717 3040 859 3095; x_wconf 87' lang='lat' dir='ltr'><strong>intus</strong></span> <span class='ocrx_word' id='word_1_377' title='bbox 890 3040 961 3095; x_wconf 85' lang='lat' dir='ltr'><strong>sit</strong></span> <span class='ocrx_word' id='word_1_378' title='bbox 983 3038 1074 3110; x_wconf 88' lang='lat' dir='ltr'><strong>qui</strong></span> <span class='ocrx_word' id='word_1_379' title='bbox 1101 3040 1290 3094; x_wconf 84' lang='lat' dir='ltr'><strong>doceat</strong></span> <span class='ocrx_word' id='word_1_380' title='bbox 1314 3077 1330 3105; x_wconf 93' lang='lat'><strong>,</strong></span> <span class='ocrx_word' id='word_1_381' title='bbox 1394 3037 1628 3093; x_wconf 81' lang='lat' dir='ltr'><strong>doctoris</strong></span> <span class='ocrx_word' id='word_1_382' title='bbox 1666 3035 1852 3109; x_wconf 80' lang='lat' dir='ltr'><strong>lingua</strong></span> 
     </span>
    </p>
   </div>
   <div class='ocr_carea' id='block_1_48' title="bbox 1949 1853 3532 1926">
    <p class='ocr_par' dir='ltr' id='par_1_48' title="bbox 1949 1853 3532 1926">
     <span class='ocr_line' id='line_1_48' title="bbox 1949 1853 3532 1926; baseline -0.002 -12"><span class='ocrx_word' id='word_1_383' title='bbox 1949 1859 2060 1914; x_wconf 87' lang='lat' dir='ltr'><strong>mul</strong></span> <span class='ocrx_word' id='word_1_384' title='bbox 2074 1874 2179 1914; x_wconf 89' lang='lat' dir='ltr'><strong>non</strong></span> <span class='ocrx_word' id='word_1_385' title='bbox 2194 1858 2320 1923; x_wconf 91' lang='lat' dir='ltr'><strong>duo,</strong></span> <span class='ocrx_word' id='word_1_386' title='bbox 2344 1856 2438 1911; x_wconf 88' lang='lat' dir='ltr'><strong>sed</strong></span> <span class='ocrx_word' id='word_1_387' title='bbox 2461 1871 2600 1912; x_wconf 86' lang='lat' dir='ltr'><strong>unus</strong></span> <span class='ocrx_word' id='word_1_388' title='bbox 2613 1853 2883 1923; x_wconf 82' lang='lat' dir='ltr'><strong>Christus,</strong></span> <span class='ocrx_word' id='word_1_389' title='bbox 2894 1871 2963 1911; x_wconf 89' lang='lat' dir='ltr'><strong>ne</strong></span> <span class='ocrx_word' id='word_1_390' title='bbox 2976 1856 3422 1926; x_wconf 83' lang='lat' dir='ltr'><strong>sitquaternitas,</strong></span> <span class='ocrx_word' id='word_1_391' title='bbox 3436 1857 3532 1912; x_wconf 77' lang='lat' dir='ltr'><strong>sed</strong></span> 
     </span>
    </p>
   </div>
   <div class='ocr_carea' id='block_1_49' title="bbox 1951 1942 3534 2010">
    <p class='ocr_par' dir='ltr' id='par_1_49' title="bbox 1951 1942 3534 2010">
     <span class='ocr_line' id='line_1_49' title="bbox 1951 1942 3534 2010; baseline -0.002 -7"><span class='ocrx_word' id='word_1_392' title='bbox 1951 1948 2170 2010; x_wconf 80' lang='lat' dir='ltr'><strong>trinitas</strong></span> <span class='ocrx_word' id='word_1_393' title='bbox 2188 1948 2350 2003; x_wconf 90' lang='lat' dir='ltr'><strong>Deus.</strong></span> <span class='ocrx_word' id='word_1_394' title='bbox 2379 1943 2534 2002; x_wconf 87' lang='lat' dir='ltr'><strong>Sicut</strong></span> <span class='ocrx_word' id='word_1_395' title='bbox 2558 1945 2703 2001; x_wconf 88' lang='lat' dir='ltr'><strong>enim</strong></span> <span class='ocrx_word' id='word_1_396' title='bbox 2732 1960 2871 2001; x_wconf 87' lang='lat' dir='ltr'><strong>unus</strong></span> <span class='ocrx_word' id='word_1_397' title='bbox 2892 1954 2980 2003; x_wconf 91' lang='lat' dir='ltr'><strong>est</strong></span> <span class='ocrx_word' id='word_1_398' title='bbox 3019 1942 3183 2003; x_wconf 88' lang='lat' dir='ltr'><strong>homo</strong></span> <span class='ocrx_word' id='word_1_399' title='bbox 3216 1946 3397 2003; x_wconf 87' lang='lat' dir='ltr'><strong>anima</strong></span> <span class='ocrx_word' id='word_1_400' title='bbox 3441 1962 3534 2001; x_wconf 69' lang='lat' dir='ltr'><strong>ra—</strong></span> 
     </span>
    </p>
   </div>
   <div class='ocr_carea' id='block_1_50' title="bbox 1949 2032 3531 2104">
    <p class='ocr_par' dir='ltr' id='par_1_50' title="bbox 1949 2032 3531 2104">
     <span class='ocr_line' id='line_1_50' title="bbox 1949 2032 3531 2104; baseline -0.001 -11"><span class='ocrx_word' id='word_1_401' title='bbox 1949 2039 2165 2095; x_wconf 85' lang='lat' dir='ltr'><strong>tionalis</strong></span> <span class='ocrx_word' id='word_1_402' title='bbox 2176 2046 2230 2095; x_wconf 88' lang='lat' dir='ltr'><strong>et</strong></span> <span class='ocrx_word' id='word_1_403' title='bbox 2246 2053 2396 2104; x_wconf 91' lang='lat' dir='ltr'><strong>caro,</strong></span> <span class='ocrx_word' id='word_1_404' title='bbox 2429 2037 2509 2095; x_wconf 87' lang='lat' dir='ltr'><strong>sic</strong></span> <span class='ocrx_word' id='word_1_405' title='bbox 2536 2036 2675 2093; x_wconf 84' lang='lat' dir='ltr'><strong>unus</strong></span> <span class='ocrx_word' id='word_1_406' title='bbox 2700 2046 2787 2093; x_wconf 90' lang='lat' dir='ltr'><strong>est</strong></span> <span class='ocrx_word' id='word_1_407' title='bbox 2809 2032 3081 2103; x_wconf 69' lang='lat' dir='ltr'><strong>Christus,</strong></span> <span class='ocrx_word' id='word_1_408' title='bbox 3097 2040 3240 2096; x_wconf 82' lang='lat' dir='ltr'><strong>Deus</strong></span> <span class='ocrx_word' id='word_1_409' title='bbox 3268 2046 3325 2094; x_wconf 90' lang='lat' dir='ltr'><strong>ct</strong></span> <span class='ocrx_word' id='word_1_410' title='bbox 3346 2038 3531 2093; x_wconf 86' lang='lat' dir='ltr'><strong>homo.</strong></span> 
     </span>
    </p>
   </div>
   <div class='ocr_carea' id='block_1_51' title="bbox 1948 2126 3537 2203">
    <p class='ocr_par' dir='ltr' id='par_1_51' title="bbox 1948 2126 3537 2203">
     <span class='ocr_line' id='line_1_51' title="bbox 1948 2126 3537 2203; baseline -0.001 -16"><span class='ocrx_word' id='word_1_411' title='bbox 1948 2131 2027 2188; x_wconf 84' lang='lat' dir='ltr'><strong>Ac</strong></span> <span class='ocrx_word' id='word_1_412' title='bbox 2074 2147 2173 2203; x_wconf 89' lang='lat' dir='ltr'><strong>per</strong></span> <span class='ocrx_word' id='word_1_413' title='bbox 2199 2131 2303 2188; x_wconf 91' lang='lat' dir='ltr'><strong>hoc</strong></span> <span class='ocrx_word' id='word_1_414' title='bbox 2326 2131 2575 2188; x_wconf 83' lang='lat' dir='ltr'><strong>Christus</strong></span> <span class='ocrx_word' id='word_1_415' title='bbox 2614 2139 2670 2187; x_wconf 90' lang='lat' dir='ltr'><strong>et</strong></span> <span class='ocrx_word' id='word_1_416' title='bbox 2698 2133 2876 2197; x_wconf 87' lang='lat' dir='ltr'><strong>Deus,</strong></span> <span class='ocrx_word' id='word_1_417' title='bbox 2924 2133 3106 2189; x_wconf 78' lang='lat' dir='ltr'><strong>anima</strong></span> <span class='ocrx_word' id='word_1_418' title='bbox 3155 2126 3436 2189; x_wconf 79' lang='lat' dir='ltr'><strong>rationalis</strong></span> <span class='ocrx_word' id='word_1_419' title='bbox 3481 2134 3537 2187; x_wconf 90' lang='lat' dir='ltr'><strong>ct</strong></span> 
     </span>
    </p>
   </div>
   <div class='ocr_carea' id='block_1_52' title="bbox 1949 2221 3539 2296">
    <p class='ocr_par' dir='ltr' id='par_1_52' title="bbox 1949 2221 3539 2296">
     <span class='ocr_line' id='line_1_52' title="bbox 1949 2221 3539 2296; baseline 0 -19"><span class='ocrx_word' id='word_1_420' title='bbox 1949 2237 2100 2289; x_wconf 85' lang='lat' dir='ltr'><strong>caro,</strong></span> <span class='ocrx_word' id='word_1_421' title='bbox 2123 2221 2398 2277; x_wconf 87' lang='lat' dir='ltr'><strong>Christum</strong></span> <span class='ocrx_word' id='word_1_422' title='bbox 2446 2221 2499 2276; x_wconf 84' lang='lat' dir='ltr'><strong>in</strong></span> <span class='ocrx_word' id='word_1_423' title='bbox 2528 2221 2613 2277; x_wconf 86' lang='lat' dir='ltr'><strong>his</strong></span> <span class='ocrx_word' id='word_1_424' title='bbox 2662 2223 2933 2288; x_wconf 88' lang='lat' dir='ltr'><strong>omnibus,</strong></span> <span class='ocrx_word' id='word_1_425' title='bbox 2964 2222 3243 2279; x_wconf 84' lang='lat' dir='ltr'><strong>Christum</strong></span> <span class='ocrx_word' id='word_1_426' title='bbox 3269 2223 3324 2279; x_wconf 88' lang='lat' dir='ltr'><strong>in</strong></span> <span class='ocrx_word' id='word_1_427' title='bbox 3356 2224 3539 2296; x_wconf 73' lang='lat' dir='ltr'><strong>singu-</strong></span> 
     </span>
    </p>
   </div>
   <div class='ocr_carea' id='block_1_53' title="bbox 1948 2302 3539 2384">
    <p class='ocr_par' dir='ltr' id='par_1_53' title="bbox 1948 2302 3539 2384">
     <span class='ocr_line' id='line_1_53' title="bbox 1948 2302 3539 2384; baseline 0.003 -20"><span class='ocrx_word' id='word_1_428' title='bbox 1948 2310 2014 2366; x_wconf 92' lang='lat' dir='ltr'><strong>lis</strong></span> <span class='ocrx_word' id='word_1_429' title='bbox 2044 2312 2383 2367; x_wconf 84' lang='lat' dir='ltr'><strong>conﬁtemur.</strong></span> <span class='ocrx_word' id='word_1_430' title='bbox 2409 2302 2542 2379; x_wconf 83' lang='lat' dir='ltr'><strong>Quis</strong></span> <span class='ocrx_word' id='word_1_431' title='bbox 2570 2320 2803 2383; x_wconf 85' lang='lat' dir='ltr'><strong>estergo</strong></span> <span class='ocrx_word' id='word_1_432' title='bbox 2827 2351 2843 2378; x_wconf 91' lang='lat'><strong>,</strong></span> <span class='ocrx_word' id='word_1_433' title='bbox 2888 2327 2986 2382; x_wconf 89' lang='lat' dir='ltr'><strong>per</strong></span> <span class='ocrx_word' id='word_1_434' title='bbox 3029 2316 3190 2384; x_wconf 85' lang='lat' dir='ltr'><strong>quem</strong></span> <span class='ocrx_word' id='word_1_435' title='bbox 3246 2312 3422 2371; x_wconf 79' lang='lat' dir='ltr'><strong>lactus</strong></span> <span class='ocrx_word' id='word_1_436' title='bbox 3453 2316 3539 2369; x_wconf 87' lang='lat' dir='ltr'><strong>est</strong></span> 
     </span>
    </p>
   </div>
   <div class='ocr_carea' id='block_1_54' title="bbox 1948 2394 3540 2474">
    <p class='ocr_par' dir='ltr' id='par_1_54' title="bbox 1948 2394 3540 2474">
     <span class='ocr_line' id='line_1_54' title="bbox 1948 2394 3540 2474; baseline 0.002 -16"><span class='ocrx_word' id='word_1_437' title='bbox 1948 2403 2217 2459; x_wconf 88' lang='lat' dir='ltr'><strong>mundus?</strong></span> <span class='ocrx_word' id='word_1_438' title='bbox 2240 2403 2487 2460; x_wconf 88' lang='lat' dir='ltr'><strong>Christus</strong></span> <span class='ocrx_word' id='word_1_439' title='bbox 2510 2399 2685 2465; x_wconf 82' lang='lat' dir='ltr'><strong>Jesus,</strong></span> <span class='ocrx_word' id='word_1_440' title='bbox 2720 2394 2817 2461; x_wconf 81' lang='lat' dir='ltr'><strong>sed</strong></span> <span class='ocrx_word' id='word_1_441' title='bbox 2850 2405 2903 2459; x_wconf 91' lang='lat' dir='ltr'><strong>in</strong></span> <span class='ocrx_word' id='word_1_442' title='bbox 2927 2403 3097 2460; x_wconf 88' lang='lat' dir='ltr'><strong>l&#39;orma</strong></span> <span class='ocrx_word' id='word_1_443' title='bbox 3140 2406 3257 2461; x_wconf 86' lang='lat' dir='ltr'><strong>Dei.</strong></span> <span class='ocrx_word' id='word_1_444' title='bbox 3296 2406 3430 2474; x_wconf 84' lang='lat' dir='ltr'><strong>Quis</strong></span> <span class='ocrx_word' id='word_1_445' title='bbox 3455 2415 3540 2461; x_wconf 91' lang='lat' dir='ltr'><strong>est</strong></span> 
     </span>
    </p>
   </div>
   <div class='ocr_carea' id='block_1_55' title="bbox 1949 2489 3538 2562">
    <p class='ocr_par' dir='ltr' id='par_1_55' title="bbox 1949 2489 3538 2562">
     <span class='ocr_line' id='line_1_55' title="bbox 1949 2489 3538 2562; baseline 0.003 -15"><span class='ocrx_word' id='word_1_446' title='bbox 1949 2492 2051 2547; x_wconf 86' lang='lat' dir='ltr'><strong>sub</strong></span> <span class='ocrx_word' id='word_1_447' title='bbox 2080 2489 2272 2548; x_wconf 86' lang='lat' dir='ltr'><strong>Pontio</strong></span> <span class='ocrx_word' id='word_1_448' title='bbox 2302 2493 2478 2548; x_wconf 84' lang='lat' dir='ltr'><strong>Pilato</strong></span> <span class='ocrx_word' id='word_1_449' title='bbox 2503 2493 2843 2548; x_wconf 76' lang='lat' dir='ltr'><strong>cruciﬁxus?</strong></span> <span class='ocrx_word' id='word_1_450' title='bbox 2877 2494 3128 2551; x_wconf 87' lang='lat' dir='ltr'><strong>Christus</strong></span> <span class='ocrx_word' id='word_1_451' title='bbox 3154 2492 3334 2562; x_wconf 75' lang='lat' dir='ltr'><strong>Iesus,</strong></span> <span class='ocrx_word' id='word_1_452' title='bbox 3359 2494 3454 2551; x_wconf 84' lang='lat' dir='ltr'><strong>sed</strong></span> <span class='ocrx_word' id='word_1_453' title='bbox 3483 2496 3538 2552; x_wconf 91' lang='lat' dir='ltr'><strong>in</strong></span> 
     </span>
    </p>
   </div>
   <div class='ocr_carea' id='block_1_56' title="bbox 1950 2583 3536 2658">
    <p class='ocr_par' dir='ltr' id='par_1_56' title="bbox 1950 2583 3536 2658">
     <span class='ocr_line' id='line_1_56' title="bbox 1950 2583 3536 2658; baseline 0.001 -17"><span class='ocrx_word' id='word_1_454' title='bbox 1950 2584 2121 2641; x_wconf 82' lang='lat' dir='ltr'><strong>l‘orma</strong></span> <span class='ocrx_word' id='word_1_455' title='bbox 2164 2586 2324 2640; x_wconf 86' lang='lat' dir='ltr'><strong>servi.</strong></span> <span class='ocrx_word' id='word_1_456' title='bbox 2350 2583 2483 2641; x_wconf 86' lang='lat' dir='ltr'><strong>Item</strong></span> <span class='ocrx_word' id='word_1_457' title='bbox 2513 2586 2578 2641; x_wconf 88' lang='lat' dir='ltr'><strong>de</strong></span> <span class='ocrx_word' id='word_1_458' title='bbox 2617 2585 2845 2658; x_wconf 79' lang='lat' dir='ltr'><strong>singulis</strong></span> <span class='ocrx_word' id='word_1_459' title='bbox 2869 2586 3064 2657; x_wconf 87' lang='lat' dir='ltr'><strong>quibus</strong></span> <span class='ocrx_word' id='word_1_460' title='bbox 3090 2587 3251 2642; x_wconf 85' lang='lat' dir='ltr'><strong>homo</strong></span> <span class='ocrx_word' id='word_1_461' title='bbox 3302 2596 3536 2644; x_wconf 77' lang='lat' dir='ltr'><strong>constat.</strong></span> 
     </span>
    </p>
   </div>
   <div class='ocr_carea' id='block_1_57' title="bbox 1950 2672 3540 2749">
    <p class='ocr_par' dir='ltr' id='par_1_57' title="bbox 1950 2672 3540 2749">
     <span class='ocr_line' id='line_1_57' title="bbox 1950 2672 3540 2749; baseline 0.003 -18"><span class='ocrx_word' id='word_1_462' title='bbox 1950 2676 2083 2745; x_wconf 86' lang='lat' dir='ltr'><strong>Quis</strong></span> <span class='ocrx_word' id='word_1_463' title='bbox 2107 2693 2211 2733; x_wconf 93' lang='lat' dir='ltr'><strong>non</strong></span> <span class='ocrx_word' id='word_1_464' title='bbox 2240 2686 2323 2734; x_wconf 89' lang='lat' dir='ltr'><strong>est</strong></span> <span class='ocrx_word' id='word_1_465' title='bbox 2350 2672 2643 2737; x_wconf 83' lang='lat' dir='ltr'><strong>derelictus</strong></span> <span class='ocrx_word' id='word_1_466' title='bbox 2686 2678 2742 2735; x_wconf 91' lang='lat' dir='ltr'><strong>in</strong></span> <span class='ocrx_word' id='word_1_467' title='bbox 2786 2677 3036 2735; x_wconf 82' lang='lat' dir='ltr'><strong>inferno?</strong></span> <span class='ocrx_word' id='word_1_468' title='bbox 3061 2678 3311 2741; x_wconf 82' lang='lat' dir='ltr'><strong>Christus</strong></span> <span class='ocrx_word' id='word_1_469' title='bbox 3342 2678 3540 2749; x_wconf 83' lang='lat' dir='ltr'><strong>_Jesus,</strong></span> 
     </span>
    </p>
   </div>
   <div class='ocr_carea' id='block_1_58' title="bbox 1950 2756 3542 2836">
    <p class='ocr_par' dir='ltr' id='par_1_58' title="bbox 1950 2756 3542 2836">
     <span class='ocr_line' id='line_1_58' title="bbox 1950 2756 3542 2836; baseline 0.003 -14"><span class='ocrx_word' id='word_1_470' title='bbox 1950 2760 2045 2822; x_wconf 79' lang='lat' dir='ltr'><strong>sed</strong></span> <span class='ocrx_word' id='word_1_471' title='bbox 2070 2766 2126 2821; x_wconf 91' lang='lat' dir='ltr'><strong>in</strong></span> <span class='ocrx_word' id='word_1_472' title='bbox 2170 2768 2348 2822; x_wconf 90' lang='lat' dir='ltr'><strong>anima</strong></span> <span class='ocrx_word' id='word_1_473' title='bbox 2378 2767 2512 2823; x_wconf 88' lang='lat' dir='ltr'><strong>sola.</strong></span> <span class='ocrx_word' id='word_1_474' title='bbox 2545 2766 2678 2836; x_wconf 87' lang='lat' dir='ltr'><strong>Quis</strong></span> <span class='ocrx_word' id='word_1_475' title='bbox 2701 2777 2785 2825; x_wconf 88' lang='lat' dir='ltr'><strong>est</strong></span> <span class='ocrx_word' id='word_1_476' title='bbox 2823 2756 3243 2829; x_wconf 68' lang='lat' dir='ltr'><strong>resurrecturus</strong></span> <span class='ocrx_word' id='word_1_477' title='bbox 3272 2774 3327 2825; x_wconf 89' lang='lat' dir='ltr'><strong>ct</strong></span> <span class='ocrx_word' id='word_1_478' title='bbox 3363 2772 3542 2827; x_wconf 88' lang='lat' dir='ltr'><strong>triduo</strong></span> 
     </span>
    </p>
   </div>
   <div class='ocr_carea' id='block_1_59' title="bbox 1942 2847 3543 2929">
    <p class='ocr_par' dir='ltr' id='par_1_59' title="bbox 1942 2847 3543 2929">
     <span class='ocr_line' id='line_1_59' title="bbox 1942 2847 3543 2929; baseline 0.003 -17"><span class='ocrx_word' id='word_1_479' title='bbox 1942 2850 2118 2926; x_wconf 81' lang='lat' dir='ltr'><strong>jacuit</strong></span> <span class='ocrx_word' id='word_1_480' title='bbox 2160 2854 2215 2912; x_wconf 87' lang='lat' dir='ltr'><strong>in</strong></span> <span class='ocrx_word' id='word_1_481' title='bbox 2260 2853 2543 2929; x_wconf 80' lang='lat' dir='ltr'><strong>sepulcro?</strong></span> <span class='ocrx_word' id='word_1_482' title='bbox 2588 2858 2836 2915; x_wconf 76' lang='lat' dir='ltr'><strong>Christus</strong></span> <span class='ocrx_word' id='word_1_483' title='bbox 2861 2859 3040 2926; x_wconf 81' lang='lat' dir='ltr'><strong>Jesus,</strong></span> <span class='ocrx_word' id='word_1_484' title='bbox 3063 2861 3158 2918; x_wconf 88' lang='lat' dir='ltr'><strong>sed</strong></span> <span class='ocrx_word' id='word_1_485' title='bbox 3186 2862 3239 2917; x_wconf 90' lang='lat' dir='ltr'><strong>in</strong></span> <span class='ocrx_word' id='word_1_486' title='bbox 3271 2847 3387 2919; x_wconf 82' lang='lat' dir='ltr'><strong>sola</strong></span> <span class='ocrx_word' id='word_1_487' title='bbox 3420 2878 3543 2919; x_wconf 88' lang='lat' dir='ltr'><strong>car-</strong></span> 
     </span>
    </p>
   </div>
   <div class='ocr_carea' id='block_1_60' title="bbox 1950 2940 3541 3023">
    <p class='ocr_par' dir='ltr' id='par_1_60' title="bbox 1950 2940 3541 3023">
     <span class='ocr_line' id='line_1_60' title="bbox 1950 2940 3541 3023; baseline 0.003 -19"><span class='ocrx_word' id='word_1_488' title='bbox 1950 2963 2040 3005; x_wconf 89' lang='lat' dir='ltr'><strong>ne.</strong></span> <span class='ocrx_word' id='word_1_489' title='bbox 2070 2944 2280 3004; x_wconf 83' lang='lat' dir='ltr'><strong>Dicitur</strong></span> <span class='ocrx_word' id='word_1_490' title='bbox 2307 2964 2437 3020; x_wconf 74' lang='lat' dir='ltr'><strong>ergo</strong></span> <span class='ocrx_word' id='word_1_491' title='bbox 2466 2957 2519 3003; x_wconf 93' lang='lat' dir='ltr'><strong>et</strong></span> <span class='ocrx_word' id='word_1_492' title='bbox 2544 2948 2599 3005; x_wconf 86' lang='lat' dir='ltr'><strong>in</strong></span> <span class='ocrx_word' id='word_1_493' title='bbox 2624 2950 2710 3005; x_wconf 90' lang='lat' dir='ltr'><strong>his</strong></span> <span class='ocrx_word' id='word_1_494' title='bbox 2752 2940 2981 3023; x_wconf 78' lang='lat' dir='ltr'><strong>singulis</strong></span> <span class='ocrx_word' id='word_1_495' title='bbox 3008 2940 3256 3008; x_wconf 73' lang='lat' dir='ltr'><strong>Christus</strong></span> <span class='ocrx_word' id='word_1_496' title='bbox 3285 2970 3303 3021; x_wconf 83' lang='lat'><strong>;</strong></span> <span class='ocrx_word' id='word_1_497' title='bbox 3350 2969 3541 3009; x_wconf 85' lang='lat' dir='ltr'><strong>verum</strong></span> 
     </span>
    </p>
   </div>
   <div class='ocr_carea' id='block_1_61' title="bbox 1954 3030 3540 3109">
    <p class='ocr_par' dir='ltr' id='par_1_61' title="bbox 1954 3030 3540 3109">
     <span class='ocr_line' id='line_1_61' title="bbox 1954 3030 3540 3109; baseline 0.003 -14"><span class='ocrx_word' id='word_1_498' title='bbox 1954 3039 2071 3095; x_wconf 64' lang='lat' dir='ltr'><strong>hac</strong></span> <span class='ocrx_word' id='word_1_499' title='bbox 2096 3039 2279 3096; x_wconf 88' lang='lat' dir='ltr'><strong>omnia</strong></span> <span class='ocrx_word' id='word_1_500' title='bbox 2308 3056 2417 3095; x_wconf 91' lang='lat' dir='ltr'><strong>non</strong></span> <span class='ocrx_word' id='word_1_501' title='bbox 2460 3039 2567 3095; x_wconf 91' lang='lat' dir='ltr'><strong>duo</strong></span> <span class='ocrx_word' id='word_1_502' title='bbox 2589 3040 2675 3095; x_wconf 85' lang='lat' dir='ltr'><strong>vel</strong></span> <span class='ocrx_word' id='word_1_503' title='bbox 2698 3048 2828 3109; x_wconf 83' lang='lat' dir='ltr'><strong>tres,</strong></span> <span class='ocrx_word' id='word_1_504' title='bbox 2858 3041 2954 3097; x_wconf 84' lang='lat' dir='ltr'><strong>sed</strong></span> <span class='ocrx_word' id='word_1_505' title='bbox 2983 3058 3125 3097; x_wconf 89' lang='lat' dir='ltr'><strong>unus</strong></span> <span class='ocrx_word' id='word_1_506' title='bbox 3147 3050 3234 3099; x_wconf 84' lang='lat' dir='ltr'><strong>est</strong></span> <span class='ocrx_word' id='word_1_507' title='bbox 3257 3030 3540 3109; x_wconf 81' lang='lat' dir='ltr'><strong>Christus;</strong></span> 
     </span>
    </p>
   </div>
   <div class='ocr_carea' id='block_1_62' title="bbox 267 3111 3542 3205">
    <p class='ocr_par' dir='ltr' id='par_1_62' title="bbox 267 3111 3542 3205">
     <span class='ocr_line' id='line_1_62' title="bbox 267 3111 3542 3205; baseline 0 -17"><span class='ocrx_word' id='word_1_508' title='bbox 267 3111 509 3189; x_wconf 52' lang='lat' dir='ltr'><strong>citerius</strong></span> <span class='ocrx_word' id='word_1_509' title='bbox 540 3133 593 3188; x_wconf 88' lang='lat' dir='ltr'><strong>in</strong></span> <span class='ocrx_word' id='word_1_510' title='bbox 618 3144 843 3187; x_wconf 82' lang='lat' dir='ltr'><strong>vacuum</strong></span> <span class='ocrx_word' id='word_1_511' title='bbox 880 3129 1106 3186; x_wconf 85' lang='lat' dir='ltr'><strong>laborat.</strong></span> <span class='ocrx_word' id='word_1_512' title='bbox 1132 3129 1303 3183; x_wconf 80' lang='lat' dir='ltr'><strong>Aliter</strong></span> <span class='ocrx_word' id='word_1_513' title='bbox 1324 3128 1506 3200; x_wconf 87' lang='lat' dir='ltr'><strong>itaque</strong></span> <span class='ocrx_word' id='word_1_514' title='bbox 1552 3127 1850 3197; x_wconf 68' lang='lat' dir='ltr'><strong>prtedi&#39;can-</strong></span> <span class='ocrx_word' id='word_1_515' title='bbox 1875 3111 1920 3175; x_wconf 87' lang='lat' dir='ltr'><strong>C</strong></span> <span class='ocrx_word' id='word_1_516' title='bbox 1951 3132 2074 3188; x_wconf 78' lang='lat' dir='ltr'><strong>ideo</strong></span> <span class='ocrx_word' id='word_1_517' title='bbox 2095 3146 2226 3205; x_wconf 71' lang='lat' dir='ltr'><strong>ergo</strong></span> <span class='ocrx_word' id='word_1_518' title='bbox 2254 3125 2422 3188; x_wconf 82' lang='lat' dir='ltr'><strong>dicit:</strong></span> <span class='ocrx_word' id='word_1_519' title='bbox 2457 3130 2516 3188; x_wconf 79' lang='lat' dir='ltr'><strong>Si</strong></span> <span class='ocrx_word' id='word_1_520' title='bbox 2546 3112 2833 3204; x_wconf 72' lang='lat' dir='ltr'><strong>diligeretis</strong></span> <span class='ocrx_word' id='word_1_521' title='bbox 2874 3149 2979 3199; x_wconf 77' lang='lat' dir='ltr'><strong>me,</strong></span> <span class='ocrx_word' id='word_1_522' title='bbox 3002 3116 3308 3204; x_wconf 69' lang='lat' dir='ltr'><strong>gaudentis</strong></span> <span class='ocrx_word' id='word_1_523' title='bbox 3339 3134 3542 3205; x_wconf 76' lang='lat' dir='ltr'><strong>utique,</strong></span> 
     </span>
    </p>
   </div>
   <div class='ocr_carea' id='block_1_63' title="bbox 269 3215 1849 3289">
    <p class='ocr_par' dir='ltr' id='par_1_63' title="bbox 269 3215 1849 3289">
     <span class='ocr_line' id='line_1_63' title="bbox 269 3215 1849 3289; baseline -0.007 -8"><span class='ocrx_word' id='word_1_524' title='bbox 269 3237 382 3281; x_wconf 84' lang='lat' dir='ltr'><strong>tem</strong></span> <span class='ocrx_word' id='word_1_525' title='bbox 411 3225 684 3281; x_wconf 85' lang='lat' dir='ltr'><strong>Christum</strong></span> <span class='ocrx_word' id='word_1_526' title='bbox 726 3223 1011 3279; x_wconf 85' lang='lat' dir='ltr'><strong>audierunt</strong></span> <span class='ocrx_word' id='word_1_527' title='bbox 1042 3218 1233 3285; x_wconf 58' lang='lat' dir='ltr'><strong>Judaei,</strong></span> <span class='ocrx_word' id='word_1_528' title='bbox 1263 3218 1420 3274; x_wconf 88' lang='lat' dir='ltr'><strong>aliter</strong></span> <span class='ocrx_word' id='word_1_529' title='bbox 1466 3217 1691 3289; x_wconf 78' lang='lat' dir='ltr'><strong>apostoli</strong></span> <span class='ocrx_word' id='word_1_530' title='bbox 1726 3230 1740 3270; x_wconf 93' lang='lat'><strong>:</strong></span> <span class='ocrx_word' id='word_1_531' title='bbox 1774 3215 1849 3270; x_wconf 86' lang='lat' dir='ltr'><strong>illi</strong></span> 
     </span>
    </p>
   </div>
   <div class='ocr_carea' id='block_1_64' title="bbox 270 3308 1848 3391">
    <p class='ocr_par' dir='ltr' id='par_1_64' title="bbox 270 3308 1848 3391">
     <span class='ocr_line' id='line_1_64' title="bbox 270 3308 1848 3391; baseline -0.007 -15"><span class='ocrx_word' id='word_1_532' title='bbox 270 3322 339 3376; x_wconf 83' lang='lat' dir='ltr'><strong>ad</strong></span> <span class='ocrx_word' id='word_1_533' title='bbox 362 3319 655 3391; x_wconf 86' lang='lat' dir='ltr'><strong>judicium,</strong></span> <span class='ocrx_word' id='word_1_534' title='bbox 705 3317 791 3373; x_wconf 88' lang='lat' dir='ltr'><strong>isti</strong></span> <span class='ocrx_word' id='word_1_535' title='bbox 833 3319 900 3372; x_wconf 87' lang='lat' dir='ltr'><strong>ad</strong></span> <span class='ocrx_word' id='word_1_536' title='bbox 937 3316 1187 3379; x_wconf 79' lang='lat' dir='ltr'><strong>salutem,</strong></span> <span class='ocrx_word' id='word_1_537' title='bbox 1222 3314 1346 3384; x_wconf 74' lang='lat' dir='ltr'><strong>quia</strong></span> <span class='ocrx_word' id='word_1_538' title='bbox 1396 3313 1495 3370; x_wconf 90' lang='lat' dir='ltr'><strong>hos</strong></span> <span class='ocrx_word' id='word_1_539' title='bbox 1544 3311 1767 3383; x_wconf 84' lang='lat' dir='ltr'><strong>spiritus</strong></span> <span class='ocrx_word' id='word_1_540' title='bbox 1795 3308 1848 3365; x_wconf 92' lang='lat' dir='ltr'><strong>in</strong></span> 
     </span>
    </p>
   </div>
   <div class='ocr_carea' id='block_1_65' title="bbox 270 3403 1540 3479">
    <p class='ocr_par' dir='ltr' id='par_1_65' title="bbox 270 3403 1540 3479">
     <span class='ocr_line' id='line_1_65' title="bbox 270 3403 1540 3479; baseline -0.004 -15"><span class='ocrx_word' id='word_1_541' title='bbox 270 3411 456 3464; x_wconf 75' lang='lat' dir='ltr'><strong>animo</strong></span> <span class='ocrx_word' id='word_1_542' title='bbox 482 3409 663 3463; x_wconf 84' lang='lat' dir='ltr'><strong>docuit</strong></span> <span class='ocrx_word' id='word_1_543' title='bbox 686 3423 804 3479; x_wconf 66' lang='lat' dir='ltr'><strong>quae</strong></span> <span class='ocrx_word' id='word_1_544' title='bbox 830 3403 961 3461; x_wconf 81' lang='lat' dir='ltr'><strong>foris</strong></span> <span class='ocrx_word' id='word_1_545' title='bbox 994 3405 1279 3461; x_wconf 84' lang='lat' dir='ltr'><strong>audierunt</strong></span> <span class='ocrx_word' id='word_1_546' title='bbox 1308 3406 1361 3458; x_wconf 90' lang='lat' dir='ltr'><strong>in</strong></span> <span class='ocrx_word' id='word_1_547' title='bbox 1390 3412 1540 3459; x_wconf 84' lang='lat' dir='ltr'><strong>aure.</strong></span> 
     </span>
    </p>
   </div>
   <div class='ocr_carea' id='block_1_66' title="bbox 346 3486 1849 3571">
    <p class='ocr_par' dir='ltr' id='par_1_66' title="bbox 346 3486 1849 3571">
     <span class='ocr_line' id='line_1_66' title="bbox 346 3486 1849 3571; baseline -0.003 -18"><span class='ocrx_word' id='word_1_548' title='bbox 346 3498 537 3554; x_wconf 78' lang='lat' dir='ltr'><strong>Parem</strong></span> <span class='ocrx_word' id='word_1_549' title='bbox 558 3498 793 3571; x_wconf 80' lang='lat' dir='ltr'><strong>relinquo</strong></span> <span class='ocrx_word' id='word_1_550' title='bbox 821 3497 961 3551; x_wconf 80' lang='lat' dir='ltr'><strong>vobis</strong></span> <span class='ocrx_word' id='word_1_551' title='bbox 986 3538 1001 3562; x_wconf 94' lang='lat'><strong>,</strong></span> <span class='ocrx_word' id='word_1_552' title='bbox 1053 3510 1233 3568; x_wconf 79' lang='lat' dir='ltr'><strong>pacem</strong></span> <span class='ocrx_word' id='word_1_553' title='bbox 1284 3502 1451 3549; x_wconf 74' lang='lat' dir='ltr'><strong>meum</strong></span> <span class='ocrx_word' id='word_1_554' title='bbox 1493 3495 1561 3549; x_wconf 80' lang='lat' dir='ltr'><strong>do</strong></span> <span class='ocrx_word' id='word_1_555' title='bbox 1599 3486 1738 3549; x_wconf 72' lang='lat' dir='ltr'><strong>vobis</strong></span> <span class='ocrx_word' id='word_1_556' title='bbox 1792 3494 1849 3549; x_wconf 89' lang='lat' dir='ltr'><strong>ln</strong></span> 
     </span>
    </p>
   </div>
   <div class='ocr_carea' id='block_1_67' title="bbox 271 3584 1855 3663">
    <p class='ocr_par' dir='ltr' id='par_1_67' title="bbox 271 3584 1855 3663">
     <span class='ocr_line' id='line_1_67' title="bbox 271 3584 1855 3663; baseline -0.005 -17"><span class='ocrx_word' id='word_1_557' title='bbox 271 3606 406 3663; x_wconf 87' lang='lat' dir='ltr'><strong>pace</strong></span> <span class='ocrx_word' id='word_1_558' title='bbox 430 3590 674 3661; x_wconf 81' lang='lat' dir='ltr'><strong>relinquo</strong></span> <span class='ocrx_word' id='word_1_559' title='bbox 701 3603 819 3653; x_wconf 89' lang='lat' dir='ltr'><strong>vos,</strong></span> <span class='ocrx_word' id='word_1_560' title='bbox 846 3588 900 3642; x_wconf 84' lang='lat' dir='ltr'><strong>in</strong></span> <span class='ocrx_word' id='word_1_561' title='bbox 928 3590 1061 3657; x_wconf 69' lang='lat' dir='ltr'><strong>pate</strong></span> <span class='ocrx_word' id='word_1_562' title='bbox 1086 3585 1354 3641; x_wconf 73' lang='lat' dir='ltr'><strong>inveniam</strong></span> <span class='ocrx_word' id='word_1_563' title='bbox 1396 3594 1523 3651; x_wconf 83' lang='lat' dir='ltr'><strong>vos;</strong></span> <span class='ocrx_word' id='word_1_564' title='bbox 1575 3584 1663 3639; x_wconf 85' lang='lat' dir='ltr'><strong>hic</strong></span> <span class='ocrx_word' id='word_1_565' title='bbox 1694 3584 1855 3639; x_wconf 82' lang='lat' dir='ltr'><strong>relin-</strong></span> 
     </span>
    </p>
   </div>
   <div class='ocr_carea' id='block_1_68' title="bbox 274 3676 1856 3757">
    <p class='ocr_par' dir='ltr' id='par_1_68' title="bbox 274 3676 1856 3757">
     <span class='ocr_line' id='line_1_68' title="bbox 274 3676 1856 3757; baseline -0.006 -16"><span class='ocrx_word' id='word_1_566' title='bbox 274 3700 407 3757; x_wconf 84' lang='lat' dir='ltr'><strong>quo,</strong></span> <span class='ocrx_word' id='word_1_567' title='bbox 438 3684 546 3741; x_wconf 81' lang='lat' dir='ltr'><strong>illic</strong></span> <span class='ocrx_word' id='word_1_568' title='bbox 571 3684 676 3750; x_wconf 89' lang='lat' dir='ltr'><strong>do;</strong></span> <span class='ocrx_word' id='word_1_569' title='bbox 710 3681 1058 3751; x_wconf 86' lang='lat' dir='ltr'><strong>sequentibus</strong></span> <span class='ocrx_word' id='word_1_570' title='bbox 1090 3680 1354 3749; x_wconf 88' lang='lat' dir='ltr'><strong>relinquo,</strong></span> <span class='ocrx_word' id='word_1_571' title='bbox 1405 3676 1856 3747; x_wconf 67' lang='lat' dir='ltr'><strong>praevenientibus</strong></span> 
     </span>
    </p>
   </div>
   <div class='ocr_carea' id='block_1_69' title="bbox 275 3766 1853 3841">
    <p class='ocr_par' dir='ltr' id='par_1_69' title="bbox 275 3766 1853 3841">
     <span class='ocr_line' id='line_1_69' title="bbox 275 3766 1853 3841; baseline -0.008 -8"><span class='ocrx_word' id='word_1_572' title='bbox 275 3779 364 3833; x_wconf 83' lang='lat' dir='ltr'><strong>do.</strong></span> <span class='ocrx_word' id='word_1_573' title='bbox 399 3776 591 3831; x_wconf 84' lang='lat' dir='ltr'><strong>Pacem</strong></span> <span class='ocrx_word' id='word_1_574' title='bbox 612 3788 766 3831; x_wconf 84' lang='lat' dir='ltr'><strong>suam</strong></span> <span class='ocrx_word' id='word_1_575' title='bbox 797 3772 1015 3841; x_wconf 85' lang='lat' dir='ltr'><strong>reliquit</strong></span> <span class='ocrx_word' id='word_1_576' title='bbox 1036 3770 1190 3826; x_wconf 88' lang='lat' dir='ltr'><strong>nobis</strong></span> <span class='ocrx_word' id='word_1_577' title='bbox 1220 3770 1279 3824; x_wconf 84' lang='lat' dir='ltr'><strong>in</strong></span> <span class='ocrx_word' id='word_1_578' title='bbox 1307 3770 1411 3831; x_wconf 82' lang='lat' dir='ltr'><strong>hoc</strong></span> <span class='ocrx_word' id='word_1_579' title='bbox 1434 3766 1853 3837; x_wconf 69' lang='lat' dir='ltr'><strong>sreculo,pacem</strong></span> 
     </span>
    </p>
   </div>
   <div class='ocr_carea' id='block_1_70' title="bbox 276 3856 1858 3923">
    <p class='ocr_par' dir='ltr' id='par_1_70' title="bbox 276 3856 1858 3923">
     <span class='ocr_line' id='line_1_70' title="bbox 276 3856 1858 3923; baseline -0.008 0"><span class='ocrx_word' id='word_1_580' title='bbox 276 3882 431 3923; x_wconf 86' lang='lat' dir='ltr'><strong>suam</strong></span> <span class='ocrx_word' id='word_1_581' title='bbox 459 3866 605 3922; x_wconf 87' lang='lat' dir='ltr'><strong>dabit</strong></span> <span class='ocrx_word' id='word_1_582' title='bbox 631 3862 785 3919; x_wconf 87' lang='lat' dir='ltr'><strong>nobis</strong></span> <span class='ocrx_word' id='word_1_583' title='bbox 824 3862 877 3917; x_wconf 90' lang='lat' dir='ltr'><strong>in</strong></span> <span class='ocrx_word' id='word_1_584' title='bbox 910 3861 1091 3915; x_wconf 80' lang='lat' dir='ltr'><strong>futuro</strong></span> <span class='ocrx_word' id='word_1_585' title='bbox 1117 3859 1334 3915; x_wconf 77' lang='lat' dir='ltr'><strong>sreculo.</strong></span> <span class='ocrx_word' id='word_1_586' title='bbox 1377 3856 1574 3913; x_wconf 84' lang='lat' dir='ltr'><strong>Pacem</strong></span> <span class='ocrx_word' id='word_1_587' title='bbox 1601 3868 1751 3912; x_wconf 89' lang='lat' dir='ltr'><strong>suam</strong></span> <span class='ocrx_word' id='word_1_588' title='bbox 1773 3871 1858 3911; x_wconf 89' lang='lat' dir='ltr'><strong>re-</strong></span> 
     </span>
    </p>
   </div>
   <div class='ocr_carea' id='block_1_71' title="bbox 276 3950 1857 4029">
    <p class='ocr_par' dir='ltr' id='par_1_71' title="bbox 276 3950 1857 4029">
     <span class='ocr_line' id='line_1_71' title="bbox 276 3950 1857 4029; baseline -0.006 -16"><span class='ocrx_word' id='word_1_589' title='bbox 276 3959 433 4029; x_wconf 82' lang='lat' dir='ltr'><strong>liquit</strong></span> <span class='ocrx_word' id='word_1_590' title='bbox 457 3958 628 4023; x_wconf 86' lang='lat' dir='ltr'><strong>nobis,</strong></span> <span class='ocrx_word' id='word_1_591' title='bbox 653 3965 712 4011; x_wconf 89' lang='lat' dir='ltr'><strong>ut</strong></span> <span class='ocrx_word' id='word_1_592' title='bbox 734 3968 833 4011; x_wconf 84' lang='lat' dir='ltr'><strong>nes</strong></span> <span class='ocrx_word' id='word_1_593' title='bbox 861 3954 1091 4010; x_wconf 82' lang='lat' dir='ltr'><strong>invicem</strong></span> <span class='ocrx_word' id='word_1_594' title='bbox 1112 3951 1417 4023; x_wconf 82' lang='lat' dir='ltr'><strong>diligamus.</strong></span> <span class='ocrx_word' id='word_1_595' title='bbox 1450 3950 1647 4007; x_wconf 85' lang='lat' dir='ltr'><strong>Pacem</strong></span> <span class='ocrx_word' id='word_1_596' title='bbox 1701 3964 1857 4005; x_wconf 88' lang='lat' dir='ltr'><strong>suam</strong></span> 
     </span>
    </p>
   </div>
   <div class='ocr_carea' id='block_1_72' title="bbox 277 4040 1861 4116">
    <p class='ocr_par' dir='ltr' id='par_1_72' title="bbox 277 4040 1861 4116">
     <span class='ocr_line' id='line_1_72' title="bbox 277 4040 1861 4116; baseline -0.006 -13"><span class='ocrx_word' id='word_1_597' title='bbox 277 4051 427 4105; x_wconf 81' lang='lat' dir='ltr'><strong>dabit</strong></span> <span class='ocrx_word' id='word_1_598' title='bbox 451 4049 623 4114; x_wconf 88' lang='lat' dir='ltr'><strong>nobis,</strong></span> <span class='ocrx_word' id='word_1_599' title='bbox 656 4047 746 4103; x_wconf 89' lang='lat' dir='ltr'><strong>ubi</strong></span> <span class='ocrx_word' id='word_1_600' title='bbox 788 4060 1062 4116; x_wconf 87' lang='lat' dir='ltr'><strong>nunquam</strong></span> <span class='ocrx_word' id='word_1_601' title='bbox 1092 4044 1317 4099; x_wconf 78' lang='lat' dir='ltr'><strong>invicem</strong></span> <span class='ocrx_word' id='word_1_602' title='bbox 1369 4040 1659 4097; x_wconf 85' lang='lat' dir='ltr'><strong>dissentire</strong></span> <span class='ocrx_word' id='word_1_603' title='bbox 1687 4040 1861 4110; x_wconf 85' lang='lat' dir='ltr'><strong>possi-</strong></span> 
     </span>
    </p>
   </div>
   <div class='ocr_carea' id='block_1_73' title="bbox 282 4130 1861 4208">
    <p class='ocr_par' dir='ltr' id='par_1_73' title="bbox 282 4130 1861 4208">
     <span class='ocr_line' id='line_1_73' title="bbox 282 4130 1861 4208; baseline -0.006 -13"><span class='ocrx_word' id='word_1_604' title='bbox 282 4157 421 4196; x_wconf 86' lang='lat' dir='ltr'><strong>mus.</strong></span> <span class='ocrx_word' id='word_1_605' title='bbox 461 4139 597 4207; x_wconf 79' lang='lat' dir='ltr'><strong>Quid</strong></span> <span class='ocrx_word' id='word_1_606' title='bbox 620 4147 701 4195; x_wconf 87' lang='lat' dir='ltr'><strong>est</strong></span> <span class='ocrx_word' id='word_1_607' title='bbox 729 4138 870 4208; x_wconf 82' lang='lat' dir='ltr'><strong>quod</strong></span> <span class='ocrx_word' id='word_1_608' title='bbox 896 4135 1067 4192; x_wconf 88' lang='lat' dir='ltr'><strong>dicit:</strong></span> <span class='ocrx_word' id='word_1_609' title='bbox 1103 4130 1294 4188; x_wconf 70' lang='lat' dir='ltr'><strong>Pacem</strong></span> <span class='ocrx_word' id='word_1_610' title='bbox 1321 4144 1490 4188; x_wconf 81' lang='lat' dir='ltr'><strong>meam</strong></span> <span class='ocrx_word' id='word_1_611' title='bbox 1527 4131 1595 4186; x_wconf 83' lang='lat' dir='ltr'><strong>do</strong></span> <span class='ocrx_word' id='word_1_612' title='bbox 1624 4131 1861 4194; x_wconf 78' lang='lat' dir='ltr'><strong>vobis,et</strong></span> 
     </span>
    </p>
   </div>
   <div class='ocr_carea' id='block_1_74' title="bbox 279 4221 1863 4296">
    <p class='ocr_par' dir='ltr' id='par_1_74' title="bbox 279 4221 1863 4296">
     <span class='ocr_line' id='line_1_74' title="bbox 279 4221 1863 4296; baseline -0.007 -8"><span class='ocrx_word' id='word_1_613' title='bbox 279 4244 391 4288; x_wconf 84' lang='lat' dir='ltr'><strong>non</strong></span> <span class='ocrx_word' id='word_1_614' title='bbox 419 4232 583 4286; x_wconf 74' lang='lat' dir='ltr'><strong>dixit:</strong></span> <span class='ocrx_word' id='word_1_615' title='bbox 617 4232 808 4286; x_wconf 88' lang='lat' dir='ltr'><strong>Pacem</strong></span> <span class='ocrx_word' id='word_1_616' title='bbox 856 4243 1034 4284; x_wconf 88' lang='lat' dir='ltr'><strong>meam</strong></span> <span class='ocrx_word' id='word_1_617' title='bbox 1078 4226 1325 4296; x_wconf 87' lang='lat' dir='ltr'><strong>relinquo</strong></span> <span class='ocrx_word' id='word_1_618' title='bbox 1372 4222 1572 4278; x_wconf 84' lang='lat' dir='ltr'><strong>vobis?</strong></span> <span class='ocrx_word' id='word_1_619' title='bbox 1616 4221 1863 4277; x_wconf 80' lang='lat' dir='ltr'><strong>fortassis</strong></span> 
     </span>
    </p>
   </div>
   <div class='ocr_carea' id='block_1_75' title="bbox 281 4311 1861 4392">
    <p class='ocr_par' dir='ltr' id='par_1_75' title="bbox 281 4311 1861 4392">
     <span class='ocr_line' id='line_1_75' title="bbox 281 4311 1861 4392; baseline -0.004 -18"><span class='ocrx_word' id='word_1_620' title='bbox 281 4324 410 4392; x_wconf 84' lang='lat' dir='ltr'><strong>quia</strong></span> <span class='ocrx_word' id='word_1_621' title='bbox 440 4322 594 4376; x_wconf 80' lang='lat' dir='ltr'><strong>aliter</strong></span> <span class='ocrx_word' id='word_1_622' title='bbox 622 4336 784 4386; x_wconf 84' lang='lat' dir='ltr'><strong>nunc,</strong></span> <span class='ocrx_word' id='word_1_623' title='bbox 810 4320 968 4374; x_wconf 87' lang='lat' dir='ltr'><strong>aliter</strong></span> <span class='ocrx_word' id='word_1_624' title='bbox 1002 4328 1151 4382; x_wconf 90' lang='lat' dir='ltr'><strong>tunc,</strong></span> <span class='ocrx_word' id='word_1_625' title='bbox 1170 4326 1273 4387; x_wconf 74' lang='lat' dir='ltr'><strong>pax</strong></span> <span class='ocrx_word' id='word_1_626' title='bbox 1300 4315 1421 4370; x_wconf 83' lang='lat' dir='ltr'><strong>erit.</strong></span> <span class='ocrx_word' id='word_1_627' title='bbox 1442 4312 1542 4369; x_wconf 80' lang='lat' dir='ltr'><strong>llic</strong></span> <span class='ocrx_word' id='word_1_628' title='bbox 1569 4324 1701 4367; x_wconf 88' lang='lat' dir='ltr'><strong>vero</strong></span> <span class='ocrx_word' id='word_1_629' title='bbox 1723 4311 1861 4367; x_wconf 87' lang='lat' dir='ltr'><strong>bella</strong></span> 
     </span>
    </p>
   </div>
   <div class='ocr_carea' id='block_1_76' title="bbox 281 4404 1863 4476">
    <p class='ocr_par' dir='ltr' id='par_1_76' title="bbox 281 4404 1863 4476">
     <span class='ocr_line' id='line_1_76' title="bbox 281 4404 1863 4476; baseline -0.006 -6"><span class='ocrx_word' id='word_1_630' title='bbox 281 4430 408 4470; x_wconf 70' lang='lat' dir='ltr'><strong>cum</strong></span> <span class='ocrx_word' id='word_1_631' title='bbox 440 4414 584 4469; x_wconf 78' lang='lat' dir='ltr'><strong>vitiis</strong></span> <span class='ocrx_word' id='word_1_632' title='bbox 624 4412 904 4476; x_wconf 83' lang='lat' dir='ltr'><strong>habemus,</strong></span> <span class='ocrx_word' id='word_1_633' title='bbox 932 4410 1053 4465; x_wconf 86' lang='lat' dir='ltr'><strong>ideo</strong></span> <span class='ocrx_word' id='word_1_634' title='bbox 1096 4420 1203 4463; x_wconf 88' lang='lat' dir='ltr'><strong>non</strong></span> <span class='ocrx_word' id='word_1_635' title='bbox 1241 4406 1469 4473; x_wconf 82' lang='lat' dir='ltr'><strong>addidit,</strong></span> <span class='ocrx_word' id='word_1_636' title='bbox 1494 4418 1708 4471; x_wconf 83' lang='lat' dir='ltr'><strong>meam;</strong></span> <span class='ocrx_word' id='word_1_637' title='bbox 1751 4404 1863 4461; x_wconf 91' lang='lat' dir='ltr'><strong>illic</strong></span> 
     </span>
    </p>
   </div>
   <div class='ocr_carea' id='block_1_77' title="bbox 1948 3214 3545 3293">
    <p class='ocr_par' dir='ltr' id='par_1_77' title="bbox 1948 3214 3545 3293">
     <span class='ocr_line' id='line_1_77' title="bbox 1948 3214 3545 3293; baseline 0.002 -17"><span class='ocrx_word' id='word_1_638' title='bbox 1948 3224 2074 3293; x_wconf 70' lang='lat' dir='ltr'><strong>quia</strong></span> <span class='ocrx_word' id='word_1_639' title='bbox 2123 3220 2255 3277; x_wconf 84' lang='lat' dir='ltr'><strong>vado</strong></span> <span class='ocrx_word' id='word_1_640' title='bbox 2310 3220 2379 3276; x_wconf 83' lang='lat' dir='ltr'><strong>ad</strong></span> <span class='ocrx_word' id='word_1_641' title='bbox 2421 3215 2663 3276; x_wconf 81' lang='lat' dir='ltr'><strong>Patrem.</strong></span> <span class='ocrx_word' id='word_1_642' title='bbox 2730 3222 2998 3290; x_wconf 86' lang='lat' dir='ltr'><strong>Quoniam</strong></span> <span class='ocrx_word' id='word_1_643' title='bbox 3044 3214 3254 3279; x_wconf 69' lang='lat' dir='ltr'><strong>natura:</strong></span> <span class='ocrx_word' id='word_1_644' title='bbox 3292 3222 3545 3279; x_wconf 83' lang='lat' dir='ltr'><strong>humanae</strong></span> 
     </span>
    </p>
   </div>
   <div class='ocr_carea' id='block_1_78' title="bbox 1949 3312 3542 3395">
    <p class='ocr_par' dir='ltr' id='par_1_78' title="bbox 1949 3312 3542 3395">
     <span class='ocr_line' id='line_1_78' title="bbox 1949 3312 3542 3395; baseline 0.003 -28"><span class='ocrx_word' id='word_1_645' title='bbox 1949 3313 2328 3388; x_wconf 78' lang='lat' dir='ltr'><strong>gratulandum</strong></span> <span class='ocrx_word' id='word_1_646' title='bbox 2357 3321 2463 3385; x_wconf 81' lang='lat' dir='ltr'><strong>est,</strong></span> <span class='ocrx_word' id='word_1_647' title='bbox 2486 3328 2553 3369; x_wconf 86' lang='lat' dir='ltr'><strong>eo</strong></span> <span class='ocrx_word' id='word_1_648' title='bbox 2573 3312 2718 3386; x_wconf 70' lang='lat' dir='ltr'><strong>quod</strong></span> <span class='ocrx_word' id='word_1_649' title='bbox 2747 3323 3026 3384; x_wconf 86' lang='lat' dir='ltr'><strong>assumpta</strong></span> <span class='ocrx_word' id='word_1_650' title='bbox 3051 3315 3124 3371; x_wconf 90' lang='lat' dir='ltr'><strong>sit</strong></span> <span class='ocrx_word' id='word_1_651' title='bbox 3158 3313 3385 3373; x_wconf 81' lang='lat' dir='ltr'><strong>aVerbo</strong></span> <span class='ocrx_word' id='word_1_652' title='bbox 3416 3317 3542 3395; x_wconf 76' lang='lat' dir='ltr'><strong>uni-</strong></span> 
     </span>
    </p>
   </div>
   <div class='ocr_carea' id='block_1_79' title="bbox 1951 3396 3546 3478">
    <p class='ocr_par' dir='ltr' id='par_1_79' title="bbox 1951 3396 3546 3478">
     <span class='ocr_line' id='line_1_79' title="bbox 1951 3396 3546 3478; baseline 0.001 -17"><span class='ocrx_word' id='word_1_653' title='bbox 1951 3406 2154 3478; x_wconf 77' lang='lat' dir='ltr'><strong>genito,</strong></span> <span class='ocrx_word' id='word_1_654' title='bbox 2182 3406 2243 3461; x_wconf 84' lang='lat' dir='ltr'><strong>ut</strong></span> <span class='ocrx_word' id='word_1_655' title='bbox 2276 3400 2598 3462; x_wconf 81' lang='lat' dir='ltr'><strong>immortalis</strong></span> <span class='ocrx_word' id='word_1_656' title='bbox 2644 3400 3068 3462; x_wconf 82' lang='lat' dir='ltr'><strong>constitueretur</strong></span> <span class='ocrx_word' id='word_1_657' title='bbox 3117 3406 3173 3461; x_wconf 91' lang='lat' dir='ltr'><strong>in</strong></span> <span class='ocrx_word' id='word_1_658' title='bbox 3220 3396 3360 3464; x_wconf 66' lang='lat' dir='ltr'><strong>uelo</strong></span> <span class='ocrx_word' id='word_1_659' title='bbox 3387 3445 3404 3473; x_wconf 85' lang='lat'><strong>,</strong></span> <span class='ocrx_word' id='word_1_660' title='bbox 3440 3406 3546 3463; x_wconf 88' lang='lat' dir='ltr'><strong>hoc</strong></span> 
     </span>
    </p>
   </div>
   <div class='ocr_carea' id='block_1_80' title="bbox 1951 3486 3546 3570">
    <p class='ocr_par' dir='ltr' id='par_1_80' title="bbox 1951 3486 3546 3570">
     <span class='ocr_line' id='line_1_80' title="bbox 1951 3486 3546 3570; baseline 0.001 -17"><span class='ocrx_word' id='word_1_661' title='bbox 1951 3498 2095 3553; x_wconf 91' lang='lat' dir='ltr'><strong>enim</strong></span> <span class='ocrx_word' id='word_1_662' title='bbox 2124 3495 2284 3553; x_wconf 84' lang='lat' dir='ltr'><strong>modo</strong></span> <span class='ocrx_word' id='word_1_663' title='bbox 2306 3512 2364 3553; x_wconf 89' lang='lat' dir='ltr'><strong>se</strong></span> <span class='ocrx_word' id='word_1_664' title='bbox 2393 3494 2595 3552; x_wconf 87' lang='lat' dir='ltr'><strong>iturum</strong></span> <span class='ocrx_word' id='word_1_665' title='bbox 2625 3486 2763 3553; x_wconf 76' lang='lat' dir='ltr'><strong>dixit</strong></span> <span class='ocrx_word' id='word_1_666' title='bbox 2798 3498 2866 3553; x_wconf 89' lang='lat' dir='ltr'><strong>ad</strong></span> <span class='ocrx_word' id='word_1_667' title='bbox 2885 3488 3119 3553; x_wconf 81' lang='lat' dir='ltr'><strong>Patrem.</strong></span> <span class='ocrx_word' id='word_1_668' title='bbox 3144 3496 3263 3554; x_wconf 85' lang='lat' dir='ltr'><strong>Non</strong></span> <span class='ocrx_word' id='word_1_669' title='bbox 3302 3496 3546 3570; x_wconf 83' lang='lat' dir='ltr'><strong>profecto</strong></span> 
     </span>
    </p>
   </div>
   <div class='ocr_carea' id='block_1_81' title="bbox 1954 3580 3547 3659">
    <p class='ocr_par' dir='ltr' id='par_1_81' title="bbox 1954 3580 3547 3659">
     <span class='ocr_line' id='line_1_81' title="bbox 1954 3580 3547 3659; baseline 0.002 -15"><span class='ocrx_word' id='word_1_670' title='bbox 1954 3590 2022 3644; x_wconf 89' lang='lat' dir='ltr'><strong>ad</strong></span> <span class='ocrx_word' id='word_1_671' title='bbox 2059 3588 2206 3643; x_wconf 91' lang='lat' dir='ltr'><strong>illum</strong></span> <span class='ocrx_word' id='word_1_672' title='bbox 2237 3587 2368 3654; x_wconf 85' lang='lat' dir='ltr'><strong>ibat,</strong></span> <span class='ocrx_word' id='word_1_673' title='bbox 2400 3587 2490 3659; x_wconf 88' lang='lat' dir='ltr'><strong>qui</strong></span> <span class='ocrx_word' id='word_1_674' title='bbox 2526 3580 2652 3644; x_wconf 77' lang='lat' dir='ltr'><strong>cum</strong></span> <span class='ocrx_word' id='word_1_675' title='bbox 2706 3584 2800 3643; x_wconf 90' lang='lat' dir='ltr'><strong>illo</strong></span> <span class='ocrx_word' id='word_1_676' title='bbox 2846 3584 2987 3655; x_wconf 82' lang='lat' dir='ltr'><strong>erat,</strong></span> <span class='ocrx_word' id='word_1_677' title='bbox 3020 3582 3117 3645; x_wconf 81' lang='lat' dir='ltr'><strong>sed</strong></span> <span class='ocrx_word' id='word_1_678' title='bbox 3167 3589 3272 3645; x_wconf 90' lang='lat' dir='ltr'><strong>hoc</strong></span> <span class='ocrx_word' id='word_1_679' title='bbox 3311 3596 3431 3645; x_wconf 85' lang='lat' dir='ltr'><strong>erat</strong></span> <span class='ocrx_word' id='word_1_680' title='bbox 3466 3588 3547 3647; x_wconf 81' lang='lat' dir='ltr'><strong>ire</strong></span> 
     </span>
    </p>
   </div>
   <div class='ocr_carea' id='block_1_82' title="bbox 1956 3677 3546 3753">
    <p class='ocr_par' dir='ltr' id='par_1_82' title="bbox 1956 3677 3546 3753">
     <span class='ocr_line' id='line_1_82' title="bbox 1956 3677 3546 3753; baseline -0.001 -14"><span class='ocrx_word' id='word_1_681' title='bbox 1956 3682 2021 3739; x_wconf 83' lang='lat' dir='ltr'><strong>ad</strong></span> <span class='ocrx_word' id='word_1_682' title='bbox 2045 3682 2216 3749; x_wconf 86' lang='lat' dir='ltr'><strong>illum,</strong></span> <span class='ocrx_word' id='word_1_683' title='bbox 2242 3690 2298 3737; x_wconf 91' lang='lat' dir='ltr'><strong>ct</strong></span> <span class='ocrx_word' id='word_1_684' title='bbox 2340 3677 2597 3737; x_wconf 75' lang='lat' dir='ltr'><strong>recedere</strong></span> <span class='ocrx_word' id='word_1_685' title='bbox 2621 3696 2653 3736; x_wconf 85' lang='lat' dir='ltr'><strong>a</strong></span> <span class='ocrx_word' id='word_1_686' title='bbox 2682 3680 2858 3748; x_wconf 91' lang='lat' dir='ltr'><strong>nobis,</strong></span> <span class='ocrx_word' id='word_1_687' title='bbox 2890 3690 3103 3737; x_wconf 89' lang='lat' dir='ltr'><strong>mutare</strong></span> <span class='ocrx_word' id='word_1_688' title='bbox 3134 3690 3297 3753; x_wconf 84' lang='lat' dir='ltr'><strong>atque</strong></span> <span class='ocrx_word' id='word_1_689' title='bbox 3320 3681 3546 3739; x_wconf 87' lang='lat' dir='ltr'><strong>immor-</strong></span> 
     </span>
    </p>
   </div>
   <div class='ocr_carea' id='block_1_83' title="bbox 1957 3764 3547 3843">
    <p class='ocr_par' dir='ltr' id='par_1_83' title="bbox 1957 3764 3547 3843">
     <span class='ocr_line' id='line_1_83' title="bbox 1957 3764 3547 3843; baseline 0.001 -16"><span class='ocrx_word' id='word_1_690' title='bbox 1957 3771 2063 3827; x_wconf 85' lang='lat' dir='ltr'><strong>tale</strong></span> <span class='ocrx_word' id='word_1_691' title='bbox 2096 3769 2297 3837; x_wconf 84' lang='lat' dir='ltr'><strong>l’acere,</strong></span> <span class='ocrx_word' id='word_1_692' title='bbox 2330 3768 2475 3841; x_wconf 90' lang='lat' dir='ltr'><strong>quod</strong></span> <span class='ocrx_word' id='word_1_693' title='bbox 2500 3764 2730 3827; x_wconf 83' lang='lat' dir='ltr'><strong>mortale</strong></span> <span class='ocrx_word' id='word_1_694' title='bbox 2758 3771 3017 3843; x_wconf 88' lang='lat' dir='ltr'><strong>suscepit,</strong></span> <span class='ocrx_word' id='word_1_695' title='bbox 3058 3786 3129 3827; x_wconf 78' lang='lat' dir='ltr'><strong>ex</strong></span> <span class='ocrx_word' id='word_1_696' title='bbox 3157 3772 3343 3838; x_wconf 87' lang='lat' dir='ltr'><strong>nobis,</strong></span> <span class='ocrx_word' id='word_1_697' title='bbox 3393 3777 3451 3828; x_wconf 83' lang='lat' dir='ltr'><strong>et</strong></span> <span class='ocrx_word' id='word_1_698' title='bbox 3477 3770 3547 3828; x_wconf 79' lang='lat' dir='ltr'><strong>ad</strong></span> 
     </span>
    </p>
   </div>
   <div class='ocr_carea' id='block_1_84' title="bbox 1957 3856 3548 3932">
    <p class='ocr_par' dir='ltr' id='par_1_84' title="bbox 1957 3856 3548 3932">
     <span class='ocr_line' id='line_1_84' title="bbox 1957 3856 3548 3932; baseline 0.001 -17"><span class='ocrx_word' id='word_1_699' title='bbox 1957 3858 2235 3915; x_wconf 79' lang='lat' dir='ltr'><strong>dexteram</strong></span> <span class='ocrx_word' id='word_1_700' title='bbox 2258 3858 2588 3931; x_wconf 75' lang='lat' dir='ltr'><strong>constituere</strong></span> <span class='ocrx_word' id='word_1_701' title='bbox 2609 3856 2800 3932; x_wconf 84' lang='lat' dir='ltr'><strong>patris,</strong></span> <span class='ocrx_word' id='word_1_702' title='bbox 2833 3875 2931 3931; x_wconf 90' lang='lat' dir='ltr'><strong>per</strong></span> <span class='ocrx_word' id='word_1_703' title='bbox 2977 3862 3120 3932; x_wconf 84' lang='lat' dir='ltr'><strong>quod</strong></span> <span class='ocrx_word' id='word_1_704' title='bbox 3151 3860 3253 3917; x_wconf 82' lang='lat' dir='ltr'><strong>fuit</strong></span> <span class='ocrx_word' id='word_1_705' title='bbox 3293 3863 3351 3918; x_wconf 87' lang='lat' dir='ltr'><strong>in</strong></span> <span class='ocrx_word' id='word_1_706' title='bbox 3399 3872 3548 3919; x_wconf 88' lang='lat' dir='ltr'><strong>terra</strong></span> 
     </span>
    </p>
   </div>
   <div class='ocr_carea' id='block_1_85' title="bbox 1957 3936 3441 4023">
    <p class='ocr_par' dir='ltr' id='par_1_85' title="bbox 1957 3936 3441 4023">
     <span class='ocr_line' id='line_1_85' title="bbox 1957 3936 3441 4023; baseline 0.001 -17"><span class='ocrx_word' id='word_1_707' title='bbox 1957 3966 2056 4023; x_wconf 90' lang='lat' dir='ltr'><strong>pro</strong></span> <span class='ocrx_word' id='word_1_708' title='bbox 2097 3948 2272 4006; x_wconf 88' lang='lat' dir='ltr'><strong>nobis.</strong></span> <span class='ocrx_word' id='word_1_709' title='bbox 2305 3944 2508 4006; x_wconf 79' lang='lat' dir='ltr'><strong>Deinde</strong></span> <span class='ocrx_word' id='word_1_710' title='bbox 2538 3949 2652 4020; x_wconf 91' lang='lat' dir='ltr'><strong>ipse</strong></span> <span class='ocrx_word' id='word_1_711' title='bbox 2679 3936 2939 4006; x_wconf 83' lang='lat' dir='ltr'><strong>Dominus</strong></span> <span class='ocrx_word' id='word_1_712' title='bbox 2958 3946 3117 4009; x_wconf 87' lang='lat' dir='ltr'><strong>Jcsus</strong></span> <span class='ocrx_word' id='word_1_713' title='bbox 3143 3950 3441 4022; x_wconf 70' lang='lat' dir='ltr'><strong>subiunxit.</strong></span> 
     </span>
    </p>
   </div>
   <div class='ocr_carea' id='block_1_86' title="bbox 2032 4037 3546 4114">
    <p class='ocr_par' dir='ltr' id='par_1_86' title="bbox 2032 4037 3546 4114">
     <span class='ocr_line' id='line_1_86' title="bbox 2032 4037 3546 4114; baseline 0.003 -19"><span class='ocrx_word' id='word_1_714' title='bbox 2032 4041 2100 4095; x_wconf 81' lang='lat' dir='ltr'><strong>Et</strong></span> <span class='ocrx_word' id='word_1_715' title='bbox 2132 4059 2269 4097; x_wconf 83' lang='lat' dir='ltr'><strong>nunc</strong></span> <span class='ocrx_word' id='word_1_716' title='bbox 2296 4040 2408 4096; x_wconf 81' lang='lat' dir='ltr'><strong>dixi</strong></span> <span class='ocrx_word' id='word_1_717' title='bbox 2434 4041 2576 4097; x_wconf 82' lang='lat' dir='ltr'><strong>vobis</strong></span> <span class='ocrx_word' id='word_1_718' title='bbox 2598 4037 2906 4113; x_wconf 65' lang='lat' dir='ltr'><strong>priusquam</strong></span> <span class='ocrx_word' id='word_1_719' title='bbox 2944 4043 3064 4114; x_wconf 79' lang='lat' dir='ltr'><strong>ﬁat,</strong></span> <span class='ocrx_word' id='word_1_720' title='bbox 3098 4053 3154 4099; x_wconf 74' lang='lat' dir='ltr'><strong>It</strong></span> <span class='ocrx_word' id='word_1_721' title='bbox 3182 4061 3302 4099; x_wconf 72' lang='lat' dir='ltr'><strong>cum</strong></span> <span class='ocrx_word' id='word_1_722' title='bbox 3345 4043 3546 4112; x_wconf 68' lang='lat' dir='ltr'><strong>factum</strong></span> 
     </span>
    </p>
   </div>
   <div class='ocr_carea' id='block_1_87' title="bbox 1963 4124 3552 4208">
    <p class='ocr_par' dir='ltr' id='par_1_87' title="bbox 1963 4124 3552 4208">
     <span class='ocr_line' id='line_1_87' title="bbox 1963 4124 3552 4208; baseline 0.005 -20"><span class='ocrx_word' id='word_1_723' title='bbox 1963 4134 2119 4204; x_wconf 79' lang='lat' dir='ltr'><strong>fuerit</strong></span> <span class='ocrx_word' id='word_1_724' title='bbox 2149 4132 2393 4189; x_wconf 83' lang='lat' dir='ltr'><strong>credatis.</strong></span> <span class='ocrx_word' id='word_1_725' title='bbox 2432 4132 2566 4190; x_wconf 85' lang='lat' dir='ltr'><strong>Illud</strong></span> <span class='ocrx_word' id='word_1_726' title='bbox 2601 4136 2786 4205; x_wconf 89' lang='lat' dir='ltr'><strong>utique</strong></span> <span class='ocrx_word' id='word_1_727' title='bbox 2821 4124 2970 4203; x_wconf 74' lang='lat' dir='ltr'><strong>dieit,</strong></span> <span class='ocrx_word' id='word_1_728' title='bbox 2999 4139 3144 4208; x_wconf 84' lang='lat' dir='ltr'><strong>quod</strong></span> <span class='ocrx_word' id='word_1_729' title='bbox 3186 4134 3388 4195; x_wconf 80' lang='lat' dir='ltr'><strong>factum</strong></span> <span class='ocrx_word' id='word_1_730' title='bbox 3432 4139 3552 4197; x_wconf 81' lang='lat' dir='ltr'><strong>fue-</strong></span> 
     </span>
    </p>
   </div>
   <div class='ocr_carea' id='block_1_88' title="bbox 1964 4222 3553 4303">
    <p class='ocr_par' dir='ltr' id='par_1_88' title="bbox 1964 4222 3553 4303">
     <span class='ocr_line' id='line_1_88' title="bbox 1964 4222 3553 4303; baseline 0.006 -24"><span class='ocrx_word' id='word_1_731' title='bbox 1964 4225 2056 4288; x_wconf 87' lang='lat' dir='ltr'><strong>rit,</strong></span> <span class='ocrx_word' id='word_1_732' title='bbox 2083 4222 2226 4295; x_wconf 87' lang='lat' dir='ltr'><strong>qudd</strong></span> <span class='ocrx_word' id='word_1_733' title='bbox 2252 4241 2374 4280; x_wconf 91' lang='lat' dir='ltr'><strong>eum</strong></span> <span class='ocrx_word' id='word_1_734' title='bbox 2402 4236 2523 4296; x_wconf 88' lang='lat' dir='ltr'><strong>post</strong></span> <span class='ocrx_word' id='word_1_735' title='bbox 2548 4226 2776 4303; x_wconf 88' lang='lat' dir='ltr'><strong>mortem</strong></span> <span class='ocrx_word' id='word_1_736' title='bbox 2809 4226 2976 4283; x_wconf 78' lang='lat' dir='ltr'><strong>visuri</strong></span> <span class='ocrx_word' id='word_1_737' title='bbox 3000 4237 3159 4285; x_wconf 90' lang='lat' dir='ltr'><strong>erant</strong></span> <span class='ocrx_word' id='word_1_738' title='bbox 3178 4229 3471 4299; x_wconf 83' lang='lat' dir='ltr'><strong>viventem,</strong></span> <span class='ocrx_word' id='word_1_739' title='bbox 3494 4240 3553 4288; x_wconf 85' lang='lat' dir='ltr'><strong>et</strong></span> 
     </span>
    </p>
   </div>
   <div class='ocr_carea' id='block_1_89' title="bbox 1965 4310 3552 4378">
    <p class='ocr_par' dir='ltr' id='par_1_89' title="bbox 1965 4310 3552 4378">
     <span class='ocr_line' id='line_1_89' title="bbox 1965 4310 3552 4378; baseline 0.006 -9"><span class='ocrx_word' id='word_1_740' title='bbox 1965 4310 2033 4369; x_wconf 89' lang='lat' dir='ltr'><strong>ad</strong></span> <span class='ocrx_word' id='word_1_741' title='bbox 2057 4310 2274 4370; x_wconf 83' lang='lat' dir='ltr'><strong>Patrem</strong></span> <span class='ocrx_word' id='word_1_742' title='bbox 2299 4313 2706 4372; x_wconf 86' lang='lat' dir='ltr'><strong>ascendentem.</strong></span> <span class='ocrx_word' id='word_1_743' title='bbox 2736 4310 2993 4372; x_wconf 82' lang='lat' dir='ltr'><strong>Poterant</strong></span> <span class='ocrx_word' id='word_1_744' title='bbox 3029 4318 3176 4374; x_wconf 87' lang='lat' dir='ltr'><strong>enim</strong></span> <span class='ocrx_word' id='word_1_745' title='bbox 3199 4318 3451 4378; x_wconf 76' lang='lat' dir='ltr'><strong>dubitare</strong></span> <span class='ocrx_word' id='word_1_746' title='bbox 3500 4323 3552 4378; x_wconf 85' lang='lat' dir='ltr'><strong>si</strong></span> 
     </span>
    </p>
   </div>
   <div class='ocr_carea' id='block_1_90' title="bbox 1937 4400 3551 4481">
    <p class='ocr_par' dir='ltr' id='par_1_90' title="bbox 1937 4400 3551 4481">
     <span class='ocr_line' id='line_1_90' title="bbox 1937 4400 3551 4481; baseline 0.009 -24"><span class='ocrx_word' id='word_1_747' title='bbox 1937 4400 2111 4463; x_wconf 79' lang='lat' dir='ltr'><strong>Fllius</strong></span> <span class='ocrx_word' id='word_1_748' title='bbox 2136 4406 2232 4463; x_wconf 89' lang='lat' dir='ltr'><strong>Dei</strong></span> <span class='ocrx_word' id='word_1_749' title='bbox 2267 4415 2426 4471; x_wconf 90' lang='lat' dir='ltr'><strong>esset,</strong></span> <span class='ocrx_word' id='word_1_750' title='bbox 2460 4404 2581 4462; x_wconf 82' lang='lat' dir='ltr'><strong>cum</strong></span> <span class='ocrx_word' id='word_1_751' title='bbox 2615 4404 2736 4464; x_wconf 81' lang='lat' dir='ltr'><strong>eum</strong></span> <span class='ocrx_word' id='word_1_752' title='bbox 2764 4402 3014 4466; x_wconf 79' lang='lat' dir='ltr'><strong>viderunt</strong></span> <span class='ocrx_word' id='word_1_753' title='bbox 3063 4412 3419 4481; x_wconf 82' lang='lat' dir='ltr'><strong>moriturum,</strong></span> <span class='ocrx_word' id='word_1_754' title='bbox 3456 4416 3551 4472; x_wconf 85' lang='lat' dir='ltr'><strong>sed</strong></span> 
     </span>
    </p>
   </div>
   <div class='ocr_carea' id='block_1_91' title="bbox 282 4470 3551 4577">
    <p class='ocr_par' dir='ltr' id='par_1_91' title="bbox 282 4470 3551 4577">
     <span class='ocr_line' id='line_1_91' title="bbox 282 4470 3551 4577; baseline 0.001 -17"><span class='ocrx_word' id='word_1_755' title='bbox 282 4520 417 4560; x_wconf 77' lang='lat' dir='ltr'><strong>vero</strong></span> <span class='ocrx_word' id='word_1_756' title='bbox 463 4505 516 4560; x_wconf 87' lang='lat' dir='ltr'><strong>in</strong></span> <span class='ocrx_word' id='word_1_757' title='bbox 546 4514 745 4559; x_wconf 71' lang='lat' dir='ltr'><strong>aeterna</strong></span> <span class='ocrx_word' id='word_1_758' title='bbox 789 4516 923 4573; x_wconf 85' lang='lat' dir='ltr'><strong>pace</strong></span> <span class='ocrx_word' id='word_1_759' title='bbox 948 4541 962 4566; x_wconf 94' lang='lat'><strong>,</strong></span> <span class='ocrx_word' id='word_1_760' title='bbox 1006 4507 1207 4554; x_wconf 81' lang='lat' dir='ltr'><strong>aeterna</strong></span> <span class='ocrx_word' id='word_1_761' title='bbox 1253 4504 1372 4552; x_wconf 87' lang='lat' dir='ltr'><strong>erat</strong></span> <span class='ocrx_word' id='word_1_762' title='bbox 1402 4496 1764 4567; x_wconf 84' lang='lat' dir='ltr'><strong>tranquillitas</strong></span> <span class='ocrx_word' id='word_1_763' title='bbox 1810 4504 1866 4551; x_wconf 87' lang='lat' dir='ltr'><strong>et</strong></span> <span class='ocrx_word' id='word_1_764' title='bbox 1888 4470 1943 4531; x_wconf 83' lang='lat' dir='ltr'><strong>D</strong></span> <span class='ocrx_word' id='word_1_765' title='bbox 1966 4510 2091 4553; x_wconf 89' lang='lat' dir='ltr'><strong>cum</strong></span> <span class='ocrx_word' id='word_1_766' title='bbox 2128 4496 2379 4554; x_wconf 85' lang='lat' dir='ltr'><strong>viderunt</strong></span> <span class='ocrx_word' id='word_1_767' title='bbox 2403 4513 2527 4553; x_wconf 90' lang='lat' dir='ltr'><strong>eum</strong></span> <span class='ocrx_word' id='word_1_768' title='bbox 2564 4492 2927 4557; x_wconf 61' lang='lat' dir='ltr'><strong>rcsurreiisSe</strong></span> <span class='ocrx_word' id='word_1_769' title='bbox 2965 4503 3296 4570; x_wconf 87' lang='lat' dir='ltr'><strong>credebant,</strong></span> <span class='ocrx_word' id='word_1_770' title='bbox 3346 4470 3418 4562; x_wconf 38' lang='lat' dir='ltr'><strong>in,</strong></span> <span class='ocrx_word' id='word_1_771' title='bbox 3442 4524 3551 4577; x_wconf 89' lang='lat' dir='ltr'><strong>quo</strong></span> 
     </span>
    </p>
   </div>
   <div class='ocr_carea' id='block_1_92' title="bbox 284 4587 1865 4662">
    <p class='ocr_par' dir='ltr' id='par_1_92' title="bbox 284 4587 1865 4662">
     <span class='ocr_line' id='line_1_92' title="bbox 284 4587 1865 4662; baseline -0.005 -13"><span class='ocrx_word' id='word_1_772' title='bbox 284 4596 572 4650; x_wconf 69' lang='lat' dir='ltr'><strong>concordia</strong></span> <span class='ocrx_word' id='word_1_773' title='bbox 604 4603 659 4648; x_wconf 77' lang='lat' dir='ltr'><strong>et</strong></span> <span class='ocrx_word' id='word_1_774' title='bbox 685 4592 802 4648; x_wconf 84' lang='lat' dir='ltr'><strong>talis</strong></span> <span class='ocrx_word' id='word_1_775' title='bbox 830 4607 931 4662; x_wconf 80' lang='lat' dir='ltr'><strong>pax</strong></span> <span class='ocrx_word' id='word_1_776' title='bbox 951 4633 965 4657; x_wconf 91' lang='lat'><strong>,</strong></span> <span class='ocrx_word' id='word_1_777' title='bbox 1021 4589 1235 4660; x_wconf 84' lang='lat' dir='ltr'><strong>qualem</strong></span> <span class='ocrx_word' id='word_1_778' title='bbox 1281 4587 1367 4644; x_wconf 91' lang='lat' dir='ltr'><strong>ille</strong></span> <span class='ocrx_word' id='word_1_779' title='bbox 1409 4588 1597 4642; x_wconf 78' lang='lat' dir='ltr'><strong>habuit</strong></span> <span class='ocrx_word' id='word_1_780' title='bbox 1625 4598 1751 4643; x_wconf 90' lang='lat' dir='ltr'><strong>cum</strong></span> <span class='ocrx_word' id='word_1_781' title='bbox 1782 4598 1865 4642; x_wconf 84' lang='lat' dir='ltr'><strong>se-</strong></span> 
     </span>
    </p>
   </div>
   <div class='ocr_carea' id='block_1_93' title="bbox 286 4685 1719 4759">
    <p class='ocr_par' dir='ltr' id='par_1_93' title="bbox 286 4685 1719 4759">
     <span class='ocr_line' id='line_1_93' title="bbox 286 4685 1719 4759; baseline -0.006 -15"><span class='ocrx_word' id='word_1_782' title='bbox 286 4701 536 4759; x_wconf 74' lang='lat' dir='ltr'><strong>met-ps0,</strong></span> <span class='ocrx_word' id='word_1_783' title='bbox 560 4689 650 4758; x_wconf 84' lang='lat' dir='ltr'><strong>qui</strong></span> <span class='ocrx_word' id='word_1_784' title='bbox 674 4687 878 4741; x_wconf 83' lang='lat' dir='ltr'><strong>nullum</strong></span> <span class='ocrx_word' id='word_1_785' title='bbox 905 4685 1092 4740; x_wconf 83' lang='lat' dir='ltr'><strong>habuit</strong></span> <span class='ocrx_word' id='word_1_786' title='bbox 1116 4685 1170 4738; x_wconf 88' lang='lat' dir='ltr'><strong>in</strong></span> <span class='ocrx_word' id='word_1_787' title='bbox 1205 4685 1384 4753; x_wconf 70' lang='lat' dir='ltr'><strong>seipse</strong></span> <span class='ocrx_word' id='word_1_788' title='bbox 1412 4690 1719 4752; x_wconf 87' lang='lat' dir='ltr'><strong>peceatum.</strong></span> 
     </span>
    </p>
   </div>
   <div class='ocr_carea' id='block_1_94' title="bbox 364 4772 1866 4855">
    <p class='ocr_par' dir='ltr' id='par_1_94' title="bbox 364 4772 1866 4855">
     <span class='ocr_line' id='line_1_94' title="bbox 364 4772 1866 4855; baseline -0.006 -18"><span class='ocrx_word' id='word_1_789' title='bbox 364 4785 484 4838; x_wconf 68' lang='lat' dir='ltr'><strong>Non</strong></span> <span class='ocrx_word' id='word_1_790' title='bbox 509 4780 766 4855; x_wconf 81' lang='lat' dir='ltr'><strong>quomodo</strong></span> <span class='ocrx_word' id='word_1_791' title='bbox 816 4781 901 4834; x_wconf 85' lang='lat' dir='ltr'><strong>hic</strong></span> <span class='ocrx_word' id='word_1_792' title='bbox 926 4778 1151 4834; x_wconf 81' lang='lat' dir='ltr'><strong>mundus</strong></span> <span class='ocrx_word' id='word_1_793' title='bbox 1202 4778 1316 4843; x_wconf 75' lang='lat' dir='ltr'><strong>dat,</strong></span> <span class='ocrx_word' id='word_1_794' title='bbox 1352 4790 1445 4847; x_wconf 79' lang='lat' dir='ltr'><strong>ego</strong></span> <span class='ocrx_word' id='word_1_795' title='bbox 1476 4776 1543 4830; x_wconf 85' lang='lat' dir='ltr'><strong>do</strong></span> <span class='ocrx_word' id='word_1_796' title='bbox 1601 4775 1761 4830; x_wconf 84' lang='lat' dir='ltr'><strong>vobis.</strong></span> <span class='ocrx_word' id='word_1_797' title='bbox 1807 4772 1866 4828; x_wconf 80' lang='lat' dir='ltr'><strong>id</strong></span> 
     </span>
    </p>
   </div>
   <div class='ocr_carea' id='block_1_95' title="bbox 286 4865 1865 4942">
    <p class='ocr_par' dir='ltr' id='par_1_95' title="bbox 286 4865 1865 4942">
     <span class='ocr_line' id='line_1_95' title="bbox 286 4865 1865 4942; baseline -0.008 -12"><span class='ocrx_word' id='word_1_798' title='bbox 286 4884 395 4933; x_wconf 82' lang='lat' dir='ltr'><strong>est,</strong></span> <span class='ocrx_word' id='word_1_799' title='bbox 419 4888 522 4928; x_wconf 88' lang='lat' dir='ltr'><strong>non</strong></span> <span class='ocrx_word' id='word_1_800' title='bbox 554 4870 822 4942; x_wconf 74' lang='lat' dir='ltr'><strong>quomodo</strong></span> <span class='ocrx_word' id='word_1_801' title='bbox 853 4867 1113 4925; x_wconf 83' lang='lat' dir='ltr'><strong>immundi</strong></span> <span class='ocrx_word' id='word_1_802' title='bbox 1137 4868 1382 4923; x_wconf 88' lang='lat' dir='ltr'><strong>homines</strong></span> <span class='ocrx_word' id='word_1_803' title='bbox 1398 4878 1538 4937; x_wconf 74' lang='lat' dir='ltr'><strong>saepe</strong></span> <span class='ocrx_word' id='word_1_804' title='bbox 1559 4865 1661 4920; x_wconf 81' lang='lat' dir='ltr'><strong>sibi</strong></span> <span class='ocrx_word' id='word_1_805' title='bbox 1686 4865 1741 4919; x_wconf 89' lang='lat' dir='ltr'><strong>in</strong></span> <span class='ocrx_word' id='word_1_806' title='bbox 1771 4877 1865 4919; x_wconf 90' lang='lat' dir='ltr'><strong>sua</strong></span> 
     </span>
    </p>
   </div>
   <div class='ocr_carea' id='block_1_96' title="bbox 287 4954 1869 5028">
    <p class='ocr_par' dir='ltr' id='par_1_96' title="bbox 287 4954 1869 5028">
     <span class='ocr_line' id='line_1_96' title="bbox 287 4954 1869 5028; baseline -0.008 -6"><span class='ocrx_word' id='word_1_807' title='bbox 287 4965 493 5022; x_wconf 83' lang='lat' dir='ltr'><strong>malitia</strong></span> <span class='ocrx_word' id='word_1_808' title='bbox 522 4962 869 5027; x_wconf 79' lang='lat' dir='ltr'><strong>cuneordant,</strong></span> <span class='ocrx_word' id='word_1_809' title='bbox 901 4959 992 5015; x_wconf 89' lang='lat' dir='ltr'><strong>sed</strong></span> <span class='ocrx_word' id='word_1_810' title='bbox 1022 4957 1314 5028; x_wconf 86' lang='lat' dir='ltr'><strong>quomodo,</strong></span> <span class='ocrx_word' id='word_1_811' title='bbox 1343 4956 1433 5027; x_wconf 90' lang='lat' dir='ltr'><strong>qui</strong></span> <span class='ocrx_word' id='word_1_812' title='bbox 1459 4955 1562 5011; x_wconf 88' lang='lat' dir='ltr'><strong>sibi</strong></span> <span class='ocrx_word' id='word_1_813' title='bbox 1586 4956 1639 5010; x_wconf 90' lang='lat' dir='ltr'><strong>in</strong></span> <span class='ocrx_word' id='word_1_814' title='bbox 1665 4954 1869 5009; x_wconf 85' lang='lat' dir='ltr'><strong>sancti-</strong></span> 
     </span>
    </p>
   </div>
   <div class='ocr_carea' id='block_1_97' title="bbox 291 5046 1872 5119">
    <p class='ocr_par' dir='ltr' id='par_1_97' title="bbox 291 5046 1872 5119">
     <span class='ocr_line' id='line_1_97' title="bbox 291 5046 1872 5119; baseline -0.008 -4"><span class='ocrx_word' id='word_1_815' title='bbox 291 5067 403 5115; x_wconf 82' lang='lat' dir='ltr'><strong>tate</strong></span> <span class='ocrx_word' id='word_1_816' title='bbox 430 5055 777 5119; x_wconf 78' lang='lat' dir='ltr'><strong>concordant,</strong></span> <span class='ocrx_word' id='word_1_817' title='bbox 805 5060 860 5108; x_wconf 89' lang='lat' dir='ltr'><strong>et</strong></span> <span class='ocrx_word' id='word_1_818' title='bbox 901 5052 955 5106; x_wconf 86' lang='lat' dir='ltr'><strong>in</strong></span> <span class='ocrx_word' id='word_1_819' title='bbox 998 5050 1200 5106; x_wconf 81' lang='lat' dir='ltr'><strong>Christi</strong></span> <span class='ocrx_word' id='word_1_820' title='bbox 1254 5062 1313 5105; x_wconf 89' lang='lat' dir='ltr'><strong>se</strong></span> <span class='ocrx_word' id='word_1_821' title='bbox 1340 5049 1606 5105; x_wconf 82' lang='lat' dir='ltr'><strong>charltate</strong></span> <span class='ocrx_word' id='word_1_822' title='bbox 1648 5046 1872 5117; x_wconf 80' lang='lat' dir='ltr'><strong>conjun—</strong></span> 
     </span>
    </p>
   </div>
   <div class='ocr_carea' id='block_1_98' title="bbox 287 5157 443 5219">
    <p class='ocr_par' dir='ltr' id='par_1_98' title="bbox 287 5157 443 5219">
     <span class='ocr_line' id='line_1_98' title="bbox 287 5157 443 5219; baseline 0.006 -18"><span class='ocrx_word' id='word_1_823' title='bbox 287 5157 443 5219; x_wconf 77' lang='lat' dir='ltr'><strong>gunt.</strong></span> 
     </span>
    </p>
   </div>
   <div class='ocr_carea' id='block_1_99' title="bbox 268 5233 1871 5312">
    <p class='ocr_par' dir='ltr' id='par_1_99' title="bbox 268 5233 1871 5312">
     <span class='ocr_line' id='line_1_99' title="bbox 268 5233 1871 5312; baseline -0.007 -14"><span class='ocrx_word' id='word_1_824' title='bbox 268 5309 272 5312; x_wconf 8' lang='grc' dir='ltr'><em>ἠ</em></span> <span class='ocrx_word' id='word_1_825' title='bbox 366 5242 489 5297; x_wconf 81' lang='lat' dir='ltr'><strong>Non</strong></span> <span class='ocrx_word' id='word_1_826' title='bbox 519 5241 766 5294; x_wconf 81' lang='lat' dir='ltr'><strong>turbetur‘</strong></span> <span class='ocrx_word' id='word_1_827' title='bbox 781 5248 869 5293; x_wconf 72' lang='lat' dir='ltr'><strong>co’r</strong></span> <span class='ocrx_word' id='word_1_828' title='bbox 890 5246 1134 5293; x_wconf 82' lang='lat' dir='ltr'><strong>vestrum.</strong></span> <span class='ocrx_word' id='word_1_829' title='bbox 1162 5250 1322 5305; x_wconf 80' lang='lat' dir='ltr'><strong>neque</strong></span> <span class='ocrx_word' id='word_1_830' title='bbox 1350 5233 1613 5303; x_wconf 75' lang='lat' dir='ltr'><strong>formidet.</strong></span> <span class='ocrx_word' id='word_1_831' title='bbox 1638 5234 1871 5287; x_wconf 77' lang='lat' dir='ltr'><strong>Audistis</strong></span> 
     </span>
    </p>
   </div>
   <div class='ocr_carea' id='block_1_100' title="bbox 288 5324 1875 5403">
    <p class='ocr_par' dir='ltr' id='par_1_100' title="bbox 288 5324 1875 5403">
     <span class='ocr_line' id='line_1_100' title="bbox 288 5324 1875 5403; baseline -0.005 -17"><span class='ocrx_word' id='word_1_832' title='bbox 288 5335 416 5403; x_wconf 78' lang='lat' dir='ltr'><strong>quia</strong></span> <span class='ocrx_word' id='word_1_833' title='bbox 446 5349 537 5403; x_wconf 87' lang='lat' dir='ltr'><strong>ego</strong></span> <span class='ocrx_word' id='word_1_834' title='bbox 564 5330 675 5384; x_wconf 77' lang='lat' dir='ltr'><strong>dixi</strong></span> <span class='ocrx_word' id='word_1_835' title='bbox 706 5330 865 5395; x_wconf 74' lang='lat' dir='ltr'><strong>vobis,</strong></span> <span class='ocrx_word' id='word_1_836' title='bbox 896 5329 1027 5382; x_wconf 75' lang='lat' dir='ltr'><strong>vado</strong></span> <span class='ocrx_word' id='word_1_837' title='bbox 1057 5335 1104 5380; x_wconf 88' lang='lat' dir='ltr'><strong>et</strong></span> <span class='ocrx_word' id='word_1_838' title='bbox 1135 5327 1278 5382; x_wconf 87' lang='lat' dir='ltr'><strong>venio</strong></span> <span class='ocrx_word' id='word_1_839' title='bbox 1330 5326 1399 5378; x_wconf 83' lang='lat' dir='ltr'><strong>ad</strong></span> <span class='ocrx_word' id='word_1_840' title='bbox 1440 5342 1543 5380; x_wconf 80' lang='lat' dir='ltr'><strong>vos.</strong></span> <span class='ocrx_word' id='word_1_841' title='bbox 1581 5324 1716 5379; x_wconf 85' lang='lat' dir='ltr'><strong>llinc</strong></span> <span class='ocrx_word' id='word_1_842' title='bbox 1765 5334 1875 5378; x_wconf 85' lang='lat' dir='ltr'><strong>tur-</strong></span> 
     </span>
    </p>
   </div>
   <div class='ocr_carea' id='block_1_101' title="bbox 291 5417 1875 5492">
    <p class='ocr_par' dir='ltr' id='par_1_101' title="bbox 291 5417 1875 5492">
     <span class='ocr_line' id='line_1_101' title="bbox 291 5417 1875 5492; baseline -0.007 -10"><span class='ocrx_word' id='word_1_843' title='bbox 291 5429 410 5481; x_wconf 83' lang='lat' dir='ltr'><strong>bari</strong></span> <span class='ocrx_word' id='word_1_844' title='bbox 433 5434 489 5481; x_wconf 88' lang='lat' dir='ltr'><strong>et</strong></span> <span class='ocrx_word' id='word_1_845' title='bbox 520 5424 800 5480; x_wconf 76' lang='lat' dir='ltr'><strong>formidari</strong></span> <span class='ocrx_word' id='word_1_846' title='bbox 841 5428 1055 5492; x_wconf 79' lang='lat' dir='ltr'><strong>poterat</strong></span> <span class='ocrx_word' id='word_1_847' title='bbox 1081 5435 1174 5474; x_wconf 89' lang='lat' dir='ltr'><strong>cor</strong></span> <span class='ocrx_word' id='word_1_848' title='bbox 1196 5419 1441 5481; x_wconf 89' lang='lat' dir='ltr'><strong>illorum,</strong></span> <span class='ocrx_word' id='word_1_849' title='bbox 1474 5417 1615 5488; x_wconf 90' lang='lat' dir='ltr'><strong>quod</strong></span> <span class='ocrx_word' id='word_1_850' title='bbox 1650 5417 1760 5471; x_wconf 86' lang='lat' dir='ltr'><strong>ibat</strong></span> <span class='ocrx_word' id='word_1_851' title='bbox 1805 5417 1875 5471; x_wconf 87' lang='lat' dir='ltr'><strong>ab</strong></span> 
     </span>
    </p>
   </div>
   <div class='ocr_carea' id='block_1_102' title="bbox 290 5508 1876 5590">
    <p class='ocr_par' dir='ltr' id='par_1_102' title="bbox 290 5508 1876 5590">
     <span class='ocr_line' id='line_1_102' title="bbox 290 5508 1876 5590; baseline -0.009 -17"><span class='ocrx_word' id='word_1_852' title='bbox 290 5522 392 5583; x_wconf 82' lang='lat' dir='ltr'><strong>eis,</strong></span> <span class='ocrx_word' id='word_1_853' title='bbox 424 5517 673 5590; x_wconf 74' lang='lat' dir='ltr'><strong>quamvis</strong></span> <span class='ocrx_word' id='word_1_854' title='bbox 696 5524 953 5568; x_wconf 79' lang='lat' dir='ltr'><strong>venturas</strong></span> <span class='ocrx_word' id='word_1_855' title='bbox 982 5519 1127 5566; x_wconf 86' lang='lat' dir='ltr'><strong>esset</strong></span> <span class='ocrx_word' id='word_1_856' title='bbox 1156 5512 1222 5564; x_wconf 84' lang='lat' dir='ltr'><strong>ad</strong></span> <span class='ocrx_word' id='word_1_857' title='bbox 1252 5526 1368 5575; x_wconf 83' lang='lat' dir='ltr'><strong>eos,</strong></span> <span class='ocrx_word' id='word_1_858' title='bbox 1395 5524 1462 5563; x_wconf 89' lang='lat' dir='ltr'><strong>ne</strong></span> <span class='ocrx_word' id='word_1_859' title='bbox 1508 5508 1733 5563; x_wconf 77' lang='lat' dir='ltr'><strong>forsitan</strong></span> <span class='ocrx_word' id='word_1_860' title='bbox 1759 5525 1876 5578; x_wconf 77' lang='lat' dir='ltr'><strong>gre-</strong></span> 
     </span>
    </p>
   </div>
   <div class='ocr_carea' id='block_1_103' title="bbox 294 5599 1876 5684">
    <p class='ocr_par' dir='ltr' id='par_1_103' title="bbox 294 5599 1876 5684">
     <span class='ocr_line' id='line_1_103' title="bbox 294 5599 1876 5684; baseline -0.009 -20"><span class='ocrx_word' id='word_1_861' title='bbox 294 5631 325 5684; x_wconf 73' lang='lat' dir='ltr'>g</span> <span class='ocrx_word' id='word_1_862' title='bbox 346 5630 411 5666; x_wconf 62' lang='lat' dir='ltr'><strong>an</strong></span> <span class='ocrx_word' id='word_1_863' title='bbox 444 5611 602 5679; x_wconf 82' lang='lat' dir='ltr'><strong>lupus</strong></span> <span class='ocrx_word' id='word_1_864' title='bbox 624 5608 727 5660; x_wconf 83' lang='lat' dir='ltr'><strong>hec</strong></span> <span class='ocrx_word' id='word_1_865' title='bbox 753 5601 1033 5658; x_wconf 81' lang='lat' dir='ltr'><strong>intervallo</strong></span> <span class='ocrx_word' id='word_1_866' title='bbox 1063 5601 1356 5663; x_wconf 78' lang='lat' dir='ltr'><strong>invaderet,</strong></span> <span class='ocrx_word' id='word_1_867' title='bbox 1376 5609 1592 5668; x_wconf 84' lang='lat' dir='ltr'><strong>pastore</strong></span> <span class='ocrx_word' id='word_1_868' title='bbox 1622 5599 1876 5662; x_wconf 75' lang='lat' dir='ltr'><strong>absente;</strong></span> 
     </span>
    </p>
   </div>
   <div class='ocr_carea' id='block_1_104' title="bbox 294 5690 1879 5770">
    <p class='ocr_par' dir='ltr' id='par_1_104' title="bbox 294 5690 1879 5770">
     <span class='ocr_line' id='line_1_104' title="bbox 294 5690 1879 5770; baseline -0.009 -13"><span class='ocrx_word' id='word_1_869' title='bbox 294 5702 387 5757; x_wconf 68' lang='lat' dir='ltr'><strong>sed</strong></span> <span class='ocrx_word' id='word_1_870' title='bbox 415 5717 443 5754; x_wconf 84' lang='lat' dir='ltr'><strong>a</strong></span> <span class='ocrx_word' id='word_1_871' title='bbox 469 5700 668 5770; x_wconf 65' lang='lat' dir='ltr'><strong>quibus</strong></span> <span class='ocrx_word' id='word_1_872' title='bbox 700 5696 859 5747; x_wconf 78' lang='lat' dir='ltr'><strong>homo</strong></span> <span class='ocrx_word' id='word_1_873' title='bbox 884 5691 1205 5745; x_wconf 58' lang='lat' dir='ltr'><strong>abscedebat</strong></span> <span class='ocrx_word' id='word_1_874' title='bbox 1228 5730 1242 5755; x_wconf 91' lang='lat'><strong>,</strong></span> <span class='ocrx_word' id='word_1_875' title='bbox 1291 5690 1433 5744; x_wconf 81' lang='lat' dir='ltr'><strong>Deus</strong></span> <span class='ocrx_word' id='word_1_876' title='bbox 1457 5706 1563 5745; x_wconf 82' lang='lat' dir='ltr'><strong>non</strong></span> <span class='ocrx_word' id='word_1_877' title='bbox 1609 5690 1879 5758; x_wconf 68' lang='lat' dir='ltr'><strong>relinque-</strong></span> 
     </span>
    </p>
   </div>
   <div class='ocr_carea' id='block_1_105' title="bbox 706 5782 1152 5845">
    <p class='ocr_par' dir='ltr' id='par_1_105' title="bbox 706 5782 1152 5845">
     <span class='ocr_line' id='line_1_105' title="bbox 706 5782 1152 5845; baseline -0.002 -1"><span class='ocrx_word' id='word_1_878' title='bbox 706 5788 980 5845; x_wconf 73' lang='grc' dir='ltr'><strong>ΡΑτιιοι..</strong></span> <span class='ocrx_word' id='word_1_879' title='bbox 1022 5782 1152 5843; x_wconf 78' lang='lat' dir='ltr'><strong>Ci].</strong></span> 
     </span>
    </p>
   </div>
   <div class='ocr_carea' id='block_1_106' title="bbox 1968 4588 3555 4656">
    <p class='ocr_par' dir='ltr' id='par_1_106' title="bbox 1968 4588 3555 4656">
     <span class='ocr_line' id='line_1_106' title="bbox 1968 4588 3555 4656; baseline 0.008 -13"><span class='ocrx_word' id='word_1_880' title='bbox 1968 4597 2093 4644; x_wconf 85' lang='lat' dir='ltr'><strong>ante</strong></span> <span class='ocrx_word' id='word_1_881' title='bbox 2118 4588 2461 4653; x_wconf 87' lang='lat' dir='ltr'><strong>dubitabant,</strong></span> <span class='ocrx_word' id='word_1_882' title='bbox 2490 4597 2546 4643; x_wconf 87' lang='lat' dir='ltr'><strong>et</strong></span> <span class='ocrx_word' id='word_1_883' title='bbox 2568 4588 2889 4646; x_wconf 78' lang='lat' dir='ltr'><strong>cenlirmata</strong></span> <span class='ocrx_word' id='word_1_884' title='bbox 2929 4601 3014 4648; x_wconf 89' lang='lat' dir='ltr'><strong>est</strong></span> <span class='ocrx_word' id='word_1_885' title='bbox 3043 4593 3175 4652; x_wconf 80' lang='lat' dir='ltr'><strong>ﬁdes</strong></span> <span class='ocrx_word' id='word_1_886' title='bbox 3206 4596 3261 4652; x_wconf 85' lang='lat' dir='ltr'><strong>in</strong></span> <span class='ocrx_word' id='word_1_887' title='bbox 3295 4600 3555 4656; x_wconf 84' lang='lat' dir='ltr'><strong>cordibus</strong></span> 
     </span>
    </p>
   </div>
   <div class='ocr_carea' id='block_1_107' title="bbox 1968 4680 3555 4759">
    <p class='ocr_par' dir='ltr' id='par_1_107' title="bbox 1968 4680 3555 4759">
     <span class='ocr_line' id='line_1_107' title="bbox 1968 4680 3555 4759; baseline 0.007 -24"><span class='ocrx_word' id='word_1_888' title='bbox 1968 4692 2179 4746; x_wconf 87' lang='lat' dir='ltr'><strong>eorum,</strong></span> <span class='ocrx_word' id='word_1_889' title='bbox 2207 4696 2370 4751; x_wconf 89' lang='lat' dir='ltr'><strong>quam</strong></span> <span class='ocrx_word' id='word_1_890' title='bbox 2398 4680 2505 4737; x_wconf 90' lang='lat' dir='ltr'><strong>illis</strong></span> <span class='ocrx_word' id='word_1_891' title='bbox 2526 4680 2849 4750; x_wconf 66' lang='lat' dir='ltr'><strong>priedixerat</strong></span> <span class='ocrx_word' id='word_1_892' title='bbox 2871 4724 2887 4749; x_wconf 95' lang='lat'><strong>,</strong></span> <span class='ocrx_word' id='word_1_893' title='bbox 2927 4686 3018 4754; x_wconf 90' lang='lat' dir='ltr'><strong>qui</strong></span> <span class='ocrx_word' id='word_1_894' title='bbox 3054 4693 3110 4742; x_wconf 90' lang='lat' dir='ltr'><strong>et</strong></span> <span class='ocrx_word' id='word_1_895' title='bbox 3144 4701 3240 4744; x_wconf 89' lang='lat' dir='ltr'><strong>ore</strong></span> <span class='ocrx_word' id='word_1_896' title='bbox 3265 4691 3512 4759; x_wconf 85' lang='lat' dir='ltr'><strong>promisit</strong></span> <span class='ocrx_word' id='word_1_897' title='bbox 3539 4732 3555 4757; x_wconf 90' lang='lat'><strong>,</strong></span> 
     </span>
    </p>
   </div>
   <div class='ocr_carea' id='block_1_108' title="bbox 1969 4771 3561 4851">
    <p class='ocr_par' dir='ltr' id='par_1_108' title="bbox 1969 4771 3561 4851">
     <span class='ocr_line' id='line_1_108' title="bbox 1969 4771 3561 4851; baseline 0.008 -24"><span class='ocrx_word' id='word_1_898' title='bbox 1969 4773 2098 4844; x_wconf 89' lang='lat' dir='ltr'><strong>quid</strong></span> <span class='ocrx_word' id='word_1_899' title='bbox 2152 4771 2393 4829; x_wconf 81' lang='lat' dir='ltr'><strong>facturus</strong></span> <span class='ocrx_word' id='word_1_900' title='bbox 2420 4774 2541 4829; x_wconf 83' lang='lat' dir='ltr'><strong>erat</strong></span> <span class='ocrx_word' id='word_1_901' title='bbox 2580 4782 2635 4829; x_wconf 90' lang='lat' dir='ltr'><strong>et</strong></span> <span class='ocrx_word' id='word_1_902' title='bbox 2683 4790 2847 4845; x_wconf 87' lang='lat' dir='ltr'><strong>opere</strong></span> <span class='ocrx_word' id='word_1_903' title='bbox 2872 4776 3193 4849; x_wconf 75' lang='lat' dir='ltr'><strong>complevit,</strong></span> <span class='ocrx_word' id='word_1_904' title='bbox 3241 4781 3386 4851; x_wconf 87' lang='lat' dir='ltr'><strong>quod</strong></span> <span class='ocrx_word' id='word_1_905' title='bbox 3430 4791 3561 4841; x_wconf 84' lang='lat' dir='ltr'><strong>ante</strong></span> 
     </span>
    </p>
   </div>
   <div class='ocr_carea' id='block_1_109' title="bbox 1968 4862 2806 4936">
    <p class='ocr_par' dir='ltr' id='par_1_109' title="bbox 1968 4862 2806 4936">
     <span class='ocr_line' id='line_1_109' title="bbox 1968 4862 2806 4936; baseline 0.006 -19"><span class='ocrx_word' id='word_1_906' title='bbox 1968 4864 2237 4935; x_wconf 57' lang='lat' dir='ltr'><strong>praedixit.</strong></span> <span class='ocrx_word' id='word_1_907' title='bbox 2260 4862 2461 4921; x_wconf 87' lang='lat' dir='ltr'><strong>Deinde</strong></span> <span class='ocrx_word' id='word_1_908' title='bbox 2484 4865 2613 4936; x_wconf 90' lang='lat' dir='ltr'><strong>quid</strong></span> <span class='ocrx_word' id='word_1_909' title='bbox 2638 4865 2768 4923; x_wconf 87' lang='lat' dir='ltr'><strong>dicit</strong></span> <span class='ocrx_word' id='word_1_910' title='bbox 2792 4886 2806 4922; x_wconf 92' lang='lat'>:</span> 
     </span>
    </p>
   </div>
   <div class='ocr_carea' id='block_1_110' title="bbox 2046 4953 3562 5035">
    <p class='ocr_par' dir='ltr' id='par_1_110' title="bbox 2046 4953 3562 5035">
     <span class='ocr_line' id='line_1_110' title="bbox 2046 4953 3562 5035; baseline 0.007 -26"><span class='ocrx_word' id='word_1_911' title='bbox 2046 4953 2170 5009; x_wconf 75' lang='lat' dir='ltr'><strong>Iam</strong></span> <span class='ocrx_word' id='word_1_912' title='bbox 2201 4974 2303 5010; x_wconf 85' lang='lat' dir='ltr'><strong>non</strong></span> <span class='ocrx_word' id='word_1_913' title='bbox 2333 4954 2498 5011; x_wconf 83' lang='lat' dir='ltr'><strong>multa</strong></span> <span class='ocrx_word' id='word_1_914' title='bbox 2544 4956 2732 5031; x_wconf 81' lang='lat' dir='ltr'><strong>loquar</strong></span> <span class='ocrx_word' id='word_1_915' title='bbox 2760 4960 3051 5027; x_wconf 78' lang='lat' dir='ltr'><strong>vobiscum,</strong></span> <span class='ocrx_word' id='word_1_916' title='bbox 3071 4962 3205 5016; x_wconf 82' lang='lat' dir='ltr'><strong>venit</strong></span> <span class='ocrx_word' id='word_1_917' title='bbox 3243 4962 3382 5018; x_wconf 79' lang='lat' dir='ltr'><strong>enim</strong></span> <span class='ocrx_word' id='word_1_918' title='bbox 3415 4962 3562 5035; x_wconf 64' lang='lat' dir='ltr'><strong>prist-</strong></span> 
     </span>
    </p>
   </div>
   <div class='ocr_carea' id='block_1_111' title="bbox 1976 5044 3139 5120">
    <p class='ocr_par' dir='ltr' id='par_1_111' title="bbox 1976 5044 3139 5120">
     <span class='ocr_line' id='line_1_111' title="bbox 1976 5044 3139 5120; baseline 0.004 -17"><span class='ocrx_word' id='word_1_919' title='bbox 1976 5050 2092 5119; x_wconf 74' lang='lat' dir='ltr'><strong>ceps</strong></span> <span class='ocrx_word' id='word_1_920' title='bbox 2126 5044 2309 5103; x_wconf 73' lang='lat' dir='ltr'><strong>mundi</strong></span> <span class='ocrx_word' id='word_1_921' title='bbox 2337 5047 2516 5120; x_wconf 79' lang='lat' dir='ltr'><strong>hujus.</strong></span> <span class='ocrx_word' id='word_1_922' title='bbox 2548 5044 2704 5118; x_wconf 77' lang='lat' dir='ltr'><strong>Quis,</strong></span> <span class='ocrx_word' id='word_1_923' title='bbox 2727 5052 2832 5109; x_wconf 79' lang='lat' dir='ltr'><strong>nisi</strong></span> <span class='ocrx_word' id='word_1_924' title='bbox 2858 5052 3139 5110; x_wconf 78' lang='lat' dir='ltr'><strong>diabolus?</strong></span> 
     </span>
    </p>
   </div>
   <div class='ocr_carea' id='block_1_112' title="bbox 2046 5134 3562 5218">
    <p class='ocr_par' dir='ltr' id='par_1_112' title="bbox 2046 5134 3562 5218">
     <span class='ocr_line' id='line_1_112' title="bbox 2046 5134 3562 5218; baseline 0.006 -22"><span class='ocrx_word' id='word_1_925' title='bbox 2046 5140 2116 5196; x_wconf 86' lang='lat' dir='ltr'><strong>Et</strong></span> <span class='ocrx_word' id='word_1_926' title='bbox 2144 5141 2197 5195; x_wconf 85' lang='lat' dir='ltr'><strong>in</strong></span> <span class='ocrx_word' id='word_1_927' title='bbox 2226 5158 2305 5195; x_wconf 89' lang='lat' dir='ltr'><strong>me</strong></span> <span class='ocrx_word' id='word_1_928' title='bbox 2333 5159 2435 5196; x_wconf 82' lang='lat' dir='ltr'><strong>non</strong></span> <span class='ocrx_word' id='word_1_929' title='bbox 2463 5136 2615 5197; x_wconf 77' lang='lat' dir='ltr'><strong>habet</strong></span> <span class='ocrx_word' id='word_1_930' title='bbox 2642 5146 2948 5218; x_wconf 79' lang='lat' dir='ltr'><strong>quidquam.</strong></span> <span class='ocrx_word' id='word_1_931' title='bbox 2973 5145 3189 5202; x_wconf 80' lang='lat' dir='ltr'><strong>Nullum</strong></span> <span class='ocrx_word' id='word_1_932' title='bbox 3216 5134 3562 5204; x_wconf 79' lang='lat' dir='ltr'><strong>scilicetom-</strong></span> 
     </span>
    </p>
   </div>
   <div class='ocr_carea' id='block_1_113' title="bbox 1976 5224 3562 5309">
    <p class='ocr_par' dir='ltr' id='par_1_113' title="bbox 1976 5224 3562 5309">
     <span class='ocr_line' id='line_1_113' title="bbox 1976 5224 3562 5309; baseline 0.003 -22"><span class='ocrx_word' id='word_1_933' title='bbox 1976 5233 2108 5288; x_wconf 90' lang='lat' dir='ltr'><strong>nino</strong></span> <span class='ocrx_word' id='word_1_934' title='bbox 2126 5230 2431 5304; x_wconf 81' lang='lat' dir='ltr'><strong>peccatum,</strong></span> <span class='ocrx_word' id='word_1_935' title='bbox 2458 5224 2583 5289; x_wconf 80' lang='lat' dir='ltr'><strong>hinc</strong></span> <span class='ocrx_word' id='word_1_936' title='bbox 2607 5236 2752 5291; x_wconf 83' lang='lat' dir='ltr'><strong>enim</strong></span> <span class='ocrx_word' id='word_1_937' title='bbox 2781 5237 3023 5293; x_wconf 85' lang='lat' dir='ltr'><strong>ostendit</strong></span> <span class='ocrx_word' id='word_1_938' title='bbox 3059 5238 3331 5293; x_wconf 88' lang='lat' dir='ltr'><strong>diabolum</strong></span> <span class='ocrx_word' id='word_1_939' title='bbox 3355 5238 3562 5309; x_wconf 78' lang='lat' dir='ltr'><strong>princi-</strong></span> 
     </span>
    </p>
   </div>
   <div class='ocr_carea' id='block_1_114' title="bbox 1978 5320 3563 5396">
    <p class='ocr_par' dir='ltr' id='par_1_114' title="bbox 1978 5320 3563 5396">
     <span class='ocr_line' id='line_1_114' title="bbox 1978 5320 3563 5396; baseline 0.001 -15"><span class='ocrx_word' id='word_1_940' title='bbox 1978 5342 2102 5396; x_wconf 87' lang='lat' dir='ltr'><strong>pem</strong></span> <span class='ocrx_word' id='word_1_941' title='bbox 2130 5340 2251 5381; x_wconf 86' lang='lat' dir='ltr'><strong>esse</strong></span> <span class='ocrx_word' id='word_1_942' title='bbox 2301 5337 2648 5394; x_wconf 84' lang='lat' dir='ltr'><strong>peccatorum</strong></span> <span class='ocrx_word' id='word_1_943' title='bbox 2692 5320 3002 5394; x_wconf 88' lang='lat' dir='ltr'><strong>hominum,</strong></span> <span class='ocrx_word' id='word_1_944' title='bbox 3048 5344 3155 5385; x_wconf 90' lang='lat' dir='ltr'><strong>non</strong></span> <span class='ocrx_word' id='word_1_945' title='bbox 3191 5339 3563 5386; x_wconf 86' lang='lat' dir='ltr'><strong>creaturarum</strong></span> 
     </span>
    </p>
   </div>
   <div class='ocr_carea' id='block_1_115' title="bbox 1980 5417 3567 5492">
    <p class='ocr_par' dir='ltr' id='par_1_115' title="bbox 1980 5417 3567 5492">
     <span class='ocr_line' id='line_1_115' title="bbox 1980 5417 3567 5492; baseline 0.001 -21"><span class='ocrx_word' id='word_1_946' title='bbox 1980 5418 2097 5481; x_wconf 88' lang='lat' dir='ltr'><strong>Dei,</strong></span> <span class='ocrx_word' id='word_1_947' title='bbox 2122 5425 2177 5473; x_wconf 88' lang='lat' dir='ltr'><strong>ct</strong></span> <span class='ocrx_word' id='word_1_948' title='bbox 2200 5417 2625 5488; x_wconf 83' lang='lat' dir='ltr'><strong>quotiescunque</strong></span> <span class='ocrx_word' id='word_1_949' title='bbox 2650 5420 2837 5473; x_wconf 89' lang='lat' dir='ltr'><strong>mundi</strong></span> <span class='ocrx_word' id='word_1_950' title='bbox 2868 5419 2993 5492; x_wconf 74' lang='lat' dir='ltr'><strong>fuga</strong></span> <span class='ocrx_word' id='word_1_951' title='bbox 3020 5420 3076 5475; x_wconf 87' lang='lat' dir='ltr'><strong>in</strong></span> <span class='ocrx_word' id='word_1_952' title='bbox 3102 5420 3244 5475; x_wconf 87' lang='lat' dir='ltr'><strong>mala</strong></span> <span class='ocrx_word' id='word_1_953' title='bbox 3287 5417 3567 5489; x_wconf 73' lang='lat' dir='ltr'><strong>signiﬁca-</strong></span> 
     </span>
    </p>
   </div>
   <div class='ocr_carea' id='block_1_116' title="bbox 1980 5509 3567 5580">
    <p class='ocr_par' dir='ltr' id='par_1_116' title="bbox 1980 5509 3567 5580">
     <span class='ocr_line' id='line_1_116' title="bbox 1980 5509 3567 5580; baseline 0.003 -19"><span class='ocrx_word' id='word_1_954' title='bbox 1980 5509 2128 5564; x_wconf 90' lang='lat' dir='ltr'><strong>tione</strong></span> <span class='ocrx_word' id='word_1_955' title='bbox 2161 5510 2377 5580; x_wconf 78' lang='lat' dir='ltr'><strong>ponitur</strong></span> <span class='ocrx_word' id='word_1_956' title='bbox 2402 5526 2506 5564; x_wconf 91' lang='lat' dir='ltr'><strong>non</strong></span> <span class='ocrx_word' id='word_1_957' title='bbox 2532 5513 2793 5577; x_wconf 82' lang='lat' dir='ltr'><strong>ostendit,</strong></span> <span class='ocrx_word' id='word_1_958' title='bbox 2825 5513 2930 5567; x_wconf 85' lang='lat' dir='ltr'><strong>nisi</strong></span> <span class='ocrx_word' id='word_1_959' title='bbox 2957 5514 3145 5568; x_wconf 86' lang='lat' dir='ltr'><strong>mundi</strong></span> <span class='ocrx_word' id='word_1_960' title='bbox 3171 5512 3331 5567; x_wconf 82' lang='lat' dir='ltr'><strong>istius</strong></span> <span class='ocrx_word' id='word_1_961' title='bbox 3358 5518 3567 5565; x_wconf 80' lang='lat' dir='ltr'><strong>amato-</strong></span> 
     </span>
    </p>
   </div>
   <div class='ocr_carea' id='block_1_117' title="bbox 1986 5601 3563 5669">
    <p class='ocr_par' dir='ltr' id='par_1_117' title="bbox 1986 5601 3563 5669">
     <span class='ocr_line' id='line_1_117' title="bbox 1986 5601 3563 5669; baseline 0.001 -16"><span class='ocrx_word' id='word_1_962' title='bbox 1986 5616 2072 5653; x_wconf 89' lang='lat' dir='ltr'><strong>res</strong></span> <span class='ocrx_word' id='word_1_963' title='bbox 2099 5612 2153 5655; x_wconf 81' lang='lat' dir='ltr'><strong>et</strong></span> <span class='ocrx_word' id='word_1_964' title='bbox 2183 5617 2288 5655; x_wconf 87' lang='lat' dir='ltr'><strong>non</strong></span> <span class='ocrx_word' id='word_1_965' title='bbox 2318 5602 2431 5655; x_wconf 81' lang='lat' dir='ltr'><strong>Dei.</strong></span> <span class='ocrx_word' id='word_1_966' title='bbox 2463 5601 2618 5656; x_wconf 77' lang='lat' dir='ltr'><strong>Absit</strong></span> <span class='ocrx_word' id='word_1_967' title='bbox 2644 5606 2819 5665; x_wconf 79' lang='lat' dir='ltr'><strong>enim,</strong></span> <span class='ocrx_word' id='word_1_968' title='bbox 2855 5614 2911 5657; x_wconf 87' lang='lat' dir='ltr'><strong>ut</strong></span> <span class='ocrx_word' id='word_1_969' title='bbox 2939 5605 3223 5655; x_wconf 66' lang='lat' dir='ltr'><strong>creiamus</strong></span> <span class='ocrx_word' id='word_1_970' title='bbox 3266 5601 3563 5669; x_wconf 68' lang='lat' dir='ltr'><strong>principem</strong></span> 
     </span>
    </p>
   </div>
   <div class='ocr_carea' id='block_1_118' title="bbox 1984 5691 3566 5759">
    <p class='ocr_par' dir='ltr' id='par_1_118' title="bbox 1984 5691 3566 5759">
     <span class='ocr_line' id='line_1_118' title="bbox 1984 5691 3566 5759; baseline -0.002 -13"><span class='ocrx_word' id='word_1_971' title='bbox 1984 5707 2107 5747; x_wconf 83' lang='lat' dir='ltr'><strong>esse</strong></span> <span class='ocrx_word' id='word_1_972' title='bbox 2134 5691 2254 5747; x_wconf 68' lang='lat' dir='ltr'><strong>curii</strong></span> <span class='ocrx_word' id='word_1_973' title='bbox 2280 5701 2332 5748; x_wconf 90' lang='lat' dir='ltr'><strong>ct</strong></span> <span class='ocrx_word' id='word_1_974' title='bbox 2361 5702 2515 5747; x_wconf 73' lang='lat' dir='ltr'><strong>terra:</strong></span> <span class='ocrx_word' id='word_1_975' title='bbox 2559 5702 2615 5747; x_wconf 91' lang='lat' dir='ltr'><strong>et</strong></span> <span class='ocrx_word' id='word_1_976' title='bbox 2644 5704 3014 5749; x_wconf 82' lang='lat' dir='ltr'><strong>creaturarum</strong></span> <span class='ocrx_word' id='word_1_977' title='bbox 3064 5691 3302 5744; x_wconf 85' lang='lat' dir='ltr'><strong>omnium</strong></span> <span class='ocrx_word' id='word_1_978' title='bbox 3332 5705 3449 5758; x_wconf 67' lang='lat' dir='ltr'><strong>quae</strong></span> <span class='ocrx_word' id='word_1_979' title='bbox 3477 5703 3566 5759; x_wconf 62' lang='grc' dir='ltr'><strong>εει</strong></span> 
     </span>
    </p>
   </div>
   <div class='ocr_carea' id='block_1_119' title="bbox 3134 5784 3196 5841">
    <p class='ocr_par' dir='ltr' id='par_1_119' title="bbox 3134 5784 3196 5841">
     <span class='ocr_line' id='line_1_119' title="bbox 3134 5784 3196 5841; baseline -0.032 0"><span class='ocrx_word' id='word_1_980' title='bbox 3134 5784 3196 5841; x_wconf 78' lang='lat' dir='ltr'><strong>ll</strong></span> 
     </span>
    </p>
   </div>
  </div>
