3978 6430
469 252 569 310 δςι

471 369 729 430 neraliter
761 361 945 419 mundi
989 352 1342 425 appellantur.
1376 346 1543 402 Totus
1592 343 1775 411 itaque

474 512 843 615 ter-emptori
865 558 878 605 ;
906 546 960 594 et
974 534 1181 606 regitur
1204 525 1607 599 dispensatione
1622 520 1827 615 divina,
1839 530 1946 570 non
1961 512 2058 568 ini-

474 639 600 695 mici
644 609 883 690 versutia
946 621 1278 681 subvertitur
1322 624 1522 690 pnetcr
1570 609 1821 667 homines
1873 610 2058 674 partes

476 731 637 791 illius,
662 725 751 797 qui
773 720 995 795 propria
1033 714 1330 776 voluntate,
1354 725 1460 764 non
1490 704 1819 761 necessitate
1854 700 2057 797 aliqua,

475 835 533 876 se
571 786 1153 888 subiiciunt-diabolo,
1199 802 1343 857 unde
1370 806 1427 856 et
1469 794 1759 868 Apostolus
1788 791 1903 888 ait:
1936 786 2061 888 Non

474 879 723 966 est‘nobis
746 899 1047 959 colluctatio
1073 894 1322 952 adversus
1350 904 1562 945 carnem
1583 898 1629 942 et
1658 882 1992 955 sanguinem,
2009 879 2063 935 id

477 1008 583 1067 est,
615 999 878 1053 adversus
906 989 1176 1051 homines,
1206 984 1295 1039 sed
1331 981 1579 1036 adversus
1607 982 1885 1047 potestates
1910 981 1957 1027 et
1985 987 2063 1026 rc-

478 1101 646 1145 ctores
674 1085 1006 1142 tenebrarum
1031 1080 1222 1133 harum
1289 1074 1499 1150 (Eplies.
1528 1067 1630 1139 vi),
1663 1066 1717 1121 id
1750 1073 1854 1130 est,
1876 1077 2067 1135 pecca-

480 1189 681 1242 torum,
714 1176 805 1247 qui
839 1174 893 1227 in
923 1166 1164 1226 tenebris
1214 1168 1435 1219 manent
1469 1156 1773 1228 iniquitatis
1818 1168 1954 1225 quos
1983 1169 2068 1208 re-

482 1281 662 1326 ctores
689 1245 908 1335 angelos
933 1274 1055 1316 esse
1078 1256 1386 1313 desertores
1420 1249 1705 1321 designant
1731 1286 1747 1311 ,
1802 1245 1894 1299 sed
1942 1248 2070 1297 sunt

484 1360 573 1431 qui
600 1372 700 1431 per
724 1354 957 1428 gratiam
977 1347 1095 1413 Dei,
1111 1361 1217 1401 non
1235 1342 1471 1415 propriis
1500 1338 1708 1395 meritis
1724 1336 1846 1391 inde
1871 1348 2070 1431 eruun-

484 1419 681 1513 t'ur,-de
705 1419 902 1517 quibus
927 1440 1005 1495 ait
1037 1433 1360 1507 Apostolus:
1394 1430 1596 1485 Fuistis
1627 1429 1764 1482 enim
1786 1419 2069 1497 aliquando

485 1516 737 1600 tenebrat,
756 1550 895 1590 nunc
913 1540 1085 1586 autem
1114 1527 1205 1582 lux.
1226 1526 1281 1581 in
1310 1524 1558 1585 Domino,
1588 1531 1640 1573 ut
1665 1519 1767 1589 ﬁlii
1797 1516 1928 1570 lucis
1958 1531 2073 1569 am-

487 1633 684 1698 bulate,
706 1630 797 1686 sed
821 1623 997 1700 gratia
1026 1622 1135 1677 Deo
1165 1620 1252 1693 qui
1278 1616 1412 1672 eruit
1436 1628 1552 1678 nos,
1578 1613 1717 1667 sicut
1770 1606 1913 1663 idem
1942 1605 2072 1660 dicit

1748 215 2026 274 SMAIUC
2039 214 2099 268 lli
2138 209 2434 267 ABBATIS

3648 199 3746 256 3.ῒὲ

1824 334 2054 391 mundus
2084 339 2129 390 Α
2165 348 2182 379 ι
2217 328 2365 383 denti
2396 342 2560 396 super
2584 326 2837 379 thronum
2866 322 3066 376 viventi
3099 320 3151 374 in
3179 316 3371 373 Stecula
3401 316 3742 382 szrculorum,

2167 436 2184 470 ι
2215 415 2565 490 procidcbant
2584 410 2775 484 viginti
2799 418 3033 483 quatuor
3047 408 3289 465 seniores
3315 418 3443 463 ante
3473 409 3744 464 sedentem

2167 529 2185 563 ι
2221 512 2276 565 in
2305 510 2519 574 throno,
2548 513 2604 563 et
2633 506 2929 562 adorabant
2953 503 3222 559 viventem
3260 502 3316 557 in
3344 499 3546 556 saecula
3589 515 3747 555 smon-

2168 618 2186 652 ‹
2218 598 2414 654 lorum.
2458 618 2477 651 ι

2247 687 2364 744 Vidi
2389 690 2579 744 ostium
2603 694 2839 757 apertum
2866 686 2922 739 in
2950 681 3095 739 cwlo.
3123 681 3226 754 (Ex
3250 679 3443 753 Beda.)
3470 679 3529 735 Id
3555 688 3659 747 est,
3694 679 3747 736 li-

2163 780 2286 839 dem
2311 781 2610 838 nativitatis
2635 777 2857 843 Christi,
2883 788 2938 834 et
2976 774 3247 849 passionis
3272 816 3288 841 ,
3322 781 3375 830 et
3405 775 3749 829 resurrectio-

2165 875 2252 930 nis
2278 875 2331 928 in
2362 868 2624 929 Ecclesia.
2654 870 2860 926 Ostium
2877 877 3145 939 apertum,
3164 861 3448 921 Christum
3495 873 3675 918 natum
3699 875 3747 921 et

2166 979 2382 1035 passum
2434 961 2655 1025 indicat,
2688 959 2800 1030 ipse
2839 958 2983 1013 enim
3004 957 3117 1011 ait:
3160 954 3272 1025 Ego
3296 939 3414 1008 ium
3444 955 3661 1020 ostium,
3707 957 3747 1008 si

2166 1053 2281 1122 quis
2311 1066 2403 1122 per
2434 1066 2515 1104 me
2536 1048 2821 1113 introierit,
2851 1045 3143 1102 salvabitur
3172 1045 3355 1115 (\Joan.
3380 1043 3461 1115 ι).
3491 1043 3560 1098 Et
3589 1045 3742 1102 alibi:

2173 1143 2339 1196 Nemo
2368 1140 2500 1195 venit
2522 1139 2590 1193 ad
2614 1148 2817 1211 patrem
2847 1138 2951 1191 nisi
2992 1153 3086 1209 per
3111 1152 3191 1190 me
3236 1134 3419 1207 (Joan.
3450 1137 3586 1206 κεν).
3608 1134 3746 1203 Quod

2170 1243 2351 1288 autem
2380 1231 2510 1287 dicit
2539 1228 2591 1286 in
2621 1228 2778 1295 ctelo,
2804 1230 2856 1284 in
2884 1224 3126 1284 Ecclesia
3170 1224 3468 1299 signiﬁcat,
3497 1241 3618 1295 quae
3642 1239 3743 1281 coe-

2171 1324 2280 1379 lum
2308 1339 2428 1379 esse
2458 1320 2678 1388 meruit,
2706 1336 2772 1376 eo
2802 1321 2942 1391 quod
2971 1319 3042 1375 sit
3062 1318 3432 1374 habitaculum
3455 1316 3575 1373 Dei.

2242 1416 2311 1470 Et
2342 1432 2440 1470 rex
2478 1415 2648 1487 prima
2676 1426 2834 1485 quam
2862 1410 3059 1477 audivi,
3092 1420 3343 1483 tanquam
3369 1406 3513 1464 tuba:
3547 1408 3744 1485 loquen-

2172 1508 2238 1562 tis
2266 1522 2482 1560 meeum.
2511 1504 2664 1560 Sicut
2684 1504 2828 1559 enim
2853 1518 2957 1558 vox
2984 1502 3123 1557 tuba:
3146 1541 3164 1567 ,
3207 1497 3287 1557 sic
3337 1496 3744 1572 prmdicatorum

2172 1614 2275 1653 vos
2296 1606 2402 1665 est,
2431 1596 2643 1669 quando
2670 1596 2862 1650 invitat
2882 1594 3154 1649 auditores
3179 1593 3247 1648 ad
3275 1587 3460 1649 iidem.
3487 1592 3638 1661 Quod
3657 1608 3743 1646 au-

891 1719 1155 1788 potestate
1177 1680 1573 1769 'tenebrarum,
1606 1710 1660 1757 et
1688 1697 1968 1755 transtulit
2010 1696 2065 1749 in
2096 1684 2142 1743 B
2172 1700 2290 1795 ten:
2316 1690 2450 1745 dixit
2480 1708 2493 1743 :
2519 1687 2649 1795 ,νοω
2671 1688 2861 1760 prima,
2889 1686 3208 1742 subauditur
3240 1680 3432 1740 in'ista
3461 1685 3681 1744 visione.

489 1784 839 1885 regnumFilii
877 1784 1141 1863 claritatis
1181 1810 1315 1864 suae,
1365 1796 1568 1885 inquo
1612 1791 1864 1885 princeps
1910 1784 2071 1885 huius

486 1877 708 1968 mrindi,
753 1899 859 1954 hoc
887 1905 990 1962 est,
1036 1891 1385 1948 tenebrarum
1425 1884 1640 1947 harum,
1689 1895 1793 1935 non
1840 1877 2074 1933 habebat

488 1994 805 2065 quidquam,
845 1987 971 2058 quia
1020 1996 1196 2053 neque
1220 1994 1343 2035 cum
1380 1984 1605 2047 peccato
1634 1975 1777 2028 Deus
1811 1979 2027 2024 venerat
2056 2008 2072 2034 ,

488 2062 592 2141 nec
630 2062 748 2153 ejus
774 2091 991 2136 carnem
1037 2075 1103 2130 de
1150 2068 1360 2144 peccati
1388 2067 1680 2138 pr0pagine
1726 2062 1879 2134 virgo
1907 2073 2074 2130 prpe—

443 2188 449 2195 '
490 2182 660 2240 rerat,
688 2181 743 2229 ct
769 2180 1022 2241 tanquam
1045 2166 1095 2222 ei
1119 2165 1394 2220 diceretur
1420 2177 1435 2215 :
1467 2157 1578 2213 Cur
1621 2170 1751 2227 ergo
1784 2153 2031 2209 morieris
2055 2192 2071 2217 ,

492 2268 539 2324 si
562 2280 672 2323 non
696 2263 866 2320 habes
900 2265 1182 2332 peccatum
1203 2253 1290 2310 cui
1318 2250 1618 2308 debebatur
1660 2245 1853 2304 mortis
1877 2243 2076 2315 suppli-

492 2363 658 2427 cium,
685 2357 945 2415 continuo
990 2350 1221 2421 subjecit
1252 2365 1268 2402 :

566 2423 676 2508 Sed
690 2458 747 2505 ut
773 2452 1049 2521 cegnoscat
1079 2438 1329 2497 mundus.
1357 2437 1484 2508 quia
1529 2433 1693 2503 diligo
1721 2423 1928 2521 Patrem
1953 2470 1967 2495 ,
2029 2436 2076 2482 et

493 2544 627 2600 sicut
655 2519 965 2596 mandatum
994 2532 1139 2587 dedit
1168 2529 1298 2586 mihi
1321 2524 1479 2582 Pater
1508 2526 1583 2580 sic
1622 2522 1783 2595 facio.
1825 2519 2075 2574 Discum—

496 2638 630 2692 bens
651 2630 798 2690 enim
826 2622 1289 2685 diseumbentibus
1310 2617 1660 2690 loquebatur;
1685 2626 1872 2668 eamus
1895 2619 2077 2665 autem

498 2725 653 2788 dixit,
685 2735 792 2793 quo
826 2718 931 2775 nisi
959 2715 1028 2772 ad
1067 2714 1219 2770 illum
1249 2711 1447 2773 locum,
1488 2706 1630 2763 unde
1660 2704 1838 2759 fuerat
1862 2701 2080 2756 traden-

499 2814 634 2872 dus?
660 2791 756 2870 Est
792 2810 955 2868 morti
981 2806 1235 2872 traditus,
1265 2802 1356 2874 qui
1386 2799 1593 2856 nullum
1630 2793 1867 2852 habebat
1911 2791 2080 2848 meri-

499 2916 616 2964 tum
641 2904 854 2971 mortis,
884 2901 980 2960 sed
1022 2897 1258 2956 habebat
1311 2901 1371 2950 ut
1413 2897 1718 2949 moreretur
1766 2885 2078 2942 mandatum

537 2998 688 3054 atris.

499 3014 688 3097 pun-8'
752 3078 1070 3141 eomes
1110 3074 1263 3135 oar.
1302 3067 1820 3131 rsurscosrss.

499 3192 694 3237 Lucrio
729 3186 874 3235 netu
910 3182 1257 3232 APOCALYPSIS
1314 3180 1473 3225 amri
1526 3178 1743 3223 tonsis
1778 3176 2035 3219 srosrou
2064 3200 2079 3226 ,

1166 3256 1290 3297 CAP.
1332 3255 1407 3294 IV.

578 3380 599 3414 ε
632 3356 755 3419 Vidi
776 3358 974 3416 Ostium
998 3361 1244 3428 apertum
1266 3353 1321 3408 in
1348 3350 1510 3416 cado,
1533 3357 1587 3405 et
1603 3361 1705 3403 vos
1728 3345 1901 3418 prima
1924 3357 2083 3415 quam

509 3472 528 3505 ι
566 3450 778 3517 audivi,
807 3450 1065 3519 tauquam
1092 3445 1234 3501 tuba:
1278 3440 1556 3513 loquentis
1585 3428 1823 3503 mecum,
1850 3435 2036 3491 dicens
2069 3452 2082 3489 :

512 3563 530 3595 ‹
560 3541 808 3599 Ascende
842 3540 969 3606 huc,
998 3545 1055 3593 et
1086 3535 1371 3592 ostendam
1410 3531 1508 3588 tibi
1557 3546 1678 3603 qua:
1714 3536 1925 3601 oportet
1971 3528 2085 3585 lieri

512 3653 530 3686 ι
563 3634 693 3689 cito.
734 3629 867 3687 Post
895 3630 1010 3684 haec
1038 3625 1224 3682 statim
1252 3621 1327 3678 fui
1374 3623 1428 3677 in
1456 3619 1667 3692 spiritu.
1690 3617 1759 3674 Et
1777 3634 1904 3675 ecce
1932 3617 2089 3674 sedes

514 3719 533 3777 ὰ
565 3721 741 3795 posita
769 3729 890 3777 erat
910 3717 967 3773 in
990 3713 1222 3782 coelo,et
1242 3726 1403 3783 supra
1440 3712 1620 3768 sedem
1663 3710 1873 3767 sedens.
1905 3708 1975 3764 Et
1997 3702 2088 3778 qui

515 3831 533 3863 ι
571 3810 793 3867 sedebat
838 3802 1032 3864 similis
1065 3812 1186 3861 erat
1210 3802 1452 3875 aspectui
1492 3801 1684 3872 lapidis
1707 3842 1722 3869 ,
1758 3797 1989 3871 jaspidis
2035 3804 2092 3852 et

516 3922 536 3954 α
571 3900 772 3960 sardii;
842 3904 897 3953 et
939 3895 1037 3952 iris
1073 3902 1193 3951 erat
1225 3894 1283 3950 in
1331 3891 1561 3950 circuitu
1601 3891 1745 3947 sedis
1787 3888 1981 3946 similis
2004 3887 2087 3942 vi-

518 4013 535 4045 ι
572 3992 710 4049 sioni
755 3988 1130 4062 smaragdina,
1163 3995 1219 4044 et
1248 3987 1305 4043 in
1340 3985 1569 4043 circuitu
1614 3983 1760 4041 sedis
1802 3980 1991 4040 sedilia
2018 3979 2093 4036 vi-

517 4104 536 4135 ι
554 4084 703 4158 'ginti
735 4089 990 4154 quatuor,
1010 4088 1065 4137 et
1097 4095 1260 4152 supra
1280 4080 1506 4135 thronos
1534 4076 1724 4149 viginti
1749 4082 1983 4146 quatuor
2007 4087 2093 4129 se-

519 4194 535 4229 i
568 4178 773 4243 niores,
802 4175 1053 4231 sedentes
1080 4173 1286 4230 circum
1324 4172 1506 4229 amicti
1534 4171 1687 4227 stolis
1710 4169 1846 4225 albis
1870 4210 1886 4237 ,
1947 4177 2003 4224 et
2035 4166 2091 4225 in

519 4289 536 4321 ι
576 4269 840 4340 capitibus
867 4279 1054 4323 eorum
1076 4280 1305 4323 coronas
1325 4280 1538 4322 aureas.
1568 4263 1634 4320 Et
1658 4264 1725 4320 de
1754 4263 1947 4319 throno
1967 4277 2094 4334 pro-

520 4378 537 4409 ι
575 4358 836 4414 cedebant
867 4355 1098 4428 fulgura,
1130 4364 1185 4412 et
1212 4370 1377 4413 voces
1406 4363 1461 4411 et
1498 4355 1754 4420 tonitrua,
1785 4362 1844 4409 et
1887 4360 2093 4423 septem

521 4469 537 4500 ι
573 4450 844 4521 lampades
887 4449 1139 4505 ardentes
1191 4456 1317 4504 ante
1362 4447 1639 4512 thronum,
1672 4459 1794 4516 qua:
1846 4453 1971 4500 sunt
2010 4458 2095 4500 se-

519 4561 537 4592 ι
572 4550 717 4612 ptem
730 4536 964 4611 Spiritus
990 4538 1109 4595 Dei.
1145 4538 1214 4594 Et
1237 4537 1293 4593 in
1314 4546 1607 4609 conspectu
1637 4534 1802 4599 sedis,
1835 4541 2096 4603 tanquam

522 4651 539 4682 ι
570 4645 723 4686 mare
749 4630 981 4687 vitreum
1008 4626 1183 4686 simile
1197 4626 1456 4703 crystallo
1472 4644 1487 4693 ;
1504 4635 1558 4682 et
1585 4625 1639 4681 in
1662 4624 1839 4680 medio
1855 4624 2020 4689 sedis,
2043 4630 2100 4678 et

522 4741 541 4773 ι
577 4724 632 4777 in
658 4721 887 4776 circuitu
907 4719 1069 4786 sedis,
1088 4718 1321 4790 quatuor
1341 4716 1593 4773 animalia
1607 4715 1765 4787 plena
1784 4713 1957 4769 oculis
1972 4721 2098 4769 ante

525 4830 543 4865 ι
576 4822 639 4869 et
670 4821 837 4869 retro.
883 4812 952 4867 Et
991 4810 1193 4867 animal
1236 4810 1472 4882 primum
1511 4804 1688 4863 simile
1714 4803 1881 4871 leoni,
1911 4811 1967 4859 et
2021 4818 2101 4859 se-

524 4924 542 4956 ι
573 4902 806 4959 cundum
832 4901 1033 4958 animal
1074 4899 1250 4958 simile
1294 4898 1481 4960 vitulo.
1530 4904 1586 4951 et
1633 4894 1851 4951 tertium
1896 4893 2096 4950 animal

525 5013 543 5047 ι
572 4995 783 5051 habens
798 4992 990 5051 faciem
1004 4988 1160 5065 quasi
1180 4989 1438 5054 hominis,
1462 4995 1519 5044 et
1536 4994 1786 5058 quartum
1807 4985 2008 5041 animal
2022 4986 2098 5041 si-

527 5106 544 5138 ι
574 5085 702 5141 mile
733 5084 929 5156 aquila:
953 5081 1176 5140 volanti.
1214 5080 1283 5136 Et
1324 5087 1559 5151 quatuor
1592 5077 1864 5144 animalia,
1890 5077 2099 5149 singula

527 5195 546 5229 s
579 5191 765 5234 eorum
796 5174 1068 5234 habebant
1121 5172 1234 5227 alas
1279 5184 1461 5236 senas,
1490 5177 1548 5225 et
1574 5169 1629 5225 in
1658 5166 1906 5236 circuitu,
1938 5179 1991 5226 et
2019 5168 2102 5224 in—

528 5286 547 5322 ‹
582 5279 670 5325 tus
702 5268 862 5340 plena
888 5274 1015 5324 sunt
1040 5264 1234 5330 oculis,
1265 5269 1320 5318 et
1368 5264 1607 5333 requiem
1656 5278 1762 5318 non
1818 5263 2097 5319 habebant

528 5379 546 5410 ι
579 5359 667 5415 die
710 5372 775 5413 ac
803 5364 964 5413 nocte
990 5353 1221 5410 dicentia
1247 5369 1261 5405 :
1292 5349 1551 5419 Sanctus,
1584 5359 1823 5417 sanctus,
1855 5360 2094 5416 sanctus,

528 5466 547 5500 ι
581 5449 840 5504 Dominus
881 5443 1025 5499 Deus
1048 5442 1410 5511 omnipotens,
1439 5441 1531 5513 qui
1572 5450 1713 5508 erat,
1735 5442 1828 5512 qui
1864 5450 1949 5497 est
1976 5482 1991 5507 ,
2046 5449 2102 5495 et

529 5558 548 5589 ι
583 5539 675 5608 qui
703 5543 963 5593 venturus
982 5539 1085 5588 est.
1114 5530 1183 5586 Et
1225 5531 1349 5586 dum
1379 5531 1570 5588 darent
1594 5531 1688 5587 illa
1711 5540 1941 5601 quatuor
1984 5532 2100 5586 ani-

532 5648 551 5682 ι
579 5629 739 5684 malia
767 5625 991 5698 gloriam
1020 5632 1075 5679 et
1108 5624 1393 5691 honorem,
1432 5633 1485 5680 et
1538 5623 1964 5679 benedictionem
2016 5638 2102 5678 sc-

2243 1779 2433 1834 Dicens
2453 1793 2472 1831 :
2502 1778 2733 1833 Ascende
2761 1778 2883 1843 huc,
2912 1789 2959 1831 et
3006 1777 3277 1831 ostendam
3314 1776 3411 1829 tibi
3448 1791 3569 1847 qua!
3612 1790 3747 1845 opor-

2173 1881 2241 1926 tet
2269 1873 2386 1941 ﬁeri
2411 1873 2531 1926 cito.
2556 1868 2709 1939 Quod
2735 1871 2901 1927 dicit:
2944 1870 3177 1926 Ascende
3205 1871 3308 1925 huc
3329 1910 3347 1937 ,
3400 1887 3511 1926 non
3539 1871 3604 1926 de
3641 1870 3765 1927 loco.

2173 1962 2441 2037 signiﬁcat
2466 1963 2533 2017 ad
2562 1962 2763 2029 locum,
2785 1962 2879 2018 sed
2911 1964 3164 2028 ascende,
3190 1962 3242 2017 id
3268 1972 3373 2029 est,
3398 1962 3667 2034 intellige,
3697 1971 3744 2016 et

2174 2054 2354 2119 crede,
2383 2053 2626 2109 infideles
2647 2054 2789 2109 enim
2820 2054 3013 2110 invitat
3048 2054 3116 2109 ad
3154 2053 3431 2110 Christum
3481 2053 3742 2119 Ecclesia,

2175 2152 2230 2202 et
2253 2145 2319 2201 ad
2360 2146 2706 2215 baptismum.
2737 2142 2925 2201 Omnis
2948 2144 3094 2199 enim
3143 2141 3237 2215 qui
3277 2142 3456 2200 credit
3487 2141 3744 2199 Christum

2177 2244 2363 2291 natum
2394 2244 2446 2292 et
2474 2252 2715 2307 passum,
2741 2233 2988 2291 ascendit
3020 2236 3088 2291 ad
3112 2219 3466 2291 altitudinem.
3484 2232 3739 2297 Ecclesiae,

2175 2337 2231 2383 et
2262 2326 2406 2383 videt
2429 2329 2607 2383 futura
2634 2325 2828 2384 ail‘ectu
2856 2326 3107 2398 spiritali,
3130 2326 3274 2382 unde
3301 2334 3358 2383 et
3386 2326 3650 2396 sequitur.

2251 2418 2375 2473 Post
2404 2419 2515 2474 hmc
2542 2414 2623 2490 [ui
2664 2418 2718 2472 in
2756 2418 2966 2490 spiritu.
3015 2416 3073 2472 Id
3101 2425 3204 2484 est,
3231 2432 3339 2473 non
3368 2416 3519 2471 sensi
3567 2429 3742 2485 corpus

2178 2525 2380 2575 meum,
2408 2517 2661 2579 tanquam
2698 2509 2922 2579 spiritus
2947 2524 3100 2566 meus
3128 2507 3274 2564 solus
3290 2513 3441 2565 esset
3465 2516 3615 2564 extra
3639 2520 3744 2561 cor-

2177 2616 2278 2673 pus
2303 2600 2357 2654 in
2386 2601 2594 2656 visione
2620 2596 2868 2671 spiritali.

2252 2699 2319 2754 Et
2349 2716 2464 2756 ecce
2499 2701 2647 2758 sedes
2697 2702 2866 2774 posita
2891 2711 3003 2757 erat
3031 2703 3087 2757 in
3114 2699 3264 2758 calo.
3293 2699 3353 2756 Id
3395 2708 3502 2758 est.
3525 2696 3744 2756 Ecclesia

2178 2787 2421 2862 perfecta
2451 2790 2507 2846 in
2533 2790 2659 2847 ﬁde.

2252 2878 2322 2934 Et
2348 2898 2508 2952 supra
2536 2881 2710 2937 sedem
2734 2881 2937 2938 sedens.
2968 2881 3026 2939 Id
3045 2891 3149 2948 est,
3177 2898 3341 2954 super
3360 2882 3656 2939 Ecelesiam
3678 2896 3746 2937 se-

2185 2969 2316 3027 dens
2333 2981 2451 3026 erat
2476 2969 2742 3037 Christus,
2764 2972 2907 3027 unde
2927 2980 2980 3027 et
3006 2971 3174 3028 Isaias
3187 2973 3264 3028 ait
3285 2990 3298 3026 :
3340 2970 3463 3027 Vidi
3488 2971 3744 3028 Dominum

2110 3033 2154 3097 C
2184 3060 2445 3118 sedentem
2465 3079 2623 3133 super
2654 3033 2845 3117 solium
2866 3062 3125 3118 excelsum
3152 3073 3200 3117 et
3220 3062 3482 3119 eleuatum
3507 3062 3636 3135 (Isa.
3660 3059 3745 3131 vr),

2183 3154 2236 3210 id
2261 3162 2362 3218 est,
2395 3170 2555 3225 super
2580 3152 2883 3210 Ecclesiam
2909 3153 2965 3208 in
2998 3153 3101 3209 fide
3122 3154 3338 3210 excelsa
3365 3162 3427 3211 et
3451 3155 3507 3210 in
3531 3168 3621 3225 spe
3641 3151 3747 3208 vitae

2183 3254 2399 3301 :eterna:
2424 3245 2656 3301 feliciter
2675 3246 2961 3302 elevatam.

2257 3336 2325 3392 Et
2352 3337 2441 3409 qui
2471 3336 2701 3401 sedebat,
2732 3336 2919 3391 similis
2947 3346 3059 3393 erat
3089 3345 3300 3408 aspectu
3320 3336 3517 3408 lapidis
3543 3332 3749 3407 jaspidis

2186 3442 2234 3487 et
2268 3429 2469 3493 sardii,
2523 3435 2629 3485 etc.
2653 3426 2831 3499 Jaspis
2852 3427 3088 3484 colorem
3138 3428 3304 3483 habet
3343 3428 3503 3498 quasi
3557 3424 3745 3486 maris,

2188 3523 2402 3579 sardius
2447 3521 2600 3593 quasi
2655 3520 2953 3592 sanguinis.
3020 3520 3126 3576 Per
3165 3518 3437 3593 iaspidem
3479 3518 3749 3590 baptismus

2190 3614 2527 3686 intelligitur,
2558 3627 2655 3683 per
2686 3612 2953 3676 sardium,
2977 3611 3314 3684 martyrium.
3349 3611 3476 3668 Ista:
3499 3620 3750 3679 compara-

2192 3706 2365 3764 tiones
2393 3706 2721 3763 conveniunt
2764 3704 3044 3770 Ecclesitc,
3074 3720 3182 3777 qua
3229 3704 3452 3760 indutus
3486 3711 3568 3759 est
3612 3698 3749 3757 Chri—

2190 3808 2327 3854 stus.
2356 3797 2456 3853 Iris
2478 3793 2648 3852 arcus'
2659 3804 2744 3851 est
2765 3796 2820 3851 in
2841 3794 3001 3860 caelo,
3029 3795 3120 3866 qui
3150 3793 3425 3865 significat
3447 3793 3643 3849 Novum
3664 3786 3749 3843 'l‘ee

2192 3899 2542 3955 stamentum,
2565 3889 2730 3945 habet
2756 3888 2902 3945 enim
2926 3896 3039 3944 tres
3063 3887 3298 3952 colores,
3321 3903 3477 3958 aqua:
3494 3927 3511 3955 ,
3555 3882 3751 3953 sulphu-

2193 3983 2290 4048 ris,
2317 3991 2371 4037 et
2400 3981 2559 4053 ignis.
2597 3979 2701 4035 Per
2739 3994 2937 4049 aquam
2981 3978 3282 4049 baptismus
3309 3978 3635 4050 intelligitur,
3668 3984 3751 4042 per

2193 4070 2506 4143 sulphureni
2536 4069 2879 4141 pmnitentia,
2911 4084 3009 4140 per
3039 4069 3217 4140 ignem
3267 4068 3614 4140 martyrium,
3643 4071 3750 4115 nam

2194 4173 2249 4220 et
2282 4178 2422 4233 aqua
2443 4161 2591 4217 venit
2617 4161 2672 4215 in
2697 4160 2921 4224 diluvio,
2942 4158 3168 4231 sulphur
3188 4159 3465 4215 descendit
3487 4168 3642 4225 super
3666 4147 3751 4204 So-

2195 4250 2433 4318 domam,
2464 4252 2605 4321 ignis
2641 4249 2825 4305 veniet
2848 4256 3087 4319 tempore
3111 4246 3324 4318 judicii.
3355 4247 3546 4302 Aliter.
3592 4240 3682 4297 Iris
3705 4235 3749 4290 in

2197 4345 2426 4402 circuitu
2450 4343 2614 4409 sedis,
2638 4340 3280 4413 Evangeliunrsigniiicat
3310 4339 3364 4394 in
3412 4334 3634 4395 circuitu
3666 4328 3750 4385 Eo-

2196 4437 2391 4502 clesiaz,
2420 4450 2545 4491 nam
2573 4443 2627 4490 et
2648 4433 2968 4504 smaragdus
2993 4446 3148 4503 aquae
3180 4440 3237 4487 et
3265 4431 3409 4502 ignis
3445 4428 3602 4486 habet
3625 4420 3749 4480 colo-

2198 4542 2335 4593 rem,
2361 4524 2687 4599 baptismum
2710 4522 3021 4595 signilicans
3044 4530 3099 4577 et
3122 4521 3461 4593 martyrium.

2269 4618 2339 4672 Et
2362 4617 2418 4670 in
2445 4616 2667 4682 circuitu
2702 4614 2840 4669 sedis
2861 4611 3049 4667 sedilia
3102 4611 3283 4683 viginti
3327 4621 3376 4666 et
3408 4617 3662 4687 quatuor,
3711 4605 3750 4652 el

2199 4727 2360 4783 supra
2389 4710 2602 4764 thronos
2632 4707 2812 4779 viginti
2856 4715 3087 4777 quatuor
3132 4707 3361 4760 seniores
3409 4700 3650 4758 sedentes.
3681 4689 3750 4745 Vi-

2201 4802 2336 4879 ginti
2361 4800 2674 4870 decalogum
2721 4798 3074 4870 duplicatum,
3098 4805 3332 4867 quatuor
3358 4809 3487 4850 vero
3513 4784 3750 4861 signiﬁcat

2196 4904 2430 4965 quatuor
2457 4890 2764 4961 Evangelia.
2816 4887 2942 4944 Sive
2981 4887 3171 4960 viginti
3225 4896 3460 4956 quatuor
3494 4878 3746 4938 seniores.

2196 4983 2480 5040 duodecim
2513 4979 2868 5051 patriarchas,
2893 4988 2948 5033 et
2996 4975 3277 5032 duodecim
3316 4972 3613 5046 signiﬁcant
3637 4972 3749 5031 apo-

2200 5076 2385 5133 stolos.

2271 5164 2702 5221 Circuntamictos
2747 5161 3058 5217 aestimatis
3092 5157 3244 5214 albis.
3286 5156 3400 5213 Hoc
3452 5164 3533 5211 est
3554 5191 3568 5217 ,
3612 5150 3749 5213 01Wre

2202 5255 2485 5312 castitatis.
2524 5252 2678 5309 Unde
2703 5260 2759 5307 et
2788 5249 3045 5305 Salomon
3074 5247 3151 5303 ait
3184 5266 3197 5301 :
3237 5244 3396 5302 Omni
3420 5250 3635 5312 tempore
3662 5229 3747 5284 sit!t

2204 5349 2502 5404 vestimenta
2531 5356 2621 5399 tua
2644 5343 2870 5397 candida
2909 5340 3106 5413 (Eccle.
3139 5337 3215 5411 ix)
3240 5379 3254 5402 ,
3304 5338 3357 5392 id
3382 5344 3483 5400 est,
3510 5341 3627 5387 caro
3672 5327 3748 5373 ωδ

2206 5439 2273 5491 ab
2299 5435 2446 5491 omni
2475 5431 2785 5504 pollutionis
2828 5430 2986 5486 sorde
3020 5427 3300 5492 mundata,
3323 5434 3379 5481 et
3403 5415 3642 5494 pudicitia
3678 5419 3747 5462 ελ·

2206 5527 2408 5585 stitatis
2436 5533 2651 5582 ornata.

2280 5620 2347 5674 Et
2384 5620 2435 5674 in
2459 5616 2712 5690 capitibus
2741 5629 2917 5670 eorum
2954 5627 3159 5668 corome
3198 5625 3392 5665 aurea’.
3422 5607 3477 5662 Id
3510 5608 3599 5664 εει,
3621 5588 3747 5665 ῐπίτν
