3978 6424
305 267 420 325 535
462 274 469 280 '

1148 263 1672 322 COLLECTIONES
1710 267 1776 324 IN
1817 265 2196 322 EPISTOIAS
2237 268 2322 321 ΕΤ
2362 268 2769 325 EVANCEIJA.

3484 272 3592 335 534

308 376 501 450 cipalia
565 372 762 432 mentis
816 376 978 442 dona,
1014 375 1293 446 sapientia:
1352 377 1435 431 vel
1480 375 1901 433 immortalitatis
1930 380 1975 439 Α
2004 393 2183 445 gnum.
2209 373 2506 432 Procidunt
2533 388 2658 434 ante
2704 377 2885 435 sedem
2913 389 2967 434 ct
2994 381 3239 448 adorant,
3268 392 3322 437 et
3368 384 3587 443 mittunt

307 469 522 540 palmze.

377 558 446 613 Et
480 559 545 612 de
592 559 780 614 throno
814 557 1099 629 procedunt
1125 556 1363 630 fulgura.
1392 554 1450 615 Id
1475 567 1582 626 est,
1611 563 1676 618 de
1712 559 1900 619 Eccle-

308 652 390 707 sia
426 652 595 706 multa
625 658 680 706 et
709 666 904 723 magna
934 649 1218 709 miracula.

380 740 609 819 Eteoces
630 750 677 796 et
705 743 960 797 tonitrua.
992 738 1050 796 Id
1099 751 1205 809 est,
1228 741 1646 815 praedicatorum
1697 765 1857 807 voces
1879 790 1895 819 ,

306 815 902 904 cum'promissionibus
927 839 982 887 et
1008 832 1541 892 comminationibus.

378 924 448 978 Et
477 930 667 994 septem
702 920 970 992 lampades
1009 921 1249 976 ardentes
1278 934 1399 979 ante
1420 926 1685 981 thronum.
1727 926 1900 985 Thro-

307 1030 409 1069 nus
429 1011 525 1068 Dei
550 1010 788 1067 Ecclesia
808 1028 824 1079 ;
873 1025 994 1083 quae
1051 1013 1162 1067 sint
1187 1013 1465 1084 lampades
1497 1017 1613 1086 ipse
1649 1018 1900 1090 exposuit

307 1106 493 1162 dicens
522 1122 535 1158 :
567 1099 671 1169 Qui
696 1112 816 1157 sunt
850 1113 1043 1175 septem
1071 1104 1289 1175 spiritus
1320 1105 1437 1174 Dei,
1463 1104 1519 1162 id
1554 1114 1660 1175 est,
1690 1120 1898 1181 septem

307 1198 445 1252 dona
473 1193 707 1267 Spiritus
729 1195 924 1250 sancti.

378 1288 450 1343 Et
475 1289 527 1343 in
553 1296 827 1358 conspectu
849 1285 987 1343 sedis
1014 1296 1263 1362 tanquam
1294 1304 1439 1346 mare
1482 1289 1704 1349 vitreum
1729 1292 1898 1351 simile

305 1376 574 1453 crystallo.
626 1374 771 1434 Mare
831 1379 1063 1434 vitreum
1123 1378 1468 1450 signiﬁcabat
1525 1384 1893 1455 baptismum,

305 1470 450 1541 quod
477 1482 576 1540 pro
601 1469 838 1540 puritate
865 1468 1041 1525 simile
1072 1469 1271 1526 dicitur
1293 1470 1571 1545 crystallo.

378 1559 445 1614 Et
476 1560 529 1613 in
549 1555 718 1613 medio
747 1558 905 1623 sedis,
937 1566 986 1612 et
1016 1559 1070 1613 in
1096 1558 1318 1614 circuitu
1349 1561 1490 1616 sedis
1518 1570 1745 1633 quatuor
1772 1561 1894 1619 ani-

305 1650 488 1717 malia,
520 1648 674 1720 plena
699 1648 865 1703 oculis
896 1657 1016 1704 ante
1066 1658 1115 1705 et
1161 1660 1319 1706 retro.
1369 1651 1613 1721 Quatuor
1640 1655 1897 1712 animalia

2005 481 2236 523 coronas
2263 483 2391 523 suas
2413 479 2538 523 ante
2570 469 2737 525 Deum
2764 486 2954 527 omnes
2980 471 3156 539 electi,
3172 474 3300 544 quia
3326 476 3587 547 quidquid

2003 556 2283 629 dignitatis
2316 560 2543 627 habent,
2573 578 2679 617 non
2713 563 2812 619 sibi
2840 604 2856 629 ,
2896 564 2990 620 sed
3020 563 3096 620 illi
3125 566 3408 636 tribuunt-,
3454 577 3509 624 et
3538 571 3589 627 ei

2002 650 2246 706 referunt
2270 648 2500 724 gloriam
2539 654 2735 720 laudis,
2762 672 2791 710 a
2822 671 2928 726 quo
2958 672 3018 713 se
3066 668 3400 731 cognoscunt
3443 661 3591 719 vires

2002 743 2280 812 accepisse
2308 745 2645 800 certaminis.

2118 848 2249 889 1TB)!
2288 852 2437 890 BENE
2476 852 2530 891 IN
2569 851 2686 893 ISTA
2726 854 2840 894 [PSA
2880 854 3141 897 LECTIONE
3177 859 3478 902 EXPOSITIO.

2084 920 2203 979 Vidi
2233 927 2425 980 ostium
2458 936 2695 997 apertum
2719 926 2772 983 in
2794 928 2940 984 ewlo.
2971 928 3367 991 Convenienter
3390 933 3588 993 ostium

1999 1014 2219 1071 cmleste
2249 1033 2576 1074 ascensurus
2617 1019 2828 1090 aspicit,
2853 1022 2939 1077 cui
2967 1019 3110 1079 celsa
3137 1028 3394 1098 mysteria
3425 1024 3588 1101 pandi

1999 1108 2408 1177 promittuntur,
2438 1109 2521 1166 vel
2544 1111 2669 1182 quia
2697 1114 2895 1169 ostium
2917 1112 3166 1173 Christus
3196 1126 3301 1185 est,
3324 1121 3415 1191 qui
3438 1122 3586 1178 illum

2000 1201 2292 1256 crediderit
2322 1210 2507 1258 natum
2553 1213 2606 1260 et
2634 1222 2876 1275 passum,
2906 1211 3221 1265 conscendit
3249 1213 3480 1281 ctelum,
3535 1213 3587 1270 id

2000 1301 2104 1359 est,
2135 1292 2393 1349 Ecclesiae
2414 1292 2774 1365 altitudinem,
2804 1307 2859 1353 et
2879 1296 3229 1357 videt'l‘utura
3251 1304 3473 1375 speciali
3507 1300 3586 1361 ef—

1999 1381 2145 1438 fectu
2172 1383 2314 1437 sicut
2340 1384 2491 1439 dicit.

2071 1472 2141 1527 Et
2164 1472 2340 1528 statim
2366 1472 2447 1543 fui
2483 1471 2537 1528 in
2566 1472 2771 1546 spiritu,
2804 1485 2852 1531 et
2882 1494 2981 1532 vox
3019 1480 3191 1550 prima
3218 1498 3374 1553 quam
3408 1483 3589 1542 audivi

1998 1571 2250 1634 tanquam
2275 1563 2412 1618 tuba:
2433 1562 2709 1636 loquentis,
2746 1574 2851 1622 etc.
2908 1564 3154 1624 Similem
3194 1572 3381 1644 utique
3417 1573 3589 1646 priori

1998 1654 2117 1709 voci
2142 1669 2263 1725 qua:
2291 1655 2504 1711 dixerat
2529 1655 2715 1724 :Quod
2739 1654 2888 1714 vides
2913 1660 3089 1716 scribe
3117 1661 3171 1716 in
3204 1659 3362 1720 libro.

305 1749 537 1812 quatuor
558 1739 860 1811 signiﬁcant
892 1739 1217 1812 Evangelia;
1252 1755 1374 1813 qua:
1412 1739 1583 1799 oculis
1615 1752 1742 1800 ante
1770 1753 1897 1802 sunt
1923 1756 1971 1814 Β
2069 1743 2139 1799 Et
2161 1761 2275 1800 ecce
2304 1746 2450 1801 sedes
2499 1748 2670 1818 posita
2694 1757 2807 1803 erat
2835 1748 2891 1805 in
2946 1750 3095 1825 calo,
3121 1763 3169 1807 et
3198 1771 3358 1826 supra
3408 1757 3583 1814 sedem

303 1833 483 1905 plena,
514 1832 642 1903 quia
673 1833 739 1888 de
767 1831 950 1887 futuro
972 1830 1180 1901 judicio
1227 1834 1559 1904 praedicant:
1593 1843 1742 1892 retro
1770 1845 1897 1892 sunt
1999 1835 2203 1891 sedens.
2228 1834 2526 1893 Ecclesium
2557 1839 2611 1893 in
2657 1837 2866 1895 cwiesti
2897 1841 3308 1902 conversatione
3349 1850 3582 1918 positam

302 1924 483 1996 plena,
506 1923 633 1995 quia
668 1924 736 1979 de
762 1923 942 1980 Veteri
982 1922 1332 1979 Testamento
1389 1926 1754 1982 testimonium
1802 1927 1896 1983 do-
1998 1925 2260 1984 Dominus
2282 1925 2511 1985 habitat.
2547 1928 2841 2001 Gregorius
2869 1928 3008 2005 papa
3042 1931 3235 1990 soliu.n
3286 1936 3380 1995 Dei
3408 1940 3463 1996 in
3498 1942 3581 1996 vi-

305 2024 467 2083 nant;
499 2016 613 2071 sive
637 2023 762 2071 ante
798 2015 922 2085 quia
955 2030 1074 2086 quas
1100 2016 1306 2087 agenda
1332 2027 1458 2071 sunt
1503 2017 1739 2074 discreto
1765 2033 1897 2074 con-
1996 2020 2152 2077 sione
2205 2020 2427 2077 Michea:
2482 2019 2754 2095 angelicas
2798 2035 3096 2096 potestates
3152 2026 3580 2102 interpretatur,

305 2103 582 2175 siderant,
627 2117 772 2164 retro
803 2108 931 2181 quia
993 2120 1113 2179 quis
1150 2108 1452 2181 plangenda
1490 2116 1618 2166 sunt
1664 2110 1896 2169 solerter
1995 2126 2227 2187 quarum
2254 2113 2525 2172 mentibus
2575 2113 2736 2173 altius
2786 2116 3099 2189 prmsidens,
3133 2119 3358 2179 inferius
3386 2133 3581 2180 cuncta

305 2201 680 2258 rccordantur.

374 2292 447 2347 Et
481 2290 679 2347 animat
727 2293 954 2364 primum
1011 2290 1181 2347 simile
1237 2291 1394 2359 leoni,
1427 2301 1532 2350 etc.
1585 2292 1893 2351 Secundum

304 2400 545 2458 anagoge
566 2393 765 2450 autem,
796 2383 1046 2441 Christus
1088 2385 1173 2440 leo
1222 2383 1325 2439 fuit
1353 2385 1406 2440 in
1457 2386 1890 2454 resurrectione,

303 2480 505 2537 vitulus
536 2479 590 2536 in
612 2481 885 2553 passione,
926 2481 1089 2536 homo
1112 2480 1165 2535 in
1197 2495 1380 2546 carne,
1416 2478 1596 2550 aquila
1626 2479 1681 2534 in
1702 2493 1893 2534 ascen-

304 2572 475 2630 sione.
492 2556 810 2631 Secundum
836 2574 1097 2631 moralem
1121 2590 1250 2630 vero
1272 2589 1514 2641 sensum,
1540 2574 1625 2628 leo
1656 2572 1749 2646 qui
1777 2572 1889 2630 for-

1996 2207 2254 2263 disoonit.

1996 2223 2080 2263 (IIS
2155 2223 2254 2262 nit.

1994 2317 1999 2321 '
2067 2223 2152 2354 lg?
2168 2297 2489 2372 quiscdebat
2522 2296 2709 2355 similis
2733 2310 2843 2356 erat
2867 2304 3097 2372 aspectui
3135 2302 3328 2376 lapidis
3353 2305 3587 2379 jaspidis

1994 2400 2042 2446 et
2069 2388 2262 2452 sardii.
2325 2387 2559 2461 Jaspidis
2591 2390 2740 2447 color
2781 2384 3008 2464 aquam,
3052 2395 3256 2451 sardini
3288 2397 3466 2470 ignem
3508 2399 3584 2456 si-
3683 2421 3689 2427 '

1993 2481 2234 2555 gniﬁcat,
2260 2482 2458 2553 quibus
2487 2482 2696 2539 duobus
2717 2484 2980 2555 judicium
3018 2486 3267 2543 novimus
3293 2489 3580 2546 celebrari.

1994 2568 2143 2625 Sicut
2161 2571 2331 2636 enim,
2355 2570 2554 2649 inquit,
2582 2573 2639 2627 in
2663 2571 2844 2627 diebus
2877 2571 3016 2642 Noe,
3044 2574 3118 2630 ita
3142 2576 3238 2630 erit
3260 2586 3307 2632 et
3330 2577 3586 2634 adventus

1963 2654 2093 2714 Filii
2116 2659 2346 2716 hominis
2379 2659 2598 2736 (.llatth.
2630 2664 2805 2737 xxxv).

2064 2750 2133 2806 Et
2160 2749 2253 2807 iris
2278 2755 2460 2808 eratin
2485 2751 2711 2810 circuitu
2732 2751 2894 2824 sedis,
2919 2752 3110 2813 similis
3139 2758 3327 2815 υἱεῖοηὶ
3344 2778 3585 2835 smarag-

1992 2843 2158 2901 dina'.
2187 2842 2289 2899 lris
2346 2860 2466 2915 qua:
2502 2844 2562 2900 ﬁt
2612 2845 2726 2901 sole
2758 2848 2927 2903 nubes
2964 2848 3262 2905 irradiante
3286 2890 3303 2916 ,
3354 2859 3410 2906 et
3464 2862 3588 2922 post

1991 2937 2249 2995 diluvium
2272 2938 2450 3011 primo
2470 2938 2869 3011 propitiationis
2898 2941 3097 2999 iudicio
3124 2938 3267 2999 facta
3288 2930 3393 3011 est,
3417 2945 3585 3002 inter-

306 2664 548 2721 tissimus
591 2665 850 2721 scribitur
881 2665 1195 2730 bestiarum,
1221 2662 1476 2720 fortiores
1510 2664 1785 2735 signiﬁcat
1834 2664 1890 2720 in

305 2753 429 2825 ﬁde,
457 2758 655 2815 vitulus
686 2757 1066 2815 misericordes
1098 2760 1152 2814 in
1180 2754 1416 2814 Ecclesia
1444 2775 1457 2823 ;
1506 2758 1687 2825 homo,
1713 2758 1892 2814 humi-

305 2849 385 2905 les
415 2850 504 2920 qui
542 2849 760 2915 dicunt,
809 2844 1136 2905 liumiliatus
1168 2865 1285 2905 sum
1327 2867 1719 2921 usquequaque,
1766 2846 1890 2904 vivi-

305 2938 409 3011 βω
436 2959 556 3010 ηιε,,
585 2939 844 3008 Domine;
871 2939 1074 3013 aquila,
1127 2941 1374 2998 excelsos
1425 2942 1516 3012 qui
1545 2940 1732 2998 dicunt
1765 2958 1890 2999 cum

305 3033 494 3101 Paulo,
525 3043 707 3091 nostra
731 3044 913 3090 autem
952 3035 1294 3091 conversatio
1334 3035 1389 3091 in
1420 3031 1573 3090 caelis
1614 3042 1716 3091 est.
1756 3033 1887 3104 Qua:
1990 3048 2146 3090 cessu
2175 3042 2512 3100 sanctorum,
2542 3049 2677 3104 quos
2720 3030 2983 3091 Dominus
3009 3035 3262 3102 illustrat,
3286 3036 3586 3095 Ecclesium

304 3123 554 3185 animalia
581 3143 740 3183 senas
766 3124 876 3183 alas
902 3127 1214 3194 habebant,
1261 3125 1354 3198 qui
1399 3140 1498 3197 per
1547 3141 1643 3182 sex
1699 3126 1889 3181 mundi
1916 3115 1961 3180 C
1993 3126 2193 3183 muniri
2226 3125 2493 3199 designat.
2526 3126 2657 3195 Quae
2675 3127 2813 3183 bene
2839 3126 3125 3197 smaragdo
3146 3126 3310 3197 lapidi
3342 3128 3587 3184 viriditao

304 3222 493 3274 aetates
517 3217 688 3290 legem
714 3214 922 3274 Veteris
945 3232 1010 3273 ac
1030 3216 1165 3273 Novi
1189 3212 1526 3273 Testamenti
1564 3216 1888 3274 annuntiarc

304 3318 414 3363 non
434 3317 668 3374 cessant,
691 3322 810 3377 qua:
836 3321 959 3363 cum
976 3307 1048 3363 sit
1060 3300 1192 3361 Novi
1214 3321 1280 3362 ac
1292 3305 1505 3362 Veteris
1520 3302 1679 3361 Testa
1688 3303 1858 3363 menti
1871 3349 1884 3370 ,

304 3398 393 3454 lex
415 3410 544 3467 una,
569 3398 627 3453 in
653 3409 747 3454 sex
777 3397 992 3453 videtur
1016 3412 1140 3454 esse
1165 3396 1358 3463 divisa,
1396 3396 1588 3461 idest,
1616 3395 1673 3452 in
1715 3395 1890 3469 legem

303 3497 536 3557 natura},
580 3487 752 3561 legem
783 3487 997 3556 litterze,
1022 3488 1196 3561 legem
1245 3487 1631 3561 prophetarum
1657 3528 1673 3556 ,
1715 3486 1890 3560 legem

289 3576 724 3663 Evangeliorum,
761 3581 934 3654 legem
976 3581 1372 3657 Apostolorum,
1405 3591 1460 3638 et
1492 3580 1669 3655 legem
1705 3576 1890 3639 Eccle-

306 3668 602 3730 siastieam.

378 3760 446 3823 Et
473 3763 526 3823 in
550 3763 771 3823 circuitu
791 3776 839 3823 et
862 3767 1000 3824 intus
1027 3766 1182 3840 plena
1212 3778 1335 3824 sunt
1361 3767 1544 3823 oculis.
1583 3764 1781 3825 Oculos
1809 3764 1891 3822 in-

307 3870 395 3916 tus
416 3867 469 3916 et
496 3858 643 3919 foras
689 3859 909 3928 habent,
931 3861 1025 3934 qui
1055 3860 1353 3918 Ecclesiam
1406 3859 1711 3916 divinarum
1747 3857 1892 3915 Scri-

304 3956 589 4022 pturarum
616 3951 943 4010 testimoniis
970 3951 1115 4009 intus
1141 3961 1197 4008 et
1225 3948 1357 4008 foris
1384 3951 1711 4017 illuminant.

378 4039 447 4099 Et
494 4046 722 4119 requiem
754 4060 857 4101 non
900 4044 1161 4101 habebant
1189 4043 1274 4099 die
1305 4062 1368 4099 ac
1406 4054 1575 4098 nocte.
1608 4040 1664 4098 Id
1690 4051 1806 4109 est,
1834 4043 1890 4098 in

304 4136 661 4207 prosperitate
688 4143 742 4190 et
767 4133 820 4191 in
845 4133 1195 4199 adversitate,
1225 4140 1284 4188 ut
1322 4132 1607 4189 Psalmista
1638 4134 1751 4187 ait:
1791 4126 1892 4187 Be-

307 4227 544 4280 nedicam
585 4224 868 4283 Dominum
907 4227 962 4281 in
1000 4224 1142 4281 omni
1177 4234 1429 4295 tempore,
1458 4219 1511 4279 id
1541 4232 1647 4290 est,
1676 4224 1728 4279 in
1773 4240 1893 4296 pro—

198 4364 205 4370 .
307 4319 480 4388 speris
503 4317 634 4373 etin
670 4318 935 4385 adversis,
962 4333 1086 4373 nam
1118 4315 1233 4371 dies
1265 4331 1365 4388 pro
1407 4311 1804 4387 prosperitate,
1838 4324 1894 4372 et

306 4426 411 4464 nox
433 4424 531 4479 pro
556 4407 881 4467 adversitatc
906 4408 1216 4481 frequenter
1252 4403 1387 4464 solet
1407 4402 1652 4479 intelligi.

1990 3221 2061 3276 tis
2090 3216 2269 3275 nimia:
2313 3228 2680 3289 comparatur.
2735 3219 2853 3287 Quo
2882 3219 3028 3274 enim
3060 3220 3432 3276 haereditatcm
3484 3220 3589 3277 im-

1989 3310 2412 3367 marcessibilem
2438 3309 2541 3365 ﬁde
2578 3307 2895 3381 periectiori
2929 3317 3273 3380 exspectant,
3301 3326 3366 3366 eo
3392 3318 3587 3382 poten-

1990 3396 2099 3460 tius
2124 3403 2287 3459 etiam
2333 3412 2559 3479 crateres
2599 3401 2806 3457 orando
2852 3409 3160 3474 protegunt.
3203 3401 3341 3470 Quia
3384 3403 3479 3459 hic
3519 3403 3586 3462 de

1989 3493 2108 3549 istis
2136 3493 2310 3548 tribus
2339 3492 2607 3564 lapidibus
2628 3507 2798 3562 parva
2820 3493 3075 3558 diximus,
3098 3493 3232 3549 libet
3255 3502 3312 3549 ut
3350 3495 3419 3551 de
3466 3495 3589 3552 istis

1989 3583 2198 3654 pariter
2225 3587 2281 3638 et
2306 3583 2425 3638 aliis
2460 3582 2731 3640 nobilibus
2782 3583 3054 3655 lapidibus
3098 3585 3377 3656 paululum
3426 3586 3589 3642 latius

1990 3672 2347 3748 disputemus,
2377 3676 2445 3731 de
2494 3677 2691 3747 quibus
2716 3684 2768 3731 et
2796 3676 2966 3732 lsaias
3001 3678 3079 3733 ait
3106 3696 3119 3731 :
3160 3675 3297 3734 Ecce
3331 3694 3424 3750 ego
3455 3689 3587 3735 ster-

1990 3786 2114 3824 nam
2137 3785 2229 3841 per
2254 3758 2490 3824 ordinem
2512 3768 2712 3839 lapides
2739 3777 2878 3835 tuos,
2907 3780 2956 3825 et
2980 3769 3213 3840 [undabo
3242 3780 3291 3825 te
3319 3770 3375 3826 in
3399 3772 3589 3843 ταμιευ-

1992 3860 2085 3924 ris,
2125 3866 2182 3913 et
2206 3858 2436 3935 reliqua,
2463 3860 2648 3914 statim
2682 3859 2837 3939 quasi
2859 3873 3136 3930 exponens
3164 3858 3429 3927 subjecit,
3469 3862 3588 3915 uni-

1991 3966 2165 4005 versos
2185 3949 2327 4021 ﬁlios
2357 3961 2475 4006 tuos
2500 3969 2533 4005 a
2560 3950 2787 4006 Domino
2812 3951 2992 4006 doctos
3020 3951 3159 4024 (Isa.
3189 3953 3321 4023 LIV).

2071 4038 2504 4098 Fundamentum
2548 4043 2784 4114 primum
2823 4038 3017 4114 iaspis.
3082 4042 3363 4115 iaspidum
3416 4044 3586 4102 multa

1990 4132 2475 4204 suntgcnerazalii
2502 4133 2647 4188 enim
2671 4133 2828 4188 viridi
2861 4133 3078 4198 coloris,
3119 4142 3176 4188 et
3209 4132 3408 4189 tinctus
3427 4136 3587 4205 quasi

1990 4223 2234 4290 ﬁoribus,
2261 4232 2520 4295 apparet;
2551 4223 2688 4279 alius
2716 4223 3049 4295 smaragdini
3102 4224 3306 4279 habens
3332 4224 3589 4281 similitu-

1991 4316 2194 4382 dinem,
2216 4314 2312 4371 sed
2345 4316 2515 4372 crassi
2536 4314 2754 4380 coloris,
2788 4331 2897 4386 quo
2930 4315 3114 4372 omnia
3142 4314 3468 4385 fantasmata
3499 4316 3584 4372 fu-

1991 4427 2120 4482 gare
2146 4419 2449 4466 autumant.
2478 4408 2630 4464 Alius
2667 4409 2778 4465 nivi
2806 4417 2863 4466 et
2910 4424 3116 4480 spuma:
3132 4409 3468 4477 marinorum
3488 4409 3587 4466 ﬁu-

378 4500 640 4568 Dicentia,
672 4499 921 4568 Sanctus,
947 4513 1180 4568 sanctus,
1213 4510 1425 4558 sanctus
1454 4499 1709 4556 Dominus
1746 4494 1890 4555 Deus
1917 4485 1969 4544 D
1995 4511 2204 4568 ctuum,
2236 4501 2390 4571 quasi
2417 4500 2588 4556 mixto
2608 4499 2819 4557 cruoris
2838 4499 3160 4556 obrutilans.
3190 4498 3294 4563 Per
3314 4498 3584 4574 iaspidem

308 4592 562 4661 Sabaoth,
592 4602 697 4650 etc.
724 4593 825 4650 llic
854 4594 1066 4651 trinitas
1111 4602 1169 4649 et
1191 4593 1372 4649 unitas
1399 4591 1735 4663 intelligitur,
1761 4590 1888 4662 quia

308 4697 421 4741 tres
449 4699 727 4757 personas,
756 4694 810 4741 et
837 4685 1003 4741 Deum
1031 4700 1197 4741 unum
1236 4680 1555 4754 praedicant,
1575 4689 1633 4738 et
1680 4682 1891 4737 trinita-

310 4780 379 4834 tis
408 4785 463 4834 ct
490 4774 712 4833 unitatis
736 4784 1135 4833 sacramentum
1172 4775 1565 4832 demonstrant.

381 4867 484 4937 Qui
517 4879 650 4936 erat,
678 4879 726 4925 et
756 4870 845 4942 qui
873 4877 973 4937 est,
998 4878 1048 4924 et
1072 4867 1163 4941 qui
1197 4877 1443 4924 venturus
1479 4878 1575 4924 est.
1621 4867 1725 4936 Qui
1774 4874 1895 4924 erat

309 4972 369 5018 ut
394 4962 561 5019 illud:
600 4961 669 5019 In
695 4960 949 5035 principio
979 4972 1090 5018 erat
1125 4959 1349 5021 Verbum
1373 5000 1389 5028 .
1435 4971 1483 5018 et
1518 4960 1739 5018 Verbum
1781 4971 1894 5017 erat

309 5052 451 5125 apud
477 5047 663 5118 Deum,
693 5063 743 5109 et
771 5052 911 5108 Deus
938 5062 1051 5108 erat
1092 5050 1333 5108 Verbum.
1359 5051 1461 5121 Qui
1491 5061 1597 5117 est,
1627 5059 1687 5108 ut
1722 5051 1855 5107 illud
1879 5070 1893 5104 :

309 5147 409 5203 Dic
431 5144 558 5219 ﬁliis
581 5142 791 5204 Israel:
808 5147 912 5215 Qui
938 5156 1033 5214 est,
1057 5147 1199 5201 misit
1219 5146 1503 5202 admeoos.
1518 5144 1621 5213 Qui
1638 5155 1898 5202 venturus

306 5248 416 5306 est,
438 5239 760 5296 Subauditur
780 5237 1025 5309 judicare
1056 5238 1206 5293 vivos
1232 5247 1287 5293 et
1308 5244 1571 5293 mortuos.
1604 5220 1609 5229 ’

382 5334 453 5390 Et
487 5350 608 5389 eum
637 5333 824 5389 darent
843 5332 937 5388 illa
962 5330 1218 5388 animalia
1236 5330 1459 5403 gloriam
1478 5339 1534 5386 et
1562 5329 1811 5384 honorent
1846 5336 1895 5383 et

308 5424 719 5482 benedictionem
760 5423 960 5479 sedenti
994 5438 1152 5493 super
1193 5421 1439 5475 thronum
1462 5460 1478 5485 ,
1514 5418 1793 5490 procidunt
1824 5418 1897 5472 vi-

307 5515 441 5587 ginti
463 5506 694 5586 quatuor
719 5507 948 5571 seniores
970 5521 1017 5566 et
1038 5510 1329 5566 adorabunt
1350 5509 1594 5565 viventem
1619 5510 1671 5563 in
1702 5507 1898 5564 stccula

306 5603 646 5669 seculorum,
669 5614 717 5659 et
741 5605 950 5659 mittam
980 5619 1203 5658 coronas
1226 5618 1353 5657 suas
1394 5611 1514 5656 ante
1545 5600 1790 5655 thronum
1817 5601 1899 5654 di-

309 5706 482 5753 centes
506 5708 525 5748 :
550 5695 753 5769 Diqnus
794 5711 870 5765 es,
898 5693 1121 5751 Domine
1151 5692 1292 5747 Deus
1325 5701 1520 5761 noster,
1550 5691 1784 5762 arripere
1813 5706 1895 5745 re-

1997 4612 2149 4668 ergo,
2177 4596 2301 4653 ﬁdei
2329 4593 2958 4652 virorimmarccscibilis
2982 4593 3290 4660 indicatur,
3332 4610 3455 4665 qua:
3483 4595 3590 4651 Do-

1998 4687 2213 4744 mihiea:
2233 4685 2501 4757 passionis
2521 4691 2861 4741 sacramento
2892 4698 2991 4754 per
3018 4683 3218 4738 undam
3246 4682 3589 4754 baptismatis

1998 4777 2282 4843 imbuitur,
2308 4786 2471 4849 θυμω
2497 4780 2783 4857 adomnes
2807 4774 3129 4847 spiritalium
3150 4775 3451 4846 gratiarum
3497 4778 3590 4831 llo-

2000 4886 2109 4936 res,
2135 4869 2548 4941 proﬁcientibus
2569 4868 2780 4925 meritis
2801 4867 3113 4924 instruitur.
3145 4864 3298 4925 lianc
3319 4867 3466 4924 enim
3491 4869 3586 4939 qui

2003 4960 2275 5026 habuerit,
2297 4975 2464 5016 vanos
2488 4960 2709 5015 timores
2753 4957 2906 5029 fugat
2927 4998 2943 5023 ,
2979 4967 3232 5015 monente
3265 4956 3426 5014 Petro
3456 4973 3590 5030 apo—

1999 5054 2176 5109 stolo:
2205 5053 2554 5109 Adversarius
2614 5061 2779 5108 tester
2816 5049 3060 5106 diabolus
3099 5059 3349 5127 tanquam
3374 5050 3454 5105 leo
3499 5068 3590 5105 ru-

1999 5145 2144 5215 giens
2171 5145 2633 5217 circuit,qu¢erens
2650 5160 2804 5217 quem
2823 5141 3054 5209 deuoret,
3071 5144 3156 5198 cui
3182 5142 3402 5199 resistite
3427 5142 3588 5214 [grtes

2000 5239 2058 5295 in
2081 5237 2189 5309 [ide
2216 5234 2269 5308 (ι
2293 5233 2440 5291 Petr.
2494 5235 2569 5307 v).

2073 5327 2355 5385 Secundus
2382 5327 2657 5397 sapiiirus.
2699 5322 2871 5395 lituus
2894 5323 3091 5396 lapidis
3125 5324 3362 5381 colorem
3384 5322 3591 5393 pariter

1997 5428 2053 5476 et
2078 5427 2477 5477 sacramentum
2507 5413 2680 5472 Moses
2727 5419 2999 5490 exposuit.
3029 5433 3152 5473 cum
3201 5415 3295 5471 Dei
3339 5414 3586 5469 habitum

1999 5509 2345 5571 describcns.
2378 5508 2618 5563 diceret:
2651 5504 2762 5561 Sub
2807 5505 3024 5577 pedibus
3049 5503 3163 5575 ejus
3186 5502 3337 5573 quasi
3360 5518 3492 5571 opus
3514 5498 3590 5553 la-

1998 5597 2137 5671 pidis
2158 5600 2395 5670 saphiri;
2423 5606 2471 5652 et
2499 5596 2651 5668 quasi
2674 5594 2861 5677 emittm
2882 5611 3000 5650 cum
3025 5609 3264 5649 serenum
3284 5601 3359 5646 est
3385 5589 3587 5662 (Exod.

2000 5689 2175 5767 xxiv),
2210 5689 2455 5748 Ezechiel
2486 5704 2700 5761 quoque
2754 5688 2922 5757 dicit,
2980 5686 3123 5759 quod
3179 5686 3329 5742 locus
3379 5684 3433 5740 in
3482 5697 3591 5754 quo
