3978 6418
468 230 568 283 335

1789 219 2141 274 SMAIlAGDl
2178 215 2468 271 ABBATIS

3630 217 3725 273 336

465 343 693 396 thronus
718 340 815 396 Dei
831 337 1132 409 sit,sapltiti
1178 331 2032 403 habentsimilitudinemUEwrh.
2064 337 2115 396 Λ
2210 327 2395 384 Nonus
2420 327 2679 396 topazius.
2711 326 2974 395 Tnpazius
3006 325 3138 396 lapis
3166 365 3181 391 ,
3232 332 3505 394 quantum
3549 324 3727 384 invene

463 434 525 493 Il,
556 442 611 486 et
639 431 806 504 gloria
831 429 1038 485 Domini
1072 428 1125 482 in
1155 427 1255 482 hoc
1288 426 1473 480 colore
1511 424 1776 481 consistat
1796 463 1811 487 ,
1859 419 2037 492 praefi-

461 532 760 591 gurateum
806 519 900 591 qui
946 525 1124 589 portat
1166 516 1454 588 imaginem
1495 513 1895 586 supercaalestis
1921 550 1937 579 ,
1982 519 2041 566 et

459 625 579 665 cum
612 609 866 679 Apostoio
914 615 1091 679 potest
1124 607 1340 662 dicere:
1377 605 1575 662 Nostra
1614 603 1933 660 conversatio
1981 601 2039 657 in

458 700 595 754 ariis
621 710 714 755 est.
1450 755 1467 770 ,

511 790 1147 859 Tertiuschilcedonius,
1192 792 1284 862 qui
1312 790 1468 862 quasi
1501 789 1641 861 ignis
1664 788 1896 844 lucernze
1926 785 2037 857 pal-

458 889 621 947 lentis
656 888 892 958 speciem
929 885 1150 949 retinet,
1179 892 1233 939 et
1274 882 1436 937 habet
1484 880 1742 951 fulgorem
1768 877 1867 933 sub
1893 878 2033 940 divo,

456 981 648 1036 nonin
680 981 869 1046 domo,
917 993 1025 1048 quo
1084 977 1525 1032 demonstrantur
1571 973 1649 1037 hi,
1680 972 1771 1042 qui
1827 968 2036 1024 caelesti

455 1072 726 1129 desiderio
746 1069 980 1135 subnixi,
1012 1066 1320 1125 hominibus
1348 1075 1476 1123 tunc
1501 1066 1689 1131 latent,
1721 1074 1774 1120 et
1802 1063 1955 1133 quasi
1980 1061 2035 1116 in

458 1161 780 1217 abscondito
822 1159 1110 1231 jejunium,
1137 1157 1552 1229 cleemosynam,
1585 1169 1881 1226 precesque
1909 1162 2036 1207 suas

457 1260 640 1325 agunt,
671 1251 765 1307 sed
788 1266 909 1307 cum
952 1249 1038 1305 vel
1089 1248 1377 1312 doctrinm,
1430 1247 1516 1303 vel
1553 1246 1674 1302 aliis
1726 1254 2035 1301 sanctorum

456 1344 644 1397 usibus
676 1339 1004 1406 inservituri,
1033 1339 1101 1395 ad
1120 1339 1394 1409 publicum
1418 1336 1709 1409 procedere
1729 1335 1988 1404 iubentur
2015 1375 2032 1399 .

457 1447 577 1486 mox
609 1432 765 1502 quasi
791 1430 1013 1504 fulgoris
1038 1429 1261 1485 lucerna
1284 1429 1468 1485 lucent
1492 1436 1547 1484 ct
1575 1428 1767 1483 ardent
1796 1440 1810 1479 :
1841 1427 2034 1481 ardent

455 1523 704 1578 videlicet
732 1536 938 1589 amore,
965 1520 1149 1577 lucent
1170 1536 1437 1576 sermone.

527 1614 763 1681 Quartus
795 1612 1130 1684 smaragdus,
1146 1611 1237 1684 qui
1260 1611 1441 1667 nimia:
1460 1610 1746 1666 viriditatis
1766 1618 1868 1676 est,
1899 1610 2033 1665 adeo

2140 421 2286 476 tione
2323 434 2510 479 rarus,
2554 425 2757 470 tantum
2795 414 3055 470 mercium
3102 414 3411 485 quantitate
3460 415 3727 483 pretiosus

2140 522 2253 576 est;
2277 509 2368 581 qui
2390 508 2527 563 duos
2549 509 2748 563 habere
2778 508 2951 562 fertur
2971 506 3201 572 colores,
3223 521 3392 561 unum
3419 506 3543 561 auri
3570 507 3726 577 puris-

2138 600 2280 664 simi,
2301 608 2356 654 et
2378 599 2608 653 alterum
2642 598 2877 652 mtherea
2916 595 3165 651 claritate
3215 594 3579 653 relucentem.
3633 596 3724 655 llic

2138 691 2355 762 regibus
2384 690 2518 760 ipsis
2569 689 2740 743 fertur
2764 703 2886 743 esse
2921 686 3215 753 mirabilis,
3249 697 3307 741 ut
3337 687 3489 743 inter
3518 687 3725 746 divitias

2137 797 2263 838 suas
2284 781 2416 836 nihil
2437 796 2496 836 se
2523 778 2699 835 simile
2724 778 3000 849 possidere
3029 786 3381 848 cognoscant.
3416 777 3586 849 Cujus
3615 779 3725 850 pni-

2135 876 2407 933 cherrima
2438 885 2645 931 natura:
2678 874 2909 945 qualitas
2933 913 2950 939 ,
3001 872 3438 941 contemplativa:
3487 873 3613 927 vite
3636 873 3723 927 de-

2135 967 2249 1023 cori
2274 966 2589 1038 dignissima
2622 973 2987 1035 comparatur.
3014 962 3165 1019 lianc
3187 966 3331 1019 enim
3355 978 3519 1035 reges
3539 965 3719 1030 sancti,
3782 998 3787 1009 ι

2135 1071 2365 1129 quorum
2395 1072 2489 1111 cor
2514 1064 2599 1111 est
2628 1056 2682 1109 in
2709 1070 2873 1110 manu
2898 1054 3012 1119 Dei,
3040 1054 3250 1110 cunctis
3292 1054 3567 1111 bonorum
3602 1068 3721 1124 ope-

2136 1167 2255 1205 rum
2288 1150 2509 1212 divitiis,
2542 1150 2923 1219 universisque
2958 1150 3218 1204 virtutum
3253 1148 3491 1219 gemmis
3535 1150 3719 1205 merito

2134 1240 2450 1312 przeferunt,
2483 1249 2630 1295 tanto
2649 1239 2926 1294 ardentius
2953 1238 3190 1295 caelestis
3217 1240 3342 1295 vita:
3391 1239 3716 1294 dulcedinem

2132 1330 2313 1384 animo
2356 1329 2797 1400 complectentcs,
2830 1337 3037 1399 quanto
3076 1327 3421 1400 frequentius
3483 1343 3717 1397 superna:

2134 1420 2320 1492 gratia:
2342 1419 2545 1475 fuerint
2579 1418 2865 1490 splendore
2892 1416 3155 1489 percussi.
3204 1416 3422 1472 llabent
3448 1432 3578 1487 ergo
3601 1432 3715 1471 san-

2134 1515 2206 1571 cti
2232 1514 2330 1569 viri
2360 1528 2583 1568 aureum
2609 1512 2868 1575 colorem,
2886 1520 2940 1565 et
2962 1512 3164 1567 interea
3187 1508 3419 1567 flammae
3446 1509 3715 1565 charitatis

2133 1605 2334 1661 habent
2357 1604 2671 1669 :ethereum,
2700 1619 2766 1658 ex
2822 1616 3066 1672 supernae
3114 1599 3575 1671 contemplatione
3603 1600 3712 1655 dul-

455 1712 517 1757 ut
543 1704 739 1758 herbas
787 1703 1025 1757 virentes
1075 1700 1494 1770 frondentesque
1540 1715 1781 1771 gemmas
1805 1740 1821 1764 ,
1870 1700 2033 1759 etiam
2065 1685 2109 1743 Β
2138 1696 2362 1752 eedinis.
2392 1693 2544 1763 Quod
2582 1710 2711 1750 vero
2740 1695 2794 1751 in
2831 1694 3002 1750 insula
3054 1694 3349 1757 Thebaida,
3381 1707 3504 1762 quae
3552 1691 3714 1762 Topa-

454 1793 601 1847 omni
650 1792 896 1847 inliciens
923 1792 1069 1848 circa
1110 1807 1170 1848 se
1203 1791 1481 1847 viriditate
1525 1806 1903 1861 repercussum
1947 1807 2034 1847 ae-

456 1895 566 1935 rem
588 1923 603 1947 ,
631 1880 783 1951 cujus
807 1896 1006 1961 genera
1031 1880 1259 1954 plurima
1289 1890 1432 1947 sunt,
1464 1880 1559 1936 sed
1586 1881 1878 1936 nobiliores
1907 1881 2037 1953 Scy-

456 1972 607 2037 thici,
646 1974 943 2027 secundum
998 1972 1178 2028 locum
1229 1979 1416 2027 tenent
1458 1970 1766 2038 Bactriani,
1819 1974 2034 2029 tertium

457 2062 748 2135 zEgyptici.
795 2061 1081 2133 Significat
1103 2071 1283 2117 autem
1333 2063 1560 2125 animas,
1592 2062 1693 2117 fide
1720 2078 1933 2134 semper
1958 2063 2037 2118 vi-

459 2163 657 2215 rentes,
683 2169 801 2223 qur
816 2152 1187 2208 hmreditatem
1203 2152 1703 2209 immarcessihilem
1726 2151 1777 2223 (1
1796 2151 2031 2226 Petr.tv),

460 2257 516 2301 et
534 2255 789 2301 aeternam
812 2253 1186 2301 conservatam
1210 2244 1264 2300 in
1290 2245 1463 2309 eteiis,
1478 2252 1533 2298 et
1547 2252 1723 2299 mente
1748 2243 2037 2315 concipere

460 2338 742 2408 sperando,
768 2345 824 2393 et
852 2336 906 2392 in
940 2338 1212 2409 proximos
1260 2343 1509 2407 satagunt
1547 2350 1798 2406 spargere
1843 2336 2037 2407 praedi-

458 2430 656 2485 cando.

524 2518 755 2586 Quintus
777 2519 1055 2575 sardonix.
1084 2515 1184 2575 llic
1214 2534 1280 2574 ex
1303 2518 1459 2574 onice
1484 2517 1790 2581 candorem,
1820 2533 1884 2572 ex
1915 2532 2033 2571 sar-

457 2611 544 2665 dio
576 2611 829 2666 ruborem
864 2610 1105 2675 trahens,
1135 2609 1203 2664 ab
1239 2616 1465 2680 utroque
1522 2607 1787 2663 surdoniei
1837 2622 2033 2662 nomen

458 2701 688 2769 accepit.
708 2699 848 2755 Sunt
869 2707 1049 2754 autem
1074 2713 1270 2771 genera
1289 2697 1406 2767 ejus
1425 2697 1673 2769 plurima.
1695 2695 1845 2751 Alius
1868 2697 2030 2762 enim,
2058 2692 2063 2701 ’

458 2802 615 2847 terra:
645 2793 824 2848 rubrze
874 2793 1279 2849 similitudinem
1320 2801 1483 2848 tenet.
1532 2791 1685 2847 Alius
1736 2794 1887 2862 quasi
1937 2810 2035 2863 per

459 2884 747 2937 humanum
795 2898 1026 2955 unguem
1077 2883 1296 2955 sanguis
1343 2883 1581 2946 eniteat,
1626 2880 1832 2939 bicolor
1872 2899 2035 2954 appa-

456 2985 554 3031 ret.
584 2976 737 3033 Alius
762 2975 933 3032 tribus
954 2974 1244 3040 coloribus,
1272 2974 1545 3030 subterius
1578 2972 1752 3046 nigro,
1785 2974 2033 3046 superius

2139 1786 2259 1843 zion
2292 1786 2610 1857 appellatur,
2647 1785 2787 1842 unde
2834 1786 2947 1856 ipse
2976 1800 3175 1841 nomen
3234 1786 3471 1856 accepit,
3500 1786 3715 1841 inveniri

2137 1879 2353 1944 dicitur,
2381 1878 2667 1950 dupliciter
2714 1878 3122 1947 intelligendum
3155 1885 3239 1932 est
3264 1916 3279 1941 ,
3347 1877 3481 1946 quia
3524 1884 3580 1931 et
3619 1876 3713 1932 illa:

2134 1969 2428 2051 praecipue,
2451 1970 2505 2025 id
2533 1979 2638 2035 est,
2672 1968 3051 2040 Aigvptiorum
3095 1968 3347 2040 regiones
3371 2007 3390 2035 ,
3433 1968 3714 2023 monacho-

2136 2080 2255 2121 rum
2284 2064 2535 2134 gregibus
2564 2064 2859 2129 abundent,
2895 2071 2951 2117 et
2995 2062 3303 2132 quicunque
3353 2062 3455 2119 soli
3499 2060 3709 2132 justiti:

2136 2153 2346 2208 vicinus
2362 2152 2707 2218 habitaverit,
2741 2152 2962 2207 aetherei
2991 2152 3245 2205 nimirum
3276 2150 3501 2207 luminis
3522 2149 3712 2222 fulgore

2136 2246 2359 2301 coletur.
2383 2245 2451 2300 Et
2472 2244 2697 2315 pulchre
2722 2244 2777 2301 in
2804 2255 2996 2300 octavo
3017 2245 3227 2309 ordine,
3244 2245 3441 2301 activae
3466 2244 3588 2300 vitae
3600 2260 3709 2315 per-

2138 2336 2322 2401 fectio,
2349 2336 2427 2391 sic
2452 2336 2506 2390 in
2528 2351 2673 2391 nono
2698 2335 3041 2405 spcculativze
3067 2335 3354 2391 suavitatis
3380 2350 3589 2407 gemma
3623 2349 3707 2405 ι)οτ

2136 2429 2299 2494 nitur,
2335 2429 2447 2483 sive
2488 2429 2612 2498 quia
2642 2443 2833 2483 novem
2858 2427 3076 2483 ordines
3122 2427 3442 2499 angelorum
3494 2442 3702 2497 quorum

2136 2521 2301 2575 vitam
2333 2519 2667 2586 imitatur,in
2692 2518 2970 2590 Scriptura
3000 2527 3187 2573 sancta
3215 2519 3577 2588 reperiantur.

2206 2611 2457 2667 Decimus
2492 2611 2921 2683 ehrysoprasius.
2953 2610 3384 2682 Chrysoprasius
3414 2619 3498 2667 est
3532 2609 3703 2666 viridis

2136 2715 2418 2771 auremque
2470 2700 2859 2764 commixtum,
2893 2699 3164 2771 quoidam
3190 2700 3357 2755 etiam
3388 2713 3702 2771 purpureum

2130 2790 2293 2861 jubar
2320 2790 2541 2844 trahens
2566 2789 2743 2845 aureis
2785 2789 3497 2863 intervenientibusguttis.
3535 2788 3702 2845 Nasci-

2138 2890 2224 2935 tur
2250 2889 2428 2935 autem
2457 2880 2510 2935 in
2532 2879 2704 2946 india,
2727 2879 2818 2951 qui
2861 2879 3132 2951 signiﬁcat
3157 2895 3250 2937 eos
3269 2881 3366 2952 qui
3390 2881 3702 2937 viriditatem

2135 2981 2351 3029 acterna:
2394 2974 2605 3044 patrim,
2636 2972 2890 3044 perfectae
2922 2973 3203 3029 charitatis
3247 2973 3459 3047 fulgore
3502 2986 3700 3045 prome-

456 3069 645 3139 minio,
676 3068 851 3125 medio
895 3066 1124 3124 candido
1173 3067 1460 3133 consistit,
1517 3067 1606 3123 cui
1644 3044 2036 3138 comparantur
2062 3044 2107 3109 Ο
2139 3072 2321 3121 rentes
2348 3106 2363 3130 ,
2414 3081 2534 3120 eam
2560 3066 2723 3120 etiam
2754 3066 2968 3122 caeteris
3019 3081 3288 3136 purpurea
3335 3044 3584 3137 martyrii
3626 3063 3700 3118 sui

458 3158 701 3215 homines
733 3158 977 3229 corporis
1004 3157 1260 3229 passione
1306 3156 1613 3222 rubicundi,
1648 3156 1870 3227 spiritus
1894 3155 2038 3226 puri-

460 3260 568 3304 tate
607 3250 844 3314 candidi,
865 3250 959 3305 sed
985 3249 1201 3306 sibimet
1225 3249 1532 3305 humilitate
1564 3246 1821 3319 despecti.

525 3339 724 3395 Sextus
743 3339 979 3404 sardius,
1001 3339 1093 3409 qui
1108 3354 1175 3394 ex
1191 3340 1401 3410 integro
1416 3339 1694 3408 sanguinei
1718 3338 1914 3394 coloris
1930 3347 2033 3405 est,

456 3434 755 3498 martyrum
785 3426 1011 3497 gloriam
1048 3426 1319 3498 significat
1341 3467 1357 3493 ,
1403 3427 1470 3482 de
1493 3442 1599 3497 qua
1628 3427 1855 3483 dicitur:
1889 3426 2037 3484 Prw-

455 3518 588 3570 tiosa
616 3517 671 3571 in
696 3524 969 3586 conspectu
1001 3513 1210 3569 Domini
1229 3530 1370 3569 mors
1404 3524 1704 3569 sanctorum
1743 3516 1875 3587 ejus.
1926 3517 2035 3573 Me-

455 3609 561 3661 rito
589 3613 745 3662 sexto
764 3604 883 3661 loco
908 3605 1134 3675 positus,
1163 3619 1284 3661 cum
1309 3604 1568 3661 Dominus
1590 3615 1775 3662 noster
1798 3616 1854 3662 et
1881 3617 2031 3664 sexta

456 3708 614 3753 ςυῐειῑε
640 3697 823 3753 saeculi
850 3696 1184 3764 incarnatus,
1210 3707 1263 3754 et
1288 3708 1441 3756 sexta
1476 3698 1609 3755 feria
1638 3700 1709 3755 sit
1742 3715 1839 3771 pro
1870 3703 2035 3757 totius

459 3787 642 3843 numdi
669 3787 847 3843 salute
876 3785 1188 3844 crucifixus.
2024 3790 2029 3799 ‘

528 3878 1289 3952 Septimusebrysoiithus,qui
1300 3879 1455 3950 quasi
1487 3894 1674 3934 aurum
1698 3876 1881 3952 fulget,
1899 3882 2034 3936 srin—

458 3972 599 4026 tilias
620 3971 825 4025 habens
843 3970 1113 4036 ardentes,
1142 3968 1293 4041 cujus
1319 3972 1499 4042 specie
1518 3970 1818 4043 figurantur
1841 3974 1919 4037 hi,
1941 3976 2031 4045 qui

460 4062 727 4118 intellectu
742 4076 990 4134 superna:
1015 4074 1261 4134 veraeque
1274 4063 1549 4134 sapientia:
1566 4063 1850 4136 fulgentes,
1868 4067 2032 4121 verba

457 4154 849 4211 exhortationis
876 4156 930 4209 in
968 4153 1245 4225 proximos
1282 4154 1366 4210 vel
1395 4154 1559 4210 etiam
1583 4156 1843 4211 virtutum
1880 4158 2031 4227 signa

457 4247 610 4317 quasi
627 4246 886 4302 scintillas
906 4247 1044 4317 ignis
1064 4244 1362 4313 effundunt,
1382 4260 1632 4317 quorum,
1646 4256 1898 4303 utorutor
1917 4249 1995 4302 ait
2017 4267 2029 4303 :

582 4345 824 4397 ﬂentibus
852 4347 996 4396 instat
1015 4359 1167 4410 arnor,
1194 4348 1504 4399 sermonibus
1526 4354 1705 4399 aestuat
1731 4349 1892 4408 ardor,

455 4433 599 4503 ηῖιοά
662 4433 788 4503 quia
853 4434 967 4488 solo
1036 4434 1293 4505 spiritalis
1348 4435 1533 4506 gratia:
1602 4449 1824 4489 munere
1886 4434 2031 4504 geri-

2136 3156 2256 3212 luce
2294 3155 2657 3229 patefaciunt;
2691 3156 2780 3227 qui
2811 3156 3066 3227 quoniam
3091 3157 3232 3213 ineo
3257 3158 3405 3228 quod
3437 3159 3594 3213 vitam
3620 3154 3702 3212 de-

2136 3249 2388 3320 spiciunt,
2442 3258 2698 3323 aeternam
2764 3249 2989 3322 gloriam
3047 3247 3362 3321 praeferunt,
3406 3247 3609 3307 Domini
3649 3245 3698 3300 in

2136 3357 2299 3397 carne
2345 3342 2653 3414 apparentis
2702 3340 2947 3413 exempla
3013 3350 3349 3413 sequuntur,
3398 3341 3512 3411 jam
3570 3334 3699 3397 velut

2137 3432 2189 3487 in
2212 3432 2381 3497 india,
2415 3432 2467 3487 id
2490 3441 2605 3498 est,
2639 3448 2804 3503 prope
2852 3430 2981 3487 solis
3006 3443 3210 3498 ortum,
3238 3416 3553 3489 meritorum
3589 3443 3699 3486 suo-

2136 3539 2254 3577 rum
2275 3522 2537 3593 fuigorem
2558 3524 2867 3578 ostendunt.

2206 3613 2534 3670 Undecimus
2568 3613 2911 3686 hyacinthus.
2955 3612 3294 3687 Hyacinthus
3344 3615 3402 3671 in
3438 3609 3697 3683 Ethiopia

2134 3706 2422 3777 reperitur,
2437 3705 2725 3761 caeruleum
2752 3705 2987 3762 colorem
3001 3705 3207 3762 habens
3229 3698 3486 3779 optimus,
3500 3704 3586 3777 qui
3611 3715 3699 3757 nec

2136 3811 2290 3852 rarus
2312 3804 2418 3861 est,
2440 3811 2542 3852 nec
2561 3796 2828 3852 densitate
2853 3798 3097 3865 obtusus,
3118 3798 3211 3854 sed
3233 3813 3300 3853 ex
3323 3807 3551 3868 utroque
3576 3804 3698 3852 tem-

2133 3896 2448 3960 peramento
2474 3886 2616 3941 lucet
2636 3928 2652 3953 ,
2708 3886 3017 3958 purificato,
3047 3896 3104 3944 et
3128 3889 3370 3945 suaviter
3399 3886 3575 3943 liorem
3599 3894 3696 3940 tra-

2133 3977 2232 4032 hit.
2260 3977 2357 4033 ilic
2385 3985 2563 4033 autem
2593 3994 2700 4035 non
2744 3977 2928 4034 rutilat
2955 3979 3255 4051 aequaliter,
3280 3980 3422 4036 facie
3446 3977 3564 4035 caeli
3590 3991 3693 4032 mu-

2135 4077 2295 4124 tatur.
2327 4066 2531 4124 Sereno
2553 4069 2695 4125 enim
2723 4066 3040 4140 perspicuus
3066 4080 3227 4141 atque
3255 4080 3443 4142 gratus
3470 4078 3568 4135 est,
3600 4081 3693 4120 nu-

2133 4159 2241 4215 bilo
2264 4175 2446 4215 coram
2467 4160 2637 4215 oculis
2674 4159 2949 4216 evanescit
2974 4168 3135 4231 atque
3164 4162 3468 4218 marcescit.
3504 4157 3693 4214 indicat

2136 4253 2279 4308 enim
2304 4253 2512 4308 animas
2538 4251 2744 4307 ccelesti
2789 4267 3005 4323 semper
3034 4252 3319 4308 intentioni
3369 4252 3593 4313 deditas,
3616 4254 3689 4300 al-

2136 4358 2240 4413 que
2274 4344 2529 4414 angelica:
2558 4343 2951 4412 quodammodo
2981 4351 3242 4414 quantum
3282 4342 3593 4399 mortalibus
3618 4335 3689 4390 fas

2134 4441 2237 4499 est,
2278 4432 2673 4488 conversationi
2713 4434 3153 4503 propinquantes,
3193 4433 3388 4504 quibus
3431 4429 3570 4487 omni
3606 4442 3688 4483 cu-

460 4534 566 4590 tstr,
614 4523 989 4581 decentissime
1035 4524 1263 4593 septimo
1310 4524 1655 4579 fundamento
1708 4522 2068 4592 chrysolithns
2131 4524 2305 4580 stodia
2323 4524 2663 4581 discretionis
2692 4526 3029 4580 conversatio
3053 4526 3367 4598 percipitur,
3402 4540 3466 4581 ne
3494 4521 3573 4578 vel
3611 4518 3683 4573 ni-

458 4619 618 4681 inest,
655 4613 951 4687 septiformi
981 4615 1123 4671 enim
1165 4631 1306 4686 srcpe
1349 4630 1574 4670 numero
1629 4614 1763 4669 solet
1795 4611 2030 4684 Spiritus

459 4706 630 4762 sancti
657 4707 831 4777 gratia
859 4705 1101 4777 figurari.

471 4837 476 4842 .
525 4796 762 4855 Octavus
788 4797 1041 4871 beryllus.
1088 4797 1332 4869 Beryllus
1365 4805 1479 4861 est,
1528 4795 1679 4865 quasi
1722 4796 2029 4852 consideres

458 4903 652 4957 aquam
683 4888 810 4943 solis
839 4887 1043 4958 fulgore
1059 4902 1393 4958 percussam,
1415 4885 1772 4940 rubicundum
1789 4900 1850 4939 ae
1873 4886 2029 4940 deco-

462 4994 579 5033 rum
608 4978 831 5034 reddere
858 4978 1091 5034 colorem
1110 5018 1125 5045 ,
1156 4976 1251 5033 sed
1282 4990 1389 5030 non
1422 4974 1590 5046 fulget
1615 4974 1719 5030 nisi
1755 4975 1810 5029 in
1838 4990 2029 5031 sexan-

458 5070 634 5141 gniam
652 5069 878 5125 formam
896 5068 1144 5141 poiiendo
1158 5067 1436 5137 figuretur.
1451 5065 1875 5135 Repercussione
1886 5066 2028 5121 enim

458 5163 796 5231 auguriorum,
830 5162 1082 5232 splendor
1117 5157 1262 5212 illius
1289 5156 1517 5211 acuitur.
1543 5155 1821 5227 Significat
1852 5166 2028 5212 autem

461 5254 705 5308 homines
737 5252 953 5323 ingenio
979 5248 1196 5321 quidem
1242 5260 1496 5318 sagaces;
1532 5245 1626 5299 sed
1661 5246 1889 5317 amplius
1941 5262 2032 5301 su-

459 5359 639 5413 perum
673 5343 861 5416 gratia:
898 5339 1101 5394 lumine
1127 5334 1470 5406 refulgentes,
1493 5338 1741 5407 quodque
1784 5347 2033 5394 tenentes

460 5453 617 5491 manu
643 5437 872 5489 adurere
892 5431 1110 5491 dicitur,
1137 5427 1323 5497 procul
1360 5429 1520 5484 dubio
1547 5438 1715 5499 patet,
1740 5432 1865 5500 quia
1890 5431 2032 5499 quis-

458 5545 564 5599 que
589 5535 780 5584 sancto
800 5524 919 5578 viro
940 5519 1300 5590 coniungitur,
1322 5522 1438 5593 ejus
1458 5523 1707 5578 nimirum
1732 5524 1883 5579 bonic
1909 5541 2033 5580 con-

459 5617 786 5675 versationis
805 5614 926 5684 igne
961 5620 1255 5666 recreatur.

2131 4617 2238 4671 mia
2265 4630 2455 4671 sensus
2477 4614 2774 4671 subtilitate
2800 4616 3002 4671 callens
3028 4657 3044 4681 ,
3089 4617 3283 4672 altiora
3320 4632 3380 4672 se
3426 4625 3649 4687 qumrerc
3669 4647 3681 4669 ν

2128 4714 2185 4761 ει
2213 4705 2435 4761 fortiora
2472 4722 2531 4761 se
2576 4707 2805 4761 scrutari
2832 4709 3045 4762 audeat.
3073 4707 3254 4762 Gloria
3307 4708 3448 4763 enim
3493 4697 3681 4759 Domini

2130 4797 2306 4852 celare
2333 4798 2576 4860 verbum,
2603 4798 2656 4851 id
2678 4806 2786 4861 est,
2810 4805 2964 4852 caute
2983 4797 3048 4853 de
3073 4799 3183 4852 Deo
3208 4797 3290 4852 vei
3313 4796 3525 4853 homine
3547 4787 3684 4848 Chri-

2129 4895 2211 4942 sto
2241 4888 2626 4958 pbilosophari,
2667 4889 2750 4943 vel
2796 4904 3009 4943 rursum
3048 4890 3250 4944 desidia
3301 4894 3576 4960 torpente,
3624 4875 3680 4932 ad

2105 4968 2343 5032 infirma
2392 4977 2517 5033 fidei
2563 4976 2715 5034 initia
2757 4987 2929 5055 atque.
2957 4979 3222 5035 elementa
3262 4978 3465 5035 exordii
3501 4983 3679 5030 sermo-

2131 5082 2258 5121 num
2285 5067 2381 5122 Dei
2406 5056 2737 5133 relabantur,
2769 5071 2858 5139 qui
2889 5071 3067 5138 politis
3095 5071 3177 5124 via
3203 5072 3349 5141 regia
3379 5066 3676 5139 gradientes,

2133 5173 2164 5211 a
2202 5158 2407 5213 dextris
2433 5168 2489 5236 et
2512 5174 2543 5213 a
2572 5160 2809 5215 sinistris
2834 5174 2930 5232 per
2951 5176 3099 5216 arma
3134 5161 3358 5232 iustitia:
3404 5155 3550 5215 tutati
3573 5163 3680 5223 pro.

2132 5252 2343 5315 cedent,
2370 5251 2520 5320 quasi
2563 5251 2882 5324 hyacinthus
2918 5253 3101 5308 nubilo
3147 5255 3504 5309 circumdatus
3528 5241 3679 5313 loqui—

2135 5350 2239 5395 tur.
2276 5339 2425 5395 Nihil
2449 5342 2584 5396 enim
2603 5340 2842 5413 iudicavi
2866 5360 2945 5398 me
2984 5346 3117 5399 scire
3141 5345 3277 5399 inter
3308 5361 3409 5410 vos,
3435 5339 3530 5396 nisi
3546 5331 3680 5391 Chri‘

2130 5443 2267 5486 stum
2295 5431 2499 5500 Iesum,
2521 5445 2568 5488 et
2603 5437 2738 5489 ftztnc
2770 5436 3080 5505 cruciﬁxum
3108 5436 3161 5511 (1
3186 5435 3376 5510 Cor.u)
3403 5477 3417 5502 ,
3471 5440 3521 5487 ei
3542 5420 3674 5498 αυαεί

2133 5526 2187 5578 in
2214 5538 2403 5580 serena
2436 5527 2552 5587 luce
2583 5528 2746 5595 visus,
2775 5527 2847 5583 ait
2874 5546 2886 5582 :
2931 5527 3251 5599 Sapienﬁam
3292 5520 3675 5599 loquimnrinlcr

2132 5618 2384 5687 perfectos
2421 5614 2645 5688 (Ibid):
