3978 6450
324 410 436 469 537

1153 403 1673 461 COLLECTIONES
1715 402 1783 457 IN
1824 402 2204 459 El-‘ISTOLAS
2242 402 2329 457 ET
2367 405 2778 460 EVANCEHA.

3491 404 3598 460 358

396 524 759 580 Duodecimus
807 522 1162 593 amethystus.
1214 521 1560 593 Amethystns
1603 534 1902 589 purpureus
1931 524 1982 584 Α
2006 520 2166 582 intra,
2190 518 2247 573 in
2275 534 2383 587 quo
2421 536 2523 572 non
2557 520 2699 573 aliud
2728 520 2939 574 videtur
2966 519 3222 579 exterius,
3254 534 3417 591 quam
3446 521 3591 590 quod

325 627 430 682 est,
446 617 721 688 permixto
743 614 983 670 violaceo
1004 613 1205 677 colore,
1229 621 1283 667 et
1304 613 1458 684 quasi
1507 627 1644 666 rosae
1690 610 1870 665 nitore
1894 651 1908 673 ,

327 710 587 781 quasdam
611 707 807 762 leniter
830 705 1138 760 ﬂammulas
1166 704 1396 760 fundens
1412 745 1426 769 ,
1459 704 1552 759 sed
1573 711 1628 758 et
1653 702 1909 772 quiddam

326 803 384 857 in
408 802 648 871 purpura
671 798 817 855 illius
842 813 948 853 non
978 813 1044 853 ex
1072 803 1187 851 toto
1215 798 1374 868 igneo
1397 796 1490 850 sed
1543 795 1701 865 quasi
1729 794 1910 848 vinum

328 895 530 948 rubens
554 905 839 962 apparens.
868 887 1179 960 Purpureus
1202 902 1331 958 ergo
1359 886 1524 941 decor
1561 885 1798 941 caelestis
1822 898 1907 938 re-

329 984 420 1054 gni
440 982 681 1038 habitum
708 1022 723 1046 ,
770 994 958 1036 roseus
991 992 1122 1034 vero
1148 986 1310 1047 atque
1342 976 1614 1032 violaceus
1654 974 1913 1030 humilem

330 1081 665 1141 sanctorum,
689 1086 819 1129 vere
852 1071 1064 1127 avidam
1091 1070 1496 1142 pretiosamque
1544 1078 1773 1125 mortem
1824 1069 1915 1125 de-

328 1165 529 1235 signat.

396 1256 458 1311 In
481 1254 693 1325 jaspide
713 1268 862 1325 ergo,
891 1251 1015 1308 ﬁdei
1052 1252 1331 1319 viriditas;
1377 1252 1431 1307 in
1483 1251 1747 1322 saphiro,
1798 1249 1915 1320 spei

331 1347 569 1402 rmlestis
600 1345 857 1412 altitudo;
903 1346 957 1400 in
978 1343 1343 1407 cbalcedonio,
1375 1341 1591 1397 ﬂamma
1638 1343 1919 1397 charitatis

333 1438 559 1497 interna:
591 1435 872 1508 ﬁguratur.
897 1435 957 1491 in
981 1435 1268 1505 smaragdo
1290 1442 1492 1498 autem,
1522 1431 1760 1501 ejusdem
1790 1430 1917 1488 ﬁdei

334 1526 488 1581 fortis
514 1527 655 1582 inter
700 1526 927 1581 adversa
971 1525 1257 1581 confessio.
1296 1524 1352 1578 ln
1376 1524 1680 1588 sardonice,
1705 1531 1919 1579 sancto-

332 1634 453 1673 rum
484 1618 623 1672 inter
647 1617 878 1673 virtutes
920 1616 1219 1671 humilitas.
1252 1615 1309 1669 in
1360 1615 1560 1679 sardio,
1592 1616 1919 1672 reverendus

332 1715 639 1776 martyrum
668 1722 833 1762 cruor
856 1706 1197 1776 exprimitur.
1231 1705 1287 1759 In
1316 1704 1784 1776 chrysolitbo,vox
1808 1706 1918 1775 spi-

2011 617 2194 680 gcstat
2236 609 2485 665 interius.
2519 611 2788 681 Crystallo
2840 627 3052 682 quoque
3079 612 3222 682 quod
3248 612 3316 666 de
3357 628 3497 683 aqua
3544 613 3597 666 in

2010 701 2236 774 glaciem
2301 713 2356 757 et
2400 700 2629 771 lapidem
2677 701 2969 772 pretiosum
3022 701 3287 767 efﬁcitur,
3347 704 3604 777 baptismi

2012 796 2184 866 gratia
2220 795 2498 864 ﬁguratur.

2083 885 2152 941 Et
2181 887 2236 941 in
2262 885 2433 940 medio
2457 886 2614 951 sedis,
2643 894 2691 939 et
2717 883 2771 940 in
2797 886 3021 940 circuitu
3049 884 3206 951 sedis,
3232 895 3461 957 quatuor
3484 885 3602 937 ani—

2014 980 2195 1047 malia,
2235 979 2389 1052 plena
2436 980 2601 1035 oculis
2629 1021 2644 1045 ,
2698 990 2819 1035 ante
2846 988 2895 1035 et
2939 990 3097 1035 retro.
3126 980 3396 1036 Circuitus
3419 978 3598 1034 throni

2012 1070 2133 1137 Dei,
2156 1071 2207 1126 id
2234 1078 2319 1126 est
2343 1070 2598 1125 Ecclesiae
2642 1076 2851 1140 patres,
2880 1070 3059 1124 lumen
3090 1069 3386 1141 Evangelii,
3408 1077 3602 1141 prietes

2016 1165 2240 1220 ritorum
2279 1162 2690 1234 futurorumque
2717 1163 2943 1219 scientia
2981 1162 3168 1233 replet.

2086 1254 2154 1308 Et
2178 1254 2373 1308 animal
2402 1255 2629 1325 primum
2668 1253 2837 1310 simile
2861 1253 3019 1320 leoni,
3047 1261 3152 1309 etc.
3196 1250 3325 1308 llzec
3347 1251 3600 1308 animalia

2016 1345 2313 1401 multifario
2355 1346 2793 1415 interpretantur.
2813 1346 3013 1402 Beatus
3043 1354 3222 1401 autem
3247 1344 3601 1418 Augustinus,

2012 1436 2166 1507 juxta
2209 1437 2453 1493 ordinem
2496 1437 2617 1492 libri
2649 1438 2824 1503 istius,
2862 1438 3173 1493 Matthmum
3206 1438 3415 1493 leonem
3471 1437 3605 1492 dicit

2020 1526 2264 1594 intelligi,
2290 1527 2380 1595 qui
2407 1526 2567 1597 regite
2615 1525 2897 1599 dignitatis
2951 1529 3007 1582 in
3035 1527 3256 1584 Christo
3293 1528 3601 1600 prosapiam

2021 1627 2226 1683 narrat,
2260 1617 2350 1687 qui
2383 1627 2439 1673 et
2467 1618 2598 1672 vicit
2627 1616 2712 1673 leo
2752 1618 2818 1673 de
2845 1618 2988 1674 tribu
3016 1617 3174 1673 Inda.
3211 1617 3435 1674 Catulus
3460 1619 3602 1674 enim

2020 1709 2191 1765 leonis
2219 1708 2377 1774 Juda,
2422 1716 2479 1764 et
2526 1709 2579 1763 in
2614 1723 2723 1781 quo
2767 1717 2828 1765 ut
2875 1724 2972 1765 rex
3019 1726 3051 1765 a
3104 1725 3230 1782 rege
3281 1710 3520 1766 timetur.
3559 1710 3600 1765 A

332 1798 521 1853 ritalis'
548 1798 690 1852 inter
710 1796 968 1852 miracula
997 1794 1334 1866 prtudicatio.
1388 1794 1446 1849 In
1490 1795 1693 1867 beryllo
1727 1796 1921 1866 praedi-
2022 1796 2192 1872 Magis
2222 1800 2500 1866 aduratur,
2526 1801 2617 1856 ubi
2645 1802 2810 1857 etiam
2844 1818 2936 1857 rex
2966 1806 3090 1858 cum
3121 1802 3292 1857 servis
3338 1801 3603 1857 rationem

333 1889 572 1943 cautium
610 1887 851 1959 perfecta
895 1888 1163 1958 operatio.
1202 1886 1260 1941 ln
1309 1888 1524 1958 topazio
1568 1927 1583 1950 ,
1609 1889 1919 1943 earumdem
1949 1872 1997 1934 Β
2024 1892 2195 1963 ponit.
2223 1889 2338 1946 Rex
2373 1892 2589 1963 nuptias
2620 1891 2729 1947 lilio
2765 1891 2918 1956 facit,
2944 1901 2998 1948 et
3022 1893 3089 1947 ad
3116 1891 3367 1948 ultimum
3397 1906 3490 1946 rex
3514 1907 3602 1946 se-

334 1981 534 2036 ardens
560 1980 946 2051 contemplatio
965 1986 1320 2035 monstratur.
1340 1978 1507 2036 Porro
1530 1979 1585 2033 in
1602 1979 1921 2051 chrySOpra-

334 2073 436 2137 sio,
464 2072 745 2127 beatorum
772 2079 1073 2143 martyrum
1119 2086 1255 2141 opus
1279 2070 1486 2141 pariter
1529 2075 1584 2124 et
1609 2070 1915 2140 praemium.

333 2164 391 2218 lu
414 2162 727 2235 hyacintho,
751 2160 1283 2217 doctorumctelestis
1300 2161 1367 2215 ad
1390 2160 1501 2214 alta
1529 2159 1848 2222 sublevatio,
1869 2166 1924 2213 et

334 2265 555 2327 propter
608 2254 851 2310 inﬁrmos
896 2253 1116 2310 humilis
1156 2255 1224 2309 ad
1252 2254 1489 2309 hun‘ana
1518 2251 1815 2308 descensio.
1862 2250 1919 2305 in

336 2347 661 2418 amethysto,
688 2345 925 2401 caelestis
939 2360 1153 2416 semper
1174 2344 1324 2417 regni
1354 2346 1406 2399 in
1432 2344 1716 2399 humilium
1740 2343 1922 2397 animo

334 2438 599 2495 memoria
624 2438 955 2508 designatur,
984 2437 1287 2509 singulique
1327 2435 1533 2507 lapides
1555 2434 1781 2507 pretiosi
1812 2434 1924 2489 sin-

336 2532 475 2604 gulis
495 2539 623 2587 sunt
650 2530 1017 2587 fundamentis
1029 2529 1295 2601 deputati,
1312 2529 1403 2600 qui
1428 2529 1555 2583 licet
1581 2542 1772 2583 omnes
1796 2541 1921 2598 per-

338 2624 488 2689 fecti,
518 2624 715 2694 quibus
732 2624 926 2680 civitas
946 2623 1039 2679 Dei
1061 2623 1245 2679 nostri.
1279 2622 1334 2676 in
1364 2631 1548 2677 monte
1589 2629 1780 2675 sancto
1808 2618 1924 2687 ejus

336 2723 561 2771 ornatur
579 2723 741 2786 atque
768 2713 1024 2771 fundatur
1046 2753 1065 2781 ,
1107 2711 1388 2784 Spiritalis
1423 2711 1611 2782 gratiae
1667 2710 1772 2766 sint
1804 2709 1925 2766 luce

336 2805 633 2876 fulgentes,
665 2804 756 2859 alii
793 2813 975 2860 tamen
1005 2817 1104 2874 per
1146 2801 1398 2873 spiritum
1427 2801 1586 2857 datur
1614 2814 1797 2855 sermo
1841 2813 1927 2854 sa-

337 2898 575 2968 pientiae,
605 2896 695 2952 alii
722 2910 905 2952 sermo
946 2894 1206 2960 scientiae,
1228 2893 1321 2948 alii
1366 2892 1541 2963 gratia
1593 2892 1922 2956 sanitatum,

340 2989 430 3044 alii
458 3003 658 3059 genera
685 2988 991 3060 linguarum
1020 3026 1037 3054 ,
1094 2986 1185 3041 alii
1214 2985 1348 3041 ﬁdes
1383 2985 1437 3039 in
1477 2983 1668 3041 eodem
1709 2982 1921 3055 spiritu,

338 3089 444 3137 etc.

410 3173 478 3227 Et
501 3173 559 3227 in
584 3171 805 3227 circuitu
834 3172 973 3228 sedis
998 3171 1185 3227 sedilia
1208 3170 1393 3243 viginti
1413 3180 1664 3243 quatuor,
1693 3178 1740 3224 et
1769 3185 1927 3241 super

2020 1990 2209 2055 gregat
2234 1996 2364 2039 oves
2391 1984 2461 2039 ab
2492 1984 2678 2039 haedis.
2719 1982 2923 2040 Lucam
2956 1983 3010 2039 in
3038 1984 3205 2039 vitulo
3233 2024 3249 2050 ,
3297 1984 3388 2054 qui
3427 1984 3606 2040 hostia

2020 2089 2214 2143 magna
2248 2074 2368 2139 fuit,
2400 2074 2452 2129 in
2479 2073 2596 2146 lege
2631 2074 2774 2130 enim
2824 2073 2941 2142 ejus
2971 2090 3078 2130 non
3116 2073 3288 2130 Solum
3340 2074 3608 2146 principia

2021 2166 2166 2222 circa
2197 2166 2449 2236 templum
2481 2174 2537 2221 et
2560 2165 2827 2222 sacriﬁcia
2854 2165 3213 2231 diversantur,
3244 2164 3336 2221 sed
3369 2167 3443 2220 ita
3469 2180 3601 2221 con-

2022 2256 2256 2312 cluditur
2284 2275 2296 2311 :
2323 2255 2393 2310 Et
2419 2267 2566 2311 erant
2593 2272 2795 2328 semper
2822 2257 2876 2312 in
2905 2257 3095 2329 templo
3134 2255 3410 2313 laudantes
3445 2266 3493 2312 et
3522 2256 3610 2312 be-

2024 2348 2316 2403 nedicentes
2343 2344 2527 2403 Deum.
2554 2344 2745 2403 Facies
2768 2362 2899 2403 vero
2929 2348 3182 2411 hominis,
3213 2346 3424 2403 Marcus
3445 2348 3611 2420 signi-

2025 2441 2170 2505 ﬁcat,
2198 2441 2288 2511 qui
2316 2439 2450 2495 nihil
2482 2440 2547 2497 de
2593 2439 2779 2512 regali,
2810 2439 2895 2495 vel
2921 2439 3242 2496 sacerdotali
3272 2439 3482 2495 Domini
3513 2454 3610 2510 po-

2025 2531 2197 2587 tentia
2225 2529 2458 2596 locutus,
2489 2540 2697 2586 tantum
2741 2530 2977 2585 hominis
2998 2528 3198 2586 Christi
3228 2538 3375 2602 gesta
3405 2530 3613 2601 simpli-

2025 2622 2163 2678 citer
2186 2628 2389 2676 narrat.
2413 2620 2609 2689 Aquila
2632 2627 2832 2686 autem,
2848 2617 3083 2675 Joannes
3102 2627 3207 2685 est,
3234 2619 3327 2690 qui
3356 2618 3610 2674 nativita-

2027 2722 2136 2771 tem
2158 2712 2343 2779 Verbi,
2375 2712 2522 2767 velut
2557 2721 2737 2769 ortum
2764 2712 2895 2769 solis
2940 2712 3324 2786 perspicaciter
3348 2720 3611 2782 aspectat.

2025 2801 2295 2858 Animalia
2325 2811 2506 2858 autem
2544 2819 2688 2858 nunc
2712 2802 3107 2874 Erangel'stas,
3133 2818 3276 2858 nunc
3317 2810 3482 2858 totam
3511 2802 3616 2857 Ec-

2026 2895 2247 2952 clesiam
2274 2894 2604 2967 signiﬁcant,
2633 2897 2786 2964 cujus
2815 2893 3075 2950 fortitudo
3122 2895 3175 2949 in
3221 2894 3376 2949 leone
3401 2935 3417 2961 ,
3462 2893 3615 2949 victi.

2028 2984 2193 3041 matio
2220 2985 2275 3040 in
2322 2984 2512 3053 vitulo,
2550 2985 2826 3042 humilitas
2856 2984 2911 3042 in
2959 2984 3200 3053 homine,
3231 2982 3533 3041 sublimitas
3562 2987 3616 3042 in

2028 3074 2207 3147 aquila
2241 3074 2456 3133 volante
2497 3086 2848 3133 monstratur.

2103 3162 2325 3240 Singula
2386 3184 2563 3223 eorum
2602 3169 2855 3223 habebant
2897 3168 3012 3223 alas
3058 3185 3230 3224 senes.
3280 3166 3616 3224 Pcrfcctione

340 3265 556 3320 thronos
602 3264 782 3336 viginti
806 3275 1040 3337 quatuor
1064 3228 1295 3320 seniore;
1335 3228 1588 3320 sedentes.
1628 3228 1928 3319 Ecclesium
1954 3228 2003 3294 ρ
2034 3275 2146 3317 sua
2174 3259 2455 3325 doctrinm,
2482 3259 2780 3317 Ecclesium
2804 3261 2871 3315 ad
2891 3259 2996 3315 alta
3026 3261 3326 3316 subierunt.
3357 3260 3615 3317 Senarius

342 3369 573 3423 namque
599 3363 819 3425 propter
832 3355 1151 3410 societatem
1177 3351 1299 3409 ﬁdei
1326 3353 1383 3409 in
1411 3368 1521 3408 una
1545 3351 1673 3408 sede
1699 3353 1929 3417 viderat,

342 3443 588 3497 eamdem
616 3458 711 3513 per
733 3443 1007 3514 geminum
1026 3449 1408 3498 testamentum
1434 3442 1503 3497 de
1527 3442 1858 3512 patriarcbis
1879 3449 1935 3497 et

344 3532 600 3601 apostolis
620 3540 954 3603 generatam,
979 3532 1034 3587 in
1077 3532 1267 3604 viginti
1296 3542 1351 3588 et
1393 3541 1627 3603 quatuor
1672 3533 1936 3589 sedilibus

342 3623 537 3678 cernit.
575 3622 862 3680 Sedentem
888 3632 1093 3689 autem,
1121 3631 1343 3694 propter
1363 3622 1708 3695 jndiciariatn
1732 3625 1850 3696 ejus
1880 3626 1935 3680 in

344 3715 563 3770 Christo
584 3713 942 3787 dignitatem;
996 3716 1264 3771 sedebant
1292 3726 1474 3773 autern
1512 3726 1569 3772 et
1613 3715 1937 3787 judicabant

347 3807 595 3863 universa
624 3807 889 3874 membra,
914 3807 1011 3863 sed
1054 3808 1111 3863 in
1149 3823 1259 3864 uno
1300 3816 1356 3865 et
1386 3825 1488 3880 per
1532 3824 1699 3864 unum
1751 3816 1932 3879 caput.

347 3899 481 3955 Nam
521 3901 790 3971 quomodo
846 3907 1105 3972 poterunt
1151 3901 1326 3956 sancti
1381 3902 1437 3956 in
1473 3898 1680 3971 judicio
1712 3900 1934 3966 sedere,

2034 3351 2179 3407 enim
2214 3367 2472 3407 numerus
2505 3353 2626 3408 ideo
2679 3352 2950 3424 perfectus
2980 3355 3205 3421 dicitur,
3261 3357 3386 3427 quia
3427 3356 3616 3428 primis

2035 3443 2148 3497 suis
2175 3442 2421 3513 partibus
2444 3443 2716 3514 impletur,
2746 3460 2912 3499 unum
2948 3446 3161 3517 quippe,
3187 3449 3331 3516 quod
3355 3456 3437 3502 est
3460 3458 3612 3504 sexta

2036 3534 2235 3588 senarii
2270 3549 2418 3606 pars,
2446 3544 2502 3589 ct
2548 3536 2673 3600 duo,
2706 3536 2851 3607 quod
2884 3545 2968 3592 cst
3014 3538 3195 3604 lenia,
3227 3547 3282 3594 et
3335 3539 3434 3593 tria
3475 3539 3616 3611 quod

2035 3632 2118 3678 est
2144 3623 2445 3689 dimidium,
2475 3626 2723 3680 cum-dem
2745 3627 3018 3681 senarium
3048 3624 3273 3682 faciunt.
3308 3626 3477 3682 Aliter
3514 3628 3615 3681 alue

2036 3724 2180 3768 senae
2219 3723 2455 3784 quatuor
2482 3714 2797 3770 animalium
2843 3731 2963 3787 qua:
2997 3726 3124 3773 sunt
3171 3715 3361 3787 n‘ginti
3411 3723 3465 3771 et
3492 3730 3615 3786 qus-

2039 3796 2179 3871 tuor,
2208 3806 2428 3862 totidem
2477 3807 2690 3862 Veteris
2735 3806 3065 3863 Tcstamenti
3096 3809 3263 3864 libros
3304 3809 3621 3873 insinuant,

2036 3897 2233 3969 quibus
2253 3894 2712 3970 Evangelistarum
2746 3907 2801 3955 et
2842 3898 3062 3956 fulcitur
3092 3902 3407 3965 auctoritas,
3434 3907 3489 3956 ct
3532 3917 3620 3956 γυ-

347 4000 551 4049 stantes
584 3993 652 4049 ad
686 3992 936 4048 dextram
977 3991 1204 4063 judicia,
1257 4000 1487 4064 possunt
1526 3993 1693 4048 etiam
1747 3992 1941 4061 viginti
2038 3991 2171 4045 ritas
2200 3990 2477 4060 probatur.

347 4093 580 4155 quatuor
604 4085 846 4141 seniores
881 4085 935 4139 in
985 4083 1094 4139 illis
1135 4083 1382 4155 intelligi,
1411 4085 1503 4154 qui
1548 4082 1935 4155 perfectionem

348 4175 558 4247 operis,
592 4190 715 4248 qua:
760 4176 981 4232 senario
1023 4191 1251 4231 numero
1301 4176 1746 4240 commendatur,
1794 4175 1945 4230 clara-

350 4265 624 4336 Evaugelii
648 4266 1032 4338 praedicatione
1059 4275 1403 4333 consumant,
1434 4282 1561 4321 nam
1584 4275 1778 4337 quater
1798 4267 1937 4334 seni,

350 4356 543 4426 viginti
566 4364 799 4427 quatuor
836 4355 1061 4411 faciunt.

422 4447 814 4505 Circumantieti
825 4450 1142 4505 aestimatis
1161 4449 1316 4517 albis,
1331 4461 1378 4505 et
1399 4452 1455 4505 iu
1474 4450 1735 4521 capitibus
1759 4467 1951 4505 eorum

2112 4079 2179 4133 Et
2204 4079 2261 4134 in
2304 4080 2526 4132 circuitu
2575 4088 2624 4133 et
2664 4080 2807 4134 intus
2850 4078 3005 4150 plena
3028 4090 3148 4135 sunt
3184 4081 3367 4135 oculis.
3422 4078 3621 4135 Sancta

2038 4170 2281 4227 Ecclesia
2306 4210 2322 4235 ,
2374 4177 2430 4223 ct
2460 4183 2646 4223 coram
2698 4169 2837 4233 Deo,
2894 4178 2951 4224 et
2987 4184 3170 4224 coram
3204 4169 3512 4224 hominibus
3564 4186 3623 4225 se

2041 4261 2329 4333 vigilanter
2348 4260 2594 4324 attendit,
2623 4258 2778 4328 cujus
2807 4259 3094 4314 interiores
3123 4259 3309 4314 oculos
3334 4270 3624 4329 aspexerat

2041 4352 2349 4417 Psalmista,
2382 4366 2505 4406 cum
2534 4351 2771 4406 diceret:
2799 4349 2987 4407 Omnis
3043 4350 3212 4421 gloria
3241 4349 3359 4420 ejus
3397 4350 3493 4406 lilii
3532 4367 3623 4407 re-

2043 4448 2124 4519 gis
2158 4448 2227 4502 ab
2256 4446 2420 4501 intus.
2448 4445 2758 4500 Exteriurcs
2796 4461 2949 4511 vero,
2975 4458 3099 4500 cum
3118 4445 3373 4500 continuo
3406 4443 3624 4500 subdit:

352 4556 558 4596 coronat
595 4556 788 4596 aurem.
820 4540 934 4596 Hoc
970 4548 1074 4607 est,
1105 4542 1261 4597 bonis
1306 4543 1562 4613 operibus
1586 4542 1817 4607 indutos,
1848 4557 1942 4612 pe-
1967 4588 2023 4613 “
2045 4536 2112 4590 In
2137 4534 2367 4605 ﬁmbreis
2395 4536 2571 4589 aureis
2597 4576 2610 4601 ,
2654 4535 3047 4589 circmnamicta
3100 4534 3366 4588 varietate.
3420 4532 3626 4601 Aliter,

354 4630 508 4685 renni
553 4630 752 4686 mentis
795 4630 1076 4698 memoria,
1107 4633 1302 4701 gaudia
1331 4648 1567 4704 superna
1596 4640 1936 4703 quatientes;

352 4733 503 4788 saepe
521 4719 666 4773 enim
694 4733 847 4775 mens
871 4720 1067 4790 capitis
1092 4722 1311 4777 nomine
1347 4722 1484 4778 solet
1510 4722 1756 4793 intelligi.

427 4813 496 4868 Et
524 4814 589 4869 de
626 4814 812 4870 throno
861 4818 1151 4888 procedunt
1195 4818 1408 4890 fulgura
1439 4824 1488 4875 et
1525 4836 1671 4875 voces
1718 4830 1769 4875 et
1801 4822 1942 4874 toni-

356 4915 497 4960 true.
537 4906 649 4963 Hoc
675 4916 780 4974 est,
810 4908 955 4979 quod
1000 4909 1213 4967 Marcus
1233 4912 1311 4967 ait
1338 4931 1351 4967 :
1381 4911 1475 4968 Illi
1503 4920 1680 4968 autem
1724 4913 1945 4985 profecti

355 4997 771 5066 prtedicaverunt
785 4999 993 5069 ubique,
1010 4998 1233 5056 Domi-no
1247 5013 1576 5073 cooperante,
1590 5015 1635 5057 et
1656 5018 1942 5057 sermonem

357 5088 721 5157 ronﬁrmante,
750 5090 1087 5162 sequemibus
1108 5092 1273 5164 siqnis
1335 5092 1530 5165 (Marci
1552 5093 1803 5166 ultimm).

434 5179 502 5232 Et
526 5190 722 5250 septem
742 5180 1017 5253 lampades
1038 5192 1167 5237 ante
1189 5184 1455 5251 thronum,
1483 5186 1574 5256 qui
1604 5196 1725 5241 sunt
1751 5196 1942 5258 septem

342 5268 575 5341 Spiritus
600 5270 716 5327 Dei.
745 5271 1188 5344 Unumﬁpiritum
1216 5275 1349 5330 dicit
1375 5276 1774 5346 septiformem;
1805 5294 1946 5333 unus

358 5371 446 5417 est
465 5362 885 5434 enimSpiritus,
926 5364 1319 5435 septiformitas
1364 5367 1529 5430 enim,
1562 5367 1827 5437 perfectio
1865 5376 1948 5424 est

360 5463 417 5510 et
449 5454 741 5525 plenitudo.
796 5456 1236 5514 Gommetnorato
1299 5473 1427 5514 vero
1455 5459 1663 5531 Spiritu
1715 5470 1904 5516 sancto
1930 5503 1944 5526 ,

361 5545 748 5601 ctmreuienter
781 5548 925 5601 unda
952 5546 1204 5616 baptismi
1239 5548 1502 5618 sequitur,
1539 5564 1644 5619 qua
1673 5550 1813 5605 idem
1841 5550 1947 5621 spi-

367 5639 504 5692 ritus
541 5639 702 5706 recipi
731 5639 989 5694 creditur.

438 5728 504 5781 Iit
534 5729 585 5781 in
615 5737 891 5797 conspectu
911 5727 1046 5782 sedis
1069 5736 1318 5798 tanquam
1347 5745 1488 5783 mare
1519 5730 1755 5796 vitreum,
1779 5732 1947 5785 simile

362 5821 630 5889 crystallo.
663 5821 886 5891 Propter
920 5822 1074 5875 ﬁdem
1117 5837 1293 5876 verum
1326 5823 1591 5891 baptisma
1628 5825 1861 5881 refertur
1882 5826 1947 5879 ad

1966 4588 2024 4652 Β

2045 4627 2163 4681 sive
2187 4626 2423 4680 litteram
2466 4625 2735 4690 attendas,
2766 4625 2881 4681 sive
2932 4624 3242 4697 allegoriam
3289 4624 3628 4695 qumras,lu-

2045 4736 2163 4776 cem
2189 4736 2405 4790 semper
2425 4721 2478 4775 in
2502 4720 2793 4792 Erangelio
2843 4722 3065 4792 reperis.
3096 4720 3216 4775 Alia
3248 4719 3529 4776 translatio
3552 4720 3630 4776 sic

2046 4816 2210 4871 liabet
2235 4833 2248 4869 :
2279 4812 2446 4870 Plena
2476 4814 2640 4871 oculis
2670 4824 2791 4872 ante
2818 4834 2872 4872 se
2897 4827 2946 4872 et
2979 4828 3135 4884 retro,
3159 4818 3285 4890 quia
3322 4818 3408 4873 lux
3450 4816 3627 4874 Evan-

2045 4906 2189 4978 gelii,
2231 4915 2285 4963 et
2313 4908 2599 4980 aenigmata
2640 4908 2773 4980 legis
2821 4910 3074 4977 irradiat,
3135 4912 3193 4967 ct'
3238 4928 3391 4967 novas
3443 4912 3632 4984 gratia:

2045 5001 2245 5055 mundo
2271 4997 2453 5072 fulgur
2473 5000 2727 5059 infundit.

2116 5093 2186 5150 Et
2232 5096 2459 5165 requiem
2497 5111 2599 5150 non
2650 5095 2906 5151 habebant
2945 5097 3029 5153 die
3067 5115 3129 5152 ac
3175 5106 3322 5155 nocte
3358 5098 3631 5153 dicentia:

2050 5185 2298 5249 Sanctus,
2326 5195 2561 5251 sanctus,
2597 5196 2808 5241 sanctus
2836 5186 3092 5243 Dominus
3115 5186 3252 5243 Deus
3284 5189 3626 5259 omnipotens,

2048 5284 2154 5332 etc.
2191 5274 2389 5331 Sancta
2414 5276 2688 5341 animalia,
2718 5285 2912 5333 cuncta
2949 5284 3192 5348 tempora
3237 5278 3415 5334 saeculi
3465 5294 3627 5332 unam

2050 5365 2469 5421 dominationem
2508 5365 2755 5432 Deitatis,
2790 5367 3233 5438 Omnipoteutiam
3280 5376 3335 5422 et
3361 5366 3632 5421 aeternita-

2056 5467 2163 5514 tem
2207 5465 2409 5513 sanctm
2448 5454 2728 5514 Trinitatis
2775 5456 3085 5524 afﬁrmant,
3136 5467 3384 5514 manente
3426 5458 3631 5514 intelleo

2054 5548 2246 5604 ctualis
2283 5556 2548 5603 creaturae
2576 5558 2832 5619 perpetua
2857 5549 2911 5604 in
2940 5549 3250 5605 eml‘estibus
3274 5546 3449 5601 laude.

2129 5638 2420 5694 Procidunt
2456 5638 2636 5710 viginti
2681 5649 2907 5710 quatuor
2935 5640 3161 5695 seniores
3205 5648 3324 5693 ante
3373 5640 3632 5694 sedentem

2056 5731 2110 5783 in
2138 5729 2345 5795 (lu-ano,
2369 5738 2416 5783 et
2465 5729 2759 5783 adorabunt
2790 5729 3035 5783 virentem
3085 5731 3138 5783 in
3182 5728 3377 5783 su'cula
3416 5728 3635 5784 sa'culo-

2058 5840 2193 5876 runt.
2262 5820 2598 5876 Animalibus
2650 5820 3063 5890 personantibus
3116 5820 3355 5884 laudem,
3412 5820 3464 5875 id
3511 5830 3622 5881 est,
