3978 6426
431 366 537 423 359

1728 358 2078 419 551ΔΒΑ6Μ
2117 360 2408 417 ADBATIS

3584 371 3683 429 340

436 478 787 552 Evangelistis
843 475 1261 549 promicantibus
1281 473 1483 531 Christi
1525 473 1997 544 dispensationemI

2182 472 2463 544 Respondit
2491 475 2647 547 Jesus
2668 485 2718 530 et
2750 476 2884 532 dixit
2903 490 2923 529 :
2951 476 3119 536 Amen
3140 494 3292 534 auten
3313 478 3431 536 dico
3450 479 3571 548 tibi,
3590 484 3683 538 nisi

430 571 608 632 omnis
633 568 870 629 Ecclesia
901 581 1021 639 qua:
1044 566 1097 622 in
1118 565 1424 638 praepositis
1448 573 1662 625 constat
1683 571 1738 619 et
1760 564 2000 634 populis;

431 665 531 721 hoc
558 662 699 716 enim
736 660 1031 731 geminato,
1060 658 1424 719 duodenarius
1450 672 1708 713 numerus
1737 656 2007 728 signiﬁca-

430 766 536 823 tur,
565 756 750 812 statim
778 754 978 810 cadens
999 754 1053 808 in
1086 752 1299 818 faciem,
1316 753 1505 806 adorat
1531 751 1796 806 viventem
1823 751 1877 804 in
1907 766 2007 806 $.13-

427 848 546 910 rnla
588 846 907 909 seculorum
932 887 951 911 ,
1002 854 1061 901 et
1108 845 1398 901 mittebant
1438 858 1666 899 coronas
1705 858 1829 898 suas
1881 851 2006 899 ante

429 940 682 995 thronum
707 937 803 992 Dei
830 978 847 1004 ,
886 935 1156 1000 videlicet,
1182 934 1520 1007 assignantes
1560 931 1816 1002 quidquid
1838 933 2007 988 virtu-

426 1029 514 1090 tis,
556 1027 815 1107 quidquid
843 1025 1113 1086 habebant
1139 1022 1433 1095 dignitatis,
1465 1023 1663 1093 quippe
1691 1021 1783 1094 qui
1817 1035 1882 1076 es
1924 1022 2006 1077 ni-

426 1119 535 1175 hilo
562 1127 754 1175 cuncta
779 1125 1082 1177 creaverat.

759 1222 1095 1271 EVANGELIUI
1131 1220 1375 1271 JOANNIS,
1414 1220 1533 1261 CAP.
1576 1220 1657 1263 Ill.

501 1319 520 1355 ι
558 1300 685 1364 Erat
717 1301 879 1363 homo
925 1314 992 1363 ex
1039 1296 1331 1356 Pharisaais
1372 1295 1697 1351 Nicodemus
1740 1296 1999 1359 nomine,

429 1412 447 1445 ι
480 1393 727 1463 princeps
761 1390 1086 1453 Judazorum.
1119 1388 1221 1446 ilic
1254 1387 1400 1443 venit
1438 1387 1508 1446 ad
1532 1386 1717 1442 Jesum
1745 1394 1919 1451 nocte,
1948 1394 2005 1442 et

428 1504 444 1539 ι
482 1484 619 1539 dixit
647 1484 697 1538 ei
733 1498 749 1537 :
780 1481 977 1548 Rabbi,
1009 1479 1212 1542 scimus
1252 1478 1378 1549 quia
1405 1494 1436 1532 a
1461 1477 1570 1533 Deo
1606 1475 1802 1533 venisti
1832 1476 2003 1547 magi-

428 1596 444 1623 ι
479 1585 619 1642 ster;
652 1590 813 1631 nemo
835 1573 981 1629 enim
1029 1580 1207 1644 potest
1234 1572 1348 1626 htec
1376 1570 1528 1642 signa
1567 1568 1749 1624 facere
1783 1583 1902 1637 quae
1944 1577 2001 1623 tu

427 1686 445 1723 ς
480 1666 632 1732 facis,
668 1666 769 1727 nisi
799 1666 941 1726 Deus
961 1661 1123 1724 fuerit
1147 1677 1272 1719 cum
1301 1676 1384 1719 eo.
1409 1660 1710 1731 Respondit
1730 1658 1905 1723 Jesus,
1947 1668 2004 1714 et

426 1777 443 1815 ι
481 1757 616 1820 dixit
644 1755 734 1817 ci:
765 1756 936 1818 Amen
967 1770 1123 1813 amen
1159 1754 1279 1813 dico
1307 1752 1404 1809 tibi
1431 1771 1445 1806 :
1475 1751 1590 1807 Nisi
1610 1751 1734 1821 quis
1780 1760 2000 1806 renatus

2106 566 2224 638 quis
2251 576 2463 622 renatus
2486 567 2647 638 fuerit
2675 568 2880 635 denuo,
2935 585 3040 625 non
3067 577 3231 640 potest
3260 571 3431 627 ridere
3476 590 3682 643 regnum

2104 654 2223 712 Dei.
2253 656 2382 725 Quae
2407 658 2673 713 sententia
2719 667 2869 714 tanto
2919 660 3160 729 apertius
3189 660 3398 716 cunctis
3443 661 3684 720 ﬁdebbus

2105 745 2273 815 lucet,
2301 757 2506 819 quanto
2545 756 2777 815 constat,
2811 749 2939 818 quia
2984 749 3104 813 sine
3138 749 3303 820 hujus
3328 750 3454 807 luce
3507 752 3683 809 ﬁdeles

2105 853 2226 895 esse
2249 849 2545 909 nequeunt.
2565 839 2696 906 Quis
2716 839 2860 895 enim
2882 840 3000 895 sine
3020 839 3236 895 lavacro
3264 842 3683 912 regenerationis

2105 928 2482 984 remissionem
2514 938 2859 999 peccatorum
2898 930 3179 1001 consequi,
3208 939 3265 985 et
3297 945 3521 1002 regnum
3551 932 3682 988 valet

2106 1020 2311 1076 intrare
2339 1020 2636 1076 celerum?
2666 1019 2774 1076 Sed
2800 1019 3124 1083 Nicodemus
3151 1020 3244 1090 qui
3269 1029 3428 1076 nocte
3451 1022 3597 1076 venit
3619 1024 3680 1079 ad

2105 1111 2312 1179 Jesum,
2343 1114 2574 1169 necdum
2610 1112 2745 1168 lucis
2777 1111 3034 1183 mysteria
3061 1126 3257 1182 capere
3287 1120 3536 1179 noverat,
3563 1128 3679 1167 nam

2105 1213 2162 1262 et
2184 1221 2290 1260 nos
2317 1205 2371 1264 in
2406 1221 2513 1275 qua
2537 1206 2705 1271 venit,
2736 1204 2852 1275 ipsa
2888 1202 3007 1272 ejus
3029 1217 3136 1274 qua
3162 1203 3515 1273 premebatur
3541 1203 3681 1273 igno-

2104 1299 2342 1354 rantiam
2376 1298 2641 1370 designat,
2673 1296 2905 1352 necdum
2937 1296 3085 1350 enim
3109 1310 3302 1349 eorum
3326 1308 3556 1349 numero
3601 1310 3679 1350 so-

2104 1391 2280 1446 ciatus
2306 1399 2447 1455 erat,
2472 1390 2668 1458 quibus
2710 1388 2789 1443 ait
2808 1387 3137 1458 Apostolus:
3169 1384 3375 1440 Fuistis
3398 1385 3678 1456 aliquando

2103 1482 2348 1547 tenebra',
2377 1498 2515 1536 nunc
2544 1490 2719 1546 autem
2746 1480 2839 1534 lux
2865 1480 2921 1533 in
2945 1478 3173 1534 Domino
3194 1476 3412 1550 (Ephes.
3460 1479 3536 1549 v).
3583 1476 3678 1534 Sed

2104 1572 2246 1627 inter
2277 1588 2373 1628 eos
2417 1573 2598 1643 potius
2648 1572 2977 1628 remanebat.
3037 1569 3249 1638 Quibus
3295 1570 3431 1627 dicit
3476 1569 3675 1625 lsaias:

2104 1660 2292 1732 Surge,
2316 1661 2640 1727 illuminare,
2665 1660 2984 1726 Jerusalem,
3008 1661 3133 1731 quia
3154 1661 3289 1714 venit
3313 1659 3492 1713 lumen
3514 1669 3675 1726 tuum,

2102 1759 2150 1805 et
2183 1749 2353 1820 g.’oria
2375 1749 2586 1804 Domini
2611 1766 2767 1820 super
2793 1759 2843 1804 te
2864 1759 2981 1804 orta
3004 1760 3079 1803 est
3103 1747 3240 1821 (Isa.
3262 1747 3376 1818 LI).

425 1865 441 1903 ι
475 1844 636 1901 fuerit
659 1846 857 1911 denuo,
884 1860 990 1900 non
1037 1852 1217 1915 potest
1242 1842 1428 1897 videre
1454 1857 1677 1913 regnum
1709 1840 1827 1895 Dei.
1854 1840 1995 1896 Dicit
2022 1841 2069 1900 B
2163 1838 2304 1893 Dicit
2329 1840 2399 1893 ad
2442 1856 2562 1894 eum
2616 1838 2936 1896 Nicodemus
2974 1857 2994 1895 :
3026 1839 3300 1906 Quomodo
3328 1849 3501 1911 potest
3528 1842 3673 1898 homo

424 1955 440 1985 ι
481 1936 548 1991 ad
586 1952 708 1991 eum
769 1935 1132 1991 Nicodemus:
1172 1933 1453 2002 Quomodo
1497 1941 1679 2004 potest
1722 1932 1883 1988 homo
1915 1947 2000 1987 re-
2102 1931 2249 1984 nasci
2270 1947 2387 1984 cum
2407 1932 2472 1984 sit
2497 1948 2674 1998 senex,
2698 1940 2804 1987 etc.
2832 1931 2967 1999 Quia
2986 1934 3133 1989 enim
3153 1933 3405 1989 secunda:
3426 1934 3673 1989 nativita-

422 2047 439 2087 ς
479 2028 629 2083 nasci
664 2042 788 2083 cum
817 2027 892 2082 sit
917 2025 1118 2082 senex?
1149 2024 1401 2096 Nunquid
1429 2033 1609 2096 potest
1653 2025 1707 2079 in
1750 2033 1997 2079 ventrem
2102 2020 2171 2076 tis
2196 2022 2374 2076 adhuc
2399 2022 2614 2078 nescius
2648 2022 3052 2092 perseverabat,
3080 2022 3147 2078 de
3178 2023 3353 2079 salute
3378 2031 3561 2079 autem
3587 2040 3675 2080 sua

422 2134 439 2165 ο
474 2115 663 2170 matris
682 2130 791 2170 suae
812 2115 1007 2170 iterum
1035 2114 1261 2171 introire
1283 2124 1339 2170 et
1360 2114 1545 2170 nasci?
1587 2113 1884 2183 Respondit
1907 2113 1998 2170 Je-

422 2228 438 2263 i
477 2224 568 2264 sus
596 2227 608 2262 :
639 2208 810 2269 Amen
836 2224 994 2273 amen
1023 2208 1143 2263 dico
1183 2207 1308 2269 tibi:
1341 2206 1454 2262 Nisi
1480 2207 1601 2277 quis
1632 2215 1851 2263 renatus
1879 2205 1996 2262 fue-

417 2320 439 2363 ς
473 2302 546 2358 rit
570 2318 634 2359 ex
669 2319 807 2376 aqua
838 2312 893 2359 et
915 2303 1116 2375 Spiriut
1141 2311 1349 2367 sancto,
1377 2317 1484 2357 non
1512 2309 1688 2374 potest
1717 2302 1918 2356 intrare
1942 2299 1997 2355 in

422 2415 438 2445 ι
477 2409 700 2471 regnum
728 2394 841 2451 Dei.
872 2393 1024 2465 Quod
1051 2401 1236 2449 natum
1251 2400 1335 2447 est
1355 2407 1423 2447 ex
1444 2406 1627 2455 carne,
1654 2405 1783 2445 caro
1812 2399 1918 2454 est,
1944 2397 1999 2444 et

419 2504 437 2537 ι
471 2484 615 2553 quod
641 2493 826 2538 natum
838 2493 921 2541 est
940 2498 1006 2537 ex
1033 2482 1244 2553 spiritu,
1268 2482 1489 2551 spiritus
1503 2488 1607 2535 est.
1642 2478 1758 2536 Non
1785 2478 1999 2533 mireris

419 2598 435 2625 ι
474 2576 600 2645 quia
616 2574 728 2630 dixi
758 2575 893 2630 tibi:
921 2572 1148 2644 Oportet
1168 2590 1262 2629 vos
1291 2572 1501 2628 renasci
1536 2572 1731 2627 denuo.
1764 2570 1997 2641 Spiritus

418 2685 434 2716 ι
475 2666 565 2721 ubi
594 2664 710 2720 vult
741 2666 937 2736 spirat,
981 2674 1036 2720 et
1059 2680 1242 2721 vocem
1284 2665 1402 2736 ejus
1456 2663 1639 2727 audis,
1683 2662 1777 2717 sed
1818 2661 1998 2718 nescis

417 2778 433 2805 ι
468 2758 609 2812 unde
648 2757 847 2822 veniat,
878 2766 970 2811 aut
991 2772 1098 2826 quo
1126 2757 1304 2811 vadat.
1333 2757 1423 2811 Sic
1450 2765 1534 2811 est
1554 2755 1751 2822 onmis,
1782 2754 1874 2825 qui
1900 2770 1998 2809 na-

416 2867 434 2897 ι
475 2855 559 2903 tus
582 2856 665 2901 est
700 2862 766 2902 ex
791 2848 1002 2917 spiritu.
1043 2846 1338 2917 Respondit
1363 2845 1687 2901 Nicodemus
1709 2886 1726 2912 ,
1784 2854 1839 2900 et
1858 2844 1996 2900 dixit

361 2961 363 2963 ί
415 2960 433 2998 ς
470 2939 553 2993 ei:
582 2939 860 3008 Quomodo
886 2948 1110 3010 possunt
1129 2939 1241 2994 lucc
1272 2939 1427 2994 ﬁeri?
1450 2937 1740 3009 Respondit
1761 2936 1920 2993 Jesus
1940 2945 1997 2993 et

417 3050 433 3077 ι
473 3028 704 3085 dixitei:
738 3029 817 3085 Tu
843 3046 904 3085 es
935 3029 1191 3100 magister
1215 3029 1268 3084 in
1291 3028 1478 3094 lsrael,
1506 3037 1562 3085 et
1591 3029 1707 3083 base
1739 3026 1995 3098 ignoras?

414 3142 432 3182 ς
465 3121 635 3177 Amen
657 3137 813 3185 amen
835 3122 956 3177 dico
986 3121 1103 3187 tibi,
1131 3120 1257 3191 quia
1292 3119 1435 3191 quod
1462 3121 1663 3176 scimus
1697 3118 1993 3190 loquimur,

2095 2114 2209 2185 jam
2247 2115 2506 2171 sollicitus
2533 2118 2836 2183 exstiterat,
2885 2118 3195 2175 necessario
3222 2118 3289 2174 de
3332 2135 3482 2183 una,
3523 2137 3675 2191 quam

2100 2215 2325 2264 noverat
2345 2209 2627 2264 nativitate
2654 2224 2722 2263 an
2769 2216 2951 2278 posset
2982 2209 3190 2275 iterari,
3215 2209 3302 2265 vel
3327 2226 3441 2281 quo
3496 2212 3674 2268 ordine

2100 2300 2435 2370 regeneratio
2462 2300 2631 2371 possit
2682 2299 2921 2371 impleri,
2949 2301 3247 2371 quzerebat,
3276 2315 3345 2355 ne
3383 2301 3546 2371 hujus
3583 2317 3673 2359 ex-

2100 2407 2252 2462 spers
2275 2394 2625 2460 remanendo,
2652 2394 2778 2450 vita:
2795 2394 3034 2449 coslestis
3060 2395 3334 2466 particeps
3358 2410 3484 2451 esse
3497 2394 3675 2465 nequi-

2099 2494 2202 2540 ret.
2227 2484 2531 2542 Notandum
2561 2495 2764 2552 autem,
2796 2487 2923 2557 quia
2976 2486 3043 2542 de
3074 2485 3281 2541 carnali
3314 2487 3465 2556 quod
3510 2486 3671 2551 dixit,

2100 2578 2205 2633 hoc
2232 2578 2395 2632 etiam
2446 2577 2513 2632 de
2557 2578 2786 2648 spiritali
2817 2586 2902 2634 est
2945 2578 3352 2649 regeneratione
3380 2578 3671 2633 sciendum.

2099 2667 2450 2738 Nequaquam
2485 2668 2736 2724 videlicet
2781 2683 2924 2732 eam,
2948 2676 3234 2741 postquam
3265 2666 3435 2725 semel
3469 2665 3670 2736 expleta

2098 2758 2261 2816 fuerit
2279 2799 2294 2825 ,
2328 2774 2489 2830 posse
2517 2760 2708 2830 repeti.
2729 2759 2857 2815 Sive
2883 2760 3027 2814 enim
3041 2758 3350 2824 hazreticus,
3368 2758 3486 2812 sive
3506 2757 3673 2814 schis-

2098 2852 2349 2918 maticus,
2398 2851 2512 2906 sive
2577 2850 2920 2906 faeinorosus
2966 2851 3195 2919 quisque
3241 2850 3298 2904 in
3342 2848 3674 2905 confessione

2098 2951 2296 2998 sanetae
2324 2941 2581 2997 trinitatis
2625 2940 2943 3011 baptizaret,
2980 2956 3089 2994 non
3117 2939 3259 2994 valet
3293 2938 3381 2994 ille
3402 2979 3421 3004 ,
3470 2938 3561 3008 qui
3604 2937 3673 2991 ita

2097 3033 2398 3103 baptizatus
2426 3040 2528 3098 est,
2547 3049 2577 3086 a
2604 3032 2759 3087 bonis
2783 3030 3063 3086 catholicis
3090 3030 3440 3100 rebaptizari,
3470 3044 3536 3083 ne
3560 3044 3675 3084 oon-

2063 3124 2080 3136 '
2097 3122 2261 3180 fusio
2284 3123 2372 3179 vel
2411 3124 2679 3179 invocatio
2710 3124 2843 3178 tanti
2859 3122 3093 3177 nominis
3117 3122 3365 3176 videatur
3388 3119 3667 3175 annullari.

414 3233 431 3273 ς
463 3222 518 3268 ct
541 3213 684 3290 quod
708 3213 941 3273 vidimus
964 3222 1245 3280 testamur,
1270 3223 1325 3271 et
1357 3214 1722 3275 testimonium
1743 3223 1990 3269 nostrum
2018 3202 2063 3265 C
2094 3216 2161 3271 Et
2201 3217 2327 3287 quia
2356 3214 2680 3270 Nicodemus
2714 3215 2782 3270 ad
2824 3213 3056 3284 primam
3116 3212 3329 3267 Domini
3374 3210 3673 3282 responsio-

415 3326 432 3363 ς
467 3322 574 3361 non
601 3305 908 3376 accepistis.
934 3301 992 3363 Si
1022 3313 1234 3365 terrena
1272 3304 1383 3361 disi
1410 3305 1585 3371 vobis,
1612 3313 1793 3361 etnon
1816 3304 1994 3361 credi-
2093 3323 2217 3364 nem
2253 3306 2532 3372 sollicitus,
2565 3305 2836 3375 quomodo
2877 3305 2947 3360 sit
2996 3301 3342 3374 intelligenda
3393 3303 3672 3373 diligenter

413 3417 430 3449 ι
464 3399 551 3464 tis,
581 3398 849 3468 quomodo
872 3396 920 3452 si
944 3395 1130 3452 dixero
1168 3398 1321 3457 vobis
1362 3397 1605 3452 coelestia
1632 3398 1896 3455 credetis?
1924 3397 1993 3457 Et
2093 3401 2336 3471 inquirit,
2371 3408 2611 3456 meretur
2652 3399 2766 3469 jam
2814 3396 3028 3467 planius
3057 3395 3285 3460 instrui,
3327 3402 3383 3448 et
3425 3395 3550 3466 quia
3593 3410 3673 3448 se—

414 3510 430 3540 ι
468 3505 627 3545 nemo
656 3489 900 3550 ascendit
945 3489 1001 3551 in
1051 3488 1283 3556 (mlum,
1309 3491 1412 3546 nisi
1469 3491 1561 3561 qui
1610 3490 1891 3546 descendit
1925 3491 1992 3547 de
2091 3494 2265 3551 eunda
2298 3492 2570 3556 nativitas,
2596 3507 2705 3546 non
2738 3489 2974 3545 carnalis
2999 3496 3107 3556 est,
3137 3488 3234 3543 sed
3265 3487 3673 3558 spiritualis—au-

414 3600 431 3636 ι
466 3578 790 3647 cmlo,l"ilius
831 3580 1086 3645 hominis,
1118 3580 1211 3650 qui
1239 3588 1323 3636 est
1352 3580 1406 3635 in
1432 3580 1589 3637 caelo.
1616 3581 1683 3636 Et
1711 3580 1855 3636 sicut
1878 3580 1991 3637 Mo-v

2102 3584 2228 3640 dire.

414 3694 431 3729 ι
461 3687 548 3728 ses
577 3671 836 3735 exaltavit
878 3682 1184 3742 serpentem
1228 3673 1283 3727 in
1329 3673 1582 3738 deserto,
1635 3673 1708 3727 ita
1760 3673 1989 3728 exaltari

412 3779 430 3809 ι
461 3769 674 3831 oportet
692 3757 889 3825 Filium
930 3762 1195 3829 beluinis,
1239 3771 1299 3817 ut
1326 3764 1540 3830 onmis,
1584 3764 1677 3835 qui
1729 3764 1901 3819 credit
1934 3764 1988 3819 in

413 3872 430 3911 ι
470 3853 644 3929 ipsum
675 3867 781 3908 non
819 3863 1040 3924 pereat,
1085 3856 1179 3910 sed
1216 3855 1411 3910 habeat
1452 3856 1620 3912 vitam
1646 3865 1928 3912 teternam.
1960 3876 1981 3909 ι

478 3943 610 3998 Erat
635 3944 788 3999 homo
816 3962 880 3999 ex
906 3945 1194 4001 Pltarisa'is
1225 3946 1276 4001 Ν
1283 3947 1546 4002 icodemus
1579 3948 1810 4011 nomine,
1842 3948 1989 4016 prin-

406 4054 522 4108 ceps
542 4035 870 4101 Judworum,
896 4037 980 4100 hic
1025 4039 1160 4092 venit
1185 4039 1254 4099 ad
1280 4036 1463 4094 Iesum
1510 4049 1679 4094 nocte.
1726 4038 1986 4108 Princeps

406 4127 611 4191 scilicet
633 4125 961 4196 Judmorutn,
991 4130 1138 4187 venit
1168 4130 1235 4185 ad
1252 4128 1437 4191 Jesum
1459 4140 1637 4195 nocte,
1651 4131 1875 4201 cupiens
1894 4148 1983 4187 se-

2158 3675 2445 3746 Respondit
2476 3673 2635 3731 Jesus
2656 3688 2675 3726 :
2704 3675 2870 3730 Amen
2902 3689 3056 3729 amen
3107 3672 3228 3727 dico
3256 3672 3371 3737 tibi,
3403 3673 3508 3726 nisi
3559 3669 3666 3740 quis

2089 3775 2300 3822 renatus
2330 3765 2490 3836 fuerit
2521 3782 2593 3837 με
2630 3782 2767 3835 aqua
2796 3764 3076 3835 tit-Spiritu
3103 3780 3209 3817 non
3250 3771 3423 3833 potest
3454 3761 3664 3816 introire

2086 3857 2143 3911 in
2168 3872 2383 3927 regnum
2409 3855 2528 3911 Dei.
2562 3854 2730 3925 Cujus
2757 3854 3060 3917 nativitatis
3089 3854 3311 3911 modum
3335 3853 3666 3922 subsequen-

2086 3954 2170 4004 ter
2197 3962 2474 4016 exponens
2496 3960 2826 4017 prorsusque
2856 3962 2888 4001 a
2907 3945 3110 4002 carnali
3134 3944 3494 4015 distinguens,
3526 3946 3633 4000 ait:

2157 4038 2309 4105 Quod
2339 4047 2521 4092 natum
2543 4046 2618 4093 est
2653 4037 2717 4091 de
2746 4054 2927 4103 came,
2955 4053 3080 4091 caro
3100 4046 3199 4102 est,
3220 4036 3360 4107 quod
3383 4046 3565 4090 natum
3596 4043 3666 4090 est

2083 4130 2147 4187 de
2173 4131 2382 4201 spiritu,
2403 4130 2617 4201 spiritus
2638 4138 2735 4184 est.
2756 4128 2960 4183 Natura
2980 4128 3203 4198 spiritus
3222 4128 3533 4193 invisibilis,
3555 4142 3667 4183 car-

404 4224 552 4276 creta
575 4214 693 4285 ejus
713 4216 1062 4283 allocutione,
1085 4217 1298 4289 plenius
1317 4220 1524 4276 discere
1547 4221 1805 4293 mysteria
1834 4222 1980 4288 ﬁdei,
2082 4221 2168 4276 nis
2196 4230 2280 4276 est
2298 4220 2546 4288 visibilis,
2572 4230 2735 4291 atque
2771 4221 2891 4276 ideo
2909 4220 3144 4276 carnalis
3181 4222 3462 4292 generatio
3487 4219 3666 4276 visibi-

404 4303 558 4373 cujus
576 4313 760 4376 aperta
788 4308 1098 4363 ostensione
1144 4309 1445 4381 signorum,
1473 4309 1819 4381 aliquatenus
1862 4309 1981 4380 jam
2082 4313 2208 4369 liter
2255 4313 2684 4369 administratur.
2730 4313 3042 4369 Visibilibus
3088 4312 3444 4369 incrementis
3485 4315 3575 4384 qui
3609 4313 3660 4367 in

405 4396 707 4461 rudimenta
751 4410 1109 4471 perceperat,
1161 4402 1252 4470 qui
1281 4401 1538 4473 quoniam
1576 4405 1873 4475 prudenter
1915 4418 1981 4459 ea
2079 4420 2244 4461 carne
2272 4404 2516 4459 nascitur
2549 4419 2649 4476 per
2692 4414 2914 4460 aetatum
2959 4415 3231 4459 momenta
3261 4405 3477 4474 proﬁcit
3512 4425 3525 4459 :
3559 4405 3663 4475 spi—

403 4504 524 4571 qua:
548 4489 617 4543 ab
656 4488 746 4545 illo
773 4490 1070 4560 quaerebat,
1097 4491 1423 4565 inuestigare
1447 4492 1763 4562 promeruit.
2005 4551 2055 4571 n
2081 4495 2292 4554 ritualis
2336 4502 2517 4550 autem
2567 4496 2847 4567 generatio
2905 4503 3019 4551 tota
3079 4495 3422 4551 invisibiliter
3472 4497 3660 4566 agitur.

471 4578 661 4646 Rabbi,
691 4581 905 4647 scimus,
933 4582 1058 4651 quia
1087 4598 1119 4635 a
1154 4580 1262 4635 Deo
1285 4582 1469 4636 venisti
1494 4583 1742 4652 magister
1766 4622 1782 4649 ,
1831 4599 1979 4638 nemo
2003 4578 2058 4612 υ
2082 4588 2220 4643 Nam
2247 4588 2461 4643 videtur
2497 4588 2717 4659 quidem
2752 4589 2846 4660 qui
2894 4589 3203 4660 baptizatur
3239 4591 3296 4645 in
3323 4589 3526 4646 fontem
3575 4588 3663 4644 de-

399 4674 538 4738 enim
572 4680 739 4744 potest
776 4673 887 4729 Iure
925 4673 1076 4743 signa
1101 4672 1273 4742 facere
1290 4688 1409 4742 qua:
1432 4682 1489 4726 tu
1511 4672 1667 4741 facis,
1690 4673 1793 4729 nisi
1821 4673 1980 4743 fuerit
2082 4679 2365 4746 scandere,
2386 4679 2601 4737 videtur
2637 4681 2795 4750 aquis
2848 4681 3120 4751 immergi,
3152 4681 3367 4737 videtur
3394 4681 3462 4737 de
3512 4680 3661 4750 aquis

401 4766 542 4821 Deus
581 4783 702 4823 cum
743 4782 823 4820 eo.
854 4764 899 4819 A
929 4765 1041 4829 Deo
1080 4765 1225 4829 enim
1274 4762 1460 4823 Jesum
1507 4765 1574 4820 ad
1609 4764 1980 4836 magisterium
2081 4771 2391 4828 ascendere.
2422 4771 2562 4838 Quid
2589 4780 2772 4827 autem
2793 4771 2848 4826 in
2881 4771 2973 4827 illo
2998 4772 3215 4829 lavacro
3237 4771 3660 4842 regenerationis

399 4858 635 4926 caeleste.
661 4857 860 4921 mundo
907 4855 1242 4919 adhibendo,
1298 4855 1510 4910 venisse
1553 4854 1835 4911 confessus
1863 4863 1977 4922 est,
2081 4862 2272 4934 egerit,
2308 4861 2531 4918 minime
2562 4871 2739 4932 potest
2783 4862 2995 4929 videri,
3043 4863 3157 4918 sola
3215 4874 3398 4919 autem
3428 4863 3656 4919 ﬁdelium

398 4952 570 5009 Deum
598 4966 720 5006 cum
743 4965 810 5006 eo
845 4948 1015 5005 fuisse
1037 4947 1317 5002 miraculis
1350 4945 1666 5016 prudentius
1692 4946 1979 5014 intellexit,
2078 4954 2253 5024 pietas
2279 4954 2448 5018 novit,
2476 4953 2600 5024 quia
2636 4961 2893 5023 peccator
2921 4953 2977 5009 in
3004 4952 3207 5009 fontem
3235 4954 3536 5018 descendit,
3568 4951 3656 5006 sed

397 5044 626 5110 necdum
654 5050 832 5101 tamen
860 5042 1039 5112 ipsum
1063 5038 1233 5095 Deum
1270 5035 1520 5105 cognm'il
1548 5049 1697 5101 esse;
1729 5035 1826 5097 δεεά
1851 5037 1976 5108 quia
2077 5045 2394 5117 puriﬁeatus
2419 5045 2683 5101 ascendit.
2719 5043 2887 5099 Filius
2912 5045 3103 5100 mortis
3123 5045 3422 5110 descendit,
3449 5044 3543 5100 sed
3597 5043 3656 5096 ti-

397 5152 556 5207 quem
614 5134 929 5205 magistrum
959 5137 1182 5187 noverat
1210 5126 1472 5190 vernalis,
1505 5124 1741 5188 ειυάἰοεο
1774 5126 1977 5182 docen-
2078 5137 2184 5195 lius
2216 5135 2632 5192 resurrectionis
2684 5135 2959 5201 ascendit;
2996 5136 3139 5192 ﬁlius
3198 5135 3655 5207 prazvaricatiouis

395 5224 521 5292 dus,
547 5225 681 5285 adiit
704 5223 897 5290 merito
917 5264 932 5288 ,
974 5230 1030 5275 et
1059 5219 1385 5290 agnitionem
1412 5216 1708 5281 divinitatis
1732 5216 1849 5287 eius
1860 5234 1977 5288 Per-
2080 5225 2378 5291 descendit,
2416 5223 2510 5279 sed
2560 5223 2705 5279 ﬁlius
2729 5225 3189 5281 reconciliationis
3217 5226 3491 5290 ascendit;
3520 5224 3657 5279 ﬁlius

395 5318 535 5388 recte
558 5318 750 5375 doctus
780 5314 964 5379 subiit,
988 5312 1183 5367 merito
1205 5309 1487 5389 utriusque
1503 5308 1801 5365 nativitatis
1834 5311 1972 5381 ejus,
2078 5314 2175 5379 ine
2197 5312 2494 5377 descendit,
2519 5310 2612 5368 sed
2637 5312 2779 5369 lilius
2807 5314 3195 5370 misericordiae
3220 5315 3490 5378 ascendit;
3521 5313 3655 5367 tilias

394 5411 586 5476 divinae
621 5409 833 5475 scilicet
872 5416 926 5462 et
963 5406 1241 5466 humanae,
1295 5401 1387 5456 sed
1423 5410 1476 5456 et
1508 5402 1776 5471 passionis
1812 5413 1975 5474 atque
2076 5402 2272 5458 diaboli
2297 5401 2594 5468 descendit,
2614 5402 2711 5457 sed
2738 5397 2909 5457 Filius
2934 5403 3029 5458 Dei
3081 5404 3348 5463 ascendit.
3380 5403 3505 5459 Sola
3547 5403 3654 5457 lucc

395 5502 724 5559 ascensionis
763 5499 933 5570 ipsius
979 5509 1177 5556 arcana
1210 5494 1471 5565 percepit.
1508 5492 1617 5548 Nec
1646 5509 1751 5548 non
1808 5494 1972 5550 etiam
2078 5494 2320 5550 Ecclesia
2349 5501 2540 5557 mater,
2567 5508 2688 5563 qua:
2713 5501 2936 5562 generat
2986 5494 3154 5558 novit,
3177 5504 3436 5551 caeterum
3489 5492 3654 5548 oculis

395 5597 609 5658 modum
641 5590 892 5649 secunda:
932 5586 1318 5665 generationis,
1353 5586 1656 5659 ingressum
1689 5586 1838 5657 regni
1862 5599 1975 5640 eoe-
2078 5585 2441 5654 insipientium
2470 5586 2683 5640 videtur
2713 5583 2835 5638 talis
2867 5585 3019 5640 exire
3049 5587 3116 5641 de
3150 5587 3320 5652 fonte,
3350 5585 3524 5657 qualis
3573 5585 3652 5638 in-

395 5686 575 5745 lestis,
621 5682 798 5749 aliqua
829 5678 1076 5750 perplura
1115 5677 1373 5732 doctrina:
1423 5676 1743 5748 evangelica:
1792 5691 1974 5731 sacra-
2077 5675 2586 5744 travit.'l'otumque
2631 5673 2787 5730 ludus
2815 5690 2936 5731 esse
2962 5677 3104 5745 quod
3145 5677 3361 5746 agitur,
3417 5676 3557 5731 unde
3602 5675 3650 5728 in

397 5787 598 5842 menta,
624 5773 847 5837 Domino
874 5771 1147 5829 revelaute
1173 5771 1378 5827 didicit.
2081 5767 2185 5821 line
2223 5767 2467 5822 videntes
2500 5765 2727 5839 gloriam
2771 5775 3103 5834 sanctorum,
3155 5767 3335 5823 dicent
3384 5774 3651 5838 gementes
