3978 6436
286 386 385 442 541

1105 383 1628 442 COLLECTIONES
1664 384 1734 440 ΙΝ
1774 381 2157 440 EPISTOLAS
2195 383 2284 438 ET
2325 384 2738 443 EVANGELIA.

3453 388 3559 446 543

282 503 337 556 in
362 495 665 555 tormentis.
691 491 763 548 Hi
790 504 911 549 sunt
936 509 1066 564 quos
1090 493 1382 565 aliquando
1407 494 1685 549 habuimus
1706 496 1760 549 in
1791 495 1882 549 de-
1909 502 1956 560 Α
1984 511 2081 551 sua
2108 506 2300 551 natura
2328 497 2529 553 habere
2554 514 2660 553 non
2702 500 2896 569 potuit,
2930 500 3034 557 hoc
3061 499 3253 559 inFiiio
3278 501 3374 559 Dei
3397 519 3430 560 a
3452 520 3561 575 quo

282 593 468 654 risum,
493 598 542 643 et
571 586 627 641 in
665 584 1064 641 similitudinem
1106 587 1408 657 improperii
1461 585 1612 658 (Sap.
1645 586 1719 659 v),
1744 590 1885 657 quo;

282 682 443 738 modo
491 694 626 750 ergo
672 679 970 749 computati
1016 685 1142 735 sunt
1193 679 1338 734 inter
1395 678 1536 734 ﬁlios
1594 679 1734 734 Dei?
1780 679 1872 735 Ait

278 771 515 829 Joannes
541 770 867 842 Apostolus:
890 769 1221 836 Charissimi,
1251 769 1447 840 inquit,
1476 786 1615 825 nunc
1651 769 1750 845 ﬁlii
1774 769 1872 826 Dei

277 882 482 932 sumus,
520 874 570 921 et
597 863 831 920 nondum
859 862 1123 934 apparuit,
1154 861 1283 933 quid
1309 863 1545 929 erimus;
1586 861 1729 933 quod
1748 877 1872 934 ergo

281 966 467 1012 natum
497 964 574 1013 est
603 969 671 1010 ex
690 954 896 1025 spiritu,
926 954 1147 1025 spiritus
1173 961 1269 1007 est.
1307 950 1443 1019 Quia
1498 952 1590 1023 qui
1632 967 1699 1007 ex
1730 968 1871 1023 aqua

280 1056 338 1105 et
378 1048 569 1119 spiritu
604 1053 956 1117 regeneratur
1006 1043 1352 1099 invisibiliter
1379 1043 1432 1098 in
1464 1059 1659 1100 novum
1697 1053 1875 1099 muta-

283 1149 374 1196 tur
395 1140 670 1196 hominem
697 1146 754 1194 et
793 1138 862 1194 de
888 1136 1097 1195 carnali
1124 1136 1360 1192 eﬁieitur
1403 1136 1733 1208 spiritualis,
1779 1136 1870 1207 qui

283 1230 405 1286 ideo
430 1236 578 1286 recte
603 1243 713 1285 non
745 1227 917 1283 solum
947 1225 1268 1299 spiritualis,
1297 1227 1393 1283 sed
1438 1226 1606 1282 etiam
1650 1226 1874 1298 spiritus

283 1330 532 1389 vocatur,
581 1322 709 1393 quia
754 1321 894 1377 sicut
943 1318 1249 1375 substantia
1298 1318 1525 1391 spiritus
1584 1317 1874 1373 invisibilis

281 1423 368 1470 est
405 1398 606 1470 nostris
631 1412 958 1483 aspectibus,
987 1411 1059 1466 ita
1113 1411 1161 1466 is
1188 1410 1282 1481 qui
1336 1425 1437 1482 per
1489 1410 1721 1481 gratiam
1775 1408 1873 1465 Dei

282 1514 577 1563 renovatur
600 1503 941 1560 invisibiliter
986 1501 1049 1557 ﬁt
1077 1500 1376 1573 spirituaiis
1401 1542 1417 1569 ,
1465 1510 1520 1558 et
1550 1501 1673 1563 Dei“
1695 1500 1870 1572 ﬁlius,

259 1613 409 1667 cum
444 1595 730 1652 visibiliter
753 1594 1005 1651 omnibus
1031 1608 1162 1650 caro
1191 1601 1246 1648 et
1275 1592 1420 1648 ﬁlius
1447 1591 1685 1649 hominis
1710 1582 1875 1666 ερρλὲ

285 1699 424 1747 reat.
786 1698 791 1703 ’

356 1781 482 1837 Non
502 1781 731 1848 mireris,
764 1781 889 1853 quia
914 1780 1027 1835 dixi
1050 1780 1142 1835 tibi
1164 1787 1365 1851 oportet
1392 1794 1479 1835 vos
1503 1776 1648 1834 nasci
1676 1778 1869 1847 denuo,

1972 597 2280 657 assumptus
2303 596 2388 642 est
2412 588 2619 643 habuit.
2673 589 2779 646 Sed
2814 598 2870 645 et
2896 591 3001 646 hoc
3022 593 3394 662 quaerendum,
3429 610 3563 665 quo-

1972 679 2134 735 modo
2158 680 2359 741 dictum
2393 681 2484 746 sit,
2521 691 2576 737 et
2599 698 2760 739 nemo
2787 685 3034 742 ascendit
3061 687 3115 742 in
3155 687 3351 745 omium
3377 731 3394 755 ,
3453 691 3559 746 nisi

1971 770 2064 840 qui
2093 768 2369 825 descendit
2392 772 2459 827 de
2484 772 2642 839 coelo,
2665 789 2788 829 cum
2810 790 2999 832 omnes
3021 777 3181 835 electi
3201 792 3262 834 se
3294 782 3564 838 veraciter

1973 861 2251 918 conﬁdunt
2274 878 2597 922 ascensuros
2624 866 2681 922 in
2719 868 2918 924 cmlum
2941 872 3293 940 promittente
3325 874 3431 931 sibi
3448 876 3561 933 Do-

1972 953 2143 1020 mino,
2173 953 2409 1024 quiaubi
2444 970 2544 1029 ego
2571 973 2712 1024 sum,
2746 957 2857 1017 illic
2880 969 2939 1016 et
2963 961 3211 1019 minister
3236 980 3389 1023 meus
3429 969 3557 1023 erit.

1973 1040 2138 1114 Cujus
2178 1052 2359 1101 tamen
2415 1049 2614 1111 nodum
2666 1052 2979 1122 qumstionis
3033 1056 3372 1124 apertissima
3418 1061 3560 1115 ratio

1973 1134 2154 1201 solvit,
2173 1136 2298 1206 quia
2321 1135 2572 1197 videlicet
2600 1140 2864 1203 mediator
2893 1142 2986 1201 Dei
3012 1152 3070 1200 et
3088 1143 3367 1202 hominum
3392 1148 3562 1206 homo

1973 1223 2222 1281 Christus
2243 1225 2274 1289 ,1
2279 1242 2403 1284 esus
2423 1228 2720 1291 electorum
2741 1233 2982 1289 omnium
3003 1244 3164 1305 caput
3179 1245 3283 1301 est,
3308 1237 3561 1310 idemque

1972 1333 2161 1374 omnes
2181 1318 2338 1374 electi
2362 1318 2599 1390 ejusdem
2630 1324 2824 1397 capitis
2856 1325 3101 1381 membra
3123 1334 3250 1382 sunt
3271 1367 3289 1394 ,
3343 1329 3560 1387 dicente

1972 1410 2229 1484 Apostolo
2254 1429 2267 1466 :
2298 1409 2366 1471 Et
2397 1413 2565 1484 ipsum
2594 1415 2737 1473 dedit
2764 1428 2920 1488 caput
2960 1434 3118 1489 super
3144 1435 3351 1476 omnem
3375 1420 3561 1478 Eccle-

1962 1494 2102 1548 siam
2126 1493 2341 1564 (Ephes.
2361 1507 2401 1559 ι,
2424 1491 2517 1560 ‘22)
2541 1510 2555 1558 ;
2586 1502 2643 1546 et
2666 1486 2924 1546 rursum:
2954 1486 3057 1546 Vos
3072 1494 3216 1547 enim
3230 1503 3555 1563 estlscorpus

1964 1583 2163 1643 Christi
2178 1596 2227 1640 et
2245 1587 2476 1639 membra
2494 1584 2556 1638 de
2574 1591 2805 1639 membro
2823 1582 2872 1656 (I
2890 1582 3013 1641 Cor.
3033 1601 3130 1653 xu,
3144 1584 3262 1656 27.)
3282 1585 3455 1643 Nemo
3472 1602 3561 1642 as-

1963 1680 2150 1737 cendit
2168 1680 2221 1735 in
2235 1679 2456 1746 cadum,
2476 1664 3158 1750 nisiCbristusincorpot-c
3171 1694 3294 1747 suo,
3310 1679 3455 1750 quod
3473 1684 3560 1734 est

1963 1771 2231 1839 Ecclesia,
2275 1771 2440 1843 quiin
2470 1786 2529 1825 se
2548 1770 2669 1840 ipso
2691 1769 2919 1840 quidem
2943 1770 3182 1842 primum
3197 1773 3558 1827 cernentibus

282 1881 389 1929 etc.
422 1870 659 1944 Spiritus
678 1871 768 1926 ubi
794 1871 910 1927 vult
932 1872 1121 1943 spirat,
1148 1870 1275 1941 quia
1306 1870 1422 1941 ipse
1447 1870 1610 1925 habet
1632 1870 1686 1925 in
1711 1878 1865 1941 pote-
1895 1855 1944 1917 Β
1960 1861 2728 1935 apostolis,eminentioribus
2747 1863 3010 1918 nimirum
3033 1862 3298 1919 membris
3315 1866 3455 1929 suis,
3471 1879 3560 1918 as-

283 1972 444 2028 state,
483 1960 639 2033 cujus
658 1976 755 2018 cor
786 1962 975 2034 gratim
1020 1976 1134 2016 sum
1177 1960 1489 2016 visitatione
1518 1960 1770 2015 illustret.
1801 1960 1871 2015 Et

285 2069 475 2111 vocem
501 2051 619 2123 ejus
646 2053 821 2117 audis,
852 2067 975 2107 cum
1014 2058 1068 2105 te
1094 2057 1359 2121 praesente
1396 2049 1653 2121 loquitur,
1684 2049 1729 2104 is
1775 2049 1868 2120 qui

286 2146 477 2216 spiritu
491 2150 680 2199 sancto
694 2142 951 2212 repletur,
967 2141 1063 2197 sed
1078 2156 1185 2196 non
1211 2139 1319 2195 scis
1332 2139 1473 2194 unde
1488 2139 1683 2205 veniat,
1698 2147 1752 2194 et
1763 2153 1871 2210 quo

288 2237 471 2303 vadat,
500 2237 628 2307 quia
655 2236 819 2291 etiam
843 2242 896 2289 te
922 2239 1209 2304 prresente,
1232 2232 1277 2287 si
1312 2231 1620 2303 quempiam
1647 2229 1871 2301 spiritus

286 2328 357 2383 ad
383 2328 573 2383 horam
623 2324 956 2396 impleverit,
1001 2339 1108 2379 non
1149 2329 1331 2392 potest
1359 2321 1543 2377 videre
1601 2320 1870 2390 quomodo

287 2415 592 2482 intraverit,
621 2414 705 2471 vel
742 2414 1010 2484 quomodo
1035 2412 1278 2479 redierit,
1311 2411 1438 2482 quia
1468 2418 1664 2467 natura
1688 2420 1770 2466 est
1793 2412 1873 2466 in-

286 2505 540 2571 visibilis;
568 2505 650 2560 sic
678 2512 762 2560 est
798 2503 974 2560 omnis
998 2504 1089 2575 qui
1119 2510 1279 2558 natus
1310 2510 1392 2557 est
1428 2516 1494 2556 ex
1529 2500 1722 2571 Spiritu
1751 2542 1767 2567 ,
1815 2509 1870 2557 et

288 2596 405 2666 ipse
454 2596 599 2650 enim
637 2594 980 2650 invisibiliter
1012 2602 1205 2664 agente
1259 2592 1472 2662 spiritu,
1512 2591 1703 2662 incipit
1750 2605 1870 2646 esse

289 2690 436 2761 quod
460 2704 567 2746 non
591 2697 729 2745 erat.
752 2689 830 2745 ita
852 2696 915 2745 ut
938 2687 1169 2744 inﬁdelis
1194 2688 1404 2745 nesciat
1427 2687 1567 2743 unde
1588 2687 1788 2754 veniat,
1816 2695 1873 2742 et

289 2780 434 2852 quod
462 2781 643 2848 vadat,
676 2781 731 2836 id
777 2787 881 2847 est,
912 2780 1041 2850 quia
1071 2794 1102 2834 a
1129 2780 1300 2851 gratia
1332 2778 1756 2850 regenerationis
1782 2792 1870 2832 ve-

291 2873 374 2928 nit
396 2873 450 2928 in
477 2871 819 2944 adoptionem
842 2871 1077 2929 ﬁliorum
1092 2871 1206 2938 Dei,
1235 2872 1292 2928 et
1316 2871 1466 2927 vadit
1492 2872 1547 2927 in
1572 2872 1872 2944 perceptio-

290 2979 414 3020 nem
459 2964 611 3036 regni
673 2963 928 3020 caelestis.
998 2962 1284 3032 Quarente
1347 2962 1524 3018 adhuc
1580 2961 1872 3019 Nicodemo

291 3056 560 3125 quomodo
593 3062 814 3126 possent
834 3054 951 3110 haec
979 3052 1123 3121 ﬁeri,
1190 3080 1195 3085 -

369 3148 650 3220 Respondit
680 3148 835 3203 Jesus
861 3156 909 3201 et
922 3146 1059 3201 dixit
1082 3148 1165 3203 ei:
1195 3144 1272 3201 Tu
1285 3162 1339 3202 es
1352 3147 1600 3219 magister
1611 3148 1663 3202 in
1677 3144 1866 3210 Israel,

1960 1955 2168 2023 cendit,
2190 1953 2454 2011 etexinde
2469 1954 2523 2008 in
2545 1953 2805 2009 membris
2821 1953 2937 2009 suis
2954 1955 3204 2027 quotidie
3221 1956 3557 2019 ascendens,

1962 2063 2022 2106 se
2038 2046 2248 2118 colligit
2263 2048 2319 2103 in
2336 2048 2559 2111 emtum;
2579 2047 2831 2118 quisquis
2846 2047 2903 2101 in
2923 2048 3126 2104 cadum
3145 2048 3447 2105 ascendere
3467 2049 3560 2104 de-

1971 2136 2194 2203 siderat,
2221 2137 2271 2191 ei
2300 2137 2394 2208 qui
2420 2138 2486 2193 de
2515 2137 2653 2194 cmlo
2703 2138 3003 2206 descendit,
3028 2148 3084 2197 et
3111 2149 3198 2209 est
3227 2143 3280 2198 in
3315 2142 3472 2210 emta,
3503 2160 3567 2201 se

1971 2243 2099 2283 vera
2137 2228 2261 2284 ﬁdei
2291 2237 2347 2284 et
2392 2230 2697 2285 dilectionis
2751 2232 2959 2307 unitate
2982 2232 3270 2311 conjungat
3295 2277 3312 2305 ,
3370 2243 3559 2307 aperte

1972 2319 2297 2390 intelligens,
2320 2320 2447 2391 quia
2477 2321 2622 2378 nullo
2649 2322 2756 2378 alio
2776 2324 2987 2390 ordine,
3034 2326 3136 2381 nisi
3172 2342 3271 2398 per
3290 2343 3436 2395 cum,
3469 2328 3564 2400 qui

1970 2412 2248 2469 descendit
2272 2413 2339 2470 de
2358 2415 2517 2480 coelo,
2543 2423 2720 2485 potest
2740 2418 3034 2474 ascendere
3060 2419 3118 2474 in
3148 2419 3366 2476 caelum.
3402 2420 3558 2477 Unde

1971 2501 2105 2558 alias
2134 2503 2250 2574 ipse
2283 2504 2415 2560 dicit
2445 2524 2458 2560 :
2494 2504 2662 2565 Nemo
2682 2508 2826 2566 venit
2859 2507 2928 2562 ad
2953 2504 3188 2577 Patrem,
3222 2511 3323 2566 nisi
3337 2527 3433 2583 per
3455 2526 3558 2574 me,

2046 2592 2115 2647 Et
2149 2594 2285 2649 sicut
2320 2592 2493 2651 Moses
2528 2597 2775 2653 exultavit
2828 2609 3115 2671 serpentem
3143 2600 3199 2656 in
3234 2600 3456 2673 deserto,
3486 2603 3564 2655 ita

1970 2681 2195 2739 exaltari
2219 2694 2421 2757 oportet
2461 2684 2632 2755 [illum
2661 2687 2908 2747 hominis.
2940 2687 3073 2751 Mira
3108 2691 3407 2763 magisterii
3453 2705 3565 2748 co:-

1971 2773 2125 2830 iestis
2160 2780 2279 2830 arte
2305 2774 2563 2832 Dominus
2592 2778 2850 2853 magister
2881 2774 3015 2851 legis
3050 2779 3297 2838 Mosaicae
3354 2785 3422 2839 ad
3454 2782 3566 2853 spi-

1971 2864 2221 2920 rituaiem
2247 2864 2384 2938 legis
2412 2865 2653 2938 ejusdem
2676 2885 2895 2926 sensum
2912 2870 3138 2939 inducit,
3162 2872 3454 2930 recordans
3480 2875 3566 2930 bi-

1971 2956 2154 3013 storite
2172 2957 2392 3024 veteris,
2423 2965 2479 3013 et
2512 2957 2653 3015 hanc
2680 2959 2733 3014 in
2768 2959 2996 3032 ﬁguram
3023 2979 3134 3023 sua:
3169 2964 3441 3033 passionis
3477 2974 3562 3019 at-

1972 3060 2079 3118 que
2106 3047 2358 3103 humanae
2403 3049 2719 3111 salvationis
2748 3052 2947 3108 factam
2989 3055 3314 3111 edisserens.
3366 3053 3565 3111 Narrat

1973 3138 2171 3209 quippe
2182 3137 2320 3195 iiber
2338 3136 2716 3204 Numerorum,
2744 3142 2868 3215 quia
2888 3151 3151 3214 pertmsus
3171 3144 3226 3199 in
3255 3159 3439 3202 eremo
3465 3160 3562 3215 po-

291 3245 396 3293 ete.
425 3213 543 3292 Non
569 3237 721 3307 quasi
768 3235 1043 3291 illustrem
1066 3235 1255 3292 volens
1308 3213 1459 3292 eum:
1480 3236 1573 3308 qui
1613 3236 1872 3308 magister
1897 3213 1944 3277 Ο
1974 3227 2131 3299 putus
2159 3228 2320 3285 Israel
2345 3228 2589 3286 molestia
2616 3213 2825 3287 itineris
2871 3213 3015 3303 longi
3054 3242 3120 3288 'ac
3154 3232 3376 3300 laberis,
3410 3213 3564 3290 mur-

291 3336 534 3394 vocetnr,
559 3342 681 3383 cum
705 3328 777 3383 sit
799 3327 1020 3399 ignarus
1043 3335 1507 3384 sacramentorum
1546 3326 1869 3393 caelestium,

292 3421 387 3476 sed
411 3420 481 3476 ad
507 3419 825 3475 humilitatis
869 3418 1023 3474 illum
1065 3419 1207 3473 viam
1243 3433 1581 3491 provocans,
1622 3418 1742 3475 sine
1765 3434 1872 3491 qua

286 3510 453 3581 janua
482 3511 715 3567 celestis
743 3525 849 3566 non
876 3517 1053 3581 potest
1073 3510 1321 3566 inveniri.

365 3604 528 3659 Amen
560 3620 712 3659 amen
765 3604 883 3659 dico
910 3604 1023 3670 tibi,
1053 3604 1177 3675 quia
1204 3602 1344 3674 quod
1367 3603 1561 3658 scimus
1588 3600 1871 3676 loquimur,

293 3698 505 3767 etquod
529 3696 770 3761 vidimus,
798 3704 904 3751 etc.
942 3695 1179 3751 Terrena
1225 3695 1331 3751 illis
1353 3695 1508 3761 dixit,
1536 3703 1596 3750 ut
1630 3695 1687 3751 in
1718 3711 1875 3768 supe-

298 3787 440 3842 riore
467 3786 695 3843 lectione
720 3787 1039 3852 invenimus,
1065 3798 1187 3841 cum
1214 3785 1281 3841 de
1304 3786 1555 3857 passione
1579 3801 1645 3842 ac
1689 3785 1756 3842 de
1783 3802 1873 3842 ref-

297 3876 631 3932 surreetione
656 3877 738 3933 sui
765 3877 1026 3946 corporis,
1051 3876 1193 3946 quod
1237 3876 1305 3932 de
1333 3886 1477 3932 terra
1503 3887 1874 3949 assumpserat
1908 3888 1913 3893 '

297 3966 868 4036 loquereturLSolcite
906 3968 1152 4039 templum
1184 3968 1278 4022 hoc
1324 3977 1373 4023 et
1394 3969 1451 4023 in
1473 3968 1640 4022 tribus
1693 3968 1872 4023 diebus

297 4058 533 4113 excitabo
552 4057 705 4113 illud.
723 4058 838 4114 Non
856 4067 1033 4114 tamen
1050 4059 1340 4115 credebant
1354 4060 1520 4115 verbo
1541 4061 1684 4130 quod
1717 4059 1870 4127 dixit,

298 4148 393 4203 sed
422 4163 493 4206 ne
513 4148 616 4204 hoe
647 4148 862 4218 quidem
893 4149 1191 4220 intelligere
1219 4149 1493 4215 valebant,
1521 4149 1645 4220 quia
1671 4164 1780 4204 non
1807 4149 1875 4206 de

297 4240 425 4307 alio,
452 4255 617 4312 quam
649 4242 717 4297 de
744 4242 943 4313 templo
973 4242 1223 4312 corporis
1246 4242 1329 4297 sui
1370 4240 1593 4296 diceret.
1617 4241 1720 4311 Qui
1744 4255 1874 4312 ergo

301 4343 513 4389 terrena
538 4334 818 4389 audientes
853 4348 958 4389 non
983 4334 1287 4404 capiebant,
1332 4342 1538 4403 quanto
1559 4334 1740 4388 minus
1764 4346 1875 4389 cm-

301 4425 487 4492 lestia,
517 4425 572 4481 id
606 4432 708 4492 est,
732 4426 927 4482 divinae
958 4425 1321 4498 generationis
1340 4466 1353 4492 ,
1381 4422 1639 4496 capienda
1674 4435 1876 4497 myste-

303 4519 382 4573 ria
410 4517 715 4574 subiciunt?
740 4518 888 4574 addit
920 4527 1097 4573 autem
1123 4518 1298 4573 adhuc
1346 4517 1607 4573 Dominus
1637 4514 1871 4572 cmlesti-

300 4612 402 4668 bus
454 4612 837 4678 sacramentis,
892 4616 948 4667 et
990 4610 1057 4666 de
1116 4609 1343 4665 terrenis
1397 4609 1666 4664 instruere
1714 4622 1868 4671 eum,

301 4717 462 4773 quem
499 4701 645 4759 videt
665 4702 939 4772 sapienter
960 4715 1026 4757 ac
1059 4701 1344 4772 diligenter
1366 4699 1452 4755 his
1476 4715 1595 4771 qua:
1624 4699 1773 4753 audit
1792 4699 1873 4752 in-

302 4793 542 4859 tendere,
574 4791 814 4848 celeatis
836 4805 1067 4862 namque
1096 4799 1180 4846 est
1207 4790 1451 4845 ascensio
1480 4788 1597 4859 ejus
1619 4787 1685 4842 ad
1705 4786 1873 4841 vitam
1922 4822 1925 4827 -

301 4885 706 4953 sempiternam.
739 4882 977 4939 Terrena
1018 4896 1148 4937 vero
1175 4880 1434 4937 exultatio
1468 4880 1586 4951 ejus
1632 4879 1699 4934 ad
1731 4894 1877 4933 mor-

302 4982 412 5028 tem
444 4972 808 5044 temporalem.
839 4971 982 5027 Dicit
1014 4986 1145 5044 ergo
1166 4971 1234 5025 de
1261 4970 1572 5026 coelestibus
1611 4985 1625 5023 :

372 5065 443 5120 Et
468 5082 616 5121 nemo
633 5066 865 5121 ascendit
885 5066 939 5120 in
960 5065 1165 5130 cretum,
1191 5065 1294 5119 nisi
1312 5064 1401 5136 qui
1426 5064 1490 5119 de
1519 5063 1877 5119 cmlodesccn-

300 5158 398 5222 dit,
427 5166 532 5212 etc.
561 5155 755 5212 Merito
802 5163 981 5211 autem
1019 5155 1313 5226 quaeritur,
1353 5153 1622 5224 quomodo
1667 5153 1878 5208 dicatur

304 5248 444 5303 illius
468 5248 719 5315 hominis,
739 5247 824 5304 vel
849 5245 1190 5304 descendisse
1216 5247 1283 5301 de
1315 5243 1454 5300 coelo
1478 5284 1493 5311 ,
1543 5243 1625 5298 vel
1651 5258 1718 5299 eo
1743 5251 1878 5298 tem-

302 5355 456 5410 pore,
489 5354 597 5409 quo
631 5341 746 5396 haec
773 5340 827 5395 in
872 5348 1015 5396 terra
1066 5337 1413 5407 loquebatur,
1455 5334 1564 5403 iam
1606 5333 1774 5389 fuisse
1821 5334 1876 5388 in

301 5430 463 5486 cmlo.
495 5430 614 5487 Non
642 5444 772 5501 ergo
793 5444 923 5486 caro
946 5427 1151 5484 Christi
1195 5426 1474 5483 descendit
1499 5425 1567 5481 de
1587 5425 1745 5489 coelo,
1776 5439 1871 5480 ne-

301 5539 409 5595 que
429 5533 555 5579 ante
566 5532 778 5593 tempus
790 5520 1123 5577 ascensionis
1136 5528 1256 5576 erat
1279 5520 1330 5573 in
1345 5517 1502 5585 caelo,
1519 5518 1613 5572 sed
1627 5517 1751 5587 quia
1766 5530 1870 5570 una

303 5614 501 5670 Christi
525 5627 752 5684 persona
774 5619 858 5668 est
890 5614 944 5667 in
967 5612 1175 5667 duabus
1200 5610 1440 5665 existens
1459 5608 1686 5672 naturis,
1717 5615 1875 5678 atque

305 5702 602 5761 ideoFilius
625 5702 860 5758 hominis
909 5709 1055 5757 recte
1093 5699 1308 5763 dicitur,
1336 5706 1394 5753 et
1425 5698 1768 5753 descendisse
1812 5697 1878 5749 de

304 5792 467 5861 celo,
491 5801 547 5849 et
573 5801 696 5849 ante
724 5792 1026 5863 passionem
1055 5789 1219 5845 fuisse
1249 5788 1301 5842 in
1336 5786 1495 5855 coelo,
1514 5786 1640 5861 quia
1661 5786 1802 5856 quod
1827 5787 1878 5841 in

1897 4567 1951 4626 D

1974 3322 2210 3377 mutavit
2240 3331 2433 3378 contra
2468 3323 2754 3380 Dominum
2802 3333 2858 3380 et
2886 3323 3092 3382 Mosen.
3121 3324 3354 3399 ideoque
3380 3328 3577 3389 Domi-.

1975 3427 2078 3468 nus
2104 3413 2316 3469 miserit
2360 3414 2415 3470 in
2450 3414 2601 3471 illum
2626 3416 2824 3489 ignitus
2869 3428 3187 3491 serpentes,
3215 3420 3285 3475 ad
3332 3437 3562 3492 quorum

1973 3502 2160 3577 plagas
2201 3512 2257 3561 et
2302 3515 2505 3563 mortes
2539 3506 2930 3579 plurimorum,
2984 3525 3107 3566 cum
3148 3510 3445 3569 clamarent
3494 3514 3566 3569 ad

1976 3594 2181 3664 Mosen,
2210 3603 2265 3653 et
2292 3596 2383 3652 ille
2403 3606 2606 3665 oraret,
2630 3597 2794 3668 jussit
2815 3614 2939 3655 eum
2961 3598 3224 3661 Dominus
3246 3601 3424 3659 facere
3447 3619 3568 3660 ser-

1973 3694 2192 3758 pentem
2213 3702 2423 3743 aeneum
2445 3696 2502 3744 et
2536 3703 2738 3760 ponere
2769 3704 2868 3761 pro
2893 3690 3067 3762 signo.
3105 3690 3209 3758 Qui
3253 3709 3564 3763 percussus,

1976 3778 2171 3849 inquit,
2194 3781 2451 3850 aspexerit
2476 3796 2618 3846 eum,
2649 3780 2800 3846 vivet,
2832 3790 2887 3839 et
2915 3782 2988 3841 ita
3018 3782 3221 3845 factum
3251 3792 3336 3840 est
3367 3784 3561 3858 (Nunt.

1975 3871 2113 3943 xxv).
2169 3870 2347 3943 Plagae
2399 3871 2564 3944 igitur
2606 3873 2941 3944 serpentium
2991 3875 3282 3947 ignitorttm
3309 3916 3335 3943 ,.
3358 3890 3565 3933 venena

1975 3970 2103 4019 sunt
2126 3972 2183 4018 et
2207 3963 2480 4019 incentiva
2519 3963 2796 4031 vitiorum,
2835 3981 2956 4038 qua:
2987 3967 3226 4031 animam
3251 3984 3413 4038 quam
3442 3977 3564 4025 tan—

1974 4063 2125 4130 gnnt,
2151 4054 2417 4129 spirituali
2445 4062 2619 4129 morte
2643 4057 2951 4128 perimunt;
2977 4066 3033 4114 et
3053 4056 3192 4119 bene
3217 4075 3564 4121 murmurans

1976 4155 2164 4204 contra
2226 4145 2511 4203 Dominum
2566 4148 2832 4219 populus,
2902 4150 3237 4220 serpentium
3286 4151 3561 4208 morsibus

1976 4237 2340 4306 sternebatur,
2395 4245 2453 4294 ut
2490 4253 2557 4319 ex
2603 4238 2794 4295 ordine
2845 4238 3041 4311 ﬂagelli
3075 4240 3366 4301 exterioris
3394 4256 3563 4312 agpo—

1977 4338 2154 4386 sceret
2169 4338 2426 4399 quantam
2444 4329 2592 4385 intus
2614 4330 2911 4401 perniciem
2931 4331 3320 4393 murrnurando
3345 4342 3561 4403 patere-

1980 4430 2086 4477 tur.
2118 4420 2387 4476 Exaltatio
2428 4430 2606 4477 autem
2632 4422 2901 4494 serpentis
2924 4423 3060 4483 aenei
3082 4438 3247 4493 quam
3275 4424 3404 4479 dum
3438 4440 3563 4495 pcr-

1978 4515 2123 4573 cussi
2142 4514 2449 4586 aSpicerent
2461 4514 2819 4581 sanabuntur,
2848 4515 3032 4586 passio
3057 4525 3140 4575 est
3155 4516 3324 4571 nostri
3357 4517 3564 4575 redem-

1976 4610 2148 4681 ptoris
2178 4609 2233 4664 in
2258 4623 2436 4677 cruce,
2464 4608 2518 4664 in
2544 4610 2696 4686 cujus
2710 4610 2883 4667 solum
2913 4607 3019 4666 ﬁde
3043 4620 3269 4683 regnum
3293 4610 3487 4667 mortis
3508 4619 3566 4667 et

1975 4701 2184 4773 peccati
2213 4708 2518 4773 superatur.
2545 4699 2715 4760 Recte
2752 4701 2954 4759 etenim
2992 4716 3091 4772 per
3139 4708 3418 4771 serpentes
3438 4714 3567 4773 pec-

1976 4803 2118 4862 cata,
2147 4810 2267 4865 qua:
2290 4782 2525 4853 animam
2546 4792 2708 4849 simul
2733 4800 2787 4849 et
2810 4808 3005 4864 corpus
3030 4793 3098 4849 ad
3133 4792 3411 4849 interitum
3452 4800 3565 4848 tra-

1978 4886 2115 4940 hunt
2133 4884 2529 4956 exprimuntur.
2564 4882 2681 4939 Non
2716 4883 2889 4940 solum
2930 4882 3057 4955 quia
3092 4882 3289 4957 igniti,
3321 4882 3447 4953 quia
3485 4882 3566 4938 vi—

1978 4977 2196 5046 rulenti,
2226 4977 2352 5048 quia
2379 4976 2445 5032 ad
2467 4976 2840 5048 perimendum
2858 4981 3005 5042 sunt,
3036 4989 3223 5031 verum
3249 4974 3415 5030 etiam
3433 4973 3559 5044 quia

1977 5082 2076 5139 per
2101 5074 2411 5138 serpentem
2438 5065 2599 5136 primi
2633 5076 2886 5140 parentes
2910 5065 3085 5129 nostri
3123 5065 3191 5121 ad
3228 5064 3561 5136 peccandum

1980 5158 2219 5229 persuasi
2244 5173 2307 5213 ac
2334 5157 2399 5213 de
2420 5156 2815 5213 immortalibus
2844 5164 2970 5215 sunt
3004 5158 3279 5227 peccando
3302 5156 3560 5214 mortales

1979 5244 2172 5301 effecti.
2202 5244 2371 5309 Recte
2399 5260 2496 5316 per
2519 5254 2824 5319 serpentem
2852 5261 3064 5303 tensum
3090 5245 3351 5303 Dominus
3376 5254 3560 5302 osten-

1981 5335 2163 5401 ditur,
2204 5335 2297 5405 qui
2323 5334 2471 5390 venit
2502 5335 2558 5390 in
2592 5334 3001 5391 similitudinem
3057 5336 3240 5392 carnis
3302 5334 3558 5407 peccati,

1980 5424 2104 5496 quia
2155 5424 2299 5479 sicut
2332 5436 2515 5478 aeneus
2559 5437 2784 5501 serpens
2830 5422 3063 5495 elligicm
3105 5422 3323 5495 quidem
3376 5421 3555 5492 ignitis

1979 5513 2319 5593 serpentibus
2339 5510 2592 5578 similem,
2610 5510 2704 5567 sed
2719 5511 2921 5571 nullum
2938 5527 3158 5584 prorsus
3185 5511 3239 5566 in
3251 5510 3364 5565 suis
3389 5524 3561 5566 mem-

1980 5605 2093 5659 bris
2119 5602 2311 5659 habuit
2334 5602 2556 5658 odorem
2592 5602 2813 5668 veneni,
2842 5617 3129 5674 percussos
3158 5600 3562 5673 a,scrpcntibus

1982 5696 2094 5751 suis
2118 5694 2442 5750 exultatione
2472 5695 2718 5757 sanabat,
2752 5694 2828 5751 sic
2847 5693 3431 5764 nimirumycdemptor
3461 5694 3562 5749 bu-

1987 5787 2127 5842 manl
2164 5785 2393 5857 generis,
2424 5800 2529 5839 non
2550 5800 2766 5841 camem
2789 5783 3016 5853 peccati,
3038 5786 3131 5841 sed
3154 5785 3558 5841 similitudinem
