3978 6466
403 364 508 445 sis

1696 354 2044 411 SJlAllAGDl
2081 355 2371 409 ABBATIS

3573 348 3678 406 ξυμ

402 473 576 541 induit
599 475 779 528 carnis
800 471 1023 550 peccati,
1044 470 1217 539 inqua
1244 478 1472 523 mortem
1499 468 1676 525 crucis
1706 466 1978 536 patiendo,
2008 473 2057 531 Α
2084 468 2185 521 bis.
2218 466 2442 525 Dilectic
2456 464 2637 525 Patris
2668 467 2808 527 unde
2841 467 3068 534 probata
3094 475 3180 523 est
3216 466 3274 523 in
3304 464 3507 522 nobis?
3548 463 3679 532 quia

401 564 683 625 credentes
712 562 764 616 in
793 574 850 615 se
874 561 941 615 ab
974 559 1118 631 omni
1145 567 1404 633 peccato,
1456 568 1513 613 et
1558 558 1626 613 ab
1656 558 1771 630 ipsa
1812 557 1978 615 etiam
2052 551 2248 609 Filium
2296 569 2453 611 suum
2478 553 2695 611 unicum
2726 553 2874 609 misit
2900 553 3040 621 mori
3090 568 3187 621 pro
3233 553 3410 616 nobis,
3442 553 3601 611 sicut
3627 559 3680 606 et

402 663 577 709 morte
606 652 874 717 liberaret.

2078 646 2276 711 Paulus
2306 646 2579 719 apostolus
2607 646 2755 711 dicit,
2781 644 2870 716 qui
2902 645 3115 715 proprio
3134 641 3272 705 Filio
3305 660 3403 705 suo
3432 659 3552 703 non
3594 659 3682 712 pe-

475 740 546 797 Ut
569 742 738 802 omnis
769 742 862 813 qui
885 741 1049 808 credit
1093 742 1149 795 in
1179 742 1288 813 ipso
1310 760 1411 799 non
1447 751 1644 814 pereat,
1663 739 1755 798 sed
1793 741 1979 795 habeat
2078 738 2364 809 μαινοίμεθα
2381 754 2475 809 pro
2488 737 2633 792 nobis
2646 734 3112 799 omnibustraditlit
3132 732 3561 805 σαωνςηοῑηοαο
3576 751 3684 793 non

403 837 562 896 vitam
588 844 856 891 a'temam.
886 832 1051 905 Cujus
1096 833 1314 904 quidem
1361 832 1510 891 verbi
1564 844 1713 906 patet
1760 848 1980 899 sensus,

402 926 530 995 quin
554 926 647 996 qui
673 925 846 981 credit
870 924 925 979 in
946 922 1151 989 Jesum,
1174 939 1279 979 non
1294 924 1463 980 solum
1487 925 1842 997 perditionem
1858 939 1983 978 eva-

405 1018 485 1073 dit
504 1033 809 1088 patuerunt,
826 1017 920 1077 Sed
934 1024 991 1071 et
1012 1017 1176 1072 vitam
1189 1018 1418 1088 percipit
1445 1026 1722 1085 aeternam,
1739 1026 1792 1073 et
1816 1017 1869 1072 in
1883 1018 1985 1075 hoc

405 1110 550 1165 inter
582 1106 810 1178 ﬁguram
831 1107 1016 1175 distat,
1043 1115 1098 1161 et
1115 1092 1421 1173 veritatem,
1442 1108 1566 1179 quia
1589 1107 1843 1180 pcrillam
1876 1107 1983 1167 vita

405 1198 775 1270 protelabatur.
805 1199 1092 1268 temporis,
1138 1213 1238 1269 per
1266 1198 1407 1254 hanc
1458 1200 1565 1255 vita
1603 1199 1834 1257 donatur
1868 1199 1987 1261 sine

409 1290 519 1345 tine
562 1303 836 1355 mansura.
891 1287 999 1344 Sed
1030 1290 1328 1345 curandum
1373 1288 1603 1353 solerter
1630 1297 1714 1345 est
1747 1297 1806 1343 ut
1843 1288 1987 1359 quod

410 1381 713 1441 intellectus
740 1380 878 1436 bene
910 1380 1094 1449 sentit,
1123 1381 1365 1452 operatio
1412 1381 1675 1452 condigna
1699 1381 1945 1453 proﬁciat
1969 1421 1985 1448 ,

409 1480 675 1541 quatenus
698 1469 971 1537 confessio
996 1479 1157 1531 recta:
1185 1481 1383 1527 nostra:
1411 1471 1557 1537 fidei,
1597 1472 1685 1547 pie
1718 1481 1774 1531 et
1807 1471 1988 1528 sobrie

410 1560 780 1616 conversando
825 1557 894 1615 ad
939 1560 1326 1632 perfectionem
1354 1562 1634 1632 promissa:
1664 1563 1821 1619 nobis
1864 1562 1993 1619 vitae

413 1659 686 1706 mereatur
713 1650 995 1721 attingere.
1024 1651 1222 1706 Verum
1273 1652 1398 1723 quia
1427 1652 1543 1708 bme
1572 1651 1779 1708 deFilio
1809 1654 1989 1713 humi-

413 1745 497 1799 nis
525 1744 808 1809 dicuntur,
857 1743 947 1813 qui
978 1743 1202 1799 exaltari
1243 1743 1295 1798 in
1332 1760 1492 1800 cruce
1518 1756 1573 1800 et
1606 1756 1778 1801 morte
1811 1745 1986 1816 potuit

2080 829 2237 883 etiam
2260 845 2379 891 cum
2408 828 2499 887 illo
2529 828 2706 885 omnia
2730 828 2878 883 nobis
2903 827 3158 883 donavit?
3177 826 3354 899 (Bon.
3379 826 3540 895 viti.)

2153 920 2221 979 Et
2244 922 2299 979 in
2321 924 2417 977 hoc
2463 932 2538 983 est
2579 923 2843 987 charitas,
2877 938 2981 977 non
3007 922 3160 990 quasi
3190 936 3283 977 nos
3326 919 3682 981 dilaniati-tus

2082 1009 2281 1077 Deum,
2318 1014 2408 1069 sed
2435 1014 2704 1084 quoniam,
2726 1021 2833 1073 etc.
2860 1011 2977 1067 Non
3007 1012 3157 1069 illum
3185 1011 3481 1075 dileximus
3508 1011 3682 1080 prius,

2084 1120 2209 1173 nam
2233 1104 2299 1166 ad
2332 1105 2433 1163 hoc
2460 1120 2560 1167 nos
2609 1104 2798 1163 dilexit
2822 1143 2838 1169 ,
2890 1111 2951 1158 ut
2969 1103 3261 1183 diligamus
3285 1117 3431 1163 eum.
3486 1101 3682 1163 Gratia

2085 1196 2283 1273 quippe
2302 1196 2579 1269 hominem
2604 1195 2867 1271 praevenit
2892 1203 2951 1250 ut
2973 1195 3163 1265 diligat
3194 1194 3364 1258 Deum
3383 1232 3405 1259 ν
3450 1195 3550 1265 qui
3594 1195 3683 1249 di-

2087 1286 2316 1343 lectione
2340 1296 2593 1357 operetnr
2621 1286 2785 1350 bona,
2808 1287 2950 1343 unde
2977 1286 3295 1349 Psalmista:
3332 1286 3480 1349 Reus
3508 1303 3681 1351 me,

2088 1376 2283 1451 inquit,
2316 1376 2676 1435 misericordia
2710 1376 2825 1446 ejus
2850 1377 3126 1446 praeeuict
3166 1392 3247 1430 me
3284 1374 3468 1447 (Psal.
3498 1377 3681 1443 LVIII).

2159 1454 2227 1519 Et
2258 1457 2610 1521 ntisitFiIium
2642 1481 2797 1525 suum
2838 1466 3259 1535 propitiationem
3305 1482 3401 1535 pro
3450 1466 3685 1535 peccatis

2090 1555 2303 1621 nostris.
2348 1553 2462 1615 lioc
2501 1562 2585 1611 est
2611 1556 2908 1613 maximum
2934 1555 2988 1609 in
3028 1569 3129 1611 nos
3170 1555 3367 1621 divinat
3391 1556 3685 1617 charitatis

2091 1647 2347 1703 indicium
2367 1686 2383 1712 ,
2411 1646 2536 1717 quia
2562 1646 2788 1701 necdum
2813 1646 2911 1715 ipsi
2937 1662 3035 1717 pro
3054 1648 3295 1716 peccatis
3322 1648 3536 1703 nostris
3561 1664 3685 1704 eum

2090 1746 2275 1810 petere
2300 1751 2610 1802 nosccmus,
2638 1737 2785 1793 misit
2810 1737 2897 1792 ille
2914 1734 3106 1792 Filium
3129 1752 3285 1807 suum
3313 1737 3385 1793 ad
3406 1752 3547 1800 nos,
3594 1737 3682 1806 qui

412 1834 544 1904 pati,
571 1849 640 1890 ne
670 1841 887 1904 putaret
919 1834 1241 1891 Nieodcmus
1286 1834 1456 1890 filium
1482 1844 1690 1891 tantum
1723 1852 1847 1891 eum
1894 1837 1990 1903 hn-
2016 1831 2067 1911 ῌ
2092 1827 2247 1883 nobis
2281 1825 2337 1880 in
2357 1841 2415 1883 se
2448 1826 2795 1885 credentibus
2827 1826 2970 1889 ultro
2991 1826 3205 1893 veniam
3230 1827 3385 1883 daret
3409 1865 3427 1893 .
3476 1840 3684 1895 nosque

414 1925 574 1980 minis
598 1940 737 1989 esse,
755 1939 784 1979 a
801 1939 908 1994 quo
930 1924 1035 1980 vita
1059 1940 1182 1980 esse
1199 1927 1558 1995 eISpectanda
1582 1938 1864 1997 perpetua,
1889 1942 1987 1982 cu-

414 2016 553 2070 ravit
575 2015 626 2071 ei
649 2015 814 2070 etiam
834 2014 1094 2070 Dominus
1115 2015 1413 2073 divinitatis
1442 2033 1553 2072 sure
1572 2015 1878 2091 patefacere
1905 2033 1990 2072 sa-

415 2111 772 2173 cramentum,
799 2116 1074 2174 unumque
1097 2113 1151 2165 et
1183 2102 1630 2167 eumdemFilium
1658 2105 1776 2173 Dei,
1804 2117 1859 2169 et
1895 2107 1993 2164 hoc

418 2193 582 2250 minis
611 2194 798 2260 mundi
820 2195 1105 2258 ostendere
1132 2194 1473 2257 salvatorem.

570 2324 987 2393 HEBDOMADA
1024 2328 1069 2385 ll
1102 2328 1279 2386 POST
1316 2328 1834 2388 PENTECOSTEN.

451 2454 641 2511 ιεετιρ
667 2454 940 2511 ueterem;
978 2456 1137 2508 nam
1168 2454 1389 2496 ausurus
1420 2455 1696 2505 sros'rou,
1725 2456 1841 2495 οη.
1884 2456 1958 2495 iv.

498 2591 518 2625 ε
549 2574 691 2636 Deus
705 2574 944 2640 charitas
958 2580 1040 2631 est
1060 2592 1075 2630 :
1096 2574 1150 2630 in
1174 2574 1279 2632 hoc
1302 2577 1548 2647 apparuit
1570 2577 1805 2633 claritas
1820 2577 1915 2633 Dei
1937 2579 1993 2633 in

430 2682 450 2718 ι
483 2665 660 2731 nobis,
684 2666 1131 2736 quoniamFilium
1158 2684 1313 2724 suum
1328 2670 1660 2741 unigenitum
1680 2671 1829 2727 misit
1855 2672 1996 2727 Deus

429 2777 448 2808 ι
486 2758 542 2814 in
563 2759 844 2827 mundum,
866 2759 1182 2819 utvivamus
1206 2778 1305 2833 per
1328 2778 1472 2823 eum.
1498 2762 1555 2818 in
1578 2764 1684 2820 hoc
1709 2773 1793 2820 est
1813 2765 1996 2832 chari-

430 2867 448 2898 ι
479 2855 581 2913 tas,
597 2863 701 2903 non
726 2848 881 2920 quasi
919 2862 1016 2914 nos
1039 2850 1384 2921 dilexerimus
1406 2854 1596 2918 Deum,
1626 2854 1723 2911 Sed
1740 2854 1997 2925 quoniam

429 2958 449 2992 ‹
488 2939 599 3008 ipse
631 2939 781 3009 prior
805 2938 991 3003 dilexit
1014 2955 1132 3007 nos,
1165 2950 1221 2997 et
1245 2942 1393 3013 misit
1418 2942 1606 3007 Filium
1636 2958 1792 3017 suum
1818 2943 2000 3015 propi-

431 3029 758 3089 ttiationcm
819 3044 921 3101 pro
967 3032 1204 3101 peccatis
1255 3032 1475 3105 nostris.
1517 3032 1869 3098 Charissimi,
1920 3034 2005 3097 sic

429 3140 450 3176 ί
487 3120 626 3177 Deus
652 3119 839 3178 dilexit
858 3135 977 3187 nos,
1001 3129 1055 3178 et
1083 3136 1181 3179 nos
1208 3122 1467 3185 debemus
1498 3122 1731 3189 invicem
1753 3123 1996 3196 diligere.

431 3231 453 3265 ς
488 3212 655 3278 Deum
684 3227 847 3275 nemo,
867 3212 999 3281 vidit
1027 3229 1285 3285 unquam.
1320 3213 1378 3270 Si
1413 3214 1701 3286 diligamus
1745 3214 2002 3285 invicem,

433 3323 449 3354 ι
481 3303 623 3358 Deus
649 3303 705 3357 in
733 3303 888 3359 nobis
917 3312 1118 3369 manet,
1140 3313 1195 3358 et
1209 3303 1451 3359 charitas
1475 3305 1591 3374 ejus
1617 3305 1672 3379 in
1699 3304 1855 3373 nobis
1880 3319 2005 3375 per-

433 3412 453 3444 ι
484 3391 624 3448 fectu
656 3398 760 3447 est.
796 3388 857 3446 In
902 3392 1005 3457 hoc
1026 3391 1377 3463 intelligimus
1409 3393 1659 3465 quoniam
1688 3391 1740 3449 in
1776 3406 1845 3449 eo
1884 3408 2003 3463 ma,—

436 3507 452 3536 c
488 3501 696 3554 nemus,
723 3494 778 3540 et
802 3485 916 3558 ipse
943 3485 998 3540 in
1046 3486 1233 3541 nobis:
1265 3484 1521 3555 quoniam
1568 3485 1635 3543 de
1666 3482 1869 3557 Spiritu
1908 3501 2006 3542 suo

436 3599 452 3629 ι
488 3577 635 3633 dedit
662 3576 840 3632 nobis.
883 3575 952 3631 Et
978 3592 1077 3633 nos
1098 3575 1355 3642 vidimus,
1382 3583 1437 3630 et
1466 3575 1834 3643 testificamur,
1870 3593 2006 3648 quo—

438 3687 454 3717 α
491 3666 808 3733 niamPater
836 3663 1173 3727 misitFilium
1220 3679 1379 3735 suum
1427 3665 1746 3737 salvatorem
1799 3669 2001 3727 mundi.

439 3776 455 3804 ι
490 3749 744 3824 Quisquis
769 3752 1050 3823 confessus
1076 3753 1235 3813 fuerit
1258 3754 1511 3831 quoniam
1557 3754 1714 3823 lesus
1733 3766 1817 3819 est
1864 3759 2009 3817 filius

441 3865 457 3897 ι
494 3844 610 3910 Dei,
631 3842 774 3899 Deus
796 3844 851 3913 in
873 3857 938 3899 eo
986 3853 1191 3915 manet,
1222 3851 1276 3900 et
1300 3845 1413 3917 ipse
1440 3847 1493 3900 in
1521 3845 1649 3907 Deo.
1685 3847 1752 3903 Et
1794 3863 1892 3904 nos
1918 3864 2007 3905 co—

441 3956 456 3984 ι
492 3934 773 4004 gnovimus
795 3942 850 3988 et
874 3933 1202 4011 credidimus
1222 3935 1471 4005 eharitati
1489 3951 1650 4005 quam
1680 3936 1842 3993 habet
1866 3937 2007 3995 Deus

443 4044 459 4075 ‹
498 4025 548 4078 iu
579 4023 754 4080 nobis.
784 4025 926 4090 Deus
950 4025 1187 4095 charitas
1212 4034 1319 4096 est,
1343 4035 1395 4082 et
1421 4027 1511 4099 qui
1538 4035 1721 4099 manet
1750 4027 1805 4083 in
1831 4028 2008 4085 chari-

443 4135 459 4165 σ
497 4124 606 4171 tate
635 4116 689 4171 in
716 4117 828 4175 Deo
857 4127 1036 4189 manet
1059 4127 1116 4173 et
1142 4119 1282 4175 Deus
1310 4119 1363 4175 in
1396 4136 1480 4177 eo.
1532 4121 1590 4176 in
1627 4121 1730 4187 hoc
1769 4120 2007 4191 perfecta

444 4226 460 4258 ι
494 4215 578 4269 est
602 4208 839 4285 charitas
863 4208 1167 4279 nobiscum,
1183 4219 1242 4265 ut
1271 4210 1520 4278 fiduciam
1541 4196 1836 4271 habeamus
1852 4212 1905 4267 in
1923 4213 2009 4269 die

442 4314 461 4347 ι
497 4294 706 4366 iudicii,
738 4296 863 4367 quia
892 4297 1031 4363 sicut
1056 4297 1147 4353 ille
1175 4307 1258 4354 est
1288 4341 1303 4367 ,
1354 4308 1409 4355 et
1438 4316 1537 4356 nos
1585 4316 1773 4367 sumus
1824 4299 1879 4356 in
1908 4301 2011 4358 hoc

444 4402 462 4445 ς
499 4384 715 4445 mundo.
747 4384 935 4443 Timor
961 4402 1065 4455 non
1092 4396 1175 4447 est
1220 4389 1273 4443 in
1302 4390 1602 4457 charitate,
1652 4389 1745 4457 sed
1771 4391 2011 4462 perfecta

2093 1918 2161 1981 ad
2178 1915 2426 1973 Paternae
2452 1915 2637 1985 gloria:
2661 1916 2976 1979 societatem
2998 1924 3235 1973 voearet.
3266 1915 3325 1975 in
3351 1916 3685 1986 quihusdam

2092 2005 2367 2061 codicibus
2398 2005 2487 2065 hic
2520 2005 2818 2062 versiculus
2843 2006 2917 2065 ita
2941 2005 3136 2081 legitur
3161 2024 3173 2059 :
3216 2005 3285 2060 Et
3315 2001 3682 2061 misitFilium

2092 2112 2248 2155 suum
2272 2095 2546 2159 litatorcm
2569 2113 2667 2170 pro
2691 2097 2927 2168 peccatis
2966 2098 3186 2155 nostris.
3230 2097 3446 2153 Litator
3477 2106 3680 2159 autem,

2094 2186 2424 2242 sacrificator
2447 2196 2550 2242 est.
2579 2186 2917 2245 Sacrificavit
2938 2188 3080 2247 enim
3098 2185 3263 2245 Filius
3284 2188 3380 2255 Dei
3406 2203 3516 2259 pro
3552 2203 3685 2258 pec-

2094 2277 2231 2334 catis
2257 2279 2479 2345 nostris,
2506 2293 2612 2333 non
2643 2278 2845 2337 hostias
2868 2278 3157 2351 pecudum,
3179 2279 3275 2333 sed
3297 2293 3358 2335 se
3394 2278 3580 2348 ipsum
3604 2276 3686 2331 of-

2094 2367 2336 2424 ferendo.
2370 2367 2517 2424 Unde
2568 2369 2704 2425 bene
2753 2367 2951 2427 Paulus
2992 2367 3291 2435 admonens
3342 2368 3471 2422 ait:
3508 2367 3686 2421 Esto“

2095 2478 2217 2533 ergo
2237 2461 2524 2523 imitatores
2548 2459 2668 2524 Dei,
2688 2460 2820 2517 sicut
2841 2460 2944 2529 ﬁlii
2965 2460 3259 2519 charisst
3278 2498 3295 2524 ,
3345 2469 3393 2521 et
3415 2458 3685 2515 ambulate

2094 2553 2150 2621 in
2178 2550 2470 2615 dilectione,
2492 2550 2623 2611 sicut
2647 2547 2888 2609 Christus
2919 2549 3099 2605 dilexit
3127 2567 3247 2614 nos,
3268 2559 3316 2615 et
3350 2548 3578 2615 tradidit
3605 2564 3683 2602 se-

2097 2646 2370 2715 metipsum
2414 2659 2508 2713 pro
2563 2642 2710 2699 nobis
2763 2641 3079 2701 oblationem
3106 2650 3153 2696 et
3200 2641 3431 2701 hostium
3484 2640 3594 2695 Deo
3630 2640 3683 2695 in

2098 2741 2312 2796 odorem
2338 2740 2612 2795 suaritalis
2650 2737 2864 2812 (Ephes.
2892 2737 2972 2809 v),
3000 2736 3090 2794 eui
3120 2736 3404 2805 sementim
3451 2735 3681 2803 concinit

2099 2834 2204 2888 hoc
2229 2834 2370 2903 quod
2396 2834 2484 2893 hic
2519 2850 2732 2913 quoque
2759 2832 2997 2889 Joannes
3027 2829 3681 2901 eshorﬂndesubiungit.
3711 2888 3717 2897 ,

2102 2923 2287 2993 dicens
2320 2942 2334 2979 :
2364 2976 2369 2983 .

2172 3012 2503 3083 Charissimi,
2523 3018 2598 3071 sic
2618 3016 2756 3071 Deus
2775 3015 2957 3070 dilexit
2985 3032 3101 3085 nos,
3123 3025 3172 3079 et
3204 3032 3301 3070 nos
3321 3014 3574 3071 debeatis
3599 3014 3678 3069 ian-

2103 3111 2262 3171 vicem
2303 3110 2538 3181 diligere.
2572 3110 2726 3179 Quod
2774 3120 2955 3169 autem
3004 3110 3491 3181 sequitur:Deum
3541 3122 3681 3165 me

2105 3204 2228 3259 ridi:
2290 3220 2520 3277 unquam
2554 3243 2570 3268 ,
2622 3202 2828 3271 majore
2870 3204 3235 3272 disputatione
3276 3202 3522 3275 indiget,
3566 3215 3678 3255 cum

2103 3294 2362 3357 Dominus
2384 3301 2439 3351 et
2462 3294 2772 3351 hominibus
2790 3293 2990 3349 mundo
3010 3294 3174 3353 corde
3196 3293 3366 3351 Deum
3394 3292 3679 3353 videndum

2101 3386 2398 3456 promittat,
2431 3393 2486 3440 et
2512 3385 2579 3440 de
2604 3386 2811 3442 sanctis
2835 3384 3003 3451 dicat,
3031 3385 3173 3455 quod
3206 3384 3383 3455 angeli
3409 3399 3603 3441 eorum
3628 3383 3681 3436 in

2103 3478 2255 3533 caelis
2284 3492 2496 3547 semper
2524 3478 2708 3533 vident
2731 3475 2924 3535 faciem
2944 3476 3142 3537 Patris.
3171 3474 3324 3533 Hanc
3345 3483 3531 3531 autem
3569 3487 3671 3528 seu

2103 3570 2352 3635 tentiam,
2372 3576 2427 3623 et
2451 3568 2509 3623 in
2533 3552 2822 3641 Evangelia
2845 3582 2944 3632 suo
2968 3566 3120 3635 ponit
3148 3566 3287 3623 idem
3314 3564 3576 3628 Joannes,
3594 3559 3681 3617 ubi

2104 3664 2269 3723 etiam
2297 3661 2568 3732 quomodo
2603 3662 2746 3717 Deus
2770 3659 2942 3717 videri
2963 3658 3134 3727 possit
3178 3664 3577 3725 consequenter
3594 3652 3686 3707 ad-

2096 3753 2293 3825 jungit,
2307 3753 2526 3809 dicens:
2561 3748 3043 3821 Unigcuituslt’ilius
3069 3749 3158 3820 qui
3185 3758 3260 3803 est
3289 3748 3348 3802 in
3380 3748 3506 3810 sinu
3518 3740 3684 3799 Patris

2104 3847 2214 3916 ipse
2247 3843 2503 3901 narrabit.
2533 3842 2687 3908 Quod
2711 3842 2905 3896 beatus
2942 3849 3094 3911 pater
3132 3839 3477 3903 Ambrosius,
3504 3838 3574 3894 ita
3593 3850 3665 3891 ex

2104 3934 2300 4006 posuit.
2335 3933 2403 3987 Et
2428 3934 2548 3991 ideo
2572 3934 2738 3991 Deum
2777 3945 2936 3999 nemo
2960 3932 3095 3986 vidit
3115 3946 3372 4001 unquam,
3414 3931 3540 4000 quia
3566 3940 3679 3982 eam

2107 4038 2226 4095 quae
2255 4025 2309 4089 in
2334 4023 2443 4078 Deo
2486 4023 2701 4083 habitat
2734 4022 3122 4093 plenitudinem
3171 4021 3494 4086 divinitatis,
3524 4030 3677 4074 nemo

2108 4118 2411 4189 conspexit,
2430 4133 2589 4174 nemo
2623 4127 2805 4177 mente
2825 4126 2921 4173 aut
2945 4117 3118 4175 oculis
3137 4116 3565 4187 comprehemlit.
3597 4109 3680 4165 Vi—

2107 4210 2183 4269 dit
2210 4209 2376 4274 enim,
2397 4209 2472 4263 ad
2493 4215 2780 4277 utrumque
2797 4206 3138 4267 referendum
3161 4214 3265 4264 est.
3298 4207 3679 4277 Deniquecuw

2108 4299 2343 4366 additur,
2373 4292 2730 4369 UnigenitusF
2738 4297 2858 4353 ilius
2900 4298 2991 4367 qui
3017 4306 3102 4353 est
3122 4297 3177 4359 in
3207 4297 3331 4355 sinu
3350 4293 3550 4360 Patris,
3573 4294 3679 4361 ipse

2110 4389 2402 4453 enarrabit,
2435 4387 2695 4442 mentium
2724 4388 2895 4459 magis
2915 4403 3077 4459 quam
3106 4386 3387 4449 oculorum
3433 4385 3569 4447 visio
3588 4382 3679 4438 de-

444 4496 461 4524 ι
500 4477 738 4532 charitas
764 4476 907 4533 foras
937 4470 1101 4535 mittit
1131 4481 1399 4553 timorem,
1428 4482 1681 4554 quoniam
1710 4484 1873 4540 timor
1896 4498 2011 4555 poe-
2033 4521 2088 4581 Β
2113 4479 2369 4536 claratur.
2396 4475 2615 4549 Species
2631 4478 2776 4533 enim
2803 4477 3032 4543 videtur,
3057 4478 3229 4533 virtus
3250 4491 3382 4541 vero
3398 4483 3673 4537 narratur:

444 4587 459 4612 ι
496 4581 617 4621 nam
649 4569 827 4623 habet.
853 4567 952 4645 Qui
981 4579 1159 4626 autem
1192 4573 1345 4628 timet
1374 4589 1479 4639 non
1503 4581 1586 4631 est
1634 4571 1905 4645 perfectus
1953 4575 2008 4627 in
2033 4567 2056 4589 “

445 4676 461 4704 ε
503 4657 787 4725 charitate.
813 4639 920 4725 Nos
944 4674 1072 4731 ergo
1101 4660 1387 4735 diligamus
1413 4639 1872 4732 Deum,quoniam
1897 4662 2011 4731 ipse

446 4766 461 4795 ‹
502 4748 649 4815 prior
686 4749 872 4813 dilexit
909 4766 1026 4816 nos.
1069 4750 1125 4806 Si
1173 4752 1295 4822 quis
1325 4752 1520 4823 dixerit
1568 4752 1824 4821 quoniam
1851 4752 2012 4825 diligo

446 4857 464 4889 ς
504 4838 668 4894 Deum
694 4849 748 4897 et
796 4840 1020 4903 fratrem
1062 4857 1218 4905 suum
1265 4843 1463 4911 oderit,
1493 4843 1723 4913 mendax
1774 4853 1875 4898 est.
1910 4844 2009 4913 Qui

445 4948 461 4977 ι
495 4931 638 4985 enim
666 4946 773 5002 tum
795 4934 968 5007 diligit
993 4934 1215 4991 fratrem
1244 4950 1400 5003 suum
1429 4948 1589 5013 quem
1620 4935 1790 5013 videt,
1839 4936 2008 4993 Deum

445 5042 461 5068 ο
498 5037 655 5090 (litem
699 5040 808 5081 non
848 5024 998 5089 videt
1026 5027 1295 5098 quomodo
1321 5014 1499 5096 potest
1538 5027 1791 5103 diligere?
1821 5029 1883 5096 Et
1909 5031 2011 5092 hoc

444 5130 460 5161 ι
501 5116 809 5174 mandatum
834 5118 1097 5183 habemus
1128 5132 1157 5170 a
1184 5116 1296 5170 Deo
1319 5157 1335 5187 ,
1381 5123 1442 5180 ut
1468 5118 1558 5193 qui
1585 5117 1761 5199 diligit,
1805 5120 2007 5189 Deum,

444 5228 460 5263 ι
495 5210 679 5281 diligat
706 5220 762 5271 et
802 5211 1029 5287 fratrem
1057 5226 1235 5267 suum.
1269 5231 1288 5264 ι

504 5304 647 5360 Deus
671 5306 901 5373 Charitas
927 5312 1003 5359 est
1028 5319 1047 5357 :
1074 5304 1129 5358 in
1162 5304 1258 5365 hoc
1301 5306 1541 5378 apparuit
1567 5307 1796 5371 Charitas
1826 5304 1923 5369 Dei
1955 5308 2011 5363 in

438 5397 602 5462 nobis,
631 5397 879 5469 quoniam
900 5389 1099 5451 Filium
1132 5412 1284 5453 suum
1321 5398 1637 5468 unigenitum
1680 5399 1821 5457 misit
1867 5397 2007 5453 Deus

435 5487 487 5537 in
518 5486 795 5549 mundum,
823 5493 880 5538 ut
918 5486 1150 5556 vivamus
1185 5504 1278 5558 per
1298 5504 1433 5542 eum.
1466 5488 1742 5569 Quomodo
1773 5489 1885 5558 ipse
1909 5488 2011 5553 Do:

436 5577 612 5630 minus
637 5575 713 5630 ait
737 5593 749 5628 :
782 5574 1042 5646 Majorem
1081 5575 1214 5631 hanc
1241 5578 1566 5639 dilectionem
1590 5596 1736 5637 nemo
1759 5579 1930 5643 habet,
1955 5587 2009 5631 ut

434 5666 663 5726 animum
690 5683 839 5720 suam
872 5676 1027 5738 ponat
1051 5668 1165 5738 quis
1196 5685 1288 5740 pro
1324 5668 1507 5722 amicis
1535 5668 1667 5732 suis,
1697 5679 1752 5723 ct
1781 5667 1851 5721 ibi
1881 5682 2007 5736 pro-

436 5756 559 5821 bata
590 5765 669 5811 est
710 5756 922 5825 dilectio
947 5757 1145 5814 Christi
1173 5761 1224 5823 in
1250 5775 1365 5827 nos,
1402 5758 1527 5829 quia
1547 5757 1774 5813 moritur
1798 5773 1893 5827 pro
1923 5774 2009 5813 uo-

2115 4571 2203 4627 illa
2228 4570 2557 4636 oculis,b;cc
2580 4579 2761 4635 mente
2800 4568 3290 4641 comprehenditur.
3326 4568 3461 4631 item
3502 4568 3677 4627 beatus

2113 4666 2442 4738 Augustinus
2468 4665 2524 4720 in
2544 4663 2682 4721 libro
2703 4665 2771 4722 de
2798 4664 3037 4721 Videndo
3060 4664 3249 4729 Dento,
3275 4663 3343 4719 de
3365 4662 3550 4721 eadem
3575 4656 3675 4712 dis-

2114 4766 2310 4829 putans
2337 4756 2633 4829 questionze
2668 4771 2683 4810 :
2712 4754 2962 4820 Proinde,
3000 4755 3195 4824 inquit,
3225 4760 3482 4816 ueniant;
3505 4750 3676 4818 unige-

2115 4851 2229 4905 nito
2249 4850 2340 4923 qui
2364 4856 2446 4905 est
2468 4849 2521 4904 in
2546 4849 2668 4906 sinu
2686 4848 2885 4915 Patris,
2904 4850 3215 4909 narratione
3240 4847 3517 4911 inetl'nbiii,
3531 4856 3672 4900 crea-

2116 4952 2236 4997 tura
2274 4940 2605 5009 rationabilis
2633 4940 2832 4995 munda
2853 4947 2913 4995 et.
2928 4949 3113 4999 saneta
3129 4939 3458 5009 impletn'Dei
3476 4934 3671 4990 visione

2114 5033 2400 5097 inell‘abili,
2433 5047 2597 5105 quam
2636 5038 2764 5085 tunc
2814 5045 3207 5100 consequemur
3229 5070 3247 5095 ,
3298 5045 3420 5089 cum
3446 5021 3669 5096 aequales

2112 5125 2240 5180 facti
2259 5123 2539 5189 fuerimus,
2572 5122 2699 5191 quia
2722 5121 2864 5191 sicut
2896 5121 3145 5183 videntur
3171 5122 3275 5179 ista
3304 5120 3535 5177 visibilis
3552 5128 3665 5171 cor-

2111 5218 2260 5288 poris
2289 5217 2537 5283 sensibus
2563 5223 2712 5281 nota,
2743 5214 2910 5270 Deum
2954 5230 3103 5270 nemo
3131 5215 3257 5270 vidit
3281 5229 3528 5283 unquam,
3542 5220 3666 5278 quo-

2112 5308 2258 5365 niam
2281 5307 2325 5362 si
2363 5306 2657 5377 aliquando,
2678 5320 2743 5365 eo
2772 5307 2934 5367 modo
2955 5306 3103 5365 visus
3129 5314 3237 5371 est,
3263 5321 3372 5361 non
3415 5306 3549 5360 sicut
3570 5301 3665 5355 ista

2113 5405 2306 5459 natura
2322 5395 2554 5460 videtur,
2576 5394 2669 5451 sed
2692 5394 2963 5449 voluntate
2986 5396 3133 5450 visus
3152 5402 3258 5460 est,
3273 5396 3451 5465 specie
3469 5407 3569 5462 qua
3582 5399 3667 5441 ω’

2113 5488 2213 5543 luit
2238 5502 2524 5557 apparens,
2572 5486 2770 5553 latente
2800 5493 2990 5540 natura
3028 5494 3190 5556 atque
3221 5487 3275 5542 in
3304 5503 3366 5543 se
3389 5488 3664 5543 incommu-

2115 5578 2349 5635 tabiliter
2391 5587 2760 5647 permanente.
2809 5575 3083 5633 anutem
3114 5577 3274 5636 modo
3316 5592 3429 5646 quo
3469 5575 3667 5633 videtur

2115 5670 2269 5725 sicuti
2290 5678 2390 5734 cst,
2422 5684 2566 5725 nunc
2598 5667 2829 5725 fortasse
2855 5669 3065 5725 videtur
3093 5683 3125 5722 a
3154 5668 3475 5737 quibusdam
3517 5674 3666 5731 ange-

2116 5759 2181 5815 lis
2222 5760 2331 5816 suis
2366 5759 2584 5815 sanctis.
2616 5758 2657 5812 Α
2702 5759 2856 5814 nobis
2884 5768 3084 5824 autem,
3121 5768 3244 5814 tunc
3284 5760 3355 5815 ita
3384 5755 3660 5815 videbitur.
