3978 6430
196 377 307 436 345

1018 367 1538 429 COLLECTIONES
1578 368 1645 429 iN
1685 369 2069 429 EPiSTOLAS
2102 371 2191 429 ΕΤ
2230 371 2646 429 EVANGELIA.

3360 376 3463 432 546

189 508 323 549 cum
346 490 399 547 ei
437 486 566 549 facti
588 485 851 550 timuimus
867 482 1123 554 suum.
1149 482 1217 545 Et
1236 491 1357 551 post
1388 481 1667 553 emicante
1685 497 1778 539 εχ-
1804 491 1857 554 Α
1950 485 2018 541 In
2040 486 2141 549 hoc
2187 485 2547 556 intelligimus,
2574 486 2822 557 quoniam
2860 486 2915 541 in
2961 502 3020 541 eo
3053 502 3320 542 manemus
3346 527 3363 550 ,
3412 501 3463 545 et

193 596 404 653 patiens
440 576 766 645 sententiain
790 574 964 639 sancti
985 572 1288 637 Arabs-esu:
1313 572 1482 635 Deum
1508 573 1676 640 enim,
1700 575 1782 637 λυ-

191 676 313 744 quit
344 714 361 739 ,
411 688 561 734 me
589 670 717 733 sidit
742 682 999 738 nequeut.
1041 666 1126 723 vel
1177 665 1234 721 in
1276 667 1379 729 hac
1402 667 1513 723 vita
1537 706 1554 732 ,
1613 668 1776 729 sicuti

192 767 308 834 ipse
333 771 438 825 est.
464 761 550 825 vel
573 760 741 823 etiam
782 758 841 815 in
867 756 1181 827 saeclorum
1201 756 1336 820 vita.
1371 756 1513 819 sicut
1547 757 1780 819 visibilis

192 858 296 911 ista
321 869 443 924 qua)
488 850 756 921 corporali
779 848 987 915 visione
1029 854 1352 912 cernuntur,
1378 846 1506 915 quia
1532 846 1781 920 unigeni-

191 958 283 1005 ttzs
311 947 486 1007 titius,
524 944 615 1012 qui
638 950 724 1007 est
746 942 801 997 in
826 932 1145 995 sinuPatris
1194 936 1309 1007 ipse
1336 937 1623 1001 narrabit,
1654 938 1780 1007 quia

190 1055 302 1101 non
328 1037 398 1101 ad
425 1035 706 1099 ocularius)
749 1028 1131 1100 corporalium.
1162 1027 1257 1085 sed
1285 1028 1353 1085 ad
1404 1027 1667 1085 mentium
1697 1027 1779 1081 vi-

188 1132 402 1191 sionem
428 1127 633 1187 dictum
653 1130 737 1183 est
752 1121 1027 1194 pertinere
1049 1120 1196 1192 quod
1222 1120 1488 1177 narrabit.
1503 1119 1637 1179 item
1657 1128 1781 1193 post

188 1219 359 1281 multa
380 1236 393 1272 :
415 1217 499 1275 Ad
525 1231 644 1271 eam
667 1229 797 1275 vero
819 1211 1319 1281 visionemﬁnquit,
1346 1212 1471 1282 quia
1495 1212 1777 1269 videbimus

190 1312 361 1364 Deum
383 1308 538 1363 sicuti
561 1316 659 1373 est,
689 1303 999 1364 mandanda
1028 1303 1192 1371 corda
1227 1303 1595 1369 commouit,
1650 1303 1775 1374 quia

186 1402 335 1463 enim
364 1397 635 1469 corporali
657 1397 1049 1464 consuetudine
1075 1396 1325 1467 loquendi
1358 1398 1589 1463 visibilis
1611 1399 1779 1461 muni-

188 1499 411 1554 nantur,
439 1496 659 1559 propter
696 1502 763 1544 ea
805 1486 948 1543 Deus
978 1488 1265 1547 invisibilis
1289 1488 1514 1550 dicitur,
1554 1505 1626 1545 ne
1654 1504 1778 1544 cor-

187 1595 293 1648 pus
315 1595 435 1636 esse
460 1580 733 1643 credatur.
774 1578 1028 1650 Nunquid
1054 1581 1219 1643 corda
1264 1581 1465 1646 munda
1493 1596 1604 1641 suae
1644 1582 1774 1636 sub-

185 1670 405 1729 statuite
430 1668 881 1743 contemplatione
923 1669 1218 1737 fraudabit,
1258 1685 1384 1731 cum
1430 1671 1544 1725 huic
1578 1686 1773 1741 magna

185 1770 241 1815 et
271 1777 479 1817 summa
518 1775 728 1819 merces
753 1760 920 1815 Deum
948 1760 1252 1831 colentibus
1276 1800 1292 1826 ,
1337 1770 1393 1817 et
1426 1761 1775 1833 diligentibus

1883 581 1992 650 ipse
2013 580 2069 635 in
2094 580 2262 646 nobis,
2286 589 2391 637 etc.
2416 580 2530 641 Hoc
2552 581 2748 650 ipsum,
2765 580 2908 651 quod
2931 580 2997 637 de
3023 580 3215 649 spiritu
3239 597 3337 637 suo
3371 582 3463 637 dc-

1881 671 1961 733 dit
1995 672 2092 729 tibi
2140 673 2285 733 unde
2327 673 2636 743 cognoscis,
2686 672 2958 741 interroga
3013 673 3221 727 viscera
3264 681 3375 739 tua,
3413 673 3461 729 si

1879 763 2038 833 piem
2067 772 2196 819 sunt
2217 764 2506 830 charilate,
2528 764 2699 823 babes
2721 763 2972 835 Spiritum
2996 764 3114 818 Dei.
3136 763 3304 820 Paulo
3327 772 3462 819 teste

1880 856 1973 925 qui
2007 856 2120 910 ait:
2156 854 2296 921 Quia
2349 856 2580 912 charitas
2631 856 2729 910 Dei
2766 855 2964 924 dimi-sa
3008 864 3083 911 est
3120 857 3177 911 in
3218 857 3460 911 cordibus

1880 947 2072 1000 nostris
2091 963 2184 1016 per
2196 947 2441 1016 spiritum
2466 955 2728 1013 sanctum,
2746 947 2835 1016 qui
2857 946 3013 1001 datus
3025 957 3101 1000 est
3120 948 3288 1012 nobis,
3302 959 3346 1002 et
3367 965 3460 1004 nos

1878 1035 2120 1102 vidimus,
2151 1046 2199 1090 et
2244 1036 2617 1105 testiﬁcantur,
2659 1037 2909 1107 quoniam
2950 1045 3101 1105 pater
3128 1037 3267 1090 misit
3289 1036 3459 1107 filium

1878 1146 2032 1189 suum
2063 1128 2377 1186 salvatorem
2420 1130 2603 1185 mundi
2639 1128 2817 1200 (Rom.
2851 1128 2925 1201 v).
2972 1127 3140 1184 Nemo
3187 1128 3254 1183 de
3287 1128 3460 1185 salute

1879 1220 2149 1289 desperet,
2177 1221 2304 1290 quia
2323 1229 2379 1275 et
2406 1221 2451 1281 si
2482 1220 2659 1291 magni
2691 1228 2818 1277 sunt
2855 1220 3029 1277 morbi
3052 1219 3337 1283 scelerum,
3367 1220 3458 1290 qui

1877 1310 2202 1380 deprimunt,
2218 1310 2560 1381 omriipotons
2573 1306 2908 1365 estmedicus
2933 1308 3027 1378 qui
3042 1308 3234 1373 salvet,
3252 1314 3458 1363 tantum

1877 1401 2183 1457 incininerit
2209 1400 2454 1470 quisque,
2482 1398 2627 1469 quod
2657 1399 2801 1455 idem
2829 1397 2971 1455 filius
2996 1398 3090 1455 Dei
3116 1437 3133 1462 ,
3188 1397 3281 1475 qui
3314 1398 3459 1453 venit

1876 1494 2023 1553 mitis
2047 1501 2107 1549 ut
2135 1492 2387 1555 salvaret,
2420 1499 2675 1547 venturus
2700 1498 2784 1550 est
2818 1489 3118 1555 districtus,
3149 1498 3207 1545 ut
3232 1487 3452 1556 iudicet.

1948 1584 2254 1655 Quicunque
2278 1581 2546 1652 confessus
2595 1581 2774 1652 fuerit,
2801 1581 3052 1652 quoniam
3093 1579 3251 1634 Iesus
3280 1590 3354 1639 est
3391 1579 3458 1648 ﬁ-

1874 1677 1981 1733 lius
1997 1676 2118 1741 Dei,
2146 1675 2286 1737 Deus
2310 1675 2365 1728 in
2387 1691 2448 1728 eo
2467 1682 2641 1729 manet
2687 1683 2733 1729 et
2761 1674 2870 1743 ipse
2898 1672 2951 1727 in
2976 1671 3108 1725 Deo.
3152 1670 3455 1727 Perfectum

1874 1767 2055 1824 cordis
2073 1765 2468 1823 confessionem
2493 1763 2804 1841 dicit,quod
2828 1778 2927 1823 nec
2956 1761 3099 1817 male
3117 1761 3455 1817 suadentium

186 1850 557 1920 ἰιτοιηίιωυτο
585 1849 799 1906 dicen“?
827 1849 945 1923 ipso
986 1845 1239 1917 Βοωίμο,
1276 1852 1493 1933 quando
1518 1867 1774 1922 corpora-
1803 1843 1848 1903 Β
1877 1856 2249 1917 haereticorum
2273 1856 2444 1927 possit
2472 1853 2660 1911 fraude
2702 1852 2977 1922 corrumpi
3006 1867 3105 1906 nec
3132 1864 3458 1920 persequen—

185 1942 329 1996 ltbus
341 1942 517 1997 oculis
528 1940 816 1999 visibiliter
838 1941 1150 2012 apparebat,
1169 1942 1558 1999 etinvisibilem
1580 1958 1639 1998 se
1652 1958 1775 1998 oon-

186 2032 444 2087 tuendum
459 2031 673 2089 mundis
690 2030 947 2088 cordibus
966 2033 1342 2105 promittebat:
1362 2031 1464 2100 Qui
1483 2033 1656 2102 diligit
1669 2049 1772 2098 me,

184 2124 432 2194 diligetur
458 2141 491 2177 a
518 2123 676 2179 Patre
698 2140 838 2190 meo,
860 2135 909 2179 ct
950 2124 1170 2197 diligam
1195 2144 1313 2181 eum
1333 2167 1348 2193 ,
1405 2136 1453 2181 et
1500 2126 1772 2191 ostendam

184 2232 266 2271 me
294 2216 461 2285 ipsum
481 2215 599 2279 illi;
623 2215 739 2273 ilth
763 2217 962 2288 quippe
983 2228 1178 2273 natura
1203 2216 1321 2289 eius
1347 2219 1630 2292 aequaliter
1648 2236 1774 2275 cum

185 2317 338 2378 patre
371 2308 658 2369 invisibilis
702 2309 844 2365 sicut
887 2310 1169 2380 aequaliter
1205 2310 1770 2381 iucorruptibilisest,

184 2398 312 2475 quia
338 2397 695 2461 continuatim
742 2398 1032 2469 Apostolus
1058 2400 1239 2475 posuit
1261 2399 1486 2456 dicens:
1520 2398 1652 2470 Regi
1678 2417 1775 2455 au-

185 2498 289 2549 tem
311 2486 628 2543 sweulorum
670 2488 937 2553 inrisibili,
965 2488 1370 2560 incorruptibiii,
1392 2489 1628 2544 divinam
1650 2490 1776 2545 subc

184 2577 461 2640 stantiam,
479 2593 583 2647 qua
598 2578 1088 2647 potuitbomiuibus
1112 2579 1496 2650 praedicatione
1507 2594 1776 2635 commen-

183 2669 339 2723 dans.
378 2670 523 2726 Deus
550 2684 680 2740 ergo
713 2685 809 2727 rex
858 2670 1174 2733 invisibilis,
1230 2686 1406 2740 neque
1457 2671 1646 2734 oculis,
1680 2672 1775 2726 sed

186 2768 365 2814 mente
418 2758 742 2828 quaerendus
766 2768 871 2826 est,
894 2760 988 2815 sed
1016 2760 1472 2830 quemadmodum
1527 2761 1572 2817 si
1605 2760 1773 2821 solem

184 2849 351 2903 istum
384 2850 570 2905 videre
594 2848 854 2907 vellemus
873 2850 1089 2908 oculum
1116 2852 1363 2922 corporis
1392 2866 1769 2922 purgaremus,

185 2942 328 2997 unde
349 2940 517 3001 videri
544 2942 636 3001 lux
658 2951 855 3014 potest,
883 2942 1123 2999 volentes
1143 2942 1329 2998 videre
1356 2942 1542 3008 Deum,
1558 2942 1773 2997 oculum

185 3034 364 3099 cordis
378 3049 487 3103 quo
513 3034 655 3090 Deus
680 3032 852 3089 videri
878 3043 1076 3104 potest,
1092 3050 1389 3106 purgemus
1416 3050 1430 3087 :
1458 3033 1610 3088 Beati
1636 3035 1774 3088 enim

87 3188 97 3207 .
184 3124 366 3179 mundi
387 3124 562 3189 corde,
583 3127 829 3195 quoan
852 3125 953 3195 ipsi
968 3124 1133 3179 Deum
1162 3123 1409 3179 videbam
1444 3123 1659 3195 (Matth.
1693 3126 1768 3196 v).

1874 1947 2006 2003 tium
2036 1961 2364 2016 paganorum
2406 1944 2688 2003 tormentis
2735 1942 3105 2011 conquassari,
3135 1956 3234 1995 nec
3264 1956 3455 1994 carna-

1872 2039 2003 2097 lium
2030 2038 2261 2093 fralrum
2308 2036 2589 2107 exemplis,
2614 2049 2714 2091 nec
2752 2033 2983 2105 propria:
3029 2030 3335 2100 fragilitatis
3365 2045 3454 2084 se-

1872 2130 2040 2201 gnitia
2070 2130 2325 2184 titubare.
2357 2126 2494 2189 Sunt
2528 2129 2760 2190 etenim,
2809 2123 2901 2195 qui
2937 2123 3096 2177 etiam
3146 2121 3321 2175 verbis
3353 2135 3447 2173 ne-

1873 2227 2003 2290 gant
2042 2234 2169 2275 esse
2221 2216 2403 2275 Jesum
2458 2214 2629 2273 filium
2672 2213 2812 2278 Dei,
2855 2206 3041 2281 quales
3092 2208 3241 2264 multi
3289 2207 3455 2262 fuisse

1871 2310 2172 2380 produntur
2198 2324 2263 2363 eo
2298 2306 2419 2378 ipso
2441 2316 2700 2376 tempore,
2731 2318 2837 2375 quo
2860 2304 2974 2359 lucc
2999 2301 3267 2356 scribebat
3291 2299 3453 2353 Joan-

1874 2419 1969 2459 nes
1997 2419 2011 2469 ;
2043 2410 2169 2459 sunt
2210 2403 2339 2456 item
2377 2400 2466 2469 qui
2496 2398 2824 2455 confitentur
2848 2394 3033 2450 verbis
3067 2401 3121 2451 et
3165 2392 3321 2448 factis
3362 2406 3455 2445 nc-

1873 2503 2022 2565 gant,
2053 2494 2192 2548 unde
2218 2492 2377 2557 bene,
2400 2490 2491 2561 qui
2536 2504 2679 2543 nunc
2703 2488 2815 2542 ait:
2851 2485 3157 2556 Quicunque
3187 2481 3452 2551 confessus

1875 2583 2057 2653 fuerit,
2084 2583 2333 2654 quoniam
2374 2579 2532 2634 Iesus
2562 2588 2638 2633 est
2675 2577 2818 2648 filius
2844 2575 2966 2641 Dei,
2993 2574 3131 2629 Deus
3158 2574 3212 2627 in
3240 2589 3299 2628 eo
3336 2588 3453 2625 ma-

1874 2686 1979 2741 net,
2008 2686 2057 2730 et
2091 2662 2201 2745 ipse
2241 2676 2296 2728 in
2329 2674 2439 2735 Deo
2468 2671 2517 2740 (Ι
2547 2670 2710 2726 Joan.
2752 2669 2845 2738 Iv),
2878 2669 2993 2738 ipse
3018 2666 3177 2738 paulo
3206 2663 3457 2734 superius

1875 2769 2042 2824 dicit:
2082 2766 2140 2823 Si
2168 2764 2448 2836 diligamus
2495 2764 2744 2827 invicem,
2793 2760 2937 2817 Deus.
2987 2760 3042 2815 in
3070 2757 3214 2811 nobis
3243 2762 3418 2809 manet
3441 2794 3456 2816 ,

1875 2857 2157 2911 insinuans
2182 2852 2421 2925 profecto
2445 2853 2570 2921 quia
2610 2850 2839 2920 quisque
2869 2848 3211 2904 dilectionem
3242 2845 3296 2899 in
3345 2843 3457 2897 fra-

1876 2956 1988 3003 tres
2016 2947 2199 3011 habet,
2229 2944 2319 3000 ille
2344 2943 2530 2998 Jesum
2556 2941 2651 2995 Dei
2680 2956 2803 2999 esse
2826 2938 2995 2993 lilium
3030 2944 3277 2991 testatur.

1944 3040 2013 3095 Et
2042 3039 2371 3119 cognovimus
2420 3044 2468 3090 et
2515 3033 2775 3088 credimus
2821 3029 3066 3094 veritati,
3104 3042 3262 3099 quam
3307 3025 3458 3077 habet

1875 3135 2018 3193 Deus
2042 3135 2096 3193 in
2116 3116 2301 3193 nobis.
2332 3128 2696 3200 Cognovimus
2716 3123 2841 3197 quia
2877 3121 3035 3178 Jesus
3060 3128 3144 3177 est
3183 3118 3323 3172 filius
3340 3116 3457 3178 Dei,

186 3217 386 3281 Verum
412 3219 537 3288 quia
568 3219 682 3277 haec
708 3216 845 3276 visio
866 3218 921 3273 in
942 3216 1124 3273 futuro
1161 3227 1434 3289 speratur,
1456 3217 1585 3288 quid
1605 3233 1771 3289 agen-
1800 3202 1845 3266 Ο
1877 3235 1933 3283 et
1964 3226 2090 3297 quia
2109 3224 2272 3281 Pater
2292 3222 2441 3282 misit
2472 3235 2594 3279 eum
2621 3217 2943 3274 salvatorem
2976 3210 3183 3276 mundi,
3211 3218 3267 3263 et
3292 3205 3460 3262 credi.

183 3311 308 3364 dum
339 3318 423 3364 est
455 3304 631 3375 nobis,
656 3307 786 3365 dum
808 3308 984 3363 adhuc
1006 3309 1283 3365 constituti
1311 3309 1366 3364 in
1398 3324 1627 3380 corpore
1669 3324 1768 3378 pe-

185 3401 524 3472 regrinamur
570 3418 603 3456 a
651 3401 898 3465 Domino,
927 3416 1036 3471 quo
1078 3401 1273 3456 solatio
1336 3402 1633 3467 utendum,
1676 3400 1764 3457 ubi

185 3496 362 3550 divina
392 3495 619 3561 visione,
642 3495 872 3549 necdum
913 3493 1042 3548 licet
1072 3493 1312 3563 perfrui?

257 3585 319 3640 Si
346 3584 629 3654 diligamus
656 3583 876 3638 invicem
895 3622 910 3648 ,
963 3581 1105 3641 Deus
1134 3583 1190 3637 in
1221 3582 1368 3637 nobis
1416 3592 1614 3637 manet.
1661 3580 1767 3637 Sed

186 3691 345 3730 nemo
394 3683 545 3746 putet
593 3675 733 3730 hanc
761 3673 1106 3731 dilectionem
1143 3674 1196 3729 in
1226 3689 1333 3746 qua
1371 3674 1513 3729 Deus
1549 3682 1768 3739 manet,

186 3766 396 3837 abiecta
421 3773 476 3821 et
506 3764 773 3820 desidiosa
802 3765 1036 3835 quadam
1059 3765 1492 3830 mansuetudine,
1523 3766 1633 3820 imo
1660 3781 1768 3820 non

186 3858 623 3925 mansuetudine,
644 3859 739 3914 sed
783 3858 1100 3915 remissione
1144 3866 1201 3912 et
1224 3858 1549 3930 negligentia
1593 3873 1771 3913 rescr-

188 3953 323 4020 vari,
348 3967 456 4007 non
481 3960 563 4007 est
590 3952 692 4007 ista
716 3950 979 4018 cbaritas,
1006 3950 1101 4006 sed
1131 3949 1376 4022 languor,
1406 3949 1613 4005 ferveat
1633 3951 1767 4005 eba-

187 4044 326 4100 ritas
374 4043 442 4098 ad
467 4041 863 4115 corrigendum,
890 4042 957 4097 ad
1000 4041 1395 4096 emendandum
1418 4055 1475 4094 se
1498 4081 1514 4106 ,
1568 4040 1613 4095 si
1641 4038 1767 4094 boni

187 4151 371 4191 mures
390 4133 678 4201 delectant,
702 4134 748 4189 si
772 4133 898 4188 mali
923 4132 1295 4197 emendentur,
1320 4131 1681 4204 corrigantur.
1709 4130 1769 4185 Si
1790 4124 1794 4132 ’

187 4242 320 4296 ergo
352 4226 639 4297 diligamus
658 4226 887 4281 invicem
912 4225 1124 4281 sincera
1154 4232 1211 4279 et
1237 4222 1616 4294 disciplinabili
1643 4223 1772 4279 cba~

189 4319 370 4385 ritate,
402 4317 543 4387 Deus
562 4316 616 4371 in
645 4315 798 4372 nobis
828 4323 1039 4379 manet,
1084 4314 1338 4386 operibus
1365 4313 1581 4383 quidem
1604 4312 1771 4384 ipsius

188 4408 474 4465 charitatis
494 4406 890 4474 manifestatus,
921 4405 1168 4477 quamvis
1208 4403 1444 4461 nondum
1486 4403 1772 4459 visibiliter

191 4516 478 4579 apparens.

264 4594 332 4649 Et
363 4594 592 4650 cImritas
620 4592 733 4664 ejus
755 4592 811 4646 in
840 4591 986 4646 nobis
1026 4589 1255 4663 perfecta
1293 4598 1386 4644 cst.
1412 4587 1773 4657 Quterendum

191 4696 395 4751 autem,
425 4685 693 4757 quomodo
712 4684 858 4740 dicat
893 4681 1287 4753 perfectionem
1319 4680 1514 4735 divinae
1538 4680 1775 4734 ebarita-

194 4781 262 4833 tis
295 4778 347 4831 in
386 4784 568 4831 mutua
594 4774 879 4830 dilectione
908 4772 1225 4837 consistere,
1254 4787 1376 4825 cum
1422 4772 1679 4827 Dominus
1718 4770 1772 4826 in

191 4866 482 4938 Evangelio
508 4864 838 4937 pronuntiet,
860 4878 966 4918 non
986 4877 1105 4917 csse
1129 4876 1407 4933 magnum,
1429 4862 1473 4915 si
1490 4861 1775 4933 diligamus

189 4976 308 5025 eos,
333 4958 423 5030 qui
446 4973 544 5013 nos
570 4956 827 5027 diligunt,
873 4953 978 5010 nisi
1003 4953 1067 5009 ad
1090 4953 1341 5019 inimicos
1369 4954 1533 5009 etiam
1560 4953 1626 5008 de
1655 4952 1775 5023 qni-

189 5055 294 5107 bus
322 5050 411 5115 bic
433 5047 647 5119 penitus
675 5055 855 5102 tacere
879 5044 1123 5108 videtur,
1152 5044 1341 5098 eadem
1379 5043 1596 5098 dilectio
1644 5057 1769 5112 pcr-

192 5142 386 5212 tingat,
414 5140 516 5195 nisi
548 5137 687 5193 forte
717 5137 862 5207 ipsos
883 5135 1134 5197 inimicos
1175 5132 1399 5188 fraterni
1454 5133 1660 5187 amoris
1689 5132 1774 5186 iu-

192 5235 331 5289 tuitu
359 5232 585 5303 diligere
608 5230 887 5293 debemus,
912 5224 1161 5281 videlicet
1192 5231 1251 5279 ut
1292 5239 1400 5278 non
1430 5238 1643 5293 semper
1672 5221 1776 5277 ini-

192 5326 318 5382 mici
348 5329 685 5391 remaneant,
709 5322 804 5377 sed
830 5320 1155 5392 resipiscam
1175 5333 1204 5372 a
1227 5315 1423 5372 diaboli
1453 5315 1660 5384 laqueis
1680 5330 1779 5369 no.

190 5420 384 5487 bisque
412 5429 670 5488 germano
688 5412 895 5469 fcedere
932 5410 1245 5467 sociemur:
1277 5408 1337 5463 Si
1360 5407 1664 5477 diligamus,
1689 5409 1774 5463 in-

190 5509 327 5579 quit,
354 5506 597 5570 invicem,
622 5503 761 5558 Deus
782 5503 839 5556 in
869 5500 1016 5557 nobis
1038 5508 1236 5563 manet,
1266 5508 1313 5552 et
1335 5496 1565 5551 Charitas
1593 5495 1706 5565 ejus
1728 5496 1783 5551 in

193 5601 339 5655 nobis
386 5595 617 5669 perfecta
646 5604 741 5649 est.
772 5593 952 5663 l'ncipc
983 5590 1222 5661 diligere,
1246 5587 1545 5659 pcrficeris,
1574 5586 1784 5656 cmpisti

190 5694 439 5764 diligere,
457 5689 627 5756 erepit
652 5687 705 5740 in
733 5696 785 5741 te
813 5685 956 5739 Deus
984 5681 1251 5745 habitare,
1279 5688 1335 5733 ut
1368 5678 1663 5749 perfectius
1687 5676 1783 5733 ha-

190 5787 415 5845 bitando
447 5782 606 5837 faciat
639 5788 687 5833 lc
721 5776 1040 5848 perlectum.

1876 3334 2000 3374 mus
2048 3314 2324 3379 cbaritati,
2354 3327 2517 3383 quam
2556 3308 2721 3365 habet
2765 3306 2910 3364 Deus
2934 3304 2987 3360 in
3018 3302 3201 3367 nobis,
3234 3299 3359 3371 quia
3386 3298 3460 3361 νίς

1874 3410 2073 3465 delicet
2099 3424 2223 3464 cum
2240 3406 2467 3469 haberet
2493 3404 2735 3468 unicum,
2757 3400 2927 3455 noluit
2948 3397 3097 3452 illum
3128 3409 3248 3450 esse
3268 3408 3461 3461 unum,

1875 3501 1973 3556 sed
2001 3509 2061 3555 ut
2097 3499 2297 3554 fratres
2354 3495 2580 3553 haberet
2630 3490 2904 3562 adoptavit
2932 3488 3030 3556 illi,
3065 3487 3157 3559 qui
3193 3500 3320 3544 cum
3368 3482 3463 3538 illo

1875 3593 2211 3665 possiderent
2235 3591 2406 3645 vitam
2438 3596 2722 3642 aeternam.

1944 3685 2092 3741 Deus
2135 3682 2366 3737 charitas
2394 3690 2489 3735 est.
2517 3676 2636 3732 Iam
2665 3674 2913 3745 superius
2948 3672 3085 3727 dixit
3128 3668 3286 3735 illud,
3326 3680 3458 3723 ecce

1875 3780 2074 3834 iterum
2119 3775 2297 3839 dicit,
2346 3771 2578 3841 amplius
2602 3768 2699 3824 tibi
2733 3784 2842 3823 non
2896 3763 3070 3836 potuit
3094 3757 3461 3817 commendari

1874 3869 2133 3934 Charitas,
2160 3881 2321 3937 quam
2352 3872 2411 3920 ut
2442 3864 2712 3919 diceretur
2738 3860 2881 3915 Deus
2904 3898 2919 3923 ,
2962 3856 3103 3911 forte
3129 3867 3326 3909 munus
3362 3848 3461 3904 Dei

1874 3965 2286 4030 contempturus
2311 3971 2452 4022 eras,
2480 3951 2723 4024 nunquid
2755 3960 2810 4006 et
2834 3951 3003 4004 Deum
3032 3942 3368 4002 contemnis?

1946 4050 2015 4105 Et
2043 4053 2133 4123 qui
2155 4058 2327 4104 manet
2357 4049 2413 4103 in
2437 4047 2691 4101 charitate
2716 4044 2771 4098 in
2808 4041 2920 4103 Deo
2945 4049 3140 4103 manet,
3161 4047 3207 4090 et
3243 4034 3382 4089 Deus
3406 4032 3460 4113 in

1875 4162 1954 4200 eo.
1980 4142 2228 4198 Vicissim
2257 4140 2310 4194 in
2325 4152 2384 4194 se
2406 4123 2651 4195 habitant
2674 4133 2764 4205 qui
2791 4132 3099 4189 continetet
3116 4126 3206 4198 qui
3221 4125 3463 4181 contine-

1879 4244 1984 4299 tur,
2009 4233 2221 4290 babitas
2245 4231 2298 4285 in
2328 4231 2463 4294 Deo,
2494 4228 2589 4283 sed
2616 4235 2674 4282 ut
2699 4222 3050 4288 contiuearis,
3079 4218 3291 4275 habitat
3321 4217 3373 4270 in
3406 4224 3458 4270 te

1877 4328 2040 4393 Deus,
2063 4326 2157 4382 sed
2180 4333 2242 4380 ut
2258 4323 2554 4385 contineat,
2588 4334 2655 4375 ne
2690 4317 2875 4380 cadas,
2906 4314 3033 4385 quia
3069 4311 3148 4367 sic
3171 4307 3459 4379 Apostolus

1877 4418 1944 4474 de
2001 4418 2117 4487 ipsa
2160 4412 2426 4471 charitate
2478 4410 2658 4469 dicit:
2696 4405 2940 4485 Charitas
2996 4416 3263 4472 nunquam
3318 4398 3458 4453 cadit

1879 4508 1930 4579 (ι
1956 4507 2080 4564 Cor.
2114 4508 2237 4577 xui)
2257 4546 2272 4572 ,
2296 4502 2564 4576 quomodo
2588 4499 2733 4555 cadit
2760 4510 2919 4568 quem
2942 4494 3187 4552 continet
3212 4491 3389 4546 Deus?

1948 4600 2016 4655 Et
2045 4600 2099 4653 in
2122 4600 2217 4653 hoc
2242 4598 2469 4669 perfecta
2482 4603 2555 4649 est
2576 4592 2806 4647 Charitas
2821 4588 3107 4651 nobiscum,
3130 4596 3185 4639 ut
3208 4581 3459 4653 ﬁduciam

1876 4693 2301 4757 liabeamus,etc.
2328 4687 2584 4759 Quisquis
2601 4682 2852 4740 ﬁduciam
2875 4679 3034 4741 habet
3053 4679 3106 4735 in
3128 4677 3213 4733 die
3234 4674 3420 4744 iudicii
3443 4714 3457 4737 ,

1876 4784 2115 4856 perfecta
2137 4791 2221 4838 est
2243 4782 2299 4837 in
2325 4780 2415 4837 illo
2444 4779 2700 4836 Charitas.
2722 4773 2860 4841 Quid
2884 4779 2969 4827 est
2987 4771 3186 4825 habere
3206 4767 3457 4847 fiduciam

1877 4875 1930 4929 in
1956 4874 2042 4929 die
2057 4873 2284 4943 iudicii?
2308 4888 2415 4928 non
2441 4872 2652 4935 timere,
2669 4884 2737 4925 ne
2763 4864 3074 4923 veniatdics
3089 4862 3309 4932 judicii;
3336 4878 3458 4918 cum

1876 4965 2020 5020 enim
2048 4963 2358 5034 primoquis
2387 4962 2454 5018 ad
2484 4960 2853 5034 pcnnitcndum
2880 4971 2961 5023 se,
2982 4958 3047 5013 de
3073 4955 3229 5011 malis
3252 4954 3463 5009 actibus

1875 5054 2224 5119 converterit,
2254 5053 2443 5123 incipit
2472 5054 2663 5108 timere
2698 5051 2842 5107 diem
2875 5048 3086 5120 judicii,
3112 5062 3180 5101 ne
3217 5044 3465 5100 videlicet

1875 5155 2168 5219 apparente
2191 5143 2339 5214 justo
2358 5143 2563 5212 judice,
2582 5143 2695 5214 ipse
2717 5142 2999 5198 damnetur
3020 5157 3032 5192 :
3050 5151 3305 5209 processu
3335 5150 3465 5189 vero

1875 5238 2029 5292 bonae
2047 5235 2476 5293 conversationis
2490 5235 2762 5288 animatus
2784 5232 2954 5288 discet
2979 5246 3086 5286 non
3111 5231 3301 5285 timere
3323 5225 3469 5298 quod

1878 5328 2125 5392 timebat,
2159 5328 2258 5381 sed.
2287 5325 2465 5395 potius
2500 5334 2710 5395 optare,
2737 5332 2797 5379 ut
2817 5323 2997 5377 veniat
3026 5320 3111 5375 ille
3132 5319 3467 5375 desideratus

1880 5418 2090 5479 cunctis
2117 5415 2386 5488 gentibus,
2411 5428 2844 5485 speranssecum
2871 5411 3073 5467 sanctis
3104 5408 3298 5464 merito
3314 5405 3469 5460 bona:

1882 5510 2115 5566 actionis
2138 5495 2669 5563 esse'corouanalum.
2702 5504 2858 5560 Unde
2891 5511 3075 5557 autem
3127 5496 3380 5554 fiduciam
3411 5493 3470 5550 in

1883 5597 2179 5668 dicjudicii
2222 5597 2420 5653 habere
2464 5611 2775 5669 possumus,
2807 5592 3019 5665 plenius
3040 5586 3317 5646 subdcndo
3347 5600 3467 5640 ma-

1890 5689 2135 5745 uifcstat.

1963 5780 2099 5845 Quia
2135 5782 2264 5833 sicut
2300 5780 2385 5834 illc
2435 5789 2536 5843 es‘,
2595 5788 2642 5833 et
2672 5793 2763 5831 nos
2795 5790 2975 5831 sumus
3023 5772 3076 5827 in
3116 5770 3215 5823 hoc
3261 5762 3479 5841 munda,
