3978 6418
540 359 644 414 547
1844 358 2127 416 ειιΑιιΑο
2135 358 2199 415 Di

536 478 791 550 Nunquid
816 492 945 534 vero
970 485 1147 550 potest
1189 478 1352 534 homo
1393 492 1514 534 esse
1542 477 1685 533 sicut
1720 478 1900 533 Deus?
1948 476 2045 532 sed
2071 483 2128 530 et
2155 478 2207 537 Λ

536 570 848 627 meminisse
871 578 1106 640 oportet,
1128 569 1275 640 quod
1300 577 1355 625 et
1397 585 1563 640 supra
1588 570 1795 625 dictum
1822 578 1909 625 est
1931 609 1947 634 ,
1995 568 2124 638 quia

535 680 640 720 non
664 679 877 734 semper
897 663 966 718 ad
990 662 1360 733 mqualitatem
1382 662 1605 729 dicitur,
1619 663 1715 718 sed
1737 663 1879 717 sicut
1900 662 2122 727 dicitur,

534 759 603 813 ad
633 760 925 829 quamdam
964 758 1398 824 similitudinem,
1448 756 1720 828 quomodo
1747 757 1893 811 enim
1943 755 2123 810 dicis:

536 850 688 905 Sient
715 864 876 905 aures
903 850 1078 904 habeo
1105 849 1178 903 ita
1202 847 1372 903 habet
1399 857 1453 903 et
1488 848 1667 918 imago
1688 888 1704 913 ,
1743 845 1985 915 nunquid
2011 860 2129 901 om-

534 944 665 997 nino
691 943 811 997 sic?
849 943 944 998 sed
971 950 1153 997 tamen
1185 942 1320 997 dicis
1348 942 1507 998 sicut.
1538 940 1692 995 Sicut
1726 954 1857 1010 ergo
1883 938 2011 994 lacti
2037 955 2129 994 su-

533 1050 655 1090 mus
681 1034 749 1088 ad
783 1034 1073 1104 imaginem
1102 1032 1220 1099 Dei,
1253 1048 1421 1103 quare
1444 1046 1550 1087 non
1577 1032 1718 1087 sicut
1745 1031 1887 1087 Deus
1915 1046 2122 1096 sumus,

536 1145 644 1183 non
678 1130 748 1185 ad
771 1129 1155 1198 aequalitatem,
1184 1128 1278 1183 sed
1307 1143 1407 1198 pro
1430 1127 1590 1182 modo
1621 1135 1826 1184 nostro.
1849 1126 1977 1181 lnde
1997 1140 2127 1196 ergo

535 1220 691 1275 nobis
727 1221 888 1275 datur
925 1219 1119 1275 ﬁducia
1149 1220 1203 1274 in
1250 1220 1336 1275 die
1356 1218 1565 1288 iudicii,
1596 1219 1724 1290 quia
1747 1219 1888 1275 siem
1912 1219 2001 1275 ille
2021 1226 2123 1284 est,

533 1319 591 1365 et
618 1325 716 1365 nos
746 1324 935 1365 sumus
963 1310 1017 1363 in
1046 1310 1151 1364 hoc
1193 1309 1414 1375 mundo,
1440 1309 1704 1365 imitando
1733 1310 1981 1365 videlicet
2004 1327 2128 1380 per-

534 1402 821 1457 lectionem
856 1399 1162 1455 dilectionis
1188 1399 1243 1454 in
1273 1399 1495 1466 mundo,
1519 1398 1673 1468 cuius
1695 1400 1786 1456 ille
1822 1402 2127 1472 exemplum

532 1494 687 1548 nobis
715 1492 954 1562 quotidie
980 1490 1183 1562 praebet
1213 1491 1280 1546 de
1311 1491 1469 1545 cmlo.
1501 1492 1579 1547 De
1625 1507 1729 1561 qua
1784 1492 2026 1547 salvator
2070 1493 2125 1547 in

531 1582 857 1653 Evangelio:
887 1579 1119 1651 Diligite,
1143 1580 1354 1650 inquit,
1384 1582 1627 1636 inimicos
1651 1591 1867 1648 vestros,
1900 1592 1947 1636 et
1979 1591 2126 1637 orate

528 1691 624 1747 pro
656 1673 1078 1746 persequentibus
1122 1689 1228 1738 vos,
1283 1681 1340 1726 ut
1374 1673 1489 1727 sitis
1518 1672 1620 1742 ﬁlii
1634 1670 1814 1728 Patris
1854 1675 2012 1728 vestri
2036 1675 2125 1745 qui

529 1769 585 1825 in
614 1767 753 1822 ctelis
780 1777 875 1833 est,
905 1769 995 1839 qui
1018 1767 1181 1822 solem
1213 1784 1369 1822 suum
1412 1769 1540 1822 oriri
1566 1768 1718 1837 facit,
1757 1786 1915 1838 super
1963 1769 2126 1823 bonos

527 1868 577 1912 et
599 1856 786 1923 malos,
816 1828 1024 1929 etpluit
1056 1874 1215 1928 super
1238 1857 1417 1928 justas
1463 1868 1512 1911 et
1544 1828 1771 1928 injustas
1796 1828 2012 1930 (blatta.
2046 1857 2123 1931 v).
2155 1828 2201 1887 Β

604 1953 783 2008 Timor
829 1971 934 2011 non
963 1963 1039 2008 est
1062 1954 1116 2008 in
1142 1953 1418 2007 charitate.
1446 1953 1504 2008 ln
1548 1953 1638 2007 tali
1668 1953 1918 2009 videlicet
1951 1955 2130 2009 chari-

530 2054 665 2111 tate,
695 2060 818 2115 qua:
846 2046 913 2101 ad
969 2045 1326 2100 imitationem
1377 2046 1571 2101 divinte
1604 2046 1867 2102 bonitatis
1892 2088 1906 2113 ,
1963 2049 2128 2103 etiam

530 2137 766 2193 inimicis
792 2136 1131 2202 benefacere,
1159 2144 1214 2192 et
1234 2138 1335 2192 hos
1360 2137 1583 2209 diligere
1608 2138 1778 2193 novit.

603 2228 710 2283 Sed
733 2227 965 2299 perfecta
1015 2228 1248 2282 charitas
1288 2228 1433 2298 foras
1468 2229 1623 2282 mittit
1668 2229 1925 2284 timorem.
1972 2230 2127 2286 Illum

530 2318 740 2374 scilicet
768 2318 1042 2382 timorem,
1072 2318 1137 2373 de
1165 2334 1275 2388 quo
1313 2319 1512 2373 dicitur
1540 2337 1553 2372 :
1591 2317 1812 2373 Initium
1858 2319 2128 2390 sapientia

529 2414 688 2468 timor
708 2411 945 2467 Domini.
976 2411 1095 2479 Quo
1126 2412 1280 2467 timet
1326 2412 1557 2481 quisque
1584 2452 1598 2474 ,
1653 2413 1918 2481 incipiens
1960 2428 2125 2483 opera

521 2503 768 2574 iustitiae,
797 2519 867 2558 ne
893 2504 1075 2557 veniat
1092 2503 1320 2573 iustitia:
1345 2502 1624 2557 districtus
1652 2498 1920 2569 iudex,'et
1950 2504 1995 2559 si
2026 2504 2128 2557 mi-

529 2612 635 2651 nus
660 2594 983 2665 castigatum
1017 2594 1317 2655 inveniens,
1347 2594 1585 2649 damnat.
1615 2593 1705 2647 Illi
1742 2594 1983 2649 charitas
2013 2593 2127 2665 pcl-

530 2687 595 2741 lit
627 2685 796 2752 l‘oras,
824 2700 944 2755 quae
969 2700 1067 2754 pro
1097 2685 1292 2740 merito
1314 2685 1563 2756 justitize,
1598 2684 1848 2740 liduciam
1875 2686 2041 2741 habet
2070 2687 2125 2742 in

532 2777 620 2831 die
662 2773 873 2844 iudicii,
908 2773 1003 2829 sed
1049 2782 1105 2829 et
1148 2773 1495 2844 przesentium
1547 2774 1936 2828 adversitatum
1971 2775 2129 2830 timo-

530 2882 647 2922 rem
697 2865 934 2936 perfecta
960 2866 1197 2921 charitas
1223 2866 1370 2937 ejicit
1398 2882 1463 2921 ex
1489 2867 1691 2931 animo,
1720 2882 1882 2936 quam
1924 2868 2126 2923 habere

530 2960 828 3029 quaerebat,
852 2959 946 3030 qui
962 2959 1129 3014 Deum
1153 2957 1483 3031 supplicans,
1512 2958 1621 3013 ait:
1652 2958 1694 3010 A
1712 2960 1896 3013 timore
1924 2961 2126 3015 inimici

534 3051 677 3121 eripe
704 3049 937 3103 animam
967 3066 1171 3113 meam;
1202 3063 1364 3119 quam
1396 3048 1630 3103 habebat
1658 3049 1750 3118 qui
1787 3048 1957 3104 dixit:
1994 3050 2124 3115 Quis

531 3158 625 3196 nos
652 3141 917 3214 separabit
939 3159 971 3195 a
1000 3141 1254 3195 charitate
1280 3139 1517 3193 Christi?
1534 3138 1824 3205 tribulatio,
1854 3142 2120 3212 angustia,

528 3232 717 3300 fames,
751 3249 819 3286 an
848 3230 1159 3303 persecutio,
1185 3247 1255 3285 an
1283 3230 1518 3296 nuditas,
1547 3246 1618 3284 an
1662 3229 1952 3302 periculum
1976 3273 1991 3299 ,
2052 3249 2123 3287 an

527 3323 737 3399 gladius
765 3322 944 3395 (Rom.
969 3321 1133 3393 vni)?

601 3413 864 3483 Quoniam
910 3414 1066 3475 timor
1091 3431 1296 3485 plenam
1342 3414 1520 3469 habet.
1564 3413 1800 3485 Torquet
1851 3431 1947 3472 cor
1990 3433 2123 3473 con-

525 3505 753 3568 scientia
793 3514 1161 3576 peccatorum,
1200 3506 1439 3560 nondum
1489 3504 1629 3561 facta
1662 3515 1744 3561 est
1777 3506 2120 3577 iustiﬁcatio,

529 3599 653 3663 ideo
679 3598 732 3652 in
760 3597 972 3678 psalmo
997 3598 1065 3653 de
1092 3597 1207 3667 ipsa
1236 3597 1586 3677 perfectionis
1608 3598 1818 3667 iustitia
1852 3620 1864 3655 :
1900 3601 2125 3657 Conver-

504 3688 658 3753 tisti,
691 3686 887 3756 inquit,
918 3685 1188 3760 planctum
1217 3703 1387 3740 meum
1415 3686 1471 3741 in
1516 3687 1766 3757 gaudium
1812 3691 1961 3756 milii,
1993 3707 2122 3745 con-

528 3776 705 3833 cidisti
730 3792 940 3831 saccum
969 3792 1161 3841 meum,
1191 3784 1238 3830 et
1291 3777 1614 3847 pra'cina‘isli
1653 3794 1734 3832 me
1787 3779 1973 3834 la'titia
2001 3821 2015 3846 ,
2065 3789 2122 3834 ut

526 3878 735 3924 cantem
768 3868 860 3922 (ibi
888 3867 1112 3940 gloriam
1153 3886 1322 3931 meum
1370 3879 1425 3923 ut
1462 3887 1565 3925 non
1595 3887 1916 3943 compungar
1946 3871 2118 3945 (Psal.

529 3958 707 4031 xxix),
733 3958 785 4014 id
822 3968 925 4027 est,
963 3974 1068 4013 non
1099 3959 1205 4025 sit,
1272 3960 1415 4030 quod
1468 3961 1706 4018 stimulet
1733 3964 2119 4019 conscientiam

528 4065 725 4106 meam.
755 4048 1009 4105 Stimulat
1036 4050 1218 4113 timor,
1247 4050 1341 4105 sed
1373 4050 1480 4105 noli
1505 4051 1714 4119 timere,
1745 4053 1911 4107 intrat
1935 4053 2120 4109 chari-

528 4148 613 4194 tas
638 4155 759 4210 qua:
786 4147 939 4195 sanat
964 4139 1107 4209 quod
1143 4140 1390 4205 vulnerat
1415 4140 1598 4205 timor.

601 4229 706 4296 Qui
755 4239 931 4293 autem
981 4230 1126 4283 timet
1175 4247 1277 4285 non
1322 4242 1397 4285 est
1446 4234 1705 4305 perfectus
1749 4235 1805 4289 in
1844 4236 2115 4292 charitate.

526 4321 664 4389 Quia
712 4320 970 4374 nimirum
1002 4320 1164 4374 timor
1198 4336 1416 4392 plenam
1448 4324 1649 4389 habet,
1694 4328 1943 4395 quamvis
1978 4328 2121 4383 sicut

526 4412 823 4478 sectionem
852 4411 1048 4465 medici
1076 4412 1222 4467 salus
1252 4423 1437 4484 optata
1464 4456 1477 4479 ,
1521 4415 1594 4470 ita
1629 4416 1901 4483 timorem,
1939 4419 2118 4474 chari-

527 4509 613 4554 tas
642 4499 948 4561 desiderata
995 4499 1374 4572 subsequatur.
1427 4501 1537 4558 Nec
1587 4504 1765 4570 putari
1823 4505 2001 4569 debet,
2033 4506 2118 4561 his
2142 4540 2197 4599 Β

526 4592 670 4648 beati
722 4590 947 4647 Joannis
992 4596 1335 4651 sermonibus
1385 4611 1505 4651 esse
1543 4596 1876 4652 contrarium
1903 4640 1917 4664 ,
1972 4602 2117 4669 quod

524 4684 811 4746 Psalmista
838 4687 969 4742 dicit
999 4705 1011 4741 :
1045 4686 1223 4743 Timor
1261 4688 1474 4742 Domini
1508 4698 1717 4743 sanctus
1767 4703 2035 4760 permanet
2063 4694 2118 4748 in

525 4776 775 4843 arculum
815 4778 995 4833 seaculi
1046 4775 1407 4851 (Psal.xvul).
1465 4779 1581 4834 Duo
1617 4796 1849 4850 namque
1879 4791 2004 4836 sunt
2044 4782 2115 4836 ti-

526 4883 727 4935 mores,
756 4885 896 4925 unus
944 4885 1053 4941 quo
1083 4872 1273 4926 timent
1314 4871 1562 4926 homines
1589 4871 1781 4936 Deum,
1807 4887 1875 4927 ne
1901 4873 2116 4928 mittan-

526 4969 616 5016 tur
640 4959 696 5014 in
725 4961 1028 5031 gehennam
1060 4979 1074 5015 :
1109 4962 1226 5032 ipse
1260 4968 1345 5015 est
1381 4960 1543 5014 timor
1568 4961 1675 5028 ille,
1705 4962 1796 5032 qui
1826 4963 2119 5020 introducit

524 5053 867 5109 charitatem.
905 5053 1013 5110 Sed
1048 5055 1127 5110 sic
1156 5053 1325 5118 venit,
1366 5061 1427 5107 ut
1453 5062 1642 5120 exeat;
1696 5057 1741 5110 si
1768 5056 1913 5111 enim
1940 5058 2118 5116 adhuc

524 5151 746 5217 propter
772 5157 964 5216 pinnas
1000 5145 1161 5200 times
1206 5143 1375 5198 Deum
1401 5184 1415 5208 ,
1466 5138 1702 5199 nondum
1757 5162 1924 5215 amas,
1953 5165 2115 5220 quem

524 5238 605 5292 sic
630 5220 808 5293 times.
861 5235 978 5292 Non
1019 5238 1160 5293 bona
1200 5235 1496 5302 desideras,
1527 5239 1622 5294 sed
1650 5240 1789 5307 mala
1815 5257 1994 5309 caves,
2023 5244 2115 5301 sed

522 5344 589 5383 ex
628 5343 692 5383 co
719 5327 863 5400 quod
915 5328 1056 5383 mala
1094 5343 1274 5395 caves,
1305 5329 1533 5403 corrigis
1562 5340 1634 5397 te,
1661 5340 1719 5389 et
1755 5333 1948 5407 incipis
1972 5337 2113 5393 bona

523 5424 853 5480 desiderare.
885 5421 1022 5478 Cum
1058 5423 1200 5479 bona
1226 5423 1534 5483 desiderare
1561 5429 1812 5499 coeperis,
1843 5432 1948 5487 erit
1974 5432 2030 5487 in
2062 5441 2115 5488 te

523 5512 689 5568 timor
713 5518 956 5578 sanctus,
1000 5510 1089 5568 ille
1134 5514 1357 5582 scilicet,
1413 5533 1481 5573 ne
1517 5519 1631 5591 ipsa
1679 5521 1817 5577 bona
1850 5524 2109 5593 amittas;

525 5619 632 5657 non
683 5610 747 5657 ut
780 5601 1017 5658 mittaris
1042 5603 1095 5659 in
1123 5606 1557 5677 gebennam,sed
1585 5624 1652 5667 ne
1675 5619 1725 5667 te
1745 5614 1955 5669 deserat
1982 5631 2113 5685 prte-

524 5695 698 5760 sentia
718 5694 954 5766 Domini,
984 5714 1144 5769 quem
1175 5701 1517 5773 amplecteris
1544 5747 1558 5775 ,
1607 5714 1660 5762 et
1685 5715 1946 5765 aeternum
2005 5709 2111 5767 frui

526 5783 824 5841 dttideras.

2237 357 2530 414 ABBATIS
3712 364 3795 421 548

2306 473 2418 531 Nos
2448 493 2572 548 ergo
2597 476 2877 548 diligamus
2916 476 3108 546 Deum,
3137 478 3389 551 quoniam
3418 495 3535 549 ipse
3580 482 3718 550 prior
3734 484 3798 538 di-

2228 567 2355 622 lexit
2384 583 2499 622 nos.
2533 568 2851 639 Diligamus,
2882 570 3140 640 quoniam
3168 571 3285 641 ipse
3308 572 3467 642 prior
3494 571 3678 629 dilexit
3699 592 3793 640 nos,

2228 673 2353 712 nam
2383 660 2525 715 unde
2555 659 2925 732 diligeremus,
2955 662 3060 717 nisi
3092 661 3184 717 ille
3210 664 3361 732 prior
3397 662 3677 722 dilexisset
3696 683 3791 725 nos.

2228 748 2365 805 Hinc
2392 751 2540 806 enim
2578 752 2697 822 ipse
2724 752 2778 807 in
2809 752 3105 824 Evangelia
3128 753 3294 809 dicit:
3322 753 3451 809 Non
3479 771 3570 811 eos
3615 773 3690 813 nte
3711 760 3795 814 ele-

2226 843 2392 913 gistis,
2425 844 2517 898 sed
2538 860 2632 914 ego
2656 843 2788 915 elegi
2815 861 2903 900 vos
2926 843 3111 916 (loan.
3140 861 3221 902 xv
3243 844 3286 917 ).
3317 845 3397 901 Ita
3422 855 3603 903 autem
3639 851 3791 920 perfe-

2227 934 2300 988 cti
2336 935 2539 990 erimus
2568 935 2623 989 in
2663 935 2950 1002 charitate,
2994 935 3039 990 si
3068 937 3529 1007 quemadmodum
3560 940 3683 995 nulli
3729 944 3793 997 al-

2230 1027 2417 1093 terius,
2446 1028 2551 1083 nisi
2576 1026 2768 1083 salutis
2797 1039 2999 1083 nostra:
3029 1028 3225 1100 gratia,
3263 1029 3417 1101 prior
3446 1029 3539 1086 ille
3566 1046 3661 1086 nos
3683 1032 3792 1089 dile-

2228 1119 2324 1181 xit,
2354 1134 2454 1174 nos
2477 1134 2694 1190 quoque
2732 1120 2807 1175 ita
2830 1134 2956 1176 eum
2992 1121 3194 1176 nullius
3225 1123 3325 1187 rei,
3350 1122 3460 1178 nisi
3507 1123 3591 1178 sui
3612 1132 3788 1181 tanaim

2229 1211 2430 1266 amoris
2454 1211 2803 1267 dilexerimus
2844 1212 3089 1267 obtentu.
3120 1214 3321 1269 Verum
3349 1215 3482 1286 quia
3532 1226 3677 1284 sunt,
3715 1222 3789 1290 qui

2228 1302 2398 1356 verbo
2424 1309 2582 1356 tenus
2611 1302 2779 1357 Deum
2815 1301 3068 1374 diligunt,
3098 1303 3344 1360 consulte
3363 1303 3729 1378 subiungitur:

2299 1391 2359 1446 Si
2388 1393 2506 1463 quis
2529 1392 2743 1457 dixerit,
2774 1393 3023 1464 quoniam
3071 1393 3233 1465 diligo
3276 1393 3477 1459 Deum,
3530 1402 3632 1451 etc.
3662 1397 3789 1453 Unde

2227 1484 2518 1553 probamus
2534 1484 2678 1554 quod
2705 1483 2936 1539 mendax
2964 1492 3069 1541 est.
3094 1464 3236 1539 Audi
3261 1504 3274 1539 :
3308 1484 3416 1551 Qui
3443 1487 3581 1541 enim
3606 1504 3699 1542 non
3716 1489 3786 1542 di-
3892 1464 3893 1531 i

2227 1575 2341 1646 iigit
2370 1576 2587 1647 fratrem
2608 1592 2763 1630 suum
2802 1591 2955 1649 quem
2975 1576 3131 1643 videt,
3163 1576 3331 1631 Deum
3361 1594 3516 1649 quem
3557 1594 3657 1633 non
3674 1581 3785 1633 ridet

2225 1668 2485 1740 quomodo
2511 1677 2679 1739 potest
2700 1668 2918 1739 diligere
2935 1669 2961 1722 .’
2986 1668 3127 1737 Quid
3153 1671 3318 1741 ergo?
3364 1670 3472 1738 Qui
3502 1671 3669 1742 diligit
3698 1673 3785 1727 fra-

2230 1767 2365 1814 trem
2394 1774 2572 1827 suum,
2603 1760 2776 1832 diligit
2803 1761 2997 1825 Deum,
3024 1776 3248 1818 necesse
3275 1771 3379 1829 est,
3408 1771 3470 1818 ut
3514 1765 3605 1834 qui
3632 1764 3787 1836 diligat

2229 1850 2423 1917 Deum,
2481 1851 2669 1922 diligat
2714 1851 2887 1922 ipsam
2936 1852 3315 1918 dilectionem,
3364 1853 3512 1909 Deus
3556 1854 3688 1909 enim
3726 1855 3785 1909 di-

2228 1943 2389 1998 lectio
2412 1951 2515 2009 est,
2547 1952 2601 1998 et
2631 1958 2700 1998 ne
2734 1942 2857 2014 quis
2884 1943 3067 2000 dicere
3095 1946 3322 2000 auderet
3350 1962 3364 1998 :
3395 1946 3464 2000 Et
3492 1946 3618 2015 quid
3640 1947 3786 2001 obstat

2228 2034 2451 2105 diligere
2484 2034 2675 2103 Deum,
2700 2037 2864 2092 etiam
2895 2036 2943 2093 si
2998 2052 3103 2092 non
3134 2036 3297 2107 diligo
3348 2035 3619 2093 fratrem?
3668 2047 3783 2094 recte

2228 2126 2470 2181 subdidit
2486 2140 2502 2180 :

2297 2215 2368 2270 Et
2394 2221 2492 2271 Itoc
2528 2219 2835 2273 mandatum
2869 2218 3118 2274 habemus
3167 2238 3200 2274 a
3231 2219 3376 2286 Deo,
3425 2231 3483 2275 ut
3522 2222 3608 2293 qui
3633 2221 3774 2291 diligit

2228 2307 2417 2374 Deum,
2443 2308 2629 2379 diligat
2651 2319 2698 2363 et
2722 2309 2941 2381 fratrem
2992 2327 3166 2365 suum.
3211 2311 3497 2378 Quomodo
3518 2313 3652 2368 enim
3685 2312 3782 2366 dili-

2228 2402 2310 2473 gis
2336 2416 2481 2467 eum,
2509 2401 2663 2470 cujus
2688 2403 2847 2457 odisti
2877 2403 3227 2459 mandatum?
3260 2404 3394 2472 Quis
3425 2412 3505 2461 est
3528 2404 3613 2476 qui
3633 2403 3778 2459 dicat:

2226 2492 2400 2566 Diligo
2434 2495 2839 2564 imperatorem,
2869 2496 2963 2551 sed
2997 2496 3085 2551 odi
3119 2495 3264 2567 leges
3288 2495 3444 2566 ejus,
3489 2514 3590 2552 non
3621 2497 3687 2551 ita
3716 2504 3781 2550 est

2228 2584 2390 2642 verus
2410 2587 2505 2642 Dei
2536 2596 2767 2654 amator,
2794 2587 2885 2643 sed
2909 2588 3049 2653 vide,
3082 2589 3274 2659 inquit,
3295 2590 3424 2661 quia
3451 2590 3687 2645 mandata
3705 2598 3778 2642 tua

2228 2679 2413 2745 dilexi,
2441 2679 2685 2746 Domine,
2710 2688 2764 2734 et
2786 2679 2907 2736 ideo
2929 2680 3260 2736 cculidcnter
3287 2682 3571 2755 adiungit,
3618 2681 3668 2736 in
3706 2689 3779 2733 tua

2227 2772 2593 2828 misericordia
2625 2772 2829 2843 riviﬁca
2862 2790 2941 2827 me
2968 2769 3140 2845 (Psal.
3172 2772 3385 2845 cxvm).

2583 2880 2920 2921 EVANGELIUM
2959 2879 3139 2930 LUCE,
3180 2880 3297 2919 CAP.
3341 2881 3454 2920 XVI.

2305 2976 2323 3009 ι
2359 2957 2533 3013 Ilomo
2572 2956 2791 3027 quidam
2830 2963 2947 3011 erat
2983 2956 3154 3021 dives,
3178 2955 3270 3026 qui
3315 2956 3636 3012 induebatur
3678 2971 3778 3027 pur-

2234 3068 2253 3101 ι
2290 3064 2423 3120 pura
2446 3055 2503 3104 et
2538 3048 2720 3119 bysso.
2753 3046 2821 3102 Et
2848 3047 3171 3118 epulabatur
3222 3048 3468 3117 quotidie
3520 3048 3775 3119 splendide.

2233 3160 2252 3193 ι
2289 3141 2357 3196 Ει
2391 3148 2511 3195 erat
2550 3139 2770 3209 quidam
2821 3138 3100 3194 mendicus
3145 3140 3363 3196 nomine
3415 3141 3671 3208 Lazarus,
3704 3140 3777 3211 qui

2236 3251 2255 3283 ι
2280 3229 2498 3301 iacebat
2526 3231 2594 3285 ad
2618 3230 2841 3302 ianuam
2866 3227 2979 3298 eius
3009 3229 3281 3286 ulceribus
3315 3231 3509 3303 plenus
3532 3274 3546 3299 ,
3585 3232 3777 3301 cupiens

2231 3342 2250 3375 ‹
2281 3322 2514 3379 saturari
2549 3323 2615 3378 de
2637 3323 2815 3388 micis,
2838 3337 2958 3392 qua:
2987 3322 3251 3378 cadebant
3278 3324 3342 3379 de
3369 3326 3573 3381 mensis
3604 3324 3776 3385 divitis,

2231 3433 2249 3466 ι
2283 3422 2339 3469 et
2371 3429 2530 3469 nemo
2566 3413 2644 3468 illi
2674 3414 2855 3469 dabat.
2908 3412 3014 3468 Sed
3038 3423 3092 3468 et
3120 3430 3283 3470 canes
3306 3417 3595 3473 veniebant
3620 3423 3670 3471 et
3698 3414 3777 3468 lin-

2230 3525 2248 3557 ι
2284 3508 2484 3579 gebant
2510 3506 2690 3562 ulcera
2721 3505 2860 3575 eius.
2884 3505 3109 3562 Factum
3133 3518 3216 3563 est
3236 3517 3444 3575 autem,
3473 3517 3530 3565 ut
3572 3522 3777 3563 morere-

2230 3617 2249 3650 ι
2290 3606 2377 3652 tur
2410 3598 2708 3665 mendicus,
2740 3606 2794 3654 et
2841 3607 3149 3670 portantur
3197 3601 3265 3655 ab
3290 3602 3499 3675 angelis
3539 3601 3591 3655 in
3630 3599 3776 3655 sinum

2230 3708 2248 3741 ι
2285 3689 2537 3745 Abrahae.
2577 3689 2819 3745 Mortuus
2869 3701 2955 3745 est
2988 3702 3169 3747 autem
3202 3700 3257 3747 et
3286 3692 3459 3758 dives,
3488 3701 3541 3747 et
3572 3688 3778 3761 sepultus

2230 3801 2249 3833 ι
2283 3790 2364 3837 est
2388 3782 2442 3837 in
2466 3781 2698 3838 inferno.
2748 3781 2984 3838 Elevans
3013 3792 3193 3838 autem
3230 3784 3414 3840 oculos
3446 3801 3568 3841 suos
3589 3799 3697 3838 cum
3715 3794 3777 3833 cs-

2230 3891 2248 3923 ι
2283 3880 2366 3928 set
2400 3874 2454 3928 in
2500 3874 2815 3940 tormentis,
2854 3874 2987 3930 vidit
3013 3874 3289 3930 Abraham
3320 3892 3350 3931 a
3378 3876 3534 3948 longe
3563 3884 3610 3930 et
3639 3872 3778 3927 Laza-

2229 3981 2248 4013 ι
2286 3979 2405 4018 rum
2431 3963 2483 4017 in
2511 3964 2631 4018 sinu
2664 3962 2798 4033 eius.
2850 3964 2919 4019 Et
2962 3966 3076 4035 ipse
3122 3965 3365 4021 clamans
3420 3968 3555 4023 dixit
3589 3986 3600 4019 :
3642 3965 3778 4020 Pater

2229 4072 2247 4105 ι
2281 4053 2579 4121 Abraham,
2608 4055 2869 4111 miserere
2906 4058 3033 4123 mei,
3074 4066 3130 4111 et
3154 4059 3307 4112 mitte
3333 4057 3614 4125 Lazarum,
3636 4065 3687 4111 ut
3712 4055 3775 4108 in-

2228 4166 2246 4197 ι
2287 4148 2458 4219 tingat
2496 4156 2801 4204 extremum
2830 4148 2982 4220 digiti
3016 4149 3097 4204 sui
3147 4149 3200 4203 in
3243 4165 3463 4220 aquam,
3490 4159 3549 4205 ut
3586 4147 3776 4220 refrige-

2228 4258 2247 4289 ι
2287 4248 2369 4296 ret
2405 4240 2641 4312 linguam
2666 4256 2841 4295 meam
2868 4282 2884 4307 ,
2944 4241 3070 4311 quia
3103 4242 3316 4299 crucior
3348 4243 3401 4297 in
3425 4243 3527 4301 hac
3569 4241 3771 4298 ﬂamma.

2228 4352 2245 4383 ι
2281 4332 2350 4389 Ει
2377 4332 2511 4387 dixit
2539 4333 2617 4387 illi
2644 4333 2920 4390 Abraham
2948 4352 2961 4390 :
2988 4333 3093 4389 Fili
3131 4333 3455 4404 recordare,
3497 4336 3617 4407 quia
3647 4347 3774 4388 rece-

2228 4444 2245 4476 ι
2280 4426 2406 4496 pisti
2430 4426 2573 4481 bona
2601 4426 2656 4480 in
2708 4428 2816 4481 vita
2843 4434 2956 4493 tua,
2986 4435 3042 4482 et
3075 4427 3318 4484 Lazarus
3359 4429 3601 4486 similiter
3633 4422 3769 4481 mala.

2227 4536 2245 4568 ι
2281 4517 2435 4572 Nunc
2461 4527 2644 4573 autem
2673 4519 2763 4574 hic
2786 4519 3127 4589 consolatur,
3168 4531 3225 4577 tu
3254 4539 3382 4579 vero
3408 4522 3676 4580 cruciaris.
3718 4516 3772 4572 Et

2226 4630 2244 4662 ι
2285 4610 2338 4675 in
2384 4609 2470 4665 his
2498 4611 2748 4668 omnibus
2798 4612 2942 4668 inter
2981 4629 3081 4669 nos
3110 4622 3166 4670 et
3211 4632 3308 4671 vos
3350 4618 3513 4673 chaos
3549 4624 3770 4683 magnum

2225 4720 2243 4753 ι
2283 4701 2555 4765 ﬁrmatum
2606 4711 2709 4769 est,
2740 4703 2817 4758 ita
2865 4712 2923 4758 ut
2947 4705 3001 4760 bi
3055 4706 3147 4776 qui
3185 4704 3372 4764 volunt
3406 4709 3532 4765 hinc
3571 4703 3771 4761 transire

2226 4812 2243 4845 ι
2279 4794 2346 4857 ad
2381 4809 2476 4849 vos
2496 4810 2603 4849 non
2632 4794 2879 4865 possint,
2931 4811 3108 4867 neque
3133 4798 3259 4855 inde
3287 4799 3393 4856 huc
3446 4808 3769 4855 transmeare.

2225 4903 2242 4935 ι
2282 4884 2348 4949 Et
2374 4884 2485 4938 ait:
2516 4883 2667 4957 Rogo
2689 4901 2819 4958 ergo
2847 4894 2920 4953 te,
2951 4895 3127 4958 pater,
3160 4896 3219 4943 ut
3256 4891 3443 4947 mittas
3469 4906 3585 4946 eum
3610 4889 3659 4944 in
3694 4886 3770 4941 do.
3892 4890 3893 4957 \

2225 4994 2243 5026 ι
2282 4991 2430 5031 mum
2451 4976 2626 5047 patris
2655 4977 2780 5032 mei.
2817 4977 3003 5035 Habeo
3034 4980 3178 5035 enim
3207 4983 3443 5052 quinque
3472 4982 3654 5037 fratres
3673 5019 3687 5045 ,
3722 4982 3771 5030 ιιι

2225 5085 2243 5117 ι
2280 5075 2511 5131 testetur
2531 5067 2659 5135 illis,
2686 5085 2755 5125 ne
2780 5078 2836 5124 et
2862 5070 2965 5141 ipsi
3003 5071 3220 5133 veniant
3244 5072 3298 5127 in
3325 5072 3498 5129 locum
3520 5074 3652 5128 hunc
3680 5077 3771 5125 tore

2223 5178 2241 5210 ι
2273 5168 2598 5217 mentorum.
2637 5160 2706 5215 Et
2740 5161 2816 5225 ait
2846 5161 2919 5219 illi
2944 5159 3222 5226 Abraham
3249 5182 3261 5219 :
3290 5163 3501 5220 Habent
3536 5162 3700 5217 Mosen
3724 5165 3768 5211 ct

2222 5272 2241 5304 ι
2273 5253 2567 5324 prophetas
2602 5270 2617 5308 :
2648 5253 2870 5309 audiant
2900 5253 3037 5309 illos.
3068 5253 3137 5317 At
3169 5255 3255 5321 ille
3293 5255 3461 5311 dixit:
3491 5255 3601 5310 Non
3638 5257 3768 5321 pater

2221 5362 2240 5395 ι
2274 5343 2566 5410 Abraham,
2597 5345 2689 5401 sed
2720 5345 2766 5400 si
2798 5345 2921 5414 quis
2943 5361 3006 5409 ex
3032 5346 3263 5412 mortuis
3297 5345 3421 5403 ierit
3440 5348 3506 5402 ad
3543 5360 3646 5409 eos,
3672 5352 3769 5411 ρω-

2227 5453 2244 5486 ι
2279 5435 2562 5493 nitentium
2594 5444 2773 5508 agent.
2804 5436 2897 5491 Ait
2923 5445 3104 5493 autem
3156 5438 3232 5495 illi
3259 5458 3271 5493 :
3313 5440 3369 5503 Si
3400 5440 3574 5497 Mosen
3594 5445 3645 5492 et
3665 5444 3765 5504 pro-

2228 5545 2246 5579 ι
2282 5528 2474 5597 phetas
2510 5544 2618 5583 non
2653 5529 2899 5595 audiunt,
2925 5544 3102 5600 neque
3129 5529 3174 5585 si
3204 5533 3328 5602 quis
3355 5548 3422 5588 cx
3448 5527 3664 5588 mortuis
3692 5536 3763 5578 re-

2228 5636 2246 5669 ι
2277 5620 2597 5685 surrexerit,
2621 5621 2863 5676 credent.
2904 5640 2921 5671 ι

2294 5708 2465 5764 IIomo
2513 5712 2727 5780 quidam
2757 5722 2867 5766 erat
2916 5712 3076 5779 dives,
3122 5723 3223 5770 etc.
3257 5714 3356 5786 (Ex
3385 5711 3564 5782 Beda.)
3591 5709 3755 5779 Purpu

2219 5818 2335 5861 rant
2386 5801 2518 5873 regii
2558 5802 2771 5857 habitus
2803 5819 2921 5858 esse
2956 5803 3190 5860 colorem
3236 5807 3457 5860 marinis
3498 5822 3526 5859 e
3564 5798 3762 5865 υυιιυιιγο
