3978 6426
160 383 270 441 589

980 381 1501 441 COLLECTIONES
1535 383 1605 440 IN
1642 384 2025 441 EPISTOLAS
2064 387 2151 441 ET
2190 387 2602 444 EVANGELIA.

3324 393 3433 449 550

160 496 252 553 liis
294 494 544 559 tinctam,
569 506 731 549 nemo
753 491 869 548 fere
919 498 1006 546 est
1041 492 1134 561 qui
1161 491 1390 547 dubitet.
1435 491 1568 547 Nam
1611 508 1746 549 con—
1770 499 1823 557 Α
1846 500 1974 548 ante
2000 492 2118 565 eius
2143 493 2365 563 ianuam
2413 513 2520 552 non
2550 497 2835 567 iacuisset,
2865 501 2911 556 si
2943 510 3181 558 remotus
3219 503 3434 574 fuisset,

161 587 339 659 cbylia
367 585 519 641 ferro
573 583 893 641 circumcisa
921 583 1192 655 lacrymas
1235 585 1491 654 purpurei
1550 583 1750 640 coloris

162 677 362 749 quibus
403 675 530 731 lana
574 675 813 747 tingatur
861 674 1132 729 emittunt.
1162 674 1387 744 Byssum
1423 687 1555 728 vero
1580 689 1750 744 genus

166 778 254 824 est
274 766 546 835 quoddam
567 756 688 831 lini,
713 764 939 820 nimium
960 763 1179 820 candidi
1201 772 1257 818 et
1271 763 1751 833 mollissimi,quod

167 860 339 915 Graeci
375 859 636 915 παπ-ἄτιον
658 864 872 912 vocant.
922 854 1293 910 Admonuerat
1315 868 1445 924 ergo
1491 851 1752 908 Dominus

164 966 328 1022 supra
352 950 534 1005 facere
545 948 749 1003 amicos
773 943 1496 1014 demammonainiquitatis,
1509 942 1601 1013 qui
1625 957 1751 997 cum

165 1040 239 1094 ab
268 1038 368 1093 hac
384 1036 495 1091 vita
515 1034 893 1099 defecerimus,
924 1033 1189 1101 recipiant
1214 1048 1313 1089 nos
1352 1032 1407 1086 in
1444 1039 1646 1086 aeterna
1670 1037 1753 1085 ta-

170 1127 459 1185 bernacula
478 1145 492 1181 :
511 1126 654 1197 quod
687 1124 971 1179 audientes
989 1122 1250 1178 Pharisaei
1280 1120 1617 1177 deridebant.
1646 1117 1752 1173 Ve-

171 1237 294 1277 rum
323 1222 412 1277 ille
434 1236 558 1291 quae
579 1226 952 1290 proposuerat,
983 1214 1247 1284 exemplis
1283 1222 1536 1269 astruens
1570 1220 1753 1268 osten-

171 1311 274 1375 dit,
308 1310 429 1365 ideo
454 1308 673 1363 divitem
714 1313 1071 1375 purpuratum
1102 1301 1569 1358 irremediabiiiter
1608 1300 1751 1370 apud

172 1398 377 1454 inferos
412 1405 632 1462 tortum,
661 1395 787 1466 quia
822 1408 1117 1465 pauperem
1154 1392 1425 1448 Lazarum
1469 1407 1501 1446 a
1550 1406 1658 1459 quo
1695 1390 1751 1446 in

171 1489 301 1543 vitae
327 1486 669 1544 tabernacula
706 1485 871 1554 recipi
904 1492 1109 1555 posset,
1135 1483 1371 1538 amicum
1406 1481 1511 1537 sibi
1569 1479 1751 1535 facere

172 1581 506 1652 neglexerat.
531 1577 783 1635 Nonnulli
810 1584 990 1631 autem
1038 1583 1229 1645 putant
1247 1581 1513 1645 praecepta
1539 1573 1751 1629 Veteris

172 1670 507 1727 Testamenti
535 1668 859 1725 districtiora
888 1681 1008 1723 esse
1031 1682 1194 1737 quam
1241 1665 1399 1722 Novi.
1426 1665 1533 1720 Sed
1577 1666 1633 1720 hi
1662 1664 1749 1719 ui-

171 1761 373 1815 mirum
422 1757 718 1828 improvida
758 1756 1193 1813 consideratione
1226 1756 1506 1810 falluntur.
1549 1754 1609 1809 in
1661 1754 1751 1809 illo

1849 582 1899 638 si
1921 583 2041 655 eius
2066 584 2245 654 inopia
2270 600 2378 640 non
2403 596 2550 643 esset
2574 589 2693 659 ejus
2735 590 2909 645 oculis
2932 592 3259 661 importuna.
3293 594 3437 651 Rur-

1849 689 1943 729 sus
1964 673 2012 729 si
2042 672 2201 744 longe
2239 684 2386 731 esset
2412 677 2563 733 dives
2585 679 2653 734 ab
2674 681 2848 736 oculis
2874 682 3107 739 ulcerosi
3153 688 3431 756 pauperis,

1848 766 2115 822 minorem
2148 766 2438 824 tolerasset
2448 772 2803 828 tentationem
2818 790 3025 844 pauper
3048 778 3101 832 in
3116 779 3318 843 animo,
3340 781 3435 834 sed

1850 856 1978 913 dum
2005 871 2234 929 egenum
2251 868 2307 915 et
2325 859 2630 917 ulceratum
2661 869 2788 919 ante
2810 861 3032 932 ianuam
3062 867 3246 923 divitis
3263 878 3318 924 et
3344 872 3454 939 (ie--

1850 947 1996 1004 liciis
2027 948 2335 1006 afﬂuentem
2370 953 2572 1022 posuit,
2603 955 2659 1008 in
2694 970 2802 1010 una
2850 957 3152 1027 eademque
3178 974 3260 1023 re,
3283 968 3339 1014 et
3367 975 3436 1015 ex

1848 1036 2059 1094 visione
2106 1041 2362 1111 pauperis
2420 1057 2528 1098 non
2581 1044 2906 1111 miscrentis,
2949 1046 3101 1101 diviti
3158 1049 3434 1103 cumulum

1851 1128 2227 1187 damnationis.
2268 1133 2474 1201 intulit,
2526 1144 2583 1190 et
2631 1152 2849 1193 rursum
2899 1153 2966 1193 ex
3010 1138 3221 1205 visione
3255 1140 3438 1196 divitis

1851 1225 2117 1274 tentatum
2156 1222 2398 1291 quotidie
2424 1239 2719 1294 pauperem
2748 1227 3015 1297 probavit,
3048 1229 3135 1283 cui
3159 1239 3309 1286 certe
3336 1247 3435 1301 po-

1854 1314 1996 1363 terat
2020 1308 2091 1363 ad
2119 1323 2333 1380 pinnam
2375 1311 2621 1368 subicere
2647 1325 2960 1388 paupertas,
2994 1318 3156 1373 etiam
3197 1321 3243 1374 si
3270 1336 3436 1376 sanus

1850 1396 2062 1454 fuisset.
2092 1399 2337 1456 Rursum
2357 1402 2659 1460 suffecisset
2682 1407 2965 1476 agritudo,
2990 1409 3156 1464 etiam
3184 1411 3229 1464 si
3257 1412 3438 1465 subsi-

1850 1490 1999 1545 dium
2025 1492 2263 1548 adesset.
2302 1492 2409 1549 Sed
2451 1503 2510 1550 ut
2547 1497 2871 1566 probaretur
2923 1500 3154 1570 amplius
3205 1517 3431 1572 pauper,

1851 1580 2010 1636 simul
2041 1583 2185 1640 hunc
2212 1593 2267 1639 et
2287 1596 2578 1656 paupertas
2604 1596 2659 1643 et
2685 1590 2948 1661 aegritudo
2976 1592 3252 1660 tabefecit,
3274 1603 3436 1665 atque

1851 1671 2073 1741 insuper
2090 1674 2310 1729 videbat
2337 1675 2716 1746 procedentem
2750 1678 2972 1734 divitem
3022 1683 3210 1737 cuneis
3252 1682 3435 1739 fulciri

1850 1762 2291 1832 obsequentihus,
2329 1773 2384 1820 et
2424 1779 2484 1820 se
2514 1765 2566 1819 in
2594 1766 2910 1827 inﬁrmitate
2941 1776 2998 1826 et
3022 1770 3202 1841 inopia
3229 1789 3260 1827 a
3288 1775 3436 1830 nullo

170 1850 318 1905 enim
352 1848 733 1914 non.tenacia,
758 1849 852 1903 sed
888 1849 1075 1919 rapina
1115 1848 1400 1913 multatur,
1432 1848 1505 1902 ibi
1538 1862 1627 1901 res
1667 1847 1752 1902 in-
1778 1858 1827 1917 Β
1854 1850 2085 1905 visitari.
2113 1851 2246 1906 Nam
2293 1854 2422 1923 quia
2450 1869 2610 1910 nemo
2638 1857 2689 1912 ei
2728 1859 2795 1913 ad
2845 1859 3174 1917 visitandum
3227 1864 3434 1931 aderat,

164 1941 314 2012 iuste
338 1939 545 1996 sublata
582 1940 921 1995 restitutione
947 1938 1229 2009 quadrupli
1261 1939 1502 2008 punitur.
1534 1936 1633 1991 llic
1661 1952 1753 1991 au-

174 2039 287 2086 tem
323 2028 474 2084 dives
500 2029 620 2094 iste,
649 2044 754 2083 non
781 2028 1069 2083 abstulisse
1090 2028 1268 2083 aliena
1313 2026 1750 2096 reprehenditur,

172 2120 270 2176 sed
298 2119 515 2191 propria
539 2134 645 2173 non
668 2118 878 2173 dedisse
903 2135 918 2184 ;
965 2132 1066 2173 nec
1095 2116 1297 2172 dicitur
1320 2117 1448 2187 quia
1472 2116 1524 2170 vi
1566 2130 1754 2187 quem-

172 2210 320 2281 piam
346 2209 634 2280 oppressit,
655 2208 750 2263 sed
782 2208 909 2279 quia
949 2208 1003 2263 in
1036 2207 1274 2278 acceptis
1324 2207 1487 2263 rebus
1514 2222 1574 2263 se
1600 2214 1756 2262 extu-

173 2301 256 2356 lit.
288 2300 425 2356 liinc
439 2315 590 2371 ergo,
622 2300 747 2356 hinc
774 2315 1118 2371 summopere
1139 2299 1496 2369 colligendum
1521 2308 1623 2364 est,
1649 2315 1755 2369 qua

172 2406 333 2460 pinna
359 2389 664 2445 multandus
715 2389 814 2455 sit,
855 2389 949 2461 qui
976 2389 1150 2445 aliena
1196 2388 1410 2460 diripit,
1459 2389 1504 2444 si
1556 2388 1755 2445 inferni

173 2484 525 2540 damnatione
548 2483 848 2552 percutitur
866 2523 882 2549 ,
917 2482 1009 2553 qui
1031 2481 1247 2553 propria
1274 2498 1384 2537 non
1418 2481 1662 2552 largitur.
1689 2481 1757 2536 Et

175 2583 305 2631 sunt
328 2575 564 2631 nonnulli
606 2575 696 2645 qui
727 2573 932 2630 cultum
961 2573 1241 2629 subtilium
1289 2575 1758 2644 pretiosarumque

175 2666 409 2722 vestium
438 2681 543 2720 non
567 2673 759 2737 putant
806 2680 926 2721 esse
958 2673 1258 2735 peccatum.
1304 2665 1457 2734 Quod
1483 2666 1529 2720 si
1569 2666 1756 2720 videli-

174 2767 269 2817 cet
290 2758 443 2830 culpa
466 2775 572 2814 non
592 2765 757 2825 esset,
783 2772 1123 2829 nequaquam
1153 2771 1331 2813 sermo
1371 2757 1468 2811 Dei
1489 2764 1598 2810 tam
1620 2756 1756 2827 vigi-

176 2852 354 2908 lanter
372 2852 716 2922 exprimeret,
737 2851 882 2921 quod
908 2851 1057 2906 dives
1079 2849 1171 2919 qui
1194 2856 1477 2919 torquetur
1504 2849 1646 2918 apud
1674 2849 1756 2903 in-

176 2942 341 3007 feros,
378 2943 538 3013 bysso
558 2948 615 2997 et
639 2957 872 3013 purpura
900 2940 1121 2996 indutus
1141 2939 1354 3004 fuisset,
1380 2954 1539 2995 nemo
1560 2939 1761 3009 quippe

177 3034 499 3091 vestimenta
517 3033 807 3103 praecipua,
823 3032 927 3087 nisi
953 3031 1022 3087 ad
1049 3032 1267 3087 inanem
1289 3030 1515 3101 gloriam
1543 3029 1753 3099 quaerit.

179 3124 436 3182 Videlicet
459 3132 520 3178 ut
538 3122 907 3178 honorabilior
931 3121 1141 3177 caeteris
1164 3136 1283 3176 esse
1304 3121 1757 3199 videatur,.quam

176 3215 387 3285 cuipam
415 3226 702 3286 possumus
729 3211 921 3268 melius
949 3212 1111 3267 etiam
1139 3225 1208 3265 ex
1233 3210 1447 3265 diverso
1475 3208 1745 3278 colligere,
1777 3201 1822 3263 C

174 3306 303 3377 quia
328 3306 373 3361 si
412 3303 642 3374 aliieetio
685 3304 808 3376 vilis
856 3302 1158 3359 indumenti
1192 3301 1365 3356 virtus
1421 3314 1529 3356 non
1575 3306 1747 3363 esset,

176 3395 516 3468 Evangelista
530 3397 597 3452 de
611 3396 817 3451 Joanne
842 3412 949 3450 non
977 3395 1212 3451 diceret:
1229 3394 1362 3448 Erat
1384 3392 1602 3448 indutus
1628 3391 1754 3464 pilis

175 3488 525 3544 camelorum.
558 3487 664 3544 Sed
698 3488 992 3544 notandum
1031 3486 1186 3542 nobis
1210 3500 1535 3556 magnopere
1557 3491 1675 3549 est,
1696 3484 1752 3538 in

174 3593 273 3635 ore
293 3579 534 3633 veritatis
560 3579 625 3635 de
647 3578 879 3648 superbo
898 3577 1081 3642 divite,
1097 3584 1153 3632 et
1179 3576 1246 3632 de
1275 3575 1464 3631 humili
1491 3589 1749 3646 paupere,
1778 3638 1787 3647 _

174 3678 409 3740 quantus
460 3669 533 3725 sit
587 3669 719 3724 ordo
754 3667 1099 3723 narrationis.
1158 3666 1297 3721 Ecce
1334 3665 1479 3721 enim
1514 3665 1748 3721 dicitur:

178 3759 351 3815 Homo
371 3760 585 3832 quidam
612 3770 723 3815 erat
747 3759 911 3815 diues.
941 3759 1009 3813 Et
1028 3758 1274 3829 protinus
1300 3757 1585 3813 subditur:

249 3851 316 3906 Et
343 3862 456 3906 erat
493 3850 708 3918 quidam
739 3850 1031 3917 mendicus,
1074 3850 1281 3903 nomine
1305 3848 1566 3906 Lazarus.
1595 3848 1754 3904 Certe

176 3944 231 3997 in
263 3942 456 4014 populo
501 3943 676 3998 solent
712 3942 928 3996 nomina
974 3941 1196 3997 divitum
1225 3940 1345 4011 plus
1373 3955 1534 4011 quam
1560 3955 1757 4011 paupe-

176 4050 298 4089 rum
325 4035 473 4090 sciri.
499 4034 639 4103 Quid
665 4042 752 4091 est
787 4049 938 4105 ergo,
961 4034 1105 4103 quod
1126 4032 1386 4089 Dominus
1412 4033 1477 4089 de
1517 4046 1755 4102 pattpere

174 4135 231 4180 et
259 4125 423 4181 divite
460 4125 683 4181 verbum
736 4123 959 4190 faciens,
1013 4139 1210 4179 nomen
1235 4122 1488 4193 pauperis
1517 4122 1668 4187 dicit,
1699 4132 1754 4178 ct

175 4234 375 4274 nomen
419 4218 603 4274 divitis
651 4233 756 4274 non
810 4216 964 4281 dicit,
1021 4215 1124 4270 nisi
1171 4214 1317 4285 quod
1357 4213 1497 4268 Deus
1524 4213 1755 4269 humiles

176 4309 348 4373 novit,
374 4316 536 4379 atque
570 4307 848 4379 approbat,
873 4314 928 4361 et
962 4305 1222 4376 superbos
1252 4304 1481 4374 ignorat.
1515 4303 1669 4360 Unde
1698 4312 1756 4358 et

174 4399 496 4468 quibusdam
535 4399 602 4453 de
645 4397 1028 4455 miraculorum
1057 4396 1256 4450 virtute
1295 4393 1751 4465 superhientibus,

175 4492 234 4547 in
279 4491 384 4547 line
429 4491 669 4548 dicturus
697 4498 781 4547 est
818 4505 835 4553 ;
865 4489 1056 4545 Nescio
1097 4505 1185 4544 uos
1215 4488 1351 4543 unde
1387 4488 1502 4543 sitis
1530 4486 1745 4560 (Matt/1.

175 4579 297 4651 vn).
334 4580 602 4640 Discedite
630 4596 661 4637 a
686 4595 791 4646 me,
818 4594 1007 4639 omnes
1044 4578 1297 4650 operarii
1327 4577 1647 4649 iniquitatis.
1678 4578 1751 4634 At

175 4678 368 4731 contra
397 4669 531 4733 Mosi
559 4671 759 4725 dicitur
790 4687 803 4724 :
838 4670 977 4725 Novi
1001 4679 1050 4725 te
1079 4685 1143 4724 ea:
1176 4669 1382 4724 nomine
1414 4668 1610 4740 (Exod.
1642 4672 1750 4742 ιιι).

176 4762 269 4817 Ait
290 4775 419 4833 ergo
439 4762 506 4821 de
533 4762 699 4823 divite
724 4779 737 4815 :
764 4759 937 4819 Homo
957 4760 1203 4831 quidani;
1225 4760 1293 4814 de
1316 4773 1554 4831 paupere
1578 4776 1591 4812 :
1622 4760 1755 4831 Ege-

178 4869 278 4908 nas
314 4853 520 4914 nomine
565 4852 844 4920 Lazarus;
876 4867 942 4908 ac
970 4852 1016 4906 si
1042 4858 1227 4921 aperte
1253 4852 1418 4917 dicat,
1463 4865 1749 4923 pauperem

178 4942 439 4999 humilem
459 4944 591 5008 scio,
617 4945 906 5014 superbum
934 4943 1157 5006 divitem
1178 4943 1380 5004 nescio.
1407 4943 1556 4999 illum
1578 4942 1756 5013 cogni-

180 5043 295 5088 tum
334 5048 432 5103 per
458 5033 900 5109 approbationem
935 5033 1132 5100 habeo,
1181 5033 1326 5089 hunc
1362 5049 1461 5105 per
1487 5033 1751 5105 judicium

179 5125 577 5195 reprobationis
602 5126 810 5197 ignoro.

253 5216 358 5284 Qui
393 5216 607 5287 jacebat
659 5218 728 5271 ad
771 5217 1000 5288 ianuam
1045 5217 1181 5288 ejus,
1235 5216 1497 5272 ulceribus
1548 5217 1752 5288 plenus,

177 5306 394 5379 cupiens
423 5307 656 5362 saturari
700 5306 765 5361 de
807 5308 976 5373 micis,
1027 5323 1146 5378 qua:
1196 5306 1450 5361 cadebant
1480 5307 1544 5361 de
1574 5324 1757 5362 mensa

176 5398 380 5466 divitis,
410 5398 501 5455 sed
551 5406 600 5452 et
648 5414 802 5453 canes
847 5397 1113 5453 veniebant
1147 5404 1197 5454 et
1243 5396 1507 5467 lingebant
1539 5396 1756 5454 vulnera

176 5498 314 5568 ejus.
360 5494 560 5552 Plenus
586 5494 860 5551 ulceribus
896 5493 1179 5548 mendicus
1218 5492 1475 5556 Lazarus,
1509 5500 1634 5546 ante
1672 5489 1759 5546 Ja-

1774 4545 1827 4605 D

1856 1949 2126 1996 testantur
2147 1958 2326 2009 canes,
2370 1945 2465 2014 qui
2492 1945 2720 2003 licenter
2758 1949 2984 2004 vulnera
3019 1950 3316 2023 lingebant.
3352 1955 3432 2009 Ex

1851 2049 1958 2088 una
1979 2050 2107 2105 ergo
2133 2050 2213 2102 re,
2243 2037 2586 2108 omnipotens
2614 2039 2778 2104 Deus,
2807 2039 2915 2095 duo
2934 2039 3136 2109 iudicia
3164 2044 3430 2108 exhibuit,

1854 2125 1985 2182 dum
2008 2127 2276 2181 Lazarum
2304 2142 2599 2198 pauperem
2628 2137 2754 2186 ante
2785 2131 3008 2202 ianuam
3039 2132 3224 2190 divitis
3252 2134 3438 2204 jacere

1853 2215 2120 2284 permisit,
2151 2224 2210 2270 ut
2239 2224 2296 2272 ct
2321 2217 2474 2273 dives
2499 2217 2716 2289 impius,
2739 2219 3105 2277 damnationis
3140 2222 3243 2278 sibi
3274 2239 3438 2294 auge-

1854 2311 1939 2359 ret
1967 2304 2246 2362 ultionem.

1928 2393 2151 2450 Factum
2190 2406 2265 2451 est
2288 2407 2464 2451 autem
2488 2408 2545 2452 ut
2570 2408 2869 2453 moreretur
2890 2401 3201 2467 mendicus,
3217 2410 3267 2457 et
3305 2419 3433 2474 por-

1855 2495 2057 2542 taretur
2101 2488 2166 2542 ab
2202 2488 2401 2560 angelis
2431 2490 2486 2543 in
2536 2490 2708 2545 sinum
2762 2491 3007 2547 Abrahae.
3068 2494 3312 2550 Mortuus
3358 2505 3436 2551 est

1856 2586 2032 2632 autem
2071 2588 2118 2632 et
2153 2578 2311 2641 diues,
2362 2589 2410 2634 et
2441 2580 2675 2650 sepultus
2715 2591 2790 2637 est
2825 2583 2879 2636 in
2907 2582 3133 2653 inferno.
3175 2583 3277 2656 (Ex
3328 2587 3439 2641 Au-

1856 2667 2026 2741 gust.)
2075 2668 2240 2725 Sinus
2262 2671 2496 2728 Abrahae
2526 2674 2740 2744 requies
2773 2683 2857 2729 est
2907 2675 3191 2731 beatorum
3229 2694 3459 2750 paupe-'

1858 2773 2001 2823 rum,
2032 2772 2263 2827 quorum
2295 2766 2381 2814 est
2418 2774 2645 2829 regnum
2680 2761 2962 2827 calorum,
3015 2779 3122 2834 quo
3146 2774 3267 2835 post
3294 2768 3435 2824 hanc

1856 2849 2021 2904 vitam
2068 2851 2425 2921 recipiuntur.
2455 2851 2739 2922 Sepultura
2769 2853 2966 2909 inferni
2992 2869 3277 2924 pmnarum
3306 2874 3435 2928 pro-

1856 2937 2116 3006 funditas,
2154 2955 2276 3010 quze
2298 2941 2561 3011 superbos
2580 2950 2635 2995 et
2668 2941 3124 3001 immisericordes
3148 2954 3270 3016 post
3297 2948 3437 3003 hanc

1855 3031 2021 3085 vitam
2052 3032 2296 3088 devorat.

1927 3126 2152 3182 Elevans
2178 3136 2352 3181 autem
2383 3126 2560 3181 oculos
2588 3143 2711 3182 suos
2751 3143 2872 3182 cum
2902 3136 3034 3182 esset
3057 3129 3434 3193 iri-tormentis,

1851 3218 1980 3287 uidit
2012 3218 2277 3273 Abraham
2317 3236 2350 3273 α
2387 3217 2554 3289 longe,
2596 3227 2645 3273 et
2676 3217 2940 3272 Lazarum
2964 3219 3019 3273 in
3047 3219 3167 3273 sinu
3208 3218 3346 3288 ejus,
3387 3229 3435 3272 et

1851 3312 1962 3382 ipse
1995 3310 2231 3365 clamans
2252 3310 2388 3364 dixit
2416 3326 2434 3364 :
2458 3306 2621 3364 Pater
2649 3309 2937 3374 Abraham,
2966 3309 3211 3363 miserere
3253 3308 3355 3363 mei
3385 3319 3435 3363 et

1851 3400 1995 3454 mitte
2045 3399 2331 3465 Lazarum,
2366 3408 2425 3453 ut
2464 3399 2691 3471 intingat
2746 3409 3043 3454 extremm
3067 3398 3216 3469 digiti
3258 3399 3342 3452 sui
3380 3401 3436 3453 in

1851 3509 2043 3563 aquam
2071 3501 2120 3546 et
2152 3492 2422 3563 refrigeret
2467 3490 2703 3562 linguam
2745 3507 2934 3556 meam,
2965 3491 3089 3561 quia
3133 3491 3338 3544 crucior
3383 3492 3436 3545 in

1852 3582 1950 3636 hac
1978 3583 2215 3652 ﬂamma.
2236 3581 2283 3637 Ο
2303 3589 2506 3652 quanta
2524 3589 2610 3637 est
2634 3581 2942 3638 sublimitas
2954 3579 3280 3650 iudiciorum
3299 3580 3395 3635 Dei
3416 3583 3429 3635 ι

1851 3690 1885 3729 ο
1914 3690 2076 3743 quam
2118 3673 2364 3729 districte
2389 3674 2568 3745 agitur
2598 3675 2859 3730 bonorum
2887 3684 3105 3730 actuum
3143 3673 3438 3729 maiorum-

1853 3781 1959 3835 que
1996 3767 2321 3822 retributio!
2367 3765 2530 3821 Certe
2577 3767 2825 3836 superius
2853 3766 3057 3822 dictum
3083 3775 3188 3832 est,
3219 3767 3345 3836 quia
3383 3767 3437 3820 in

1852 3856 1955 3912 hac
1992 3857 2104 3911 vita
2138 3856 2380 3913 Lazarus
2426 3857 2682 3912 cadentes
2727 3858 2899 3913 micas
2925 3858 2993 3912 de
3026 3871 3212 3912 mensa
3257 3857 3439 3913 divitis

1853 3949 2147 4018 quaerebat,
2181 3956 2237 4002 et
2280 3963 2439 4004 nemo
2478 3948 2555 4002 illi
2584 3949 2766 4004 dabat.
2792 3948 2945 4004 Nunc
2971 3950 3037 4005 de
3059 3949 3324 4020 supplicio
3354 3951 3439 4005 di-

1852 4040 1979 4095 vitis
2007 4041 2224 4106 dicitur,
2255 4040 2381 4110 quia
2404 4041 2471 4096 de
2489 4049 2736 4097 extremo
2767 4042 2934 4111 digito
2958 4039 3155 4096 Lazari
3185 4040 3437 4095 distillari

1853 4151 2046 4205 aquam
2082 4136 2137 4190 in
2180 4150 2276 4191 ore
2297 4151 2396 4191 suo
2424 4137 2780 4207 concupiscit.
2812 4137 2913 4204 Qui
2938 4152 3068 4207 ergo
3104 4153 3305 4192 mensa:
3328 4153 3441 4192 sum

1853 4226 1938 4281 vel
1972 4225 2195 4280 minima
2244 4225 2376 4281 dare
2414 4225 2609 4289 noluit,
2644 4226 2698 4280 in
2744 4226 2956 4281 inferno
3000 4227 3229 4297 positus,
3266 4242 3437 4296 usque

1854 4314 1920 4369 ad
1940 4314 2160 4368 minima
2190 4314 2480 4382 qutcrenda
2505 4315 2779 4384 pervenit.
2815 4314 2920 4370 Sed
2951 4315 3440 4371 notandumevalde

1851 4412 1960 4471 est,
2002 4404 2131 4473 quid
2173 4404 2246 4459 sit
2295 4403 2440 4473 quod
2479 4405 2633 4461 dives
2675 4405 2731 4459 in
2765 4405 2889 4477 igne
2936 4406 3163 4475 positus,
3201 4406 3438 4477 linguam

1857 4512 2011 4551 suam
2038 4495 2349 4565 refrigerari
2380 4496 2537 4566 petit.
2582 4496 2696 4551 Mos
2720 4497 2917 4568 quippe
2943 4506 3026 4553 est
3047 4498 3187 4551 sacri
3216 4497 3438 4567 eloquii,

1854 4594 1917 4640 ut
1951 4584 2243 4655 aliquando
2284 4584 2431 4642 aliud
2473 4586 2641 4653 dicat,
2683 4586 2776 4642 sed
2804 4601 2868 4642 ex
2899 4587 3089 4642 eodem
3120 4588 3265 4643 dicto
3293 4588 3439 4643 aliud

1857 4680 2065 4736 innuat.
2093 4678 2358 4750 Superius
2383 4688 2565 4734 autem
2595 4680 2740 4735 hunc
2769 4682 3059 4750 superbum
3084 4681 3305 4735 divitem
3336 4682 3441 4734 Dn-

1855 4769 2037 4825 minus
2063 4786 2168 4825 non
2192 4769 2515 4839 loquacitate
2546 4779 2853 4836 vacantem,
2882 4772 3117 4835 dixerat,
3140 4773 3233 4828 sed
3255 4790 3442 4844 supcr-

1855 4861 1958 4917 iiue
1985 4861 2381 4927 convivantcm.
2422 4862 2612 4933 Neque
2636 4864 2780 4919 hunc
2810 4865 2878 4919 de
2907 4864 3233 4936 loquacitate
3254 4882 3441 4922 narra-

1854 4951 1952 5015 vit,
1984 4952 2080 5006 sed
2125 4967 2247 5006 cum
2284 4952 2524 5009 elatione
2559 4962 2616 5008 et
2652 4954 2865 5009 tenacia
2905 4954 2972 5010 de
3002 4955 3268 5011 edacitate
3317 4972 3444 5026 pec-

1857 5056 2031 5097 casse.
2082 5039 2189 5095 Sed
2232 5041 2356 5110 quia
2406 5041 2682 5097 abundare
2737 5043 2793 5097 in
2841 5043 3104 5099 conviviis
3144 5044 3444 5114 loquacitas

1858 5131 1991 5185 solet
2012 5170 2028 5189 .
2067 5131 2115 5184 is
2156 5130 2248 5200 qui
2288 5131 2379 5185 hic
2421 5130 2560 5185 male
2584 5132 2902 5187 convivatus
2928 5132 3151 5198 dicitur,
3182 5134 3323 5203 apud
3354 5136 3441 5188 in«

1861 5220 2003 5275 feros
2027 5220 2245 5291 gravius
2275 5220 2327 5274 in
2357 5219 2539 5291 liiigua
2570 5219 2761 5276 ardere
2804 5222 3137 5291 perhibetur.
3181 5221 3287 5278 Sed
3316 5239 3438 5278 cum

1862 5312 2011 5382 gravi
2054 5311 2209 5365 valde
2250 5326 2449 5380 pavore
2476 5314 2812 5380 pensandum
2847 5322 2951 5379 est,
2994 5314 3138 5384 quod
3173 5315 3437 5384 sequitur.

1932 5404 2003 5458 Et
2031 5403 2162 5457 dixit
2204 5401 2281 5456 illi
2326 5402 2589 5455 Abraham
2618 5417 2636 5455 :
2673 5402 2803 5469 Fili,
2834 5406 3124 5469 recordare,
3157 5404 3281 5476 quia
3302 5421 3443 5460 rece-

1860 5498 1982 5567 pisti
2003 5497 2135 5550 bona
2166 5496 2218 5548 in
2249 5495 2352 5549 vita
2384 5505 2497 5561 tua,
2520 5503 2568 5549 et
2589 5494 2831 5551 Lazarus
2851 5495 3093 5552 similiter
3111 5495 3270 5561 mula,
3303 5512 3443 5551 nunc

179 5606 343 5644 nuam
379 5587 567 5643 divitis
604 5585 775 5656 iacet,
811 5600 918 5655 qua
966 5584 1035 5639 de
1071 5599 1130 5640 re
1179 5599 1306 5650 una,
1360 5584 1620 5639 Dominus
1655 5584 1762 5639 duo
1863 5596 2036 5640 autem
2091 5585 2174 5639 hic
2216 5583 2540 5649 consolatur,
2584 5594 2640 5637 tu
2687 5602 2805 5639 rem
2833 5585 3109 5640 cruciaris.
3132 5584 3271 5639 Ecce
3294 5583 3440 5637 enim

174 5678 376 5749 iudicia
415 5678 670 5750 explevit.
722 5676 1013 5731 ﬂabuisset
1058 5675 1203 5731 enim
1252 5673 1482 5731 fortasse
1528 5676 1761 5745 aliquam
1864 5694 1985 5732 cum
2015 5676 2252 5731 dicitur:
2286 5673 2541 5743 Recepisti
2570 5674 2702 5728 bona
2742 5676 2796 5728 in
2823 5676 3060 5738 rituum,
3090 5674 3440 5728 iudicaturet

178 5773 587 5831 excusationem
621 5771 791 5838 dives,
823 5769 868 5825 si
894 5767 1131 5823 Lazarus
1156 5781 1357 5838 pauper
1382 5776 1434 5822 ct
1462 5769 1758 5834 ulcerosus,
1866 5769 2017 5823 dives
2045 5767 2164 5831 istc,
2195 5773 2247 5817 ct
2285 5762 2410 5817 boui
2449 5763 2650 5833 aliquid
2691 5764 2969 5833 habuisse,
3012 5779 3074 5819 cx
3107 5778 3211 5834 quo
3241 5764 3295 5820 in
3339 5765 3441 5820 hac
