3978 6446
504 405 602 464 851

1779 385 1912 441 SMA
1923 382 2129 438 BACDI
2166 378 2459 437 ABBATIS

3652 372 3767 430 δεδι

507 520 619 573 vita
664 516 803 571 bona
853 509 1132 580 reciperet.
1183 507 1525 571 Rursumque
1563 500 1692 554 dum
1744 498 1814 553 de
1851 496 2062 550 Lazaro
2090 494 2138 553 Α
2236 490 2381 556 Non,
2403 498 2553 560 pater
2570 486 2968 551 Abraham,“
2989 487 3036 541 si
3065 486 3181 556 quis
3209 501 3274 540 ex
3298 487 3527 540 mortuis
3550 485 3763 540 ἔπειαό

507 609 728 670 dicitur,
777 602 905 672 quia
965 598 1171 669 recepit
1221 596 1382 659 mala,
1440 593 1686 664 profecto
1743 598 2077 646 monstratur

507 707 563 752 ct
585 696 855 751 Lazarum
897 689 1155 746 habuisse
1182 686 1381 742 malum
1409 682 1626 754 aliquod
1652 680 1793 750 quod
1819 695 2077 750 purgare-

508 796 613 848 tur,
647 785 741 841 sed
769 781 910 839 mala
937 779 1132 839 Lauri
1159 776 1411 847 purgavit
1440 774 1580 845 ignis
1607 772 1824 841 inopiae,
1855 780 1911 826 et
1933 772 2076 827 bona

506 876 691 931 divitis
723 870 1090 931 remuneravit
1116 869 1345 924 felicitas
1367 864 1698 922 transeuntis
1715 862 1860 917 Viue.

579 964 648 1018 Et
686 964 743 1017 in
769 963 850 1018 his
890 959 1128 1016 omnibus
1156 958 1290 1015 inter
1316 973 1403 1011 ras
1444 963 1493 1008 et
1524 970 1616 1009 nos
1646 953 1804 1006 chaos
1831 968 2076 1022 utagm

507 1054 777 1123 ﬁrmatum
806 1060 905 1116 est,
935 1058 992 1103 ut
1032 1049 1085 1103 hi
1134 1047 1223 1118 qui
1252 1045 1428 1101 uolunt
1461 1045 1583 1098 hinc
1606 1042 1832 1097 transire
1857 1042 1927 1095 ad
1963 1057 2073 1105 vos,

510 1158 614 1198 non
640 1142 861 1212 possint,
903 1155 1066 1210 neque
1110 1137 1232 1193 inde
1256 1137 1358 1190 huc
1397 1144 1741 1189 transmeare.
1771 1133 1884 1198 Qua
1917 1133 1972 1186 in
2020 1146 2081 1186 re

509 1230 667 1287 valde
691 1230 1039 1302 manendum
1067 1237 1173 1292 est,
1217 1227 1487 1297 quomodo
1515 1225 1745 1288 dicatur,
1773 1223 1825 1277 hi
1857 1222 1949 1292 qui
1984 1237 2080 1276 vo-

510 1322 627 1377 lunt
648 1322 717 1376 ad
767 1335 863 1377 vos
892 1319 1125 1375 transire
1160 1334 1268 1373 non
1311 1324 1558 1387 possunt,
1585 1315 1714 1384 quia
1736 1314 1879 1368 enim
1906 1314 1960 1368 hi
1989 1314 2080 1382 qui

510 1413 565 1467 in
593 1410 801 1467 inferno
815 1418 961 1475 sunt,
980 1409 1050 1464 ad
1069 1409 1351 1464 beatorum
1372 1414 1577 1463 sortem
1592 1404 1822 1460 transire
1837 1403 2080 1472 cupiunt,

510 1504 732 1558 dubium
754 1518 866 1557 nou
888 1508 974 1558 est
1004 1518 1018 1553 :
1049 1499 1141 1569 qui
1171 1514 1301 1553 vero
1320 1498 1433 1569 jam
1462 1497 1516 1553 iu
1545 1496 1895 1552 beatitudinis
1936 1503 2084 1549 sorte

511 1593 749 1662 suscepti
782 1598 928 1657 sunt,
972 1604 1080 1659 quo
1106 1598 1266 1658 pacto
1316 1587 1536 1652 dicitur,
1564 1586 1689 1655 quia
1745 1584 1979 1639 transire
2015 1584 2084 1638 ad

511 1697 607 1736 eos
628 1682 719 1750 qui
744 1681 798 1737 in
817 1679 1028 1736 interno
1039 1678 1373 1742 cruciantur,
1395 1677 1603 1732 volunt.
1622 1675 1727 1730 Sed
1747 1676 1888 1730 sicut
1912 1683 2086 1729 trans-

512 1770 593 1826 ire
647 1770 863 1840 reprobi
906 1769 973 1825 ad
1012 1768 1217 1825 electos
1268 1767 1511 1837 cupiunt,
1541 1767 1595 1821 id
1619 1774 1704 1820 est
1729 1781 1761 1819 a
1791 1764 2084 1834 supplicio-

2173 604 2280 652 σοι,
2334 587 2687 658 penitentiam
2732 594 2908 655 agent.
2943 583 3043 639 Cui
3084 598 3210 638 mox
3244 584 3433 638 veraci
3485 583 3765 639 sententia

2174 684 2374 738 dicitur
2390 700 2403 735 :
3376 742 3387 747 ‘

2247 772 2309 828 Si
2352 770 2530 825 Hom
2555 779 2607 824 et
2646 769 2924 840 prophetas
2958 784 3061 822 non
3086 767 3329 831 audiunt,
3364 753 3533 837 neque
3564 768 3613 820 si
3641 766 3767 836 quis

2174 879 2239 917 ea:
2281 863 2500 916 mortuis
2534 860 2878 915 resurremerit
2909 858 3137 913 credent.
3163 856 3301 923 Quia
3346 857 3615 911 nimirum
3661 857 3767 926 qui

2176 953 2342 1007 verba
2384 951 2520 1019 legis
2558 950 2879 1018 despiciunt,
2929 947 3285 1016 redemptoris
3320 955 3620 1017 praecepta,
3664 948 3767 1015 qui

2176 1059 2241 1098 cx
2286 1043 2516 1097 mortuis
2558 1041 2818 1105 sun-exit,
2841 1047 3047 1109 quanto
3085 1038 3371 1094 subtiliora
3421 1048 3573 1102 sunt,
3604 1046 3768 1092 tanto

2178 1136 2293 1189 lucc
2333 1131 2600 1187 dilﬁcilius
2640 1129 2957 1199 implebunt,
2982 1136 3039 1183 et
3065 1129 3320 1183 nimirum
3358 1136 3596 1192 constat,
3629 1129 3765 1197 quia

2176 1224 2332 1294 cujus
2358 1223 2582 1293 implere
2617 1221 2761 1276 dicta
2789 1228 3044 1284 renuunt,
3072 1220 3121 1273 ei
3151 1218 3338 1288 procul
3366 1220 3534 1274 dubio
3561 1219 3765 1273 crede-

2180 1328 2238 1368 re
2265 1322 2531 1369 recusant.
2576 1311 2746 1377 Quem
2769 1325 2902 1365 vero
2921 1308 3075 1377 juxta
3100 1309 3414 1378 allegoriam
3443 1308 3600 1363 dives
3632 1309 3766 1369 iste,

2179 1406 2270 1475 qui
2295 1404 2618 1458 induebatur
2644 1415 2884 1472 purpura
2911 1406 2967 1454 et
2986 1399 3169 1470 bysso,
3191 1406 3248 1453 et
3272 1397 3602 1467 epulabatur
3626 1412 3772 1466 quo-

2180 1496 2309 1549 tidie
2354 1493 2653 1563 splendide,
2704 1492 2807 1546 nisi
2854 1489 3139 1545 Iudaicum
3172 1489 3429 1560 pOpulum
3464 1488 3763 1559 signiﬁcat,

2180 1587 2271 1655 qui
2305 1585 2508 1639 cultum
2538 1584 2664 1637 vitae
2702 1582 2943 1637 exterius
2986 1580 3197 1644 habuit,
3226 1580 3317 1648 qui
3354 1587 3596 1648 accepta
3626 1578 3772 1649 legis

2181 1677 2389 1731 deliciis
2413 1676 2479 1729 ad
2500 1677 2732 1729 nitorem
2755 1686 2885 1729 usus
2902 1679 3005 1737 est,
3024 1687 3130 1726 non
3156 1672 3224 1727 ad
3248 1670 3561 1726 utilitatem.
3587 1670 3768 1736 Quem

2183 1776 2362 1821 autem
2412 1765 2653 1819 Lazarus
2704 1764 2980 1819 ulceribus
3008 1762 3220 1833 plenus,
3249 1762 3352 1816 nisi
3380 1761 3640 1832 gentilem
3666 1778 3767 1831 po.

513 1876 633 1916 rum
681 1876 901 1917 suorum
929 1858 1219 1914 alllietione
1250 1858 1503 1926 migrare,
1533 1857 1609 1910 ita
1638 1855 1708 1910 ad
1732 1855 1962 1910 alllictos
2002 1863 2085 1907 at-
2112 1850 2158 1908 Β
2186 1859 2368 1928 pulum
2406 1857 2703 1927 ﬁguraliter
2729 1855 3005 1925 exprimit,
3063 1855 3154 1924 qui
3204 1855 3333 1909 dum
3367 1864 3669 1908 conversus
3696 1853 3767 1906 ad

511 1966 617 2021 que
640 1951 691 2005 in
707 1950 997 2007 tormentis
1016 1950 1221 2018 positos
1248 1948 1481 2002 transire
1493 1946 1767 2015 justorum
1786 1955 1889 2011 est,
1906 1956 2083 2001 mente

514 2041 592 2095 ire
625 2056 724 2111 per
761 2039 1192 2096 misericordiam
1220 2078 1238 2103 ,
1283 2053 1484 2107 eosque
1525 2037 1663 2092 velle
1691 2038 1941 2093 liberare.
1976 2036 2082 2091 Sed

515 2132 608 2201 qui
661 2132 849 2187 volunt
875 2132 941 2187 de
965 2131 1246 2187 beatorum
1285 2131 1414 2187 sede
1450 2130 1519 2185 ad
1553 2128 1783 2185 aﬂictos
1833 2139 1995 2199 atque
2028 2130 2083 2184 iu

518 2223 804 2277 tormentis
831 2222 1038 2292 positos
1068 2221 1321 2286 transire,
1352 2237 1459 2276 non
1489 2228 1735 2291 possunt,
1753 2220 1876 2289 quia
1907 2219 2082 2289 justo—

518 2327 637 2366 rum
666 2312 858 2366 anima:
884 2312 1129 2382 quamvis
1156 2312 1209 2366 in
1237 2326 1348 2366 sum
1374 2319 1582 2365 naturae
1608 2311 1848 2365 bonitate
1875 2309 2086 2364 miseri-

515 2403 756 2458 cordiam
776 2403 1063 2477 .haheant,
1099 2402 1213 2472 jam
1256 2410 1385 2457 tunc
1431 2401 1671 2456 auctoris
1732 2402 1814 2456 sui
1862 2400 2085 2469 justitia:

515 2494 836 2564 conjunctae,
892 2501 1041 2549 tanta
1098 2493 1419 2549 rectitudine
1491 2493 1951 2564 constringuntur,
2028 2500 2090 2547 ut

519 2583 661 2639 nulla
691 2584 759 2639 ad
785 2584 1045 2653 reprobos
1068 2583 1442 2653 compassione
1464 2591 1801 2649 moveantur,
1829 2583 1921 2639 sed
1944 2591 2089 2653 post-

514 2687 679 2742 quam
721 2673 931 2729 ardenti
957 2671 1109 2728 diviti
1135 2672 1202 2728 de
1235 2687 1293 2728 se
1320 2688 1445 2743 spes
1479 2672 1704 2739 tollitur,
1728 2671 1845 2741 ejus
1878 2672 2089 2727 animus

520 2762 930 2833 adpropinquos
949 2776 1086 2831 quos
1106 2761 1402 2831 reliquerat
1424 2763 1728 2833 praecurrit,
1750 2763 1877 2833 quia
1906 2776 2084 2833 repro-

518 2854 713 2909 borum
761 2861 998 2909 mentem
1055 2868 1214 2924 ptena
1264 2869 1387 2920 sua,
1438 2854 1761 2924 quandoque
1828 2852 2091 2907 inutiliter

517 2943 696 2999 erudit
726 2944 795 2999 ad
821 2942 1162 3009 cbaritatem,
1194 2952 1256 3000 ut
1283 2941 1398 3012 jam
1428 2953 1555 3000 tunc
1573 2944 1739 2999 etiam
1775 2958 1902 3007 suos
1929 2942 2090 3011 spiri-

523 3033 706 3089 taliter
729 3035 970 3107 diligant,
1003 3037 1094 3106 qui
1139 3037 1229 3092 hic
1252 3037 1381 3092 dum
1428 3045 1651 3107 peccata
1675 3037 1965 3108 diligerent
1988 3050 2092 3091 nec

518 3140 578 3180 se
609 3128 883 3193 amabant,
907 3130 1055 3184 unde
1073 3144 1217 3185 nunc
1244 3131 1511 3199 sequium,
1535 3138 1595 3205 et
1610 3131 1685 3186 ait
1710 3147 1725 3185 :

2182 1954 2350 2007 Deum
2388 1959 2608 2022 peccata
2631 1966 2726 2006 sua
2747 1949 2996 2005 conﬁteri
3023 1965 3127 2003 non
3155 1948 3387 2013 erubuit,
3415 1947 3545 2001 huic
3567 1946 3769 2001 vulnus

2182 2046 2235 2099 in
2263 2052 2385 2098 cate
2415 2042 2535 2096 fuit.
2560 2042 2616 2096 In
2647 2041 2786 2096 cutis
2814 2040 3010 2110 quippe
3040 2039 3263 2093 vulnere
3292 2038 3443 2091 virus
3472 2054 3503 2091 a
3539 2036 3768 2091 visceri-

2181 2135 2282 2189 bus
2304 2134 2557 2196 trahitur,
2584 2140 2639 2185 et
2660 2129 2802 2185 foras
2831 2130 3086 2199 erumpit.
3119 2128 3257 2194 Quid
3295 2134 3378 2181 est
3401 2141 3535 2197 ergo
3563 2141 3761 2197 pecca-

2184 2235 2361 2281 torum
2410 2223 2698 2287 confessio,
2767 2223 2873 2276 nisi
2922 2221 3166 2291 quaedam
3208 2219 3495 2274 vulnerum
3546 2218 3767 2288 rupiio?

2183 2318 2309 2387 quia
2329 2315 2537 2386 peccati
2563 2315 2712 2369 virus
2734 2312 3028 2368 salubriter
3050 2311 3293 2380 aperitur
3318 2311 3372 2364 in
3391 2309 3768 2370 confessione,

2183 2412 2325 2481 quod
2363 2409 2618 2479 pestifero
2651 2404 2851 2461 latebat
2872 2405 2927 2460 in
2955 2412 3155 2459 mente.
3187 2402 3294 2458 Sed
3322 2403 3566 2457 Lazarus
3585 2401 3772 2455 rulae.

2186 2509 2334 2555 ratus
2368 2499 2619 2569 cupiebat
2666 2497 2898 2552 saturari
2929 2497 2995 2552 de
3022 2496 3194 2559 micis,
3236 2509 3357 2565 qu:e
3386 2494 3662 2549 cadebant
3697 2492 3765 2546 de

2184 2606 2372 2647 mensa
2427 2591 2629 2656 divitis,
2692 2596 2749 2644 et
2791 2603 2951 2643 nemo
2996 2587 3076 2642 illi
3111 2588 3293 2642 dabat.
3325 2585 3462 2654 Quia
3504 2586 3767 2657 gentilem

2185 2699 2455 2754 quemque
2480 2683 2548 2737 ad
2572 2680 2935 2752 cognitionem
2979 2679 3111 2750 legis
3158 2677 3448 2733 admittere
3492 2677 3766 2747 superbus

2186 2773 2277 2830 ille
2317 2771 2546 2844 populus
2596 2772 2945 2842 despiciebat,
3001 2770 3099 2839 qui
3122 2771 3251 2824 dum
3298 2768 3606 2823 doctrinam
3634 2766 3772 2836 legis

2188 2878 2295 2918 non
2342 2864 2408 2917 ad
2444 2862 2763 2917 eharitatem
2809 2861 3016 2925 habuit,
3043 2860 3139 2916 sed
3181 2860 3249 2915 ad
3270 2859 3583 2924 elationem,
3612 2860 3770 2927 quasi

2188 2958 2256 3012 de
2280 2955 2518 3024 acceptis
2543 2956 2735 3024 opibus
2764 2954 2980 3017 tumuit,
3025 2960 3080 3007 et
3102 2952 3228 3022 quia
3277 2951 3327 3007 ei
3367 2951 3534 3006 verba
3564 2948 3772 3003 deﬁne-

2187 3047 2320 3102 bant
2342 3047 2413 3101 de
2435 3045 2664 3101 scientia
2691 3044 2846 3115 quasi
2885 3044 3040 3099 mica:
3081 3043 3348 3097 cadebant
3371 3041 3438 3096 de
3459 3056 3670 3095 mensa.
3701 3041 3773 3094 At

2189 3146 2377 3193 contra
2421 3136 2652 3206 jacentis
2704 3134 2957 3205 pauperis
2995 3133 3219 3189 vulnera
3257 3133 3533 3203 lingebant
3558 3148 3769 3187 canes:

588 3220 737 3292 Rogo
757 3239 879 3293 ergo
908 3233 957 3277 te
976 3234 1140 3293 pater,
1172 3233 1228 3277 ut
1253 3225 1435 3278 mittas.
1456 3240 1574 3279 eam
1600 3225 1659 3277 in
1690 3224 1904 3277 domum
1922 3221 2089 3293 patris
2115 3209 2160 3271 C
2189 3240 2576 3297 nonnunquam
2602 3225 2777 3279 solent
2811 3223 2864 3280 in
2891 3240 3050 3281 sacro
3073 3224 3309 3294 eloquio,
3334 3238 3432 3295 per
3452 3237 3617 3278 canes
3639 3239 3775 3293 prae-

517 3313 638 3375 mei,
678 3312 843 3367 habeo
869 3313 1008 3367 enim
1041 3315 1267 3384 quinque
1294 3314 1511 3383 fratres,
1550 3321 1656 3368 etc.
1694 3311 1811 3380 Qua
1832 3313 1888 3367 in
1913 3328 1973 3367 re
1997 3327 2092 3367 no-

520 3402 742 3456 tandum
795 3410 900 3466 est,
934 3403 1145 3458 ardenti
1194 3403 1349 3459 diviti
1401 3410 1603 3474 quanta
1658 3403 1727 3458 ad
1771 3401 2091 3473 supplicium

519 3492 882 3547 cumulantur.
910 3490 995 3547 Ad
1021 3508 1237 3562 pmnam
1259 3510 1495 3563 namque
1527 3511 1679 3550 suam
1699 3496 1750 3551 ei
1779 3504 1834 3549 et
1859 3496 2093 3566 cognitio

524 3591 775 3637 senatur
816 3592 875 3638 et
921 3584 1203 3639 memoria.
1256 3584 1548 3654 Cognoscit
1618 3586 1763 3641 enim
1821 3586 2093 3641 Lazarum

532 3687 694 3740 quem
757 3673 1029 3742 despexit,
1079 3673 1313 3730 fratrum
1375 3692 1589 3747 quoque
1625 3693 1844 3733 suorum
1909 3678 2093 3734 memi-

461 3759 464 3762 ’
525 3761 626 3826 nit,
687 3776 824 3830 quos
876 3763 1129 3833 reliquit;
1178 3766 1419 3835 perfecta
1482 3769 1677 3839 quippe
1734 3769 1784 3824 ei
1830 3769 1965 3825 ultio
2025 3770 2093 3825 de

524 3869 759 3925 paupere
797 3871 905 3911 non
928 3865 1097 3924 esset,
1134 3860 1182 3915 si
1214 3861 1359 3918 hunc
1383 3863 1435 3917 in
1484 3865 1841 3921 retributione
1869 3881 1979 3920 non
2003 3880 2095 3921 co-

525 3954 831 4015 gnosceret,
877 3957 935 4004 et
982 3949 1219 4019 perfecta
1264 3968 1425 4022 paena
1464 3954 1516 4009 in
1552 3956 1676 4025 igne
1719 3973 1826 4011 non
1855 3965 2015 4020 esset,
2046 3958 2093 4012 si

525 4053 631 4091 non
669 4039 772 4094 hoc
813 4043 954 4109 quod
1005 4042 1120 4113 ipse
1145 4047 1367 4114 patitur,
1398 4049 1560 4104 etiam
1605 4050 1718 4107 suis
1762 4052 1994 4106 timeret.
2025 4052 2094 4107 Ut

523 4146 653 4201 ergo
676 4142 988 4201 peccatores
1031 4136 1089 4191 in
1132 4139 1394 4209 supplicio
1418 4143 1651 4214 mplius
1678 4144 1990 4213 puniantur,
2038 4154 2093 4200 et

507 4235 709 4278 ‘corum
764 4226 951 4282 vident
996 4228 1220 4298 gloriam
1268 4246 1404 4301 quos
1434 4242 1897 4303 contempserunt,
1943 4243 2001 4289 et
2027 4235 2095 4289 de

524 4314 737 4371 illorum
795 4318 960 4374 etiam
1015 4334 1175 4390 pmn-a
1228 4331 1571 4393 torquentur,
1627 4339 1766 4394 quos
1830 4325 2095 4380 inutiliter

524 4418 859 4467 amaverunt.
884 4410 1222 4471 Credondum
1252 4432 1382 4471 vero
1406 4424 1511 4481 est,
1540 4417 1683 4486 quod
1711 4427 1836 4472 ante
1860 4418 2093 4471 retribu-

526 4498 722 4555 tionem
750 4503 979 4559 extremi
1016 4502 1227 4573 iudicii,
1258 4505 1440 4575 iujusti
1490 4508 1547 4561 in
1594 4507 1783 4576 requie
1829 4508 2093 4576 quosdam

520 4586 694 4657 justas
726 4592 1085 4661 conspiciunt,
1128 4602 1190 4649 ut
1227 4610 1320 4650 eos
1351 4596 1596 4650 videntes
1639 4596 1694 4649 in
1734 4597 1949 4666 gaudio,
1985 4613 2093 4652 non

523 4679 695 4733 solum
733 4680 801 4735 de
839 4696 945 4735 suo
984 4683 1269 4753 supplicio,
1306 4683 1400 4738 sed
1426 4684 1586 4738 etiam
1610 4685 1678 4738 de
1703 4685 1919 4741 illorum
1950 4686 2096 4743 bono

525 4770 851 4825 crucientur.
875 4769 1015 4825 Justi
1041 4773 1245 4826 vero-in
1268 4774 1556 4827 tenuantis
1584 4788 1799 4844 semper
1821 4774 2099 4832 intuentur

524 4860 773 4931 injustas,
810 4869 872 4914 ut
898 4861 1024 4916 hinc
1043 4875 1231 4915 eorum
1257 4860 1511 4931 gaudium
1561 4872 1795 4930 crescat,
1825 4865 1950 4933 quia
1975 4881 2094 4920 ma-

525 4949 637 5007 lum
697 4949 1041 5019 conspiciunt
1108 4952 1252 5020 quod
1314 4951 1736 5009 misericorditer
1788 4967 2093 5023 evaserunt,

524 5048 783 5109 tantoque
828 5037 1068 5109 majores
1092 5041 1421 5110 redemptori
1472 5057 1573 5098 suo
1600 5045 1800 5114 gratias
1831 5044 2089 5114 referant,

527 5139 730 5199 quanto
751 5130 935 5185 vident
960 5130 1013 5186 in
1037 5130 1181 5195 aliis,
1217 5134 1346 5203 quid
1378 5133 1477 5203 ipsi
1500 5138 1706 5206 perpeti
1735 5138 1782 5192 si
1802 5148 1986 5193 essent
2006 5155 2095 5194 nc-

527 5218 688 5288 glecti
735 5226 1047 5288 potuerunt,
1088 5220 1217 5289 quia
1245 5221 1333 5290 qui
1386 5226 1647 5281 creatoris
1684 5227 1768 5282 sui
1790 5227 2090 5281 claritatem

528 5309 732 5375 vident,
788 5309 921 5367 nihil
960 5311 1017 5367 in
1061 5321 1311 5370 creatura
1359 5317 1556 5388 agitur,
1602 5319 1747 5390 quod
1773 5320 1957 5374 videre
1988 5335 2094 5373 non

524 5400 753 5469 possint.

504 5541 511 5548 .
599 5491 671 5546 Et
698 5493 773 5547 ait
795 5491 875 5546 ειιε
898 5492 1412 5557 Αὺναήαῃιειὶαὸεηι
1430 5499 1677 5555 Mesene!
1693 5500 2100 5569 prophetas,”-

535 5580 687 5636 diant
705 5581 844 5637 illos.
875 5582 985 5639 Sed
998 5587 1091 5656 qui
1108 5590 1271 5643 verba
1294 5590 1386 5644 Dci
1411 5590 1752 5658 despexerat,
1778 5590 1892 5644 haec
1912 5593 2099 5645 audire

534 5689 638 5728 non
674 5690 831 5744 posse
862 5694 988 5734 suos
1035 5694 1291 5749 sequaces
1335 5680 1676 5746 testimabat;
1711 5684 1849 5737 unde
1879 5700 2095 5752 respuu-

533 5761 609 5818 dit
630 5765 775 5823 dives
803 5783 819 5824 :

2192 3320 2459 3375 dicaturos
2506 3317 2749 3388 intelligi.
2814 3317 3021 3372 Canum
3072 3318 3273 3373 ctenim
3321 3316 3522 3387 lingua,
3575 3315 3776 3369 vulnus

2192 3411 2319 3466 dum
2344 3410 2497 3481 lingit
2522 3417 2694 3474 curat,
2722 3408 2847 3479 quia
2873 3417 2928 3464 et
2945 3410 3191 3464 doctores
3213 3409 3385 3464 sancti
3412 3408 3541 3463 dum
3564 3407 3617 3462 in
3641 3422 3775 3463 con-

2191 3498 2426 3555 fessione
2479 3498 2689 3568 peccati
2734 3498 2909 3552 nostri
2944 3513 3043 3552 nos
3069 3498 3361 3561 instruunt,
3393 3498 3544 3567 quasi
3576 3497 3775 3551 vulnus

2192 3590 2390 3647 mentis
2428 3606 2528 3660 per
2556 3589 2793 3658 linguam
2828 3595 3073 3659 tangunt,
3106 3596 3163 3642 ct
3189 3588 3314 3658 quia
3362 3602 3463 3642 nos
3502 3586 3774 3657 loquendo

2194 3697 2225 3735 a
2249 3680 2486 3751 peccatis
2525 3679 2783 3750 eripiunt,
2816 3679 2971 3748 quasi
3007 3677 3276 3748 tangendo
3325 3677 3549 3732 vulnera
3582 3678 3650 3730 azl
3677 3692 3772 3729 sa-

2192 3772 2359 3827 lutem
2404 3770 2686 3834 reducunt,
2733 3768 2876 3825 unde
2902 3770 3040 3824 bene
3066 3767 3306 3823 Lazarus
3356 3767 3570 3838 adjutus
3597 3768 3770 3821 inter-

2191 3870 2457 3935 pretatur,
2501 3863 2627 3932 quia
2657 3862 2757 3932 ipsi
2784 3863 2928 3917 hunc
2954 3862 3021 3917 ad
3060 3862 3391 3931 ercptionem
3425 3863 3640 3933 juvant,
3673 3862 3774 3929 qui

2195 3952 2312 4021 ejus
2334 3952 2557 4007 vulnera
2581 3967 2678 4022 per
2701 3951 2894 4022 lingua:
2914 3953 3307 4023 correptionem
3337 3962 3549 4007 curant.
3583 3952 3697 4006 Con
3708 3953 3776 4005 tis

2193 4044 2272 4114 git
2300 4057 2429 4098 vero
2456 4051 2517 4096 ut
2537 4051 2765 4112 uterque
2790 4053 3094 4098 moreretur
3115 4061 3128 4097 :
3149 4044 3299 4098 dives
3322 4044 3414 4113 qui
3442 4043 3777 4098 induebatur

2192 4148 2429 4205 purpura
2452 4141 2506 4187 et
2533 4133 2694 4205 bysso
2723 4133 2967 4204 sepultus
2983 4142 3067 4190 est
3094 4135 3150 4189 in
3177 4134 3446 4189 infernum
3472 4152 3487 4200 ;
3513 4135 3565 4189 in
3589 4136 3773 4189 sinum

2193 4241 2324 4280 vero
2358 4225 2590 4281 Ahraha:
2617 4225 2855 4281 Lazarus
2902 4225 2973 4280 ab
3018 4226 3223 4297 angelis
3267 4226 3459 4281 ductus
3490 4235 3592 4281 est.
3627 4226 3773 4293 Quid

2194 4315 2425 4370 Abrahae
2454 4316 2605 4370 sinus
2636 4316 2738 4371 nisi
2782 4324 3046 4371 secretam
3093 4317 3334 4387 requiem
3362 4316 3628 4388 signiﬁcat
3678 4333 3746 4386 pa

2196 4405 2318 4468 tris,
2346 4407 2415 4460 de
2435 4421 2541 4475 qua
2568 4406 2802 4461 veritas:
2828 4406 3003 4472 Multi,
3034 4407 3230 4477 inquit,
3253 4410 3455 4462 venient
3475 4409 3543 4463 ab
3559 4408 3774 4466 Oriente

2197 4507 2243 4551 et
2292 4496 2594 4562 Occidente,
2638 4506 2688 4551 et
2731 4498 3021 4553 recumbent
3064 4516 3181 4554 cum
3221 4499 3509 4566 Abraham,
3536 4501 3697 4557 Isaae
3725 4514 3775 4557 ct

2178 4574 2360 4639 ‘Jaeob
2401 4585 2455 4638 in
2485 4602 2641 4657 regno
2675 4585 2943 4641 caelorum.
2970 4585 3101 4642 Filii
3122 4599 3295 4643 autem
3327 4591 3471 4661 regni
3495 4590 3658 4662 hujus
3680 4593 3778 4662 eji-

2196 4675 2398 4728 rientur
2453 4676 2508 4730 in
2579 4678 2814 4732 tenebras
2860 4680 3143 4735 exteriores
3197 4680 3411 4755 (Matth.
3454 4681 3596 4754 γιὶι).
3674 4688 3776 4753 Qu

2196 4767 2339 4822 enim
2380 4784 2613 4839 purpura
2644 4770 2860 4825 indutus
2885 4773 3100 4840 dicitur,
3147 4784 3293 4830 recte
3321 4777 3464 4833 ﬁlius
3492 4781 3646 4849 regni
3679 4797 3776 4835 vo-

2197 4866 2372 4925 catur,
2401 4860 2494 4928 qui
2523 4862 2588 4914 de
2610 4859 2906 4932 longinquo
2930 4864 2997 4917 ad
3025 4865 3311 4921 videndum
3356 4867 3623 4925 Lazarum
3652 4889 3778 4928 ocu-

2198 4950 2279 5006 los
2303 4950 2463 5015 levat,
2509 4950 2634 5020 quia
2662 4951 2789 5005 dum
2815 4967 2913 5021 per
2933 4954 3294 5012 damnationis
3315 4973 3425 5014 suae
3452 4960 3775 5031 supplicium

2201 5043 2442 5098 inﬁdeles
2488 5044 2543 5098 in
2589 5043 2697 5099 imo
2741 5055 2909 5111 sunt,
2956 5045 3141 5103 ﬁdeles
3203 5064 3416 5119 quoque
3460 5062 3588 5107 ante
3635 5054 3775 5109 diem

2200 5130 2635 5201 cxtremijudicii
2658 5148 2820 5205 super
2846 5151 2904 5190 se
2936 5137 3173 5207 requiem
3211 5140 3512 5201 attendunt,
3545 5156 3775 5212 quorum

2202 5231 2323 5293 post
2347 5224 2536 5293 gaudia
2570 5226 2925 5295 contemplari
2972 5227 3276 5285 nullatenus
3311 5241 3556 5301 possunt.
3597 5234 3777 5306 Longe

2202 5326 2335 5366 vero
2359 5320 2460 5375 est,
2498 5314 2641 5383 quod
2667 5316 3027 5384 conspiciunt,
3072 5318 3198 5388 quia
3229 5318 3355 5375 illuc
3379 5337 3479 5391 per
3524 5324 3775 5380 meritum

2206 5416 2310 5455 non
2354 5402 2641 5472 attingunt.
2670 5403 2731 5458 in
2770 5404 2948 5475 lingua
2979 5418 3160 5463 autem
3195 5410 3426 5481 amplius
3451 5414 3650 5470 ardere
3694 5430 3777 5471 os-

2206 5490 2461 5554 tenditur,
2495 5504 2616 5546 cum
2646 5492 2817 5547 dicit:
2851 5494 3002 5549 Mitte
3035 5496 3299 5553 Lazarum
3335 5512 3392 5555 ut
3429 5505 3658 5575 intingat
3692 5523 3779 5560 ea:-

2204 5588 2425 5633 tremum
2457 5582 2608 5651 digiti
2652 5583 2735 5635 sui
2775 5584 2827 5637 in
2863 5600 3073 5654 aquam,
3121 5599 3170 5643 et
3222 5590 3491 5659 refrigeret
3547 5595 3776 5667 linguam

2208 5684 2394 5731 meum,
2426 5671 2550 5738 quia
2580 5674 2787 5726 crucior
2812 5675 2864 5727 in
2891 5676 2988 5729 huc
3021 5679 3254 5745 ﬂamma.
3289 5681 3525 5739 luiidelis
3557 5689 3778 5756 populus

2208 5762 2370 5816 verba
2396 5762 2525 5829 legis
2554 5764 2603 5818 in
2633 5780 2723 5820 ore.
2753 5767 2942 5832 tenuit,
2969 5784 3087 5836 quzr
3123 5786 3283 5840 opere
3316 5780 3643 5847 contempsit
3672 5798 3775 5832 nam
