3978 6426
172 241 281 293 5Γὶζί

995 230 1510 288 COLLECTIONES
1550 228 1614 283 Π(
1656 228 2039 284 ΕΗὸΤΟίοΑΒ
2078 230 2165 285 ΕΤ
2205 230 2616 287 EV’ANGELIA.

3331 228 3435 290 33.5

173 371 330 413 vare.
363 352 441 409 lbi
463 367 594 422 ergo
620 350 849 421 amplius
877 348 1107 412 ardebit,
1139 348 1230 402 ubi
1264 363 1322 401 se
1350 346 1587 401 ostendit
1616 344 1756 399 scire
1783 350 1835 408 Α
1933 344 2046 400 Nos
2074 348 2300 411 scimus,
2327 350 2418 418 qui
2443 347 2688 403 translati
2724 364 2904 403 sumus
2944 347 3010 403 de
3050 358 3215 404 morte
3252 351 3321 404 ad
3361 352 3443 407 ri.

174 449 326 521 quod
348 446 529 501 facere
552 443 742 498 noluit.
772 441 855 497 Ab
874 450 1120 496 extremo
1157 439 1308 509 digiti
1339 455 1397 493 se
1428 438 1574 508 tangi
1615 436 1760 492 desi-

174 540 356 603 derat,
410 534 538 607 quia
586 531 804 587 aeternis
839 529 1117 601 suppliciis
1151 528 1330 591 datus,
1365 535 1520 599 optat
1569 540 1763 596 opera-

170 631 328 686 tioae
346 625 644 699 justorum,
691 622 776 677 vel
802 622 992 675 ultima
1024 618 1363 690 participari.
1402 617 1501 672 Cui
1531 630 1760 686 respon-

169 722 356 783 detur,
383 718 529 791 quod
565 716 619 771 in
650 715 753 770 hac
786 714 896 768 vita
922 714 1060 769 bona
1115 710 1398 781 receperit,
1433 707 1559 779 quia
1602 720 1764 762 omne

171 826 337 867 suum
365 807 644 880 gaudium,
670 803 978 858 felicitatem
1019 800 1389 856 transitoriam
1428 797 1641 869 putavit
1668 797 1764 851 ha-

178 903 331 956 bere.
367 898 464 952 llic
486 895 687 949 etenim
720 899 946 963 possunt
967 889 1169 959 etjusti
1199 890 1341 944 bona
1378 888 1639 958 recipere,
1664 900 1767 940 nec

178 998 367 1044 tamen
397 988 515 1042 haec
541 984 782 1053 recipere
828 982 884 1036 in
913 979 1440 1049 recompensatione,
1482 977 1608 1047 quia
1637 976 1766 1053 dum

180 1079 431 1142 meliora,
467 1076 519 1131 id
568 1083 673 1140 est,
722 1082 925 1130 aeterna
972 1078 1255 1143 appetunt,
1304 1085 1491 1124 eorum
1538 1068 1763 1138 judicio,

178 1186 305 1240 qum
335 1169 460 1223 licet
517 1166 657 1221 bona
698 1164 1006 1229 adfuerant,
1065 1177 1189 1218 cum
1227 1161 1431 1216 sanctis
1483 1159 1768 1215 desideriis

179 1270 435 1324 :rstuant,
454 1260 593 1315 bona
622 1258 842 1313 minime
865 1256 1136 1310 videntur.
1166 1253 1312 1308 Inter
1329 1254 1445 1308 haec
1469 1251 1767 1307 notandum

179 1361 286 1414 est,
332 1350 473 1422 quod
508 1349 556 1401 ei
607 1348 804 1403 dicitur
860 1364 873 1399 :
937 1345 1222 1403 Memento,
1277 1344 1377 1414 ﬁli.
1426 1344 1566 1398 Ecce
1620 1343 1764 1397 enim

180 1444 460 1498 Abraham
493 1441 659 1495 ﬁlium
689 1449 865 1505 vocat,
894 1454 1053 1508 quem
1082 1446 1259 1494 tamen
1291 1453 1320 1493 a
1350 1445 1620 1493 tormento
1656 1451 1765 1490 non

182 1534 402 1595 liberat,
433 1531 688 1601 quoniam
732 1526 889 1596 hujus
929 1526 1160 1582 inﬁdelis
1188 1525 1369 1597 pepuli
1396 1525 1767 1595 praecedentes

184 1634 372 1696 patres
395 1622 601 1686 ﬁdeles,
623 1620 749 1691 quia
774 1618 971 1673 multos
996 1632 1025 1670 a
1052 1632 1149 1671 sua
1173 1616 1278 1671 fide
1300 1616 1545 1671 deviasse
1582 1614 1763 1668 consi-

1859 444 1989 501 tam,
2019 437 2267 506 quoniam
2290 437 2558 508 diligimus
2583 438 2793 507 fratres.
2827 437 2996 494 Nemo
3035 452 3095 494 se
3130 439 3197 495 de
3223 440 3443 498 virtuti-

1860 526 1963 581 bus
1986 525 2120 581 falso
2148 526 2395 592 extollat,
2414 542 2575 583 nemo
2601 541 2820 583 suarum
2852 529 3043 585 virium
3066 538 3441 601 paupertatem

1860 620 2003 676 ultra
2040 622 2259 676 modum
2306 630 2531 676 metuat.
2565 621 2823 691 Apertum
2863 622 2957 678 dat
2988 621 3281 693 judicium,
3321 624 3442 695 qui-

1863 725 2075 780 cunque
2104 709 2343 765 fraterna
2377 706 2667 767 dilectione
2691 712 2883 781 plenus
2915 721 3030 779 est,
3058 715 3182 784 quia
3221 716 3289 771 ad
3322 731 3443 771 sors

1864 808 1976 854 tem
2000 799 2297 854 electorum
2339 800 2602 869 pertinet,
2633 800 2759 869 quia
2801 802 3104 871 portionem
3146 804 3346 861 habere
3384 806 3439 861 in

1867 899 2009 945 terra
2039 890 2335 945 viventium
2362 890 2579 945 meruit.

1936 979 2041 1045 Qui
2077 997 2183 1034 non
2214 980 2387 1051 diligit
2423 980 2675 1051 fratrem,
2702 991 2875 1036 manet
2908 982 2964 1038 iit
2998 991 3184 1039 morte.
3215 982 3443 1043 Mortem

1865 1071 2059 1126 anim
2083 1071 2233 1126 dicit.
2262 1071 2455 1129 Anima
2476 1071 2620 1127 enim
2645 1087 2762 1141 qua:
2783 1073 3095 1141 peccaverit,
3120 1074 3233 1143 ipsa
3261 1077 3446 1129 morie-

1864 1172 1955 1216 tur
1981 1160 2197 1231 (Ezech.
2228 1161 2416 1232 avni).
2456 1162 2578 1217 Vita
2611 1162 2810 1231 quippe
2841 1163 3053 1227 carnis,
3089 1166 3304 1231 anima,
3333 1166 3443 1220 vita

1865 1251 2059 1306 animae
2085 1250 2229 1305 Deus
2260 1259 2365 1306 est.
2411 1250 2553 1306 Mors
2577 1251 2854 1320 corporis,
2892 1254 3144 1310 amittere
3176 1256 3440 1318 animum,

1865 1357 2013 1397 mors
2039 1342 2251 1406 animae,
2281 1342 2535 1397 amittere
2560 1343 2748 1396 Deum.
2784 1342 2938 1398 Unde
2961 1334 3189 1410 constat,
3220 1347 3362 1415 quod
3389 1347 3442 1401 in

1866 1433 2047 1487 anima
2076 1433 2275 1487 mortui
2308 1447 2498 1487 onmes
2525 1432 2579 1486 in
2612 1433 2717 1487 hac
2744 1432 2863 1487 luce
2892 1435 3189 1500 nascimur,
3218 1438 3442 1492 trabea-

1866 1532 1947 1579 tes
1975 1540 2044 1580 ex
2071 1524 2243 1581 Adam
2272 1524 2536 1595 originale
2564 1532 2844 1594 peceatum
2865 1565 2880 1589 ,
2911 1527 3004 1581 sed
3034 1525 3237 1582 Christi
3270 1529 3439 1597 gratia

1867 1612 2116 1668 ﬁdelibus
2139 1614 2508 1683 regenerando
2533 1613 2712 1683 agitur
2738 1622 2798 1668 ut
2827 1614 2882 1668 in
2906 1614 3085 1669 auima
3111 1615 3291 1670 vivere
3316 1630 3443 1684 pos-

183 1719 399 1780 derant,
428 1731 523 1771 eos
546 1714 689 1769 nulla
723 1711 1094 1781 compassione
1126 1725 1157 1764 a
1196 1707 1480 1764 tormentis
1506 1707 1764 1777 eripiunt,
1795 1697 1841 1755 B
1870 1703 1998 1758 sint.
2032 1703 2268 1759 Verbum
2302 1703 2674 1773 baptismatis,
2707 1711 2762 1758 et
2798 1703 2922 1758 ﬁdei
2958 1705 3304 1774 mysterium,
3340 1706 3446 1760 illis

184 1825 326 1879 quos
352 1816 526 1862 tamen
549 1820 647 1875 per
675 1817 896 1859 carnem
940 1801 1083 1855 ﬁlios
1107 1806 1518 1879 recognoscant.
1570 1795 1628 1849 ιη
1656 1804 1766 1849 tor-

186 1875 388 1953 mentis
432 1905 613 1951 autem
642 1895 791 1951 dives
817 1892 1040 1962 positus,
1071 1875 1308 1961 quinque
1341 1903 1401 1943 se
1430 1886 1627 1942 fratres
1668 1887 1767 1941 ha-

186 1990 318 2043 bere
337 1986 606 2058 perhibet,
634 1984 759 2054 quia
783 1982 1046 2053 superbus
1073 1981 1212 2035 idem
1233 1976 1490 2034 Judaieus
1516 1975 1762 2048 populus,

187 2079 364 2148 quiex
390 2091 581 2148 magna
596 2074 708 2144 jam
731 2083 885 2143 parte
910 2073 1196 2127 damnatus
1216 2077 1317 2124 est.
1349 2067 1626 2138 Sequaces
1640 2080 1768 2121 suos

190 2184 330 2239 quos
356 2182 517 2238 super
552 2174 753 2220 terram
778 2162 1009 2234 reliquit,
1036 2161 1274 2230 quinque
1304 2158 1549 2214 sensibus
1571 2171 1764 2227 corpo-

192 2262 271 2313 ris
317 2257 522 2315 deditos
565 2255 733 2311 novit.
794 2253 1054 2322 Quinario
1097 2266 1226 2322 ergo
1280 2263 1508 2304 numero
1566 2245 1766 2301 fratres

190 2367 328 2421 quos
371 2349 661 2420 reliquerat
696 2347 966 2416 exprimit,
998 2345 1122 2415 quia
1145 2359 1238 2400 eos
1265 2342 1333 2397 sd
1359 2336 1659 2411 spiritalem
1683 2338 1767 2392 in-

194 2440 541 2512 telligentiam
564 2453 668 2492 non
692 2450 998 2506 assurgere,
1021 2434 1074 2488 in
1108 2431 1319 2488 inferno
1344 2431 1552 2502 positus
1578 2427 1763 2500 gemit.

192 2536 337 2590 Petit
366 2542 424 2587 ut
459 2532 526 2586 ad
552 2546 647 2586 eos
672 2527 907 2584 Lazarus
934 2527 1200 2591 mittatur,
1232 2524 1318 2579 cui
1340 2522 1482 2593 quod
1510 2521 1691 2576 Mosen
1712 2528 1770 2574 et

194 2626 484 2698 prophetas
522 2622 755 2677 habeant
788 2618 1005 2675 dicitur.
1036 2616 1143 2673 Sed
1184 2615 1262 2670 ait
1297 2632 1311 2668 :
1352 2612 1491 2680 Quia
1522 2629 1624 2667 non
1656 2626 1767 2664 cre-

195 2716 347 2780 dunt,
377 2713 477 2767 uisi
523 2710 637 2783 quis
664 2725 727 2763 ex
765 2709 979 2763 mortuis
1010 2703 1369 2760 "surrexerit.
1400 2700 1496 2756 Cui
1521 2700 1769 2771 protinus

196 2804 549 2875 respondetur
578 2818 592 2856 :
626 2798 682 2855 Si
709 2798 890 2853 Mosen
912 2807 960 2852 et
979 2796 1256 2868 prophetas
1274 2809 1378 2846 non
1402 2791 1646 2853 audiunt,
1676 2805 1768 2842 nec

186 2899 243 2967 si
285 2896 398 2967 quis
424 2912 487 2949 ex
515 2892 733 2947 mortuis
767 2888 1129 2953 resurrexerit,
1177 2881 1469 2939 credentei.
1514 2877 1674 2935 Certe
1702 2878 1769 2933 de

199 2987 348 3042 Mose
404 2985 604 3039 veritas
637 2981 767 3037 dicit
810 2976 915 3034 :Si
958 2975 1232 3032 crederetis
1277 2971 1436 3037 Mosi,
1490 2968 1767 3025 crederetis

201 3075 376 3146 utique
411 3082 459 3127 et
497 3071 654 3138 mihi;
695 3068 759 3124 de
799 3084 881 3122 me
925 3066 1061 3120 enim
1110 3062 1198 3119 ille
1238 3059 1443 3131 scripsit
1480 3057 1661 3133 (Joan.
1691 3055 1765 3129 v).

198 3164 454 3235 Impletur
493 3175 621 3231 ergo
660 3157 800 3229 quod
825 3171 921 3227 per
947 3154 1175 3209 Abrahzc
1196 3149 1600 3222 responsionem
1635 3146 1771 3201 dici-

202 3267 308 3312 tur.
357 3255 438 3310 Ex
474 3251 703 3308 mortuis
742 3248 886 3305 enim
910 3247 1172 3302 Dominus
1197 3243 1516 3309 resurrexit,
1556 3241 1650 3296 sed
1678 3238 1774 3295 Ju-

201 3350 386 3405 daicus
406 3343 651 3417 populus,
680 3340 808 3412 quia
838 3337 971 3394 Mosi
1010 3337 1232 3392 credere
1258 3333 1451 3399 noluit,
1484 3332 1534 3386 ei
1583 3333 1768 3396 etiam,

200 3440 293 3509 qui
357 3433 649 3491 resurrexit
708 3446 777 3485 ex
842 3428 1087 3494 mortuis,
1154 3426 1375 3482 credere
1428 3423 1771 3494 contempsit.

201 3530 444 3598 Cumque
515 3523 648 3578 Mosi
716 3521 878 3577 verba
936 3517 1256 3591 spiritaliter
1319 3515 1618 3587 intelligere
1683 3527 1774 3569 re-

204 3618 339 3681 nuit,
397 3614 465 3669 ad
508 3614 676 3668 Deum
721 3611 786 3667 de
825 3624 933 3682 quo
978 3608 1153 3664 Moses
1188 3607 1400 3663 locutus
1440 3605 1638 3660 fuerat.
1670 3617 1777 3658 non

202 3707 467 3781 pervenit.

395 3792 808 3851 llEBDOMADA
842 3793 909 3848 Ill
940 3788 1114 3848 POST
1149 3788 1573 3846 PENTECOST.

193 3876 457 3944 Ειιιδίῐοιλ
500 3904 663 3942 rum
712 3902 869 3941 BEATI
924 3898 1139 3939 JOANNIS
1188 3897 1473 3945 arosrou,
1524 3896 1642 3936 car.
1695 3896 1777 3935 ιιι.

282 4000 300 4032 ‹
337 3980 512 4035 Nolite
562 3977 748 4033 mirari
788 3977 833 4031 si
863 3974 978 4031 odit
1005 3990 1102 4030 vos
1137 3974 1387 4029 mundus.
1427 3971 1538 4026 Nos
1579 3971 1781 4027 scimus

215 4098 229 4127 (
259 4075 516 4147 quoniam
543 4071 788 4126 translati
820 4084 1006 4124 sumus
1034 4067 1100 4122 de
1128 4075 1300 4121 morte
1329 4065 1397 4119 ad
1425 4065 1618 4126 vitam,
1645 4075 1782 4132 quo-

208 4190 227 4221 ι
262 4170 406 4224 niam
436 4165 708 4234 diligimus
732 4161 949 4217 fratres.
998 4160 1098 4228 Qui
1128 4175 1234 4214 non
1271 4157 1473 4228 diligit,
1506 4162 1690 4211 manet
1725 4154 1780 4209 in

211 4283 229 4312 ι
265 4266 459 4313 morte.
488 4255 674 4311 Omnis
693 4254 787 4325 qui
810 4254 922 4308 odit
946 4250 1167 4306 fratrem
1190 4266 1367 4323 suum,
1388 4247 1655 4304 homicida
1677 4255 1780 4313 est,

1869 1794 2000 1851 solis
2034 1794 2286 1865 prodest,
2326 1790 2451 1850 illos
2481 1795 2551 1850 de
2592 1804 2768 1851 morte
2804 1794 3008 1864 trajicit
3044 1796 3114 1851 ad
3148 1797 3314 1851 vitam
3351 1797 3445 1866 qui

1867 1885 2080 1941 sincera
2121 1894 2304 1941 mente
2338 1886 2570 1956 diligunt
2610 1884 2830 1941 fratres.
2875 1886 3052 1957 Atque
3087 1888 3209 1943 ideo
3252 1897 3448 1944 notans

1869 1976 1993 2030 dum
2012 2015 2029 2041 ,
2059 1976 2203 2045 quod
2237 1990 2343 2033 non
2370 1975 2450 2031 ait
2476 1992 2491 2030 :
2524 1974 2627 2044 Qui
2663 1991 2771 2031 non
2796 1976 2970 2047 diligit
2996 1985 3256 2033 venturus
3276 1987 3362 2033 est
3390 1979 3448 2033 in

1868 2074 2133 2131 mortem,
2164 2065 2321 2135 quasi
2351 2066 2419 2121 de
2455 2081 2616 2136 pmna
2654 2073 2914 2136 perpetua
2951 2065 3287 2137 loqueretur,
3327 2079 3448 2136 qua!

1868 2164 2040 2212 restat
2079 2156 2460 2227 peccatoribus
2487 2157 2542 2212 in
2580 2155 2796 2223 futuro,
2841 2155 2935 2213 sed
2971 2157 3064 2229 qui
3109 2174 3213 2212 non
3253 2157 3447 2229 diligit,

1867 2246 2062 2317 inquit,
2086 2257 2260 2302 manet
2284 2247 2339 2302 in
2365 2257 2549 2313 morte,
2582 2249 2637 2304 in
2670 2249 2756 2303 illa
2797 2249 2983 2320 utique
3012 2259 3216 2313 morte,
3250 2252 3318 2308 de
3342 2266 3447 2321 qua

1865 2342 2028 2396 etiam
2045 2342 2098 2397 in
2123 2342 2224 2397 hac
2239 2342 2345 2396 vita
2368 2342 2411 2397 si
2436 2341 2633 2398 fratres
2646 2341 2884 2413 perfecte
2907 2348 3134 2408 amaret,
3150 2358 3447 2415 exsurgere

1866 2439 2063 2502 posset.
2099 2432 2235 2487 llinc
2263 2433 2460 2488 etenim
2490 2432 2632 2488 Dens
2668 2434 2721 2488 in
2760 2433 3076 2504 Apocalypsi
3115 2452 3128 2489 :
3168 2432 3365 2490 Beatus
3398 2442 3450 2491 et

1865 2533 2076 2577 sanctus
2102 2521 2194 2594 qui
2219 2522 2371 2577 habet
2397 2539 2539 2594 spem
2561 2521 2616 2577 in
2641 2525 3017 2581 resurrectione
3043 2524 3215 2594 prima
3231 2562 3249 2589 ,
3283 2525 3341 2579 in
3366 2525 3449 2579 his

1866 2615 2097 2671 secunda
2124 2631 2267 2669 mors
2301 2631 2405 2669 non
2427 2614 2580 2669 habet
2605 2624 2908 2685 potestatem
2934 2614 3118 2687 (Apoc.
3146 2616 3262 2688 xx).

1941 2711 2124 2767 Omnis
2160 2712 2251 2781 qui
2290 2710 2403 2766 odit
2451 2710 2669 2781 fratrem
2710 2729 2899 2779 suum,
2932 2713 3197 2768 homicida
3228 2720 3305 2767 est
3337 2709 3450 2784 (Es

1867 2802 2140 2874 August.).
2172 2801 2231 2859 Si
2257 2804 2642 2860 contemnebat
2659 2803 2890 2874 quisque
2911 2805 3097 2859 odium
3125 2802 3449 2867 fraternum,

1869 2891 2110 2961 nunquid
2149 2901 2204 2948 et
2247 2891 2602 2948 homicidium
2629 2893 2687 2947 in
2723 2893 2887 2949 corde
2922 2908 3022 2949 suo
3048 2899 3457 2962 contempturus

1871 2984 1989 3039 est?
2013 2982 2131 3038 Non
2158 2991 2338 3038 movet
2367 2998 2559 3038 manus
2587 2983 2655 3038 ad
2680 2984 3038 3041 occidendum
3066 2985 3372 3049 hominem,
3397 2974 3456 3039 et

1796 3047 1841 3110 Ο
1874 3073 2144 3130 homicida
2176 3072 2290 3142 jam
2327 3080 2541 3128 tenetur
2578 3088 2609 3128 a
2646 3073 2905 3140 Domino,
2941 3075 3075 3131 vivit
3114 3071 3231 3140 ille,
3262 3082 3319 3129 et
3350 3047 3457 3129 iste

1867 3165 1980 3238 jam
2007 3164 2322 3221 interfector
2334 3163 2636 3235 judicatur.

1944 3256 2015 3311 Et
2040 3258 2184 3313 scitis
2211 3256 2460 3329 quoniam
2496 3258 2663 3313 omnis
2691 3257 2956 3313 homicida
2979 3274 3082 3312 non
3109 3258 3261 3313 habet
3295 3258 3459 3313 vitam

1873 3358 2126 3404 aeternam
2170 3349 2225 3401 in
2261 3365 2316 3402 se
2364 3357 2682 3403 manentem.
2734 3348 2803 3403 Et
2846 3348 2941 3406 hic
2971 3362 3069 3418 per
3108 3347 3267 3403 ﬁdem
3314 3348 3460 3403 inter

1875 3446 2096 3497 sanctos
2126 3439 2308 3497 vivere
2337 3439 2601 3505 cernitur,
2635 3454 2743 3496 non
2771 3438 2936 3494 habet
2967 3439 3022 3497 in
3055 3452 3114 3495 se
3140 3446 3456 3509 perpetuam

1876 3531 2041 3586 vitam
2068 3538 2393 3586 manentem.
2424 3529 2561 3586 Nam
2596 3530 2695 3587 ubi
2726 3530 3101 3587 retributionis
3128 3539 3343 3600 tempus
3367 3531 3462 3585 ad-

1875 3621 2084 3687 veniet,
2116 3636 2240 3677 cum
2273 3619 2406 3677 Cain
2439 3620 2531 3690 qui
2557 3635 2625 3676 ex
2648 3619 2883 3692 maligno
2912 3627 3063 3686 erat,
3093 3618 3457 3685 damnabitur,

1877 3709 2041 3766 etiam
2069 3710 2164 3781 qui
2194 3710 2469 3767 homicidii
2496 3724 2697 3781 genere
2725 3717 2961 3775 tenetur,
2990 3715 3052 3764 ut
3074 3708 3367 3774 discordet,
3399 3718 3460 3764 ut

1878 3800 2169 3866 dissideat,
2200 3808 2257 3855 et
2288 3815 2478 3873 pacem
2513 3814 2639 3856 cum
2667 3797 2929 3855 fratribus
2963 3813 3071 3853 non
3103 3797 3319 3853 habeat.
3350 3798 3463 3853 No-

1878 3892 2103 3948 tandum
2130 3892 2274 3948 enim
2311 3892 2456 3962 quod
2484 3907 2593 3947 non
2621 3890 2699 3947 ait
2737 3890 3011 3954 absolute,
3051 3889 3322 3945 homicida
3352 3905 3462 3944 non

1881 3979 2044 4036 habet
2068 3980 2237 4035 vitam
2263 3980 2319 4035 in
2346 3994 2408 4035 se
2435 3987 2766 4045 manentem,
2798 3979 2895 4035 sed
2920 3978 3117 4043 omnis,
3145 3978 3340 4048 inquit,
3367 3978 3465 4035 ho-

1880 4069 2077 4126 micida
2096 4110 2111 4134 ,
2152 4069 2361 4125 scilicet
2406 4084 2515 4124 non
2545 4069 2696 4126 solus
2724 4070 2817 4126 ille
2844 4069 2938 4139 qui
2974 4069 3156 4136 ferro,
3186 4083 3374 4125 verum
3407 4078 3465 4126 et

1881 4158 1972 4215 ille
1996 4158 2089 4229 qui
2120 4159 2243 4214 odio
2270 4158 2493 4213 fratrem
2524 4157 2849 4228 insequitur.

1955 4251 2021 4305 1η
2049 4250 2146 4306 hoc
2177 4250 2509 4322 cognorimus
2533 4250 2843 4306 eharitatem
2865 4250 2985 4316 Dei,
3008 4260 3115 4308 etc.
3139 4250 3323 4318 Qualis
3343 4267 3463 4322 pcr-

212 4371 230 4402 ι
263 4359 317 4404 et
364 4347 515 4403 scitis
560 4346 686 4417 quia
732 4344 908 4401 omnis
950 4343 1223 4399 homicida
1261 4357 1369 4397 non
1413 4342 1575 4396 habet
1615 4341 1783 4394 vitam
1813 4410 1850 4417 _
1887 4344 2028 4401 lecta
2052 4342 2290 4399 Charitas
2318 4356 2439 4398 esse
2467 4342 2658 4397 debeat
2693 4341 2749 4396 in
2784 4341 2969 4407 nobis,
2996 4340 3297 4398 Dominica:
3337 4358 3464 4413 pas-

212 4461 232 4493 ι
264 4452 521 4493 mzernam
550 4436 605 4490 in
636 4448 694 4492 se
731 4443 1057 4490 manentem.
1100 4434 1157 4489 ln
1190 4433 1293 4488 hoc
1327 4440 1505 4487 autem
1531 4430 1785 4501 cognovi-
1807 4410 1861 4470 Ῑ)
1887 4437 2053 4493 sionis
2081 4435 2328 4509 exemplo
2370 4437 2675 4494 didicimus.
2704 4435 2960 4506 Majorem
2988 4452 3220 4507 namque
3248 4410 3354 4513 hac
3383 4436 3464 4493 di-

215 4551 233 4584 ι
265 4546 384 4585 mus
408 4529 724 4585 charitatem
755 4528 883 4595 Dei,
930 4526 1183 4597 quoniam
1220 4524 1308 4581 ille
1335 4540 1434 4596 pro
1469 4524 1625 4579 nobis
1665 4522 1783 4578 ani-

216 4644 233 4674 s
268 4637 408 4676 mam
439 4634 592 4677 suam
621 4619 816 4690 posuit,
848 4626 903 4673 et
946 4633 1044 4673 nos
1080 4616 1340 4673 debemus
1383 4629 1481 4687 pro
1525 4613 1783 4670 fratribus

218 4732 236 4764 ι
271 4712 487 4767 animas
515 4724 734 4781 ponere.
783 4708 883 4776 Qui
932 4707 1184 4764 habuerit
1228 4703 1587 4762 substantiam
1624 4705 1785 4776 hujus

219 4824 236 4855 s
273 4802 489 4870 mundi,
521 4810 575 4857 et
607 4800 803 4855 viderit
830 4798 1054 4855 fratrem
1091 4813 1246 4853 suum
1284 4796 1664 4853 necessitatem
1690 4810 1787 4865 pa-

221 4919 242 4951 s
275 4896 525 4960 tientem,
554 4901 611 4949 et
646 4892 901 4949 clauserit
933 4890 1141 4946 viscera
1167 4904 1263 4945 sua
1293 4888 1362 4945 ab
1398 4903 1482 4953 eo,
1518 4886 1787 4958 quomodo

222 5013 241 5043 s
268 4987 506 5043 Charitas
538 4983 634 5041 Dei
660 4993 840 5040 manet
864 4983 920 5037 in
943 4982 1045 5038 eo?
1086 4980 1265 5037 Filioli
1290 4981 1429 5048 mei,
1469 4995 1577 5035 non
1606 4976 1793 5050 diliga-

225 5098 244 5132 ι
276 5092 395 5134 mus
423 5076 610 5141 verbo,
641 5089 819 5145 neque
844 5074 1057 5147 lingua,
1090 5073 1186 5129 sed
1209 5087 1372 5143 opere
1401 5080 1457 5127 et
1481 5072 1728 5127 veritate.
1765 5088 1784 5122 ι

295 5168 474 5225 Nolite
527 5169 709 5223 mirari
769 5167 814 5221 si
856 5165 963 5222 odit
1024 5181 1110 5219 vos
1155 5160 1381 5217 mundus
1428 5158 1541 5235 (Ex
1589 5156 1788 5233 Beda).

218 5263 475 5319 Mundum
524 5260 810 5317 dilectores
859 5256 1043 5314 mundi
1090 5255 1238 5311 dicit.
1290 5251 1403 5309 Nec
1452 5251 1789 5315 mirandum,

219 5356 343 5425 quia
372 5354 464 5425 qui
504 5359 689 5407 amant
722 5346 1012 5416 mundum;
1055 5346 1276 5402 fratrem
1315 5362 1346 5401 a
1384 5344 1569 5402 mundi
1610 5358 1793 5399 amore

216 5455 554 5518 separatum,
602 5451 657 5499 et
694 5443 1001 5498 cmlestihus
1045 5448 1254 5495 tantum
1292 5435 1571 5493 desideriis
1611 5434 1787 5489 inten-

224 5548 364 5601 tum,
400 5550 586 5590 amare
608 5549 715 5588 non
737 5531 963 5601 possint.
1006 5528 1346 5585 Abominatio
1371 5536 1451 5583 est
1488 5525 1629 5583 enim
1672 5542 1795 5597 pec-

218 5630 391 5688 cateri
443 5626 630 5698 religio
649 5665 664 5693 ,
706 5632 763 5677 ut
792 5621 1072 5692 Scriptura
1100 5626 1347 5673 testatur.

1887 4527 2170 4585 lectionem
2199 4543 2360 4585 nemo
2385 4527 2577 4593 habet,
2609 4537 2673 4585 ut
2697 4528 2934 4584 animam
2963 4544 3115 4585 suam
3146 4538 3310 4600 ponat
3344 4531 3465 4601 quis

1888 4633 1988 4689 pro
2028 4618 2220 4675 amicis
2253 4618 2386 4675 suis.
2430 4618 2585 4676 Unde
2620 4627 2679 4674 et
2713 4618 2912 4676 Paulus
2948 4619 3026 4676 ait
3065 4638 3091 4676 :-
3121 4619 3465 4678 Commendat

1888 4719 2065 4763 autem
2103 4708 2241 4765 Deus
2270 4727 2421 4765 suam
2450 4710 2760 4766 charitatent
2784 4712 2838 4766 in
2868 4710 3049 4778 nobis,
3075 4711 3323 4782 quoniam
3348 4728 3467 4766 cum

1891 4801 2063 4856 adhuc
2088 4812 2384 4874 peccatores
2411 4819 2662 4872 essemus,
2687 4801 2927 4859 Christus
2944 4820 3041 4876 pro
3061 4804 3208 4859 nobis
3233 4813 3468 4860 mortuus

1890 4904 1965 4949 est
1992 4893 2165 4967 (Rom.
2193 4894 2269 4967 v).
2293 4894 2447 4952 Hanc
2468 4895 2661 4954 beatus
2695 4897 2889 4954 Petrus
2924 4898 3126 4957 habere
3150 4898 3466 4956 monebatur

1892 4998 2015 5038 cum
2028 4982 2254 5039 Domino
2265 4983 2478 5042 dicente
2495 5002 2508 5039 :
2529 4982 2705 5052 Petre,
2719 5003 2865 5040 amas
2878 4986 3150 5057 meipnsee
3162 5004 3280 5042 oves
3296 5004 3468 5051 meas;

1893 5075 2172 5147 respondit
2198 5091 2257 5130 se
2301 5091 2517 5142 amare,
2545 5078 2835 5147 statimque
2859 5078 3060 5134 audivit
3088 5093 3104 5132 :
3136 5076 3268 5134 Cum
3294 5090 3467 5134 autem

1893 5165 2155 5230 tenueris,
2186 5164 2427 5220 extendes
2464 5181 2651 5222 manus
2685 5176 2835 5230 tuas,
2865 5175 2913 5221 et
2945 5166 3083 5221 alius
3117 5176 3167 5220 te
3191 5168 3390 5236 cinget,
3419 5175 3468 5223 et

1895 5255 2045 5309 ducet
2072 5272 2173 5325 quo
2206 5264 2262 5308 tu
2298 5271 2398 5309 non
2439 5255 2532 5310 vis.
2572 5253 2687 5327 Hoc
2721 5267 2895 5311 autent
2926 5257 3057 5311 dixit
3093 5253 3200 5329 (ait
3232 5257 3476 5327 Evange-

1895 5343 2048 5417 lium)
2069 5344 2394 5414 signiﬁcans,
2417 5362 2520 5416 qua
2546 5356 2710 5401 morte
2732 5346 3119 5417 clariﬁcaturus
3144 5356 3273 5401 esset
3304 5346 3468 5399 Deum

1900 5434 2081 5509 (Joan.
2106 5434 2330 5507 ultimo).
2356 5436 2451 5490 Cui
2475 5437 2619 5491 enim
2644 5453 2884 5492 amorem
2907 5437 3180 5492 conﬁtenti
3204 5451 3328 5490 suas
3345 5450 3468 5491 oves

1901 5529 2305 5585 commendarat
2326 5572 2340 5595 ,
2370 5546 2493 5587 eum
2534 5532 2586 5585 in
2617 5531 2984 5587 testimonium
3014 5530 3239 5600 perfecti
3270 5532 3469 5587 amoris

1903 5619 2134 5673 animam
2161 5635 2311 5675 suam
2337 5637 2434 5691 pro
2458 5622 2657 5676 eislem
2684 5620 2875 5677 utilius
2896 5634 3097 5690 ponere
3122 5619 3366 5675 decebat.
