3978 6418
541 258 647 314 355

1823 232 2178 293 SMARAGDI
2217 228 2507 287 ABBATIS

3724 224 3827 282 536

615 370 683 424 Et
713 383 806 423 nos
844 364 1085 420 debentus
1117 358 1319 413 animas
1356 368 1449 427 pro
1492 352 1744 423 fratribus
1774 364 1983 422 ponere.
2017 345 2125 400 Sed
2153 348 2202 406 Α
2227 343 2303 408 di,
2336 342 2390 397 in
2417 355 2526 413 quo
2555 341 2813 395 nimirum
2834 352 2934 395 nos
2954 352 3161 405 sumus,
3188 335 3330 394 sicut
3339 335 3667 408 jamdudum
3692 336 3825 395 Pau-

542 461 688 517 dicet
706 456 843 512 forte
869 452 1063 522 aliquis
1084 463 1101 503 :
1123 449 1190 503 Et
1207 446 1477 519 quomodo
1496 458 1718 513 possum
1745 440 1945 495 habere
1966 438 2125 492 istam

542 546 899 609 chaﬁtawm?
927 543 1044 600 Noli
1065 543 1174 597 cito
1192 540 1260 595 de
1281 546 1334 593 te
1363 537 1674 606 desperare,
1706 531 1845 585 forte
1870 537 1998 584 nata
2023 535 2128 591 est,

541 641 639 697 sed
665 636 901 694 nondum
934 632 1177 705 perfecta
1203 636 1306 685 est.
1341 626 1497 681 Nutri
1524 638 1643 679 eam
1663 663 1679 688 ,
1710 636 1779 676 ne
1815 619 2130 679 suli'oectur.

541 741 598 788 et
622 729 787 789 unde,
819 725 1021 795 inquis,
1050 722 1196 785 novi,
1230 728 1415 774 natam
1442 718 1496 772 in
1527 728 1613 770 me
1638 729 1759 770 esse
1788 712 2129 775 charitatem,

541 834 709 890 quam
738 814 1013 871 nutriam?
1040 813 1165 867 audi
1196 808 1478 880 sequentia
1509 820 1525 861 :

617 910 721 975 Qui
748 906 988 962 habuerit
1016 902 1360 958 substantiam
1388 899 1605 963 mundi,
1636 906 1684 952 et
1710 896 1892 950 viderit
1918 894 2133 965 fratrem

541 1013 702 1054 suum
743 995 1099 1051 necessitatem
1148 990 1379 1054 habere,
1428 997 1534 1043 etc.
1575 987 1715 1042 Ecce
1759 984 1900 1039 unde
1946 982 2139 1051 incipit

546 1088 810 1150 charitas,
842 1084 886 1139 si
916 1082 1155 1137 nondum
1185 1094 1245 1133 es
1270 1078 1494 1133 idoneus
1520 1076 1655 1130 mori
1685 1090 1785 1143 pro
1816 1072 2003 1135 fratre,
2025 1070 2135 1138 iam

547 1178 774 1232 idoneus
799 1181 917 1228 esto
940 1171 1070 1225 dare
1093 1170 1157 1223 de
1186 1168 1294 1221 tuis
1320 1165 1668 1220 facultatibus
1697 1163 1876 1217 fratri.
1910 1161 1967 1216 Si
1990 1161 2137 1215 enim

550 1267 708 1321 fratri
740 1263 1041 1319 molestiam
1067 1258 1292 1330 patienti
1317 1271 1421 1311 non
1446 1254 1792 1323 compateris,
1816 1267 1924 1307 non
1951 1252 2138 1321 utique

541 1356 752 1420 Patris,
782 1368 850 1409 ex
882 1366 990 1423 quo
1014 1351 1174 1405 ambo
1216 1346 1523 1418 regenerati
1564 1345 1701 1400 estis
1719 1385 1734 1410 ,
1763 1344 2002 1399 eltaritas
2025 1356 2140 1396 ma-

550 1458 643 1503 net
668 1448 722 1501 in
752 1455 826 1501 te.

622 1535 809 1591 Filioli
850 1536 982 1599 mei,
1012 1549 1117 1588 non
1156 1532 1437 1603 diligamus
1474 1529 1626 1585 verbo
1668 1544 1762 1584 nec
1798 1528 2009 1599 lingua,
2048 1527 2139 1581 sed

550 1642 703 1700 opere
728 1637 774 1682 et
808 1627 1039 1682 veritate.
1067 1625 1241 1695 Opere
1268 1621 1548 1686 videlicet,
1584 1627 1644 1673 ut
1680 1633 1804 1673 cum
1836 1616 2011 1672 frater
2047 1625 2141 1671 aut

2230 435 2315 490 lus
2347 440 2615 499 testatur,
2654 433 2840 488 dicens
2876 446 2892 485 :
2931 429 3044 485 Nos
3079 432 3135 485 in
3166 447 3296 503 quos
3339 432 3476 501 fines
3509 430 3824 488 saeuior-usu

2229 525 2563 580 devenerunt.
2598 521 2657 578 Si
2690 537 2820 594 ergo
2850 523 2964 593 jam
3011 522 3145 577 hora
3173 538 3346 578 ciente
3384 531 3472 579 est
3499 538 3627 583 cum
3664 539 3823 580 voea-

2228 634 2373 685 mur,
2403 626 2557 673 tanto
2594 618 2776 672 minus
2814 615 3073 672 debemus
3110 632 3374 672 excusare
3408 617 3667 671 convivio
3710 616 3829 683 Dei,

2232 719 2435 782 quanto
2482 710 2877 781 propinquasse
2919 707 3032 777 jam
3082 706 3358 763 cernimus
3402 706 3571 763 tinem
3619 710 3823 763 muli.

2231 803 2441 859 Idcirco
2480 809 2660 856 autem
2700 800 2803 855 hoc
2846 798 3150 854 convivium
3194 797 3321 863 Dei,
3362 814 3468 854 non
3511 800 3822 869 prandium.

2232 897 2328 952 sed
2358 910 2514 951 caena
2538 901 2788 958 vocatur,
2823 891 2949 962 quia
2974 900 3096 962 post
3129 889 3411 961 prandium
3443 905 3599 946 creua
3636 898 3809 947 restat

2234 985 2303 1041 Et
2338 986 2463 1055 quia
2501 992 2765 1040 aeternum
2804 982 2899 1037 Dei
2938 982 3243 1037 convivium
3287 981 3445 1035 nobis
3484 979 3536 1035 in
3582 992 3837 1037 extremo

2235 1078 2649 1150 prmparabitur,
2680 1083 2886 1131 rectum
2917 1075 3019 1129 fuit
3047 1083 3104 1128 ut
3139 1075 3241 1129 hoc
3273 1084 3377 1129 nun
3418 1068 3711 1144 prandium
3740 1075 3835 1128 sed

2238 1185 2394 1226 cmna
2422 1156 2730 1224 vocaretur.
2768 1165 2878 1221 Sed
2912 1165 3034 1236 quis
3071 1179 3170 1236 per
3202 1166 3346 1219 hunc
3380 1176 3625 1223 servum.
3672 1161 3769 1232 qui
3803 1178 3832 1216 a

2237 1259 2627 1333 patrefamilias
2653 1258 2719 1313 ad
2745 1257 3081 1311 invitandum
3104 1254 3355 1318 mittitur,
3384 1254 3487 1308 nisi
3511 1254 3835 1324 prmdicato-

2241 1366 2362 1413 rum
2390 1355 2523 1411 ordo
2551 1354 2814 1425 signatur.
2836 1350 2916 1405 Ad
2940 1349 3309 1420 repellendum
3341 1354 3520 1401 autem
3552 1344 3832 1401 fastidium

2242 1454 2519 1508 nostrum,
2554 1443 2668 1513 jam
2707 1450 2896 1514 parata
2935 1448 3061 1495 sunt
3097 1438 3312 1501 omnia,
3349 1438 3476 1507 quia
3511 1436 3579 1491 ad
3621 1437 3836 1491 abstero
3924 1498 3925 1505 η

2239 1538 2474 1610 gendum
2506 1535 2704 1591 mentis
2732 1538 2932 1589 nostra!
2957 1538 3217 1601 teporem,
3243 1530 3296 1583 in
3320 1544 3474 1583 emna
3498 1526 3717 1583 Domini
3747 1526 3835 1580 illc

2243 1624 2400 1683 nobis
2428 1624 2720 1697 singularis
2748 1634 2919 1695 agnus
2950 1623 3161 1677 occisus
3189 1630 3301 1686 est,
3329 1620 3421 1689 qui
3459 1620 3585 1674 tulit
3609 1628 3832 1689 peccata

550 1733 708 1774 soror
735 1718 864 1772 nudi
897 1723 1046 1780 sunt,
1071 1725 1126 1769 et
1148 1714 1388 1785 indigent
1412 1713 1558 1767 victu
1580 1710 1917 1781 quotidiano,
1949 1711 2137 1765 demus
2166 1706 2213 1763 Β
2241 1719 2448 1775 mundi,

548 1810 654 1875 eis,
677 1824 800 1880 qua:
827 1807 1132 1863 necessaria
1161 1813 1288 1862 sunt
1306 1804 1546 1875 corpori.
1569 1802 1853 1868 Similiter,
1882 1817 2006 1857 cum
2031 1800 2141 1873 spi-

549 1900 797 1955 ritalibus
834 1898 991 1953 donis
1032 1912 1128 1952 eos
1174 1908 1337 1966 egere
1380 1893 1775 1964 conspicimus,
1819 1899 2142 1962 praestemus

547 2007 740 2047 eorum
783 1988 1096 2044 necessitati
1138 2000 1259 2056 qua
1296 1999 1607 2056 possumus.
1652 1983 1894 2039 Veritate
1938 1993 2140 2047 autem,

551 2093 616 2139 ut
663 2082 855 2136 eadem
893 2080 975 2135 eis
1015 2077 1283 2133 beneﬁcia
1327 2075 1558 2146 simplici
1596 2073 1901 2129 iutensione
1944 2072 2143 2141 largia-

554 2190 702 2240 mur,
724 2181 780 2230 et
806 2186 915 2227 non
943 2176 1164 2242 propter
1188 2168 1402 2223 laudem
1432 2168 1721 2222 humanam
1741 2206 1755 2230 ,
1786 2179 1891 2219 non
1926 2172 2146 2234 propter

550 2266 889 2337 jactantiam,
922 2276 1031 2318 non
1063 2260 1130 2315 ad
1160 2259 1413 2329 iniuriam
1436 2257 1667 2313 aliorum
1686 2297 1701 2322 ,
1732 2255 1822 2326 qui
1849 2252 2145 2323 majoribus

553 2356 766 2427 praediti
786 2352 1128 2416 substantiis,
1148 2350 1221 2405 nil
1245 2349 1352 2403 tale
1373 2348 1621 2403 fecerint.
1636 2346 1979 2413 Quaecunque
2000 2344 2144 2397 enim

559 2461 716 2501 mens
739 2442 1045 2512 hujusmodi
1080 2438 1248 2495 naevis
1274 2438 1533 2502 inficitur,
1561 2437 1613 2490 in
1634 2436 1737 2490 hac
1764 2434 1973 2506 paritas
1998 2432 2143 2489 veri-

556 2536 687 2589 tatis
724 2533 972 2587 habitare
1010 2545 1116 2585 non
1154 2529 1326 2593 valet,
1378 2527 1596 2581 tametsi
1633 2541 1796 2595 opera
1839 2523 2146 2579 dilectionis

556 2625 820 2697 proximis
867 2623 1178 2693 impendere
1223 2620 1453 2674 videtur.
1498 2618 1556 2672 ln
1626 2617 1730 2672 hoc
1794 2615 2147 2685 cognovimus

555 2715 814 2785 quoniam
844 2729 911 2768 ex
935 2712 1165 2767 veritate
1187 2724 1395 2774 sumus,
1425 2707 1478 2762 id
1496 2714 1601 2773 est,
1629 2721 1756 2762 cum
1778 2719 1944 2775 opera
1973 2705 2026 2758 in
2057 2717 2148 2757 ve-

558 2808 721 2862 ritate
754 2805 1012 2870 facimus,
1052 2809 1203 2874 patet
1234 2801 1363 2873 quia
1399 2814 1466 2854 ex
1504 2798 1736 2853 veritate
1780 2810 2001 2860 sumus,
2026 2810 2147 2864 qua:

557 2901 703 2955 Deus
739 2906 851 2963 est,
877 2906 939 2952 ut
985 2906 1111 2967 pote
1144 2896 1239 2966 qui
1275 2893 1393 2964 ejus
1430 2891 1818 2964 perfectionem
1851 2903 1949 2961 pro
1988 2888 2147 2943 modo

557 2971 747 3047 nostro
775 2989 1073 3044 imitamur.

912 3090 1250 3136 ενΑκοειιυιι
1287 3086 1461 3145 ιῠεε,
1485 3088 1603 3133 CAP.
1643 3083 1787 3132 Xlill.

634 3190 653 3221 ι
700 3170 871 3225 Homo
898 3170 1119 3240 quidam
1148 3168 1276 3224 fecit
1302 3181 1515 3224 umnam
1543 3180 1822 3238 magnam,
1852 3172 1909 3220 et
1936 3164 2147 3220 voeavit

536 3281 582 3314 ~s
627 3263 846 3317 multos.
872 3262 940 3316 Et
964 3261 1114 3315 misit
1140 3274 1358 3315 servum
1395 3273 1553 3314 suum
1593 3259 1728 3312 hora
1762 3271 1934 3312 coenas
1966 3255 2147 3311 dicere

564 3371 586 3405 s
630 3355 874 3408 invitatis
897 3361 959 3407 ut
983 3351 1259 3416 venirent,
1287 3352 1416 3421 quia
1437 3351 1551 3421 jam
1578 3357 1767 3420 parata
1795 3358 1920 3403 sunt
1941 3347 2142 3403 omnia.

562 3465 585 3497 ι
629 3446 698 3499 Et
722 3450 1008 3513 coeperunt
1031 3456 1089 3497 se
1115 3441 1277 3497 simul
1297 3455 1490 3515 omnes
1514 3455 1795 3495 excusare.
1823 3439 2037 3496 Primus
2060 3443 2142 3497 di-

565 3555 584 3585 s
634 3535 711 3587 xit
743 3551 757 3587 :
791 3532 982 3589 Villam
1019 3532 1159 3597 emi,
1199 3538 1257 3586 et
1292 3544 1515 3585 necesse
1552 3530 1726 3586 habeo
1765 3530 1947 3598 exire,
1977 3540 2033 3587 et
2065 3532 2145 3587 vi-

565 3651 584 3676 .
630 3626 757 3679 dere
782 3624 927 3679 illam
947 3664 963 3689 ,
1006 3637 1138 3693 rogo
1161 3629 1217 3677 te
1256 3622 1397 3677 habe
1425 3636 1512 3675 me
1548 3630 1884 3678 excusatum.
1915 3622 1979 3678 Et
2008 3623 2146 3679 alter

566 3736 586 3768 ι
632 3716 769 3771 dixit
794 3732 806 3769 :
831 3714 969 3785 luga
1008 3714 1168 3769 boum
1205 3714 1314 3769 emi
1338 3713 1595 3785 quinque,
1620 3721 1756 3770 eteo
1777 3716 2010 3785 probare
2032 3717 2140 3781 illa,

567 3825 587 3858 ι
634 3819 765 3877 rogo
801 3813 855 3860 te
887 3805 1029 3860 habe
1056 3819 1141 3859 me
1163 3813 1498 3860 excusatum.
1528 3805 1595 3860 Et
1621 3806 1758 3862 alius
1784 3808 1921 3862 dixit
1950 3824 1963 3861 :
2001 3807 2145 3863 Uxo-

566 3915 588 3948 s
632 3910 745 3949 rem
768 3896 916 3961 duxi,
940 3903 999 3949 et
1023 3895 1144 3951 ideo
1170 3910 1276 3949 non
1304 3906 1523 3965 possum
1549 3896 1753 3951 venire.
1790 3894 1857 3950 Et
1893 3909 2145 3951 reversus

569 4007 587 4039 s
630 4003 851 4054 servus,
889 3986 1156 4042 nuntiavit
1183 3987 1400 4043 domino
1431 4003 1549 4044 suo.
1574 3986 1728 4043 Tunc
1758 3988 1931 4043 iratus
1958 3996 2143 4058 pater-

566 4101 586 4131 ι
632 4080 860 4135 lhmilias
888 4079 1025 4133 dixit
1057 4089 1216 4134 servo
1242 4094 1340 4135 suo
1372 4096 1385 4133 :
1414 4079 1513 4134 Exi
1542 4079 1651 4135 cito
1680 4078 1733 4133 in
1760 4078 1967 4149 plateas
1989 4087 2043 4133 et
2064 4079 2144 4134 vi-

566 4191 585 4222 ‹
630 4186 722 4225 cos
766 4170 1032 4236 civitatis,
1080 4180 1133 4225 et
1175 4185 1438 4241 pauperes
1477 4185 1541 4226 ac
1596 4170 1828 4233 debiles,
1876 4186 2049 4226 uncos
2088 4179 2143 4225 et

567 4281 585 4313 ι
631 4263 854 4318 claudos
879 4261 1125 4317 introduc
1150 4264 1274 4317 huc.
1308 4263 1376 4317 Et
1407 4262 1482 4317 ait
1506 4276 1696 4318 servus
1728 4280 1742 4315 :
1774 4262 2031 4328 Domine,
2064 4262 2144 4317 fa-

565 4374 584 4403 ε
624 4364 775 4409 ctum
804 4360 886 4409 est
918 4362 977 4409 ut
1008 4356 1317 4427 imperasti,
1349 4365 1404 4410 et
1437 4354 1615 4409 adhuc
1652 4353 1803 4409 locus
1830 4362 1934 4409 est.
1967 4354 2034 4409 Et
2066 4354 2143 4409 ait

564 4465 584 4495 ι
634 4447 888 4503 Dominus
915 4462 1071 4504 servo
1107 4463 1122 4502 :
1154 4449 1253 4503 Exi
1279 4448 1333 4502 in
1363 4449 1481 4503 vias
1509 4454 1565 4503 et
1591 4460 1767 4515 sepes,
1799 4453 1853 4501 et
1881 4446 2143 4515 compelle

563 4647 585 4679 ι
633 4629 716 4683 bis
748 4630 893 4699 quod
931 4644 1089 4685 nemo
1139 4630 1379 4700 virorum
1417 4627 1631 4683 illorum
1679 4626 1771 4695 qui
1805 4626 1982 4680 vocati
2018 4634 2142 4680 Sunt

562 4737 584 4772 ι
628 4722 864 4791 gustabit
893 4735 1103 4777 canam
1131 4735 1333 4776 meam.
1370 4738 1390 4770 ν

631 4809 803 4864 Ποιηο
826 4811 1042 4882 quidam
1063 4811 1185 4880 fecit
1205 4826 1405 4864 caenam
1430 4824 1695 4879 magnam,
1720 4816 1767 4860 et
1792 4809 1985 4862 vocavit
2006 4807 2142 4863 ntul-

558 4910 637 4954 tos
665 4900 766 4973 (Ex
794 4900 1061 4974 Eiet-om).
1112 4901 1244 4968 Quis
1289 4901 1392 4955 iste
1432 4909 1519 4955 est
1564 4902 1754 4966 homo,
1796 4901 1896 4956 nisi
1929 4902 2047 4970 ille,
2078 4905 2144 4959 de

558 5006 665 5061 quo
690 5006 788 5063 per
819 4993 1139 5063 prophetam
1167 4992 1366 5047 dicitur
1398 5009 1412 5045 ε
1450 4992 1520 5047 Et
1542 4992 1697 5047 homo
1718 5002 1814 5059 est,
1844 5003 1893 5048 et
1919 4996 2035 5066 quis
2064 5013 2146 5051 co-

555 5093 765 5155 guescet
790 5085 951 5139 eum?
978 5084 1079 5151 Qui
1109 5083 1238 5137 fecit
1264 5098 1479 5139 coenam
1508 5099 1764 5155 magnam
1782 5128 1797 5152 ,
1828 5088 1952 5157 quia
1981 5089 2144 5144 satie-

560 5185 724 5229 tatem
762 5176 919 5230 nohis
947 5175 1175 5229 interna:
1198 5173 1499 5230 dulcedinis
1531 5179 1886 5246 praeparavit,
1919 5179 2010 5248 qui
2048 5194 2144 5234 vo-

557 5278 648 5325 cat
676 5268 894 5333 multos,
919 5268 1014 5323 sed
1025 5267 1182 5337 pauci
1208 5268 1448 5333 veniunt,
1463 5270 1587 5341 quia
1611 5285 1993 5341 nonnunquam
2018 5270 2140 5342 ipsi,

558 5359 651 5430 qui
678 5358 729 5413 ei
757 5372 855 5427 per
885 5356 1042 5412 fidem
1075 5357 1300 5427 subjecti
1329 5356 1485 5427 sunt,
1517 5370 1720 5416 mterno
1753 5362 1871 5433 ejus
1895 5360 2145 5417 convivio

561 5449 705 5504 male
732 5448 965 5505 vivendo
994 5451 1391 5506 contradicunt.

632 5538 702 5591 Et
726 5539 867 5623 misit
904 5556 1107 5595 seruum
1145 5559 1298 5597 suum
1334 5542 1466 5598 hora
1504 5560 1662 5599 ruente
1707 5544 1881 5597 dicere
1915 5542 2145 5599 invitatis

566 5638 621 5683 ut
652 5629 895 5699 venirent,
922 5640 1027 5688 etc.
1058 5633 1194 5703 Quid
1223 5635 1357 5691 hora
1384 5650 1574 5703 emitte,
1606 5635 1709 5691 nisi
1742 5634 1863 5691 linis
1885 5643 1968 5692 est
1991 5652 2147 5691 mun-

2170 4406 2224 4471 D

565 4556 585 4588 ι
630 4538 856 4604 intrare,
884 4547 944 4593 ut
974 4538 1262 4610 impleatur
1286 4539 1478 4593 domus
1503 4550 1645 4590 mea.
1676 4534 1808 4589 Dico
1840 4542 2018 4589 autem
2048 4546 2143 4589 vo—
2186 4546 2189 4549 '

2312 1808 2382 1863 Et
2426 1814 2685 1880 eruperunt
2729 1802 2888 1859 simul
2931 1814 3107 1857 omnes
3148 1813 3421 1855 excusare.
3473 1798 3650 1855 Ollert
3695 1792 3836 1854 Deus
3926 1776 3927 1791 ‘

2241 1901 2384 1972 quod
2414 1897 2591 1972 rogari
2623 1896 2826 1972 debuit,
2861 1906 2968 1950 non
2997 1900 3217 1965 rogatus
3249 1893 3379 1947 dare
3408 1891 3525 1946 vult
3549 1891 3696 1963 quod
3743 1893 3829 1945 vix

2242 1966 2451 2061 sperari
2480 1966 2703 2059 poterat
2738 1966 2865 2056 quia
2928 1984 3243 2054 dignaretur
3278 1980 3462 2051 largiri
3503 1976 3827 2049 postulatus.

2243 2082 2622 2138 Coutcmnitur
2659 2092 2821 2137 vero,
2871 2083 3093 2147 paratas
3144 2074 3365 2128 delicias
3412 2070 3830 2126 resurrectioilis

2244 2185 2460 2231 aeterna:
2489 2172 2799 2233 denuntiat,
2836 2177 2891 2223 et
2920 2177 3101 2223 tamen
3138 2163 3294 2221 simul
3320 2177 3510 2220 omnes
3546 2171 3829 2223 excusant,

2244 2264 2338 2320 sed
2367 2264 2554 2319 dicunt
2581 2260 2746 2331 aliqui
2787 2272 3050 2315 excusare
3088 2255 3368 2320 nolumus,
3407 2252 3474 2308 ad
3519 2252 3649 2308 illud
3687 2252 3829 2307 enim

2245 2369 2497 2425 superna:
2538 2350 2851 2407 refcctionis
2890 2347 3225 2411 convivium,
3254 2356 3308 2400 et
3334 2345 3513 2400 vocari
3552 2354 3609 2399 et
3638 2358 3833 2415 pcrve-
3898 2388 3905 2393 .

2245 2449 2364 2504 nire
2394 2439 2746 2518 gratulamur.
2778 2438 2880 2509 Qui
2908 2456 3097 2497 verum
3124 2425 3367 2510 profecto
3397 2438 3617 2502 dicunt,
3654 2437 3701 2492 si
3729 2452 3834 2490 non

2245 2541 2366 2614 plus
2398 2546 2611 2595 terrena
2640 2554 2803 2609 quam
2851 2536 3092 2594 cmlestia
3119 2533 3367 2605 diligunt,
3398 2535 3445 2589 si
3471 2550 3580 2588 non
3608 2528 3840 2603 amplius

2249 2633 2411 2688 rebus
2457 2628 2835 2701 corporalibus
2881 2644 3042 2701 quam
3098 2621 3429 2697 spiritalibus
3476 2631 3835 2695 occupantur.

2248 2720 2403 2781 Unde
2428 2724 2519 2779 hic
2551 2738 2764 2794 quoque
2796 2720 2909 2793 ipsa
2957 2718 3333 2776 excusantium
3363 2728 3527 2773 causa
3562 2708 3839 2790 subiungi-

2248 2821 2360 2880 tur,
2391 2828 2513 2869 cum
2541 2812 2789 2883 protinus
2817 2806 3148 2865 subinlertur
3188 2827 3201 2862 :

2321 2900 2536 2959 Primus
2556 2900 2688 2957 dixit
2708 2897 2757 2957 ei
2782 2914 2802 2953 .'
2846 2896 3034 2954 Villam
3056 2898 3179 2964 emi,
3204 2906 3252 2951 et
3280 2910 3482 2951 necesse
3509 2890 3677 2949 habeo
3699 2890 3840 2949 exire
3934 2948 3935 2959 χ

2250 2996 2421 3051 cidere
2446 2994 2612 3058 illam,
2645 3000 2751 3049 etc.
2785 2991 2924 3060 Quid
2954 3005 3052 3060 per
3079 2982 3262 3043 villam
3281 3028 3296 3053 ,
3324 2986 3426 3042 nisi
3466 2992 3687 3041 terrena
3713 2984 3841 3040 sub-
3934 2964 3935 3031 ἰ

2174 3060 2220 3123 C
2252 3086 2448 3142 stantia
2475 3084 2807 3155 designatur.
2835 3074 2977 3136 Exiit
3008 3096 3137 3150 ergo
3166 3073 3349 3133 videre
3373 3072 3581 3145 villam,
3612 3077 3706 3148 qui
3726 3074 3839 3133 sola

2248 3176 2520 3232 exteriora
2550 3168 2755 3244 cogitat
2779 3181 3000 3242 propter
3026 3162 3405 3226 substantiam.

2319 3266 2388 3321 Et
2418 3266 2552 3320 alter
2574 3260 2707 3319 dixit
2734 3280 2753 3319 :
2784 3262 2926 3335 luga
2958 3260 3112 3317 boum
3145 3260 3246 3315 emi
3278 3260 3527 3331 quinque,
3560 3264 3610 3313 et
3635 3274 3697 3313 eo
3721 3272 3836 3327 pro-
3936 3294 3937 3319 ;

2248 3358 2371 3416 bare
2397 3359 2511 3425 illa,
2539 3372 2664 3431 rogo
2688 3368 2757 3423 te,
2782 3366 2888 3414 etc.
2921 3355 3061 3424 Quid
3089 3355 3327 3425 quinque
3347 3346 3494 3424 jugis
3519 3349 3712 3417 boum,
3738 3348 3842 3404 nisi

2248 3451 2485 3523 quinque
2511 3440 2755 3520 corporis
2792 3464 2983 3505 sensus
3017 3440 3348 3517 accipimus?
3375 3444 3467 3515 qui
3509 3448 3664 3498 recte
3703 3458 3837 3515 quo-

2246 3558 2352 3612 que
2385 3536 2516 3613 juga
2553 3538 2732 3597 "vocati
2773 3548 2930 3603 sunt,
2974 3538 3192 3609 quia.in
3229 3547 3461 3606 utroque
3504 3544 3640 3590 sexu
3675 3535 3842 3602 gemi-

2248 3638 2465 3684 nantur.
2496 3629 2600 3697 Qui
2636 3621 2889 3684 videlicet
2933 3627 3241 3699 corporales
3273 3642 3498 3691 sensus,
3529 3626 3661 3697 quia
3696 3641 3840 3681 com-

2245 3719 2583 3791 prehendere
2646 3718 2900 3773 nesciunt
2934 3717 3156 3773 interna
3180 3756 3195 3781 ,
3252 3715 3348 3772 sed
3397 3715 3513 3770 sola
3564 3715 3839 3769 exteriora

2247 3819 2596 3886 cognoscunt,
2626 3819 2682 3867 et
2708 3811 3019 3866 deserentes
3047 3801 3259 3874 intima,
3290 3822 3352 3862 ea
3378 3821 3501 3876 quae
3525 3814 3683 3859 extra
3716 3814 3841 3862 sunt

2248 3908 2493 3976 tangunt,
2525 3906 2672 3958 recte
2706 3918 2803 3973 per
2842 3916 2936 3957 eos
2967 3896 3256 3958 curiositas
3280 3891 3624 3969 designatur.
3663 3896 3840 3954 Grave

2246 4010 2480 4066 namque
2509 3989 2841 4051 curiositatis
2869 4002 2954 4049 est
2974 3990 3195 4057 vitium,
3226 4008 3346 4064 qua:
3379 3993 3506 4049 dum
3548 3990 3841 4064 cujuslibet

2247 4098 2484 4146 mentem
2532 4088 2599 4143 ad
2635 4086 3063 4158 investigandum
3111 4086 3277 4140 vitam
3321 4078 3553 4156 proximi
3598 4083 3841 4141 exterius

2247 4178 2431 4243 ducit,
2464 4192 2676 4248 semper
2704 4177 2752 4231 ei
2784 4191 2880 4230 sua
2911 4168 3098 4229 intima
3135 4174 3439 4228 abscondit.
3478 4167 3715 4243 Propter
3740 4176 3841 4231 hoc

2247 4284 2502 4337 namque,
2531 4275 2587 4322 et
2614 4267 2680 4321 de
2703 4265 2905 4320 eisdem
2935 4262 3175 4336 quinque
3203 4262 3347 4334 jugis
3385 4265 3550 4319 boum
3586 4260 3792 4322 dicitur
3820 4285 3834 4321 :

2249 4359 2328 4414 Eo
2363 4358 2583 4430 probare
2617 4352 2743 4423 illa,
2782 4356 2908 4428 quia
2951 4348 3202 4410 videlicet
3239 4355 3530 4429 aliquando
3562 4358 3838 4427 pertinere

2250 4450 2495 4525 probatio
2530 4448 2597 4503 ad
2628 4442 2996 4504 curiositatem
3026 4445 3183 4503 solet.
3211 4440 3316 4503 Sed
3346 4446 3667 4515 notandum,
3694 4452 3835 4521 quod

2251 4551 2307 4598 et
2332 4538 2381 4597 is
2414 4534 2505 4612 qui
2530 4548 2749 4611 propter
2779 4536 2989 4605 villam,
3015 4545 3070 4593 et
3100 4540 3145 4594 is
3172 4540 3263 4608 qui
3298 4548 3519 4610 propter
3557 4543 3833 4610 probanda

2242 4629 2375 4705 juga
2398 4631 2580 4696 boum,
2599 4643 2629 4685 a
2660 4644 2815 4685 cmna
2841 4629 2924 4684 sui
2952 4626 3256 4686 invitatoris
3283 4639 3529 4698 excusat,
3547 4635 3713 4689 verba
3743 4636 3835 4690 hu-

2248 4722 2358 4777 mili
2368 4722 2492 4776 tatis
2514 4719 2806 4791 permiscet
2830 4718 3033 4774 dicens.

2321 4811 2461 4883 Rogo
2484 4810 2698 4877 te,liabe
2726 4825 2806 4864 me
2830 4820 3154 4865 excusatum.
3176 4811 3312 4868 Dum
3336 4814 3480 4870 enim
3505 4815 3659 4882 dicit,
3679 4833 3828 4889 rogo,

2244 4912 2300 4960 et
2331 4911 2511 4959 tamen
2541 4900 2727 4958 venire
2753 4900 3070 4969 contemnit,
3105 4899 3385 4959 humilitas
3406 4916 3566 4962 sonat
3590 4908 3647 4961 in
3676 4925 3826 4973 voce,

2243 4993 2492 5065 superbia
2529 4989 2582 5047 in
2622 4993 2866 5059 actione,
2906 5002 2961 5049 et
3001 5009 3128 5050 ecce
3178 4993 3282 5050 hoc
3335 4993 3593 5065 dijudieat
3630 5015 3828 5069 pravus

2244 5085 2473 5157 quisque
2512 5100 2634 5140 cum
2676 5085 2859 5151 audit,
2916 5100 3018 5141 nec
3064 5094 3242 5142 tamen
3288 5103 3353 5142 ea
3403 5103 3524 5159 quae
3568 5091 3826 5162 dijudicat

2244 5192 2403 5249 agere
2434 5176 2662 5232 desistit.
2687 5173 2822 5230 Nam
2852 5176 2979 5231 dum
3006 5175 3227 5232 cuilibet
3251 5194 3504 5250 perverse
3541 5182 3719 5252 agenti
3745 5183 3825 5238 di-

2244 5270 2419 5325 cimus
2443 5288 2455 5322 :
2480 5268 2837 5331 Convertere,
2863 5266 3148 5324 Dominum
3177 5284 3433 5339 sequere,
3460 5273 3717 5328 mundum
3744 5288 3827 5331 re-

2245 5362 2459 5431 linque,
2496 5360 2588 5416 ubi
2619 5359 2797 5425 hunc,
2825 5360 2929 5415 nisi
2958 5360 3027 5415 ad
3063 5358 3399 5419 Dominicam
3428 5379 3642 5421 orenam
3676 5382 3831 5423 voca-

2246 5452 2405 5507 mus?
2435 5450 2542 5507 Sed
2566 5449 2695 5505 dum
2726 5451 3049 5522 respondet,
3076 5468 3172 5508 ora
3206 5469 3307 5524 pro
3335 5472 3452 5522 me,
3486 5458 3610 5526 quia
3643 5472 3837 5526 pecu-

2247 5551 2335 5599 tor
2366 5558 2517 5610 sum,
2542 5543 2647 5597 hoc
2681 5539 2863 5596 facere
2899 5558 3008 5598 non
3050 5560 3302 5616 possum,
3339 5548 3471 5620 quid
3509 5549 3655 5605 aliud
3698 5550 3835 5619 agit.

2249 5636 2353 5691 nisi
2381 5642 2539 5707 rogat
2561 5644 2615 5691 et
2640 5633 2901 5690 excusat?
2930 5634 3123 5691 Dicens
3154 5652 3389 5707 namque
3415 5649 3669 5710 peccator
3690 5654 3836 5707 sum,
