3978 6446
196 233 294 289 557

1015 219 1539 279 COLLECTIONES
1572 219 1641 276 IN
1676 218 2060 278 EPISTOLAS
2099 221 2187 277 ET
2228 222 2641 280 EVANGELIA.

3378 226 3482 281 558

197 345 558 402 humilitatem
602 340 857 397 insinuat.
899 333 1244 409 Subjungens
1289 342 1504 401 autem,
1540 332 1787 390 converti
1816 334 1867 394 Α
1891 330 2083 402 ligant,
2108 332 2203 388 sed
2230 333 2347 388 haec
2373 332 2555 389 facere
2584 334 2885 401 desistunt,
2918 334 3005 390 his
3039 343 3099 390 ut
3127 334 3379 405 superius
3405 336 3492 393 di.

199 454 298 491 non
328 449 576 505 possum,
607 430 917 503 superbiam
949 429 1310 484 demonstrat.

269 527 333 582 Et
359 525 502 581 alius
538 524 672 579 dixit
700 537 717 575 :
742 520 983 576 Uxorem
1021 520 1179 584 duxi,
1211 529 1258 574 et
1293 520 1410 574 ideo
1442 535 1548 574 non
1580 533 1793 587 possum

200 619 388 674 venire.
415 616 557 684 Quid
588 631 686 686 per
714 628 941 669 uxorem
973 612 1077 666 nisi
1108 611 1362 683 voluptas
1389 611 1571 667 carnis
1594 609 1795 679 accipi-

203 708 321 764 tur?
342 706 479 763 Nam
519 705 767 775 quamvis
800 703 1005 758 bonum
1045 703 1116 757 sit
1149 700 1489 773 coniugium,
1524 708 1688 770 atque
1725 698 1795 754 ad

204 800 601 875 propagandam
646 796 886 853 sobolem
922 795 1260 867 providentia
1302 795 1482 852 divina
1533 792 1795 849 constitu-

203 904 337 962 tum,
366 892 609 949 nonnulli
640 900 822 946 tamen
847 905 954 945 non
984 904 1084 960 per
1108 890 1213 946 hoc
1255 887 1643 943 fecunditatem
1669 901 1795 957 pro-

205 982 291 1051 lis,
313 985 408 1041 sed
428 982 694 1040 desideria
720 988 980 1051 expetunt
996 978 1308 1050 voluptatis,
1332 986 1389 1033 et
1408 976 1532 1033 ideo
1554 990 1654 1047 per
1678 990 1794 1032 rem

202 1074 398 1146 iustam
428 1072 723 1146 signiﬁcari
757 1078 936 1142 potest
964 1085 1073 1126 non
1110 1069 1410 1141 incongrue
1442 1084 1532 1124 res
1566 1066 1790 1139 injusta.

204 1163 287 1221 Ad
309 1178 520 1219 omnem
550 1178 650 1220 nos
694 1178 825 1234 ergo
853 1160 1040 1217 aeterni
1068 1160 1305 1217 convivii
1327 1175 1575 1216 summus
1606 1168 1792 1230 pater-

206 1256 433 1312 familias
462 1256 676 1320 invitat,
706 1255 801 1311 sed
825 1254 951 1309 dum
979 1254 1124 1308 hunc
1150 1260 1366 1308 terrena
1386 1266 1518 1308 cura
1541 1258 1791 1321 occupat,

204 1348 353 1404 illum
387 1347 548 1403 alieni
578 1354 735 1401 actus
772 1360 938 1417 sagax
968 1344 1229 1416 cogitatio
1257 1345 1522 1399 devastat.
1557 1342 1795 1397 Alterius

204 1441 369 1499 etiam
395 1448 630 1495 mentem
650 1438 901 1508 voluptas
922 1435 1157 1492 carnalis
1182 1434 1450 1506 inquinat,
1479 1431 1795 1489 fastidiosus

205 1533 432 1604 quisque
456 1530 526 1585 ad
550 1536 766 1585 aeterna:
790 1527 916 1582 vitae
942 1525 1131 1597 epulas
1158 1540 1265 1580 non
1293 1524 1534 1579 festinat.

274 1626 344 1682 Et
364 1642 595 1681 reversus
615 1639 815 1688 servus,
840 1620 1098 1676 nuntiavit
1128 1616 1240 1673 Iure
1262 1611 1475 1672 domino
1495 1633 1613 1671 suo.
1647 1615 1795 1671 Tunc

204 1715 371 1771 iratus
402 1712 787 1787 paterfamilias
820 1711 952 1766 dixit
976 1727 1121 1765 servo
1144 1726 1239 1764 suo
1265 1748 1278 1761 .
1308 1706 1415 1763 Exi
1453 1709 1556 1761 cito
1598 1702 1653 1762 in
1674 1706 1793 1778 pla-

203 1818 336 1871 teas,
379 1819 428 1861 et
472 1804 612 1860 vicos
637 1803 864 1858 civitatis
887 1842 902 1868 ,
945 1813 1199 1873 pauperes
1231 1816 1293 1854 ac
1314 1797 1530 1865 debiles,
1553 1814 1717 1853 cwcos
1744 1806 1795 1852 et

206 1898 421 1954 claudos
452 1896 695 1952 introduc
730 1896 850 1950 huc.
891 1888 1033 1949 Ecce
1075 1888 1168 1962 qui
1213 1900 1442 1947 terrenae
1478 1890 1795 1946 substantia:

204 1990 324 2062 plus
343 1987 491 2059 justo
516 1986 756 2053 incubat,
784 1984 972 2041 venire
1003 1983 1071 2039 ad
1096 1977 1433 2038 Dominicam
1460 1993 1675 2038 ctenam
1703 1996 1794 2037 re-

206 2088 390 2147 cusat,
416 2079 509 2150 qui
544 2078 730 2133 labore
767 2073 1158 2131 incuriositatis
1198 2070 1446 2138 insudat,
1490 2077 1794 2143 praeparata

206 2173 329 2228 vita:
366 2171 624 2226 alimenta
666 2166 909 2233 fastidit,
941 2164 1035 2235 qui
1062 2162 1373 2219 carnalibus
1397 2161 1679 2218 desideriis
1708 2156 1794 2215 in-

205 2265 404 2330 haeret,
448 2260 707 2333 spiritalis
752 2257 985 2315 convivii
1024 2255 1210 2326 epulas
1242 2255 1468 2325 respuit.
1500 2253 1635 2322 Quia
1666 2269 1796 2325 ergo

208 2355 391 2411 venire
414 2350 635 2424 superbi
657 2356 917 2415 renuunt,
939 2362 1208 2419 pauperes
1226 2346 1517 2418 eliguntur,
1540 2360 1639 2400 cur
1657 2344 1797 2400 hoc?

206 2446 311 2503 nisi
344 2446 469 2518 quia
498 2444 655 2517 juxta
696 2440 850 2498 Pauli
894 2456 1115 2506 vocem,
1159 2439 1387 2511 inﬁrma.
1416 2438 1602 2495 mundi
1645 2438 1796 2510 elegit

207 2539 367 2606 Deus,
396 2548 454 2593 ut
485 2532 775 2608 confundat
798 2534 961 2606 fortia
985 2532 1036 2607 (1
1063 2533 1187 2589 Cor.
1211 2531 1273 2606 ι).
1303 2531 1578 2603 Pauperes
1613 2540 1796 2587 autem

206 2640 265 2689 et
286 2626 488 2687 debiles
515 2607 791 2695 dieuntur,
819 2628 913 2699 qui
933 2626 1139 2697 judicio
1164 2640 1265 2682 suo
1296 2625 1439 2697 apud
1477 2607 1799 2697 semetipsos

208 2720 407 2777 infirmi
442 2728 587 2776 sunt.
625 2714 760 2774 Nam
787 2733 1054 2790 pauperes
1080 2726 1135 2775 et
1154 2717 1309 2789 quasi
1340 2716 1509 2773 fortes
1533 2723 1681 2784 sunt,
1704 2716 1797 2787 qui

207 2821 265 2867 et
287 2812 443 2884 positi
482 2812 536 2866 in
574 2817 893 2883 paupertate
930 2809 1266 2880 superbiunt.
1311 2805 1451 2863 Caeci
1488 2821 1616 2861 vero
1649 2812 1798 2872 sunt,

207 2904 300 2976 qui
344 2901 554 2958 nullum
600 2901 797 2972 ingenii
845 2899 1025 2956 lumen
1073 2898 1293 2955 habent.
1338 2896 1525 2954 Claudi
1563 2910 1797 2967 quoque,

210 2994 298 3069 qui
337 3004 518 3052 rectos
560 3009 781 3066 gressus
826 2992 881 3047 in
919 2992 1232 3063 operatione
1279 3006 1387 3046 non
1428 2989 1656 3055 habent,
1704 2988 1800 3045 sed

209 3090 334 3144 dum
361 3103 577 3146 morum
605 3084 738 3142 vitia
770 3086 825 3140 in
862 3086 1232 3140 membrorum
1269 3081 1547 3138 debilitate
1584 3082 1802 3154 signan-

212 3187 317 3248 tur,
360 3174 609 3251 profecto
645 3174 818 3249 liquet
862 3174 990 3247 quia
1033 3176 1173 3232 sicut
1211 3175 1288 3230 illi
1332 3180 1645 3244 peccatores
1692 3171 1803 3228 fue-

209 3281 370 3341 runt,
397 3270 493 3342 qui
534 3269 716 3326 vocati
756 3268 941 3324 venire
986 3266 1308 3330 noluerunt,
1359 3265 1458 3331 ita,
1485 3264 1542 3321 bi
1587 3276 1804 3334 quoque

207 3374 525 3441 peceatores
550 3373 693 3429 sunt,
721 3364 814 3434 qui
842 3362 1148 3419 invitantur
1174 3367 1230 3416 ct
1262 3359 1506 3415 veniunt.
1536 3355 1643 3415 Sed
1671 3373 1802 3429 pec-

210 3457 681 3531 catores‘superbi
725 3463 1074 3527 respuuntur,
1123 3460 1179 3510 et
1221 3460 1538 3524 peccatores
1572 3451 1804 3509 humiles

209 3553 502 3624 eliguntur.
536 3551 647 3607 llos
680 3551 864 3622 itaque
888 3546 1040 3622 eligit
1075 3548 1369 3615 Dominus,
1405 3563 1544 3620 quos
1576 3547 1805 3617 despicit

208 3640 463 3697 mundus.
499 3640 633 3708 Quia
668 3640 989 3712 plerumque
1035 3640 1151 3712 ipsa
1201 3640 1480 3711 despectio
1527 3639 1804 3695 hominem

210 3740 440 3790 revocat
456 3732 524 3789 ad
552 3731 919 3801 semetipsum.
948 3730 1225 3800 Pauperes
1253 3738 1309 3785 et
1335 3729 1566 3795 debiles,
1596 3730 1725 3786 caeci
1750 3737 1806 3785 et

207 3825 391 3882 claudi
424 3833 688 3881 vocantur
714 3831 769 3880 et
794 3822 1050 3888 veniunt,
1086 3822 1215 3891 quia
1253 3821 1456 3876 infirmi
1490 3821 1693 3891 quique
1724 3828 1807 3876 at-

209 3931 316 3986 que
346 3914 401 3969 in
420 3915 526 3970 hoc
555 3913 756 3970 mundo
779 3912 1020 3982 despecti
1048 3912 1369 3983 plerumque
1394 3919 1545 3968 tanto
1574 3911 1806 3973 celerius

212 4023 405 4066 vocem
430 4005 527 4063 Dei
553 4006 799 4072 audiunt,
822 4012 1028 4076 quanto
1056 4012 1111 4059 et
1132 4003 1185 4058 in
1208 4004 1314 4060 hoc
1343 4003 1546 4059 mundo
1573 4018 1682 4059 non
1710 4003 1807 4058 ha-

210 4100 346 4152 bent
369 4096 460 4152 ubi
492 4095 847 4160 delectentur,
878 4094 973 4149 sed
1010 4093 1187 4149 ductis
1212 4094 1281 4149 ad
1317 4107 1529 4149 orenam
1555 4093 1809 4163 pauperi-

205 4190 337 4254 bus,
371 4186 501 4259 quid
526 4202 663 4257 puer
688 4184 981 4255 subjungat
1004 4183 1289 4239 audiamus
1323 4201 1337 4237 :

285 4274 528 4339 Domine,
556 4275 755 4345 factum
774 4283 850 4329 est
871 4282 929 4328 ut
952 4272 1242 4344 imperasti,
1268 4280 1317 4327 et
1338 4271 1511 4326 adhuc
1534 4270 1681 4326 locus
1707 4282 1803 4327 est.

1896 423 2096 488 ximus,
2124 421 2444 494 plerumque
2467 426 2753 496 contingit,
2775 435 2836 481 ut
2862 441 2957 483 eos
2979 428 3032 481 in
3056 427 3370 484 carnalibus
3397 428 3492 485 de-

1895 512 2113 570 sideriis
2144 513 2291 580 suis,
2337 515 2523 571 mundi
2554 516 2713 584 hujus
2760 518 3062 574 adversitas
3106 519 3285 575 feriat.
3335 517 3492 590 Saepe

1894 619 2130 673 namque
2158 612 2254 658 aut
2290 604 2448 676 longa
2472 606 2791 677 aegritudine
2826 608 3141 674 tabescunt,
3173 620 3270 665 aut
3306 609 3492 666 afﬂicti

1896 697 2109 767 injuriis
2135 698 2459 764 concidunt,
2497 708 2592 755 aut
2628 702 2872 769 percussi
2903 702 3244 771 gravioribus
3277 702 3491 758 damnis

1895 790 2225 864 afﬂiguntur,
2252 792 2349 849 sed
2373 792 2466 862 qui
2494 794 2642 862 ipsos
2671 794 2726 847 in
2751 795 2868 850 suis
2889 795 3172 851 desideriis
3199 796 3491 867 reprehen-

1895 885 2086 942 dentes
2109 885 2179 942 ad
2208 884 2499 945 Dominum
2530 886 2695 941 corda
2720 895 3066 941 convertunt.
3092 887 3195 955 Qui
3224 903 3355 960 ergo
3386 888 3493 943 hn-

1887 974 1981 1045 jus
2004 976 2193 1033 mundi
2222 975 2646 1032 adversitatibus
2672 975 2866 1042 fracti,
2900 978 2966 1032 ad
3005 978 3102 1033 Dei
3136 994 3379 1034 amorem
3407 995 3495 1036 re-

1897 1068 2081 1133 deunt,
2105 1076 2270 1137 atque
2294 1083 2327 1123 a
2354 1068 2638 1137 praesentis
2663 1068 2790 1125 vita:
2812 1068 3098 1125 desideriis
3124 1071 3489 1141 corriguntur,

1896 1160 2026 1229 quid
2062 1160 2151 1215 isti
2192 1158 2298 1216 nisi
2336 1159 2750 1230 compelluntur,
2801 1168 2864 1216 ut
2902 1161 3143 1216 intrent?
3187 1160 3294 1218 Sed
3338 1162 3496 1218 valde

1896 1258 1981 1306 est
2018 1250 2299 1305 tremenda
2347 1251 2639 1317 sententia,
2680 1266 2803 1321 quas
2837 1253 3090 1322 protinus
3129 1252 3492 1310 subinfertur.

1897 1342 1992 1398 Ait
2022 1342 2169 1398 enim
2204 1359 2218 1395 :

1970 1433 2101 1488 Dico
2129 1442 2303 1488 autem
2332 1434 2476 1490 vobis
2493 1474 2509 1500 ,
2537 1434 2678 1505 quod
2716 1452 2867 1491 nemo
2896 1436 3126 1491 virorum
3154 1434 3370 1491 illorum
3397 1437 3490 1509 qui

1898 1528 2068 1582 uocati
2093 1537 2214 1583 sunt
2231 1562 2247 1594 ,
2277 1538 2385 1585 etc.
2415 1531 2556 1587 Ecce
2585 1546 2686 1601 per
2710 1545 2770 1586 se
2796 1539 2958 1587 vocat
2975 1572 2991 1597 ,
3020 1546 3120 1602 per
3150 1533 3370 1604 angelos
3398 1547 3496 1587 vo-

1900 1625 2025 1681 cat,
2068 1632 2169 1688 per
2207 1620 2478 1689 apostolos
2509 1630 2697 1687 vocat,
2741 1622 3062 1693 plerumque
3089 1636 3190 1694 per
3230 1624 3494 1680 miracula

1899 1715 2084 1772 vocat,
2123 1707 2441 1779 plerumque
2472 1725 2571 1779 per
2603 1709 2812 1782 ﬂagella
2841 1719 3030 1777 vocat,
3067 1712 3363 1782 aliquando
3397 1726 3498 1784 per

1897 1804 2087 1860 mundi
2114 1802 2279 1875 hujus
2306 1820 2568 1875 prospera
2590 1811 2772 1871 vocat,
2799 1806 3090 1876 aliquando
3114 1821 3215 1876 per
3239 1807 3490 1861 adversa.

1899 1892 2071 1949 Nemo
2102 1903 2439 1961 contemnat,
2465 1912 2536 1952 ne
2565 1897 2694 1953 dum
2722 1907 2948 1954 vocatus
2971 1908 3215 1966 excusat,
3246 1916 3373 1956 cum
3403 1915 3498 1957 vo-

1898 1985 2064 2041 luerit
2088 1986 2294 2041 intrare
2314 2001 2423 2042 non
2443 1986 2641 2043 valeat.

1990 2120 1995 2125 ’
2076 2120 2498 2182 HEBDOMADA
2536 2118 2625 2180 Ilii
2659 2118 2837 2182 POST
2872 2118 3301 2183 PENTECOST.

2124 2253 2299 2294 ΕΡΙΒΤ.
2341 2252 2503 2294 ΒΒΔἸΊ
2540 2255 2701 2295 PETRI
2734 2254 3026 2306 APOSTOLI,
3067 2256 3188 2296 CAP.
3224 2256 3278 2295 ν.

1976 2367 1996 2401 ι
2037 2344 2409 2405 Humiliamini
2442 2348 2545 2404 sub
2567 2350 2775 2420 potenti
2803 2362 2965 2403 manu
2995 2349 3126 2415 Dei,
3149 2357 3210 2403 nt
3237 2362 3335 2405 vos
3357 2345 3502 2404 exal-

1906 2458 1926 2491 ι
1975 2446 2053 2495 tet
2078 2442 2133 2494 in
2159 2445 2405 2509 tempore
2428 2438 2756 2495 visitationis
2777 2478 2792 2504 ,
2826 2452 3044 2494 omnem
3080 2439 3500 2495 sollicitudinem

1907 2545 1927 2580 ι
1972 2535 2209 2584 vestram
2229 2528 2580 2599 projicientes
2605 2528 2660 2583 in
2682 2543 2830 2594 eum,
2852 2528 3108 2599 quoniam
3135 2529 3238 2599 ipsi
3264 2544 3394 2585 cura
3415 2538 3503 2585 est

1907 2638 1926 2672 ι
1969 2619 2039 2677 de
2062 2621 2235 2677 vobis.
2271 2620 2453 2677 Sobrii
2491 2630 2666 2678 estote
2708 2632 2764 2678 et
2801 2623 3049 2694 vigilate,
3089 2624 3217 2694 quia
3247 2624 3504 2681 adversa-

1908 2730 1927 2762 s
1972 2712 2086 2769 rius
2119 2721 2307 2768 vester
2341 2713 2588 2770 diabolus
2620 2722 2877 2784 tanquam
2909 2716 2993 2771 leo
3035 2717 3254 2786 rugiens
3282 2716 3503 2784 circuit,

1909 2823 1929 2858 ι
1970 2820 2222 2876 quaerens
2240 2820 2403 2876 quem
2432 2805 2678 2871 devoret,
2705 2806 2794 2861 cui
2826 2807 3065 2863 resistite
3094 2806 3266 2863 fortes
3290 2808 3344 2862 in
3372 2805 3498 2872 (ide,

1909 2913 1928 2946 ι
1973 2895 2210 2951 scientes
2241 2895 2489 2951 eamdem
2515 2896 2825 2966 passionem
2846 2898 2920 2962 ei,
2950 2912 3074 2967 quae
3101 2898 3156 2953 in
3183 2898 3386 2954 mundo
3416 2909 3503 2954 est

1910 3004 1928 3038 ι
1975 2995 2173 3043 vestra:
2188 2984 2520 3042 fraternitati
2542 2986 2682 3042 ﬁeri.
2714 2986 2858 3043 Deus
2883 2996 3064 3043 autem
3090 2989 3269 3044 omnis
3286 2990 3502 3058 gratiae,

1910 3097 1930 3131 α
1976 3079 2069 3149 qui
2094 3080 2309 3135 vocavit
2331 3094 2430 3136 vos
2458 3081 2512 3135 in
2527 3087 2788 3135 aeternam
2808 3097 2964 3136 suam
2985 3081 3236 3152 gloriam,
3265 3084 3321 3138 in
3342 3083 3504 3140 Chri-

1910 3192 1929 3225 ς
1971 3181 2058 3230 sto
2086 3171 2243 3238 Jesu,
2273 3174 2546 3230 modicum
2572 3189 2786 3245 passos.
2814 3175 2934 3245 ipse
2981 3174 3258 3245 perficiet,
3303 3177 3501 3232 confir-i

1910 3284 1929 3319 ι
1975 3266 2174 3333 mabit,
2216 3267 2609 3336 solidabitqne,
2655 3267 2759 3338 ipsi
2801 3268 2971 3340 gloria
3012 3276 3067 3324 et
3111 3268 3401 3340 imperium
3449 3271 3504 3326 in

1910 3378 1930 3413 ι
1976 3360 2173 3417 saecula
2204 3360 2549 3417 saeculorum.
2580 3361 2772 3417 Amen.

1977 3448 2355 3505 Humiliamini
2389 3451 2486 3505 sub
2516 3450 2712 3522 potenti
2741 3464 2903 3505 manu
2942 3450 3070 3518 Dei,
3104 3462 3163 3506 ut
3187 3467 3275 3508 vos
3311 3451 3504 3508 exultet

1903 3543 1961 3597 in
1984 3551 2214 3614 tempore
2238 3541 2599 3599 tribulationis
2618 3584 2631 3608 ,
2658 3550 2764 3599 etc.
2804 3542 2955 3599 Hanc
2990 3559 3121 3615 ergo
3147 3546 3379 3617 gratiam
3407 3545 3509 3601 hu—

1907 3632 2125 3688 milibus
2151 3633 2369 3699 tribuit,
2401 3642 2463 3688 ut
2494 3649 2604 3704 quo
2628 3635 2803 3707 magis
2827 3634 3093 3691 bumiliati
3126 3636 3355 3699 fuerint,-
3381 3652 3509 3707 pro-

1904 3733 2031 3796 pter
2069 3724 2245 3796 ipsum
2278 3733 2527 3797 tempore
2565 3728 2913 3794 certaminis,
2954 3728 3334 3804 eo.gloriosius
3358 3730 3508 3786 exal-

1908 3823 2094 3872 tentur
2120 3817 2189 3872 ab
2224 3815 2375 3887 ipso,
2403 3825 2647 3887 tempore
2683 3818 3076 3873 retributionis.
3105 3818 3290 3876 Potest
3321 3829 3504 3877 autem

1906 3906 2214 3963 humiliatio
2240 3907 2346 3962 hoc
2371 3907 2427 3962 in
2458 3907 2580 3963 loco
2613 3907 2910 3963 multifarie
2944 3909 3147 3980 accipi,
3176 3912 3281 3967 hoc
3309 3920 3423 3977 est,
3453 3922 3510 3967 et

1906 4012 1972 4054 ea
1996 4013 2103 4069 qua
2126 3998 2389 4068 incipiens
2413 3997 2646 4068 quisque
2664 3999 2754 4053 via
2774 3999 3057 4066 virtutum,
3090 4015 3193 4071 pro
3217 4002 3505 4059 abluendls

1908 4104 2028 4159 qua:
2049 4090 2400 4145 commiserat
2425 4089 2666 4160 peccatis
2698 4090 2994 4145 salubriter
3029 4092 3299 4158 atteritur,
3331 4099 3388 4147 ct
3417 4094 3504 4149 illa

1907 4196 2029 4252 quae
2049 4189 2348 4251 spontanea
2367 4180 2565 4235 mentis
2587 4179 2875 4236 devotione
2898 4196 2929 4235 a
2953 4180 3372 4250 perfectioribns
3394 4184 3506 4239 Deo

1910 4271 1996 4327 vel
2033 4270 2299 4341 proximis
2337 4271 2392 4325 in
2430 4285 2565 4341 pace
2600 4271 2892 4328 exhibetur
2925 4288 3107 4328 rerum
3147 4275 3507 4332 circumstan-

216 4366 371 4422 Mnlti
402 4365 535 4423 tales
570 4362 638 4425 ad
674 4364 1009 4421 Dominicam
1038 4378 1250 4418 cmnam
1278 4377 1346 4418 ex
1374 4361 1569 4461 Iudaea.
1594 4362 1806 4461 collecti
1832 4400 1887 4461 Β
1912 4363 2077 4429 tium,
2124 4377 2225 4419 nec
2254 4379 2362 4419 non
2398 4372 2454 4418 et
2488 4378 2561 4419 ea
2587 4378 2695 4434 qua
2736 4365 3139 4424 incursantibus
3172 4372 3508 4440 persecutio-

218 4464 362 4522 snnt,
398 4455 493 4512 sed
518 4454 803 4511 multitudo
829 4469 950 4525 quae
979 4469 1045 4510 ex
1084 4452 1382 4508 Israelitico
1412 4451 1608 4523 populo
1634 4451 1810 4507 eredi-
1835 4451 1879 4461 ”
1912 4471 2045 4511 num
2090 4454 2398 4510 turbinibus
2421 4496 2436 4521 ,
2487 4455 2724 4511 invictus
2771 4470 2872 4526 per
2917 4458 3197 4529 patientiae
3247 4461 3504 4519 virtutem

214 4547 329 4613 dit,
371 4545 546 4602 locum
591 4545 811 4618 superni
848 4544 1083 4601 convivii
1125 4559 1233 4600 non
1277 4543 1540 4613 implevit.
1584 4542 1815 4600 Intravit

208 4637 325 4710 jam
356 4635 661 4709 frequentia
688 4635 998 4694 Judaaorum
1020 4676 1037 4705 ,
1064 4636 1160 4693 sed
1187 4634 1365 4693 adhuc
1393 4636 1549 4693 locus
1567 4646 1684 4703 est,
1710 4652 1810 4692 va-

214 4738 308 4787 cat
329 4730 387 4786 in
416 4744 582 4804 regno
613 4728 699 4784 ubi
723 4728 925 4799 suscipi
946 4728 1138 4784 debeat
1159 4729 1525 4786 numerositas
1546 4730 1809 4801 gentium,

214 4823 364 4878 unde
391 4830 446 4878 et
472 4823 648 4878 cidem
677 4836 833 4877 servo
861 4820 1059 4877 dicitur
1084 4840 1098 4876 :

294 4912 400 4969 Exi
429 4914 483 4968 in
509 4914 619 4969 vias
640 4923 688 4969 et
713 4930 880 4985 sepes,
920 4922 969 4968 et
994 4912 1242 4986 compelle
1263 4915 1463 4971 intrare
1480 4956 1496 4983 ,
1519 4925 1575 4971 ut
1597 4917 1815 4989 implea—

214 5015 308 5061 tur
352 5003 539 5060 domus
586 5021 720 5060 mea.
753 5004 890 5061 Cum
915 5005 983 5061 de
1001 5005 1140 5061 vicis
1168 5012 1223 5061 et
1259 5005 1454 5076 plateis
1489 5009 1560 5064 ad
1598 5024 1812 5067 orenam

213 5098 483 5153 Dominus
513 5097 735 5164 invitat,
774 5096 925 5152 illum
959 5096 1215 5154 videlicet
1248 5099 1507 5170 populum
1545 5101 1811 5174 designat,

213 5190 313 5260 qui
345 5197 529 5246 tenere
557 5188 730 5261 legem
756 5190 859 5246 sub
889 5188 1094 5245 urbana
1124 5192 1538 5248 conversatione
1564 5204 1810 5252 noverat.

214 5279 360 5336 Cum
404 5295 537 5337 vero
575 5281 832 5338 convivas
876 5296 1006 5337 suos
1043 5279 1221 5351 colligi
1257 5295 1326 5336 ex
1365 5280 1471 5337 viis
1507 5292 1562 5338 et
1597 5286 1815 5355 sepibus

214 5373 504 5444 prazcipit,
543 5371 798 5426 nimirum
837 5379 1107 5443 agrestem
1147 5370 1404 5442 populum
1439 5372 1720 5445 colligere,
1762 5377 1817 5432 id

213 5474 340 5531 est,
383 5461 643 5535 gentilem
681 5461 894 5533 quierit.
937 5459 1239 5517 Notandum
1276 5475 1408 5519 vero
1449 5465 1593 5533 quod
1629 5464 1685 5520 in
1715 5466 1819 5522 hac

213 5556 549 5611 invitatione
582 5553 778 5620 tertia,
811 5568 916 5607 non
957 5551 1155 5607 dicitur
1180 5552 1380 5621 invita,
1419 5554 1513 5610 sed
1555 5557 1821 5627 compelle

216 5649 454 5707 intrare.
485 5643 627 5702 Nam
653 5650 781 5703 sunt
805 5642 1071 5711 nonnulli,
1103 5643 1194 5714 qui
1220 5642 1361 5700 bona
1387 5642 1631 5702 facienda
1663 5648 1822 5705 intel-

1915 4548 2129 4603 animus
2152 4556 2417 4603 armatur.
2447 4546 2607 4604 Omni
2633 4557 2813 4605 autem
2837 4552 3021 4623 generi
3048 4553 3256 4609 devota:
3288 4555 3506 4612 humili-

1916 4641 2044 4696 tatis
2070 4656 2283 4697 merces
2311 4641 2555 4697 succedit
2598 4642 2687 4697 iila
2713 4685 2728 4709 ,
2778 4652 2843 4699 ut
2883 4644 2978 4715 qui
3018 4660 3078 4702 se
3122 4655 3364 4719 tempore
3394 4666 3508 4709 sum

1915 4732 2371 4805 peregrinationis
2391 4733 2675 4790 lmmiliant
2695 4776 2709 4801 ,
2741 4743 2986 4808 tempore
3032 4739 3358 4798 visitationis
3387 4742 3508 4815 ejus

1916 4825 2242 4881 enitemur.

1987 4913 2163 4971 Sobrii
2194 4924 2385 4983 estote,
2411 4916 2649 4989 vigilate,
2681 4921 2807 4991 quia
2834 4920 3166 4978 adversarius
3194 4936 3364 4981 vester
3388 4926 3509 4984 dia-

1916 5005 2065 5062 bolus
2089 5015 2339 5079 tanquam
2367 5007 2448 5063 leo
2490 5010 2701 5080 rugiens
2726 5012 2915 5066 circuit
2956 5030 3195 5085 quaerens
3227 5035 3379 5090 quem
3408 5020 3503 5074 de-

1915 5107 2072 5153 voret.
2115 5097 2173 5153 in
2214 5096 2374 5168 hujus
2422 5100 2760 5170 expositione
2802 5100 3101 5160 sentcntiae”
3125 5122 3232 5162 non
3280 5120 3503 5176 nostra,

1914 5200 2107 5243 verum
2128 5187 2272 5243 beati
2287 5186 2547 5259 Cypriani
2568 5190 2712 5247 dicta
2738 5207 3020 5263 ponamus.
3048 5196 3274 5266 Circuit,
3307 5202 3502 5268 inquit,

1916 5279 2006 5335 illc
2035 5295 2135 5335 nos
2159 5278 2419 5350 singulos,
2450 5286 2508 5335 et
2526 5288 2783 5352 tanquam
2812 5286 2984 5341 hostis
3006 5286 3223 5345 clausus
3250 5290 3504 5347 obsidens

1918 5389 2123 5436 muros,
2155 5371 2403 5443 explorat
2453 5385 2511 5429 et
2550 5363 2738 5441 ten'tat,
2773 5394 2842 5433 an
2868 5380 2939 5434 sit
2967 5396 3094 5452 pars
3130 5383 3303 5453 aliqua
3336 5400 3506 5439 mem—

1917 5466 2139 5521 brorum
2178 5467 2356 5523 minus
2393 5468 2633 5535 stabilis,
2662 5479 2718 5526 et
2755 5473 2934 5529 minus
2963 5475 3098 5541 fida,
3129 5476 3282 5547 cujus
3317 5478 3502 5535 auditu

1920 5558 1989 5613 ad
2032 5558 2288 5615 interiora
2330 5569 2670 5631 penetretur,
2705 5563 2865 5621 oﬂ‘ert
2900 5568 3069 5624 oculis
3108 5568 3309 5624 formas
3337 5568 3506 5642 illices

1919 5654 1975 5707 et
2001 5648 2186 5708 faciles
2215 5651 2543 5725 voluptates,
2567 5664 2626 5712 ut
2653 5656 2770 5713 visu
2793 5658 3036 5718 destruat
3056 5662 3378 5732 castitatem,
3412 5680 3505 5719 au-
