3978 6418
199 320 301 379 361

1028 311 1545 369 COLLECTIONES
1583 310 1648 366 IN
1691 309 2070 366 EPISTOLAS
2109 310 2197 365 ΕΤ
2239 311 2654 370 EVANGELIA.

3371 311 3481 368 562

203 431 569 495 substantiam
605 439 660 486 et
689 427 969 484 hominum
997 427 1225 491 creavit,
1256 427 1350 481 sed
1378 441 1481 480 una
1511 424 1628 480 ovis
1654 433 1785 479 tunc
1813 427 1860 485 Α
1888 424 1964 477 cit
1993 423 2046 477 in
2081 423 2222 478 caelo
2256 425 2533 495 gaudium,
2561 426 2780 497 quando
2806 425 2908 480 hoc
2935 423 3079 494 quod
3117 425 3256 480 male
3289 430 3478 500 gessit,

201 527 390 599 periit,
420 523 640 595 quando
673 521 950 592 peccando
985 520 1147 574 homo
1195 534 1396 588 pascua
1438 518 1564 572 vita:
1595 515 1792 571 dereli-

204 619 344 690 quit.
362 613 582 670 Dimisit
598 619 780 667 autem
795 609 1088 680 nonaginta
1110 620 1305 662 novem
1325 621 1454 661 oves
1476 607 1530 659 in
1553 606 1788 666 deserto,

205 710 337 783 quia
387 707 511 762 illos
560 718 804 760 summos
855 700 1171 770 angelorum
1221 700 1423 753 choros
1474 696 1692 765 reliquit
1738 695 1792 748 in

207 799 368 856 ecelo.
434 796 546 851 Cur
593 802 776 850 autem
829 792 1026 848 coelum
1073 791 1346 846 desertum
1394 797 1641 851 vocatur,
1689 786 1793 841 nisi

207 892 353 963 quod
379 891 654 945 desertum
681 886 882 941 dicitur
917 883 1256 938 derelictum.
1293 882 1444 936 Tunc
1471 888 1654 935 autem
1676 895 1792 934 cte-

207 983 320 1038 lum
353 983 518 1037 homo
547 979 806 1041 deseruit,
835 990 958 1030 cum
989 975 1252 1044 peccavit.
1292 974 1350 1028 ln
1372 973 1588 1027 deserto
1612 982 1792 1044 autem

211 1073 507 1144 nonaginta
530 1085 723 1124 novem
750 1082 880 1122 oves
907 1064 1534 1133 remanserant,quando
1565 1065 1617 1118 in
1647 1072 1793 1117 terra

210 1159 472 1216 Dominus
498 1172 662 1212 unam
686 1157 982 1226 quaerebat,
1011 1155 1139 1224 quia
1169 1154 1507 1209 rationabilis
1531 1161 1795 1207 creatura:

211 1265 496 1315 numerus,
522 1247 837 1317 angelorum
863 1246 1114 1300 videlicet
1149 1253 1203 1300 et
1230 1243 1532 1308 hominum,
1571 1258 1691 1313 quae
1727 1243 1796 1297 ad

209 1339 500 1396 videndum
529 1337 702 1392 Deum
751 1336 968 1392 condita
1004 1335 1202 1399 fuerat,
1241 1343 1504 1406 pereunte
1549 1335 1792 1399 homine,

211 1438 333 1486 erat
368 1427 790 1493 imminutus,°et
825 1433 886 1480 ut
920 1423 1160 1496 perfecta
1198 1440 1410 1479 summa
1437 1425 1618 1479 ovium
1657 1423 1796 1478 inte-

213 1528 465 1594 graretur
515 1519 572 1574 in
617 1517 781 1586 ctelo,
834 1518 998 1573 homo
1054 1517 1300 1587 perditus
1349 1515 1693 1586 quaarebatur
1740 1515 1796 1570 in

218 1621 384 1669 terra.

286 1724 354 1779 Et
397 1740 516 1779 cum
554 1723 806 1778 invenerit
847 1721 995 1776 illam
1032 1721 1250 1792 imponit
1293 1721 1349 1774 in
1387 1720 1629 1774 humeros
1670 1736 1796 1774 suos

1895 529 1992 584 per
2017 513 2418 584 penitentiam,
2447 517 2668 570 damnat
2697 516 2946 586 iniustus.

1963 604 2065 657 Aut
2094 620 2212 674 quae
2248 605 2439 658 mulier
2461 607 2654 661 habens
2689 609 2939 678 dragmas
2975 609 3175 675 decem,
3217 613 3264 666 si
3301 613 3482 683 perdi-

1893 695 2030 748 derit
2065 695 2341 766 dragmam
2378 712 2564 760 unam,
2593 705 2700 751 etc.
2743 697 2845 764 Qui
2880 700 3128 770 signatur
3165 718 3265 772 per
3293 713 3482 774 pasto-

1893 797 2007 838 rem
2025 825 2040 849 ,
2069 783 2185 854 ipse
2212 791 2269 839 et
2301 799 2399 853 per
2425 785 2745 850 mulierem,
2781 787 2897 856 ipse
2925 791 3067 843 enim
3099 790 3260 856 Deus,
3289 793 3404 862 ipse
3428 805 3487 851 et

1896 875 1990 930 Dei
2037 875 2325 944 sapientia,
2369 875 2497 944 quia
2547 875 2727 946 imago
2771 878 3092 947 exprimitur
3134 881 3189 936 in
3234 884 3479 954 dragma.

1893 961 2087 1016 Mulier
2123 964 2401 1034 dragmam
2431 962 2668 1033 perdidit
2692 964 2909 1033 quando
2940 967 3124 1034 homo,
3164 972 3256 1039 qui
3293 973 3483 1027 condi-

1897 1062 1984 1108 tus
2010 1054 2075 1108 ad
2104 1054 2395 1125 imaginem
2419 1054 2514 1109 Dei
2543 1052 2740 1119 fuerat,
2766 1057 3040 1124 peccando
3069 1074 3100 1113 a
3129 1061 3486 1118 similitudine

1896 1148 1979 1202 sui
2015 1147 2315 1202 conditoris
2355 1147 2600 1202 recessit.
2635 1146 2744 1202 Sed
2777 1151 3028 1204 accendit
3073 1151 3267 1207 mulier
3304 1153 3484 1210 lucer-

1896 1255 2046 1305 nam,
2083 1241 2209 1309 quia
2261 1241 2526 1311 sapientia
2571 1239 2666 1294 Dei
2713 1242 2967 1310 apparuit
3013 1243 3068 1297 in
3122 1245 3482 1302 humanitate.

1895 1331 2141 1386 Lucerna
2166 1331 2364 1402 quippe
2406 1331 2586 1386 lumen
2622 1331 2676 1385 in
2711 1338 2852 1388 testa
2882 1343 2985 1388 est.
3030 1334 3237 1390 Lumen
3267 1352 3396 1392 vero
3429 1338 3484 1392 in

1896 1431 2055 1487 testa,
2087 1431 2172 1478 est
2197 1423 2452 1478 divinitas
2482 1423 2535 1478 in
2562 1438 2750 1480 carne.
2783 1425 3027 1481 Accensa
3054 1433 3235 1480 autem
3261 1426 3486 1482 lucerna

1896 1514 2100 1570 everrit
2119 1515 2364 1581 domum,
2393 1517 2519 1587 quia
2554 1534 2700 1582 mox,
2731 1527 2790 1574 ut
2813 1517 2930 1588 ejus
2955 1519 3212 1574 divinitas
3239 1534 3337 1590 per
3361 1535 3485 1575 car-

1898 1621 2022 1661 nem
2049 1607 2268 1674 claruit,
2294 1608 2474 1663 omnis
2505 1623 2566 1664 se
2594 1619 2780 1664 nostra
2813 1611 3149 1666 conscientia
3172 1613 3484 1677 concussit;

1897 1697 2092 1756 domus
2127 1715 2364 1770 namque
2400 1701 2692 1769 everritur,
2719 1719 2845 1758 cum
2883 1705 3322 1760 consideratione
3367 1721 3488 1762 rea-

214 1819 468 1891 gaudens.
491 1815 658 1871 Ovem
692 1815 746 1870 in
774 1814 1016 1870 humeris
1043 1790 1318 1883 imposuit,
1351 1812 1476 1884 quia
1503 1813 1794 1867 humanam
1825 1799 1870 1858 Β
1899 1797 1986 1844 “'5
2033 1790 2116 1891 “fi
2159 1791 2420 1891 milia”.
2472 1793 2810 1891 θοῐξδείθηιίει
2855 1795 3228 1891 perturbatur.
3285 1796 3486 1891 Eversa

216 1919 466 1966 naturam
501 1908 803 1979 suscipiens
828 1915 1050 1978 peccata
1089 1915 1277 1962 nostra
1317 1906 1431 1977 ipse
1465 1908 1722 1976 portavit.

287 2025 356 2080 Et
393 2026 598 2080 veniens
635 2022 868 2085 domum,
906 2029 1153 2076 convocat
1191 2019 1406 2084 amicos,
1438 2027 1544 2074 etc.
1577 2018 1798 2074 Inventa

215 2132 318 2172 ove
347 2116 416 2171 ad
442 2115 662 2171 domum
705 2113 883 2178 rediit,
912 2112 1041 2182 quia
1083 2119 1270 2182 pastor
1313 2118 1518 2173 noster,
1549 2119 1802 2179 reparato

218 2208 455 2273 homine,
497 2205 565 2260 ad
615 2220 839 2276 regnum
885 2202 1108 2260 caeleste
1155 2200 1337 2267 rediit,
1369 2199 1458 2254 ubi
1496 2200 1702 2255 amicos
1748 2209 1804 2254 et

217 2300 426 2355 vicinos
473 2297 710 2363 invenit,
760 2297 881 2352 illos
920 2293 1174 2350 videlicet
1217 2293 1536 2364 angelorum
1582 2293 1799 2358 choros,

218 2391 312 2462 qui
355 2389 514 2445 amici
552 2389 669 2460 ejus
696 2398 840 2452 sunt,
872 2387 1000 2458 quia
1041 2385 1375 2440 voluntatem
1405 2383 1522 2454 ejus
1551 2384 1803 2438 continue

220 2483 275 2537 in
296 2498 390 2537 sua
413 2481 709 2537 stabilitate
729 2479 1060 2535 custodiunt.
1081 2478 1254 2533 Vicini
1280 2492 1494 2547 quoque
1519 2476 1634 2547 ejus
1655 2484 1800 2542 sunt,

220 2575 346 2646 quia
394 2574 641 2630 claritate
687 2573 912 2628 visionis
958 2571 1103 2626 illius
1163 2585 1259 2625 sua
1308 2570 1628 2625 assiduitate
1674 2583 1800 2638 per-

221 2665 498 2732 fruuntur,
539 2674 596 2722 et
629 2665 920 2720 notandum
961 2663 1107 2733 quod
1145 2677 1252 2717 non
1289 2661 1436 2716 dicat
1464 2658 1804 2730 congratula-

220 2757 353 2813 mini
383 2757 470 2812 ovi
501 2757 750 2821 iuventte,
781 2755 876 2810 sed
899 2754 1052 2819 mihi,
1085 2753 1228 2824 quia,
1266 2752 1533 2817 videlicet,
1575 2749 1693 2820 ejus
1721 2759 1806 2806 est

223 2846 476 2918 gaudium
503 2846 610 2900 vita
641 2855 848 2910 nostra,
895 2853 951 2899 et
981 2859 1104 2899 cum
1137 2858 1235 2898 nos
1267 2842 1336 2896 ad
1361 2841 1558 2897 coelum
1595 2840 1804 2897 reduci-

223 2954 364 3004 mur,
395 2937 787 2994 solemnitatem
816 2935 1016 2991 laetitia:
1039 2931 1182 2988 illius
1215 2932 1519 3004 implemus.

298 3073 426 3130 Dico
468 3073 629 3138 vobis,
668 3072 808 3144 quod
849 3072 926 3126 ita
966 3071 1221 3142 gaudium
1264 3070 1362 3125 erit
1402 3068 1456 3124 in
1498 3067 1646 3135 calo,
1691 3075 1798 3126 etc.

1898 1896 2028 1936 vero
2056 1883 2215 1937 domo
2244 1882 2518 1937 invenitur
2543 1884 2790 1956 dragma,
2820 1887 2947 1956 quia
2977 1885 3104 1942 dum
3134 1889 3489 1957 perturbatur

1899 1973 2228 2028 conscientia
2257 1973 2516 2040 hominis,
2543 1985 2830 2046 reparatur
2857 1978 2911 2032 in
2941 1977 3161 2033 homine
3186 1979 3484 2034 similitudo

1900 2062 2222 2118 conditoris.

1975 2147 2040 2208 Et
2065 2173 2182 2210 cum
2204 2157 2478 2224 invenerit,
2500 2170 2751 2214 convocat
2771 2163 2991 2228 amicas,
3016 2172 3119 2219 etc.
3151 2163 3281 2232 Qum
3304 2165 3492 2222 amicze

1901 2241 1984 2296 vel
2015 2243 2244 2298 vicinze?
2289 2245 2395 2300 nisi
2433 2245 2537 2301 illa:
2562 2256 2859 2316 potestates
2909 2260 3036 2306 sunt
3079 2252 3350 2319 emlestes,
3375 2251 3489 2322 jam

1903 2335 2152 2404 superius
2180 2335 2358 2402 dicta,
2394 2351 2516 2407 qua:
2556 2347 2708 2395 tanto
2747 2356 2996 2412 supernae
3035 2345 3312 2413 sapientia:
3331 2344 3491 2416 juxta

1904 2433 2051 2490 sunt,
2087 2435 2294 2496 quanto
2338 2428 2388 2483 ei
2419 2443 2517 2498 per
2551 2431 2780 2502 gratiam
2811 2434 3084 2489 continuxe
3123 2435 3348 2492 visionis
3397 2453 3496 2506 ap-

1905 2517 2300 2588 pr0pinquant;
2351 2520 2446 2575 sed
2491 2521 2810 2578 intuendum
2850 2539 2949 2579 cur
2990 2525 3095 2580 ista
3147 2527 3344 2582 mulier
3394 2527 3492 2583 de-

1906 2621 2026 2660 cem
2051 2607 2306 2678 dragmas
2327 2610 2583 2667 habuisse
2601 2612 2936 2682 perhibetur.
2952 2615 3282 2686 Angelorum
3298 2619 3496 2688 quippe

1907 2704 1963 2750 et
2003 2697 2282 2753 hominum
2312 2708 2564 2756 naturam
2585 2704 2653 2758 ad
2676 2706 3110 2776 cognoscendum
3149 2722 3208 2762 se
3236 2708 3496 2766 Dominus

1908 2787 2168 2854 condidit,
2197 2803 2358 2858 quam
2386 2791 2512 2846 dum
2558 2793 2861 2850 consistere
2904 2795 2972 2850 ad
3014 2797 3374 2852 aeternitatem
3402 2813 3498 2854 vo—

1909 2879 2029 2945 luit,
2067 2894 2186 2934 eam
2214 2881 2400 2952 procul
2429 2882 2595 2939 dubio
2621 2885 2688 2939 ad
2718 2901 2872 2940 suam
2906 2885 3312 2942 similitudinem
3345 2905 3498 2945 crea-

1909 2969 2006 3024 vit.
2032 2968 2228 3024 Decem
2255 2985 2383 3026 vero
2407 2972 2658 3044 dragmas
2688 2974 2876 3030 habuit
2902 2976 3113 3040 mulier,
3143 2979 3267 3047 quia
3300 2995 3495 3035 novem

1909 3066 2036 3116 sunt
2059 3058 2276 3114 ordines
2305 3061 2651 3132 angelorum;
2684 3063 2779 3118 sed
2807 3073 2864 3118 ut
2892 3065 3253 3135 compleretur
3292 3067 3496 3124 electo-

223 3165 353 3220 Plus
391 3166 458 3220 de
492 3164 770 3220 conversis
812 3163 1210 3234 peccatoribus,
1241 3177 1405 3232 quam
1434 3163 1501 3216 de
1535 3162 1805 3218 stantibus
1832 3155 1877 3219 C
1908 3169 2030 3208 Tum
2055 3169 2333 3220 numerus.
2363 3155 2524 3212 homo
2553 3156 2796 3211 ἀθοίωυε
2827 3165 3048 3214 creatus
3090 3168 3193 3226 εει,
3220 3161 3313 3232 (illi
3364 3177 3498 3218 con-

221 3254 388 3325 justis
438 3252 692 3324 gaudium
744 3252 799 3306 in
845 3251 1026 3316 caelo,
1075 3251 1204 3321 quia
1249 3249 1567 3320 plerumque
1611 3249 1666 3305 hi
1713 3251 1805 3320 qui

227 3345 390 3401 nullis
417 3359 476 3400 se
495 3358 782 3415 oppressos
807 3349 1153 3413 peccatorum
1181 3340 1410 3396 molibus
1431 3341 1634 3406 sciunt,
1661 3350 1810 3396 stant

229 3436 444 3506 quidem
489 3435 546 3490 in
569 3435 654 3489 via
686 3433 937 3503 justitiae,
962 3433 1108 3488 nulla
1138 3433 1324 3488 illicita
1354 3441 1689 3504 perpetrant,
1715 3433 1809 3488 sed

231 3538 413 3582 tamen
461 3527 528 3581 ad
577 3527 855 3582 caelestem
895 3525 1129 3595 patriam
1166 3525 1328 3581 anxie
1363 3541 1471 3580 non
1517 3525 1808 3590 anhelant,

231 3625 488 3687 tantoque
512 3617 614 3672 sibi
650 3617 704 3670 in
738 3616 900 3671 rebus
928 3615 1093 3671 licitis
1126 3631 1283 3670 usum
1311 3616 1574 3686 praebent,
1604 3624 1811 3685 quanto

232 3725 293 3768 se
317 3718 658 3780 perpetrasse
682 3708 869 3764 illicita
895 3708 1042 3763 nulla
1077 3708 1462 3774 meminerunt,
1489 3717 1544 3763 et
1573 3709 1811 3779 plerum-

233 3815 340 3872 que
377 3801 514 3871 pigri
563 3805 846 3854 remanent
891 3799 961 3852 ad
1001 3799 1306 3854 exercenda
1351 3800 1491 3854 bona
1515 3800 1807 3869 praecipua,

233 3890 360 3960 quia
408 3889 564 3945 valde
612 3888 790 3944 securi
840 3895 1000 3952 sunt,
1052 3887 1198 3956 quod
1245 3887 1388 3942 nulla
1435 3889 1812 3944 commiserint

234 3981 376 4036 mala
405 3981 673 4052 graviora.
703 3979 983 4036 Ateontra
1015 3994 1400 4050 nonnunquam
1423 3980 1479 4035 hi
1507 3981 1600 4051 qui
1629 3996 1688 4036 se
1715 3981 1813 4034 ali-

235 4085 343 4141 qua
384 4071 570 4126 illicita
606 4071 783 4142 egisse
820 4071 1204 4135 meminerunt,
1229 4085 1299 4125 ex
1337 4070 1458 4140 ipso
1500 4086 1599 4126 suo
1627 4071 1813 4126 dolore

238 4161 571 4232 compuneti,
597 4161 946 4216 inardescunt
969 4161 1037 4216 ad
1061 4175 1303 4215 amorem
1336 4161 1464 4226 Dei,
1498 4175 1726 4230 seseque
1756 4161 1810 4215 in

239 4253 449 4324 magnis
489 4251 777 4306 virtutibus
817 4258 1095 4306 exercent.
1129 4249 1297 4320 Magis
1343 4265 1472 4322 ergo
1509 4249 1578 4305 de
1613 4265 1809 4320 pecca-

243 4353 358 4399 tore
393 4357 675 4408 eonverso,
705 4357 866 4412 quam
903 4342 970 4396 de
1003 4348 1182 4395 stante
1205 4339 1354 4409 justo
1380 4341 1636 4412 gaudium
1670 4342 1730 4396 lit
1758 4341 1812 4395 in

242 4435 400 4501 caelo,
433 4435 556 4504 quia
588 4427 645 4489 et
678 4433 785 4489 dux
813 4434 868 4488 in
901 4431 1106 4504 praelia,
1141 4432 1262 4502 plus
1286 4447 1410 4487 eum
1441 4433 1662 4487 militem
1692 4433 1813 4488 dili-

1909 3245 2072 3302 ditori
2097 3262 2217 3312 suo,
2243 3262 2342 3302 nec
2368 3257 2492 3318 post
2517 3247 2729 3318 culpam
2755 3250 2939 3318 periit,
2967 3249 3092 3320 quia
3117 3252 3262 3307 hunc
3289 3262 3497 3309 :eterna

1907 3337 2173 3408 sapientia
2198 3352 2297 3407 per
2326 3353 2547 3393 carnem
2572 3339 2848 3394 miraculis
2877 3357 3168 3398 coruscans
3195 3358 3262 3398 ex
3291 3343 3498 3401 lumine

1909 3435 2062 3484 testa:
2089 3429 2382 3499 reparavit.

1981 3518 2068 3573 Ita
2107 3519 2224 3574 dico
2268 3520 2436 3588 vobis,
2476 3521 2730 3591 gaudium
2771 3523 2869 3576 erit
2913 3539 3091 3577 coram
3137 3524 3358 3595 angelis,
3383 3535 3494 3582 etc.

1909 3610 2291 3666 Pmnitentiam
2319 3627 2499 3684 agere,
2531 3625 2614 3669 est
2637 3622 2691 3668 et
2717 3623 3026 3685 perpetrata
3054 3615 3193 3671 mala
3217 3617 3498 3689 plangere,

1909 3709 1967 3756 et
1997 3701 2297 3773 plangenda
2334 3720 2440 3759 non
2479 3713 2814 3774 perpetrare.
2858 3704 2991 3760 Nam
3027 3708 3120 3776 qui
3159 3708 3237 3764 sic
3273 3708 3374 3762 alia
3405 3709 3500 3765 de-

1909 3794 2110 3864 plorat,
2140 3803 2199 3848 ut
2230 3802 2407 3850 tamen
2433 3796 2538 3850 alia
2567 3799 2890 3864 committat,
2921 3799 3095 3854 adhuc
3118 3801 3497 3869 parnitentiam

1912 3900 2076 3956 agere
2121 3894 2217 3941 aut
2265 3885 2512 3957 ignorat,
2557 3897 2652 3942 aut
2696 3888 3016 3943 dissimulat.
3067 3889 3206 3958 Quid
3257 3893 3401 3947 enim
3452 3894 3499 3949 si

1909 3983 2132 4044 peccata
2161 3976 2284 4046 quis
2325 3975 2553 4032 luxurize
2593 3977 2808 4043 deﬂeat,
2842 3987 2898 4034 et
2934 3987 3113 4034 tamen
3165 3981 3340 4038 adhuc
3370 3999 3498 4038 ava-

1912 4065 2051 4121 ritia:
2082 4067 2302 4122 azstibus
2347 4067 2598 4133 anhelat;
2626 4077 2718 4122 aut
2746 4069 2874 4138 quid
2903 4068 3142 4138 prodest,
3173 4071 3218 4125 si
3257 4072 3352 4126 ira;
3379 4072 3498 4127 eul-

1912 4170 2010 4224 pas
2027 4155 2141 4226 jam
2170 4156 2368 4227 lugeat,
2413 4164 2468 4211 et
2500 4166 2678 4212 tamen
2705 4160 2880 4213 adhuc
2917 4159 3134 4213 invidia:
3170 4160 3377 4218 facibus
3411 4171 3494 4217 ta-

1912 4246 2117 4302 bescat.
2162 4245 2266 4300 Sed
2307 4247 2486 4301 minus
2521 4255 2604 4301 est
2641 4247 2800 4302 valde
2839 4249 2982 4318 quod
3022 4247 3274 4314 dicimus,
3307 4261 3366 4306 ut
3403 4255 3495 4323 qui

1913 4346 2135 4408 peccata
2158 4337 2403 4408 deplorat
2432 4339 2694 4408 plorando
2737 4340 2960 4396 minime
2987 4343 3312 4398 committat.
3355 4344 3494 4402 Nam

1915 4431 2259 4501 cogitandum
2291 4446 2632 4501 summepere
2656 4439 2759 4495 est,
2791 4441 2848 4487 ut
2876 4433 2967 4504 qui
3005 4449 3062 4489 se
3090 4435 3274 4491 illicita
3307 4441 3500 4493 memi-

242 4525 340 4596 git,
367 4525 459 4594 qui
482 4534 605 4595 post
625 4522 804 4595 fugam
835 4537 1089 4578 reversus
1114 4523 1325 4578 hostem
1354 4521 1569 4578 fortiter
1591 4524 1810 4593 premit,
1839 4510 1892 4570 Ι)
1918 4524 2001 4578 nit
2035 4524 2394 4589 commisisse,
2433 4539 2463 4578 a
2500 4525 2822 4594 quibusdam
2863 4528 3027 4582 etiam
3077 4527 3241 4584 licitis
3283 4530 3501 4585 studeat

243 4629 403 4683 quam
452 4614 600 4668 illum
653 4615 744 4684 qui
790 4628 1066 4683 nunquam
1116 4621 1266 4686 terga
1305 4613 1556 4684 praebuit,
1594 4623 1648 4669 et
1677 4629 1814 4668 nun-

244 4720 404 4775 quam
431 4703 630 4773 aliquid
661 4703 873 4759 fortiter
897 4703 1044 4760 fecit.
1078 4702 1183 4759 Sed
1215 4704 1358 4758 inter
1392 4704 1508 4758 haec
1534 4703 1814 4758 sciendum

243 4804 347 4860 est,
377 4795 502 4866 quia
543 4803 670 4850 sunt
697 4795 942 4866 plerique
963 4795 1095 4867 justi
1124 4796 1180 4850 in
1206 4810 1436 4865 quorum
1460 4796 1570 4849 vita
1607 4803 1815 4849 tantum

243 4895 329 4943 est
351 4886 625 4958 gaudium,
656 4895 716 4942 ut
746 4888 827 4944 eis
853 4887 1107 4959 quaelibet
1131 4897 1477 4960 peccatorum
1503 4888 1818 4957 paenitentia

245 4979 481 5051 praeponi
515 4978 821 5035 nullatenus
859 4980 1051 5050 possit.
1100 4979 1237 5035 Nam
1279 4979 1436 5037 multi
1460 4987 1516 5033 et
1544 4978 1814 5033 nullorum

247 5071 347 5126 sibi
378 5071 642 5126 malorum
669 5079 794 5126 sunt
819 5071 1043 5135 conscii,
1072 5079 1130 5126 et
1157 5079 1338 5126 tamen
1366 5070 1422 5124 in
1453 5069 1590 5123 tanti
1617 5069 1831 5124 ardoris

246 5161 535 5218 aﬂlictione
561 5177 621 5217 se
646 5170 906 5226 exerunt,
939 5177 1002 5217 ac
1027 5161 1074 5215 si
1106 5161 1344 5232 peccatis
1378 5160 1629 5215 omnibus
1664 5174 1831 5230 angu-

246 5262 480 5310 stentur.
507 5251 714 5308 Cuncta
738 5253 903 5308 etiam
939 5253 1088 5307 licita
1113 5259 1395 5322 respuunt,
1423 5254 1491 5306 ad
1519 5251 1830 5321 despectum

249 5344 438 5400 mundi
464 5343 768 5400 sublimiter
801 5344 1183 5415 accinguntur,
1214 5341 1466 5398 lamentis
1489 5342 1744 5412 gaudent,
1778 5341 1832 5396 in

247 5437 461 5494 cunctis
495 5437 816 5506 semetipsos
839 5435 1142 5499 humiliant,
1174 5443 1231 5489 et
1258 5434 1400 5490 sicut
1433 5433 1673 5488 nonnulli
1702 5447 1830 5502 pec-

249 5534 372 5581 cata
415 5540 658 5596 operum,
692 5526 772 5581 sic
812 5525 913 5594 ipsi
954 5534 1178 5594 peccata
1222 5523 1608 5595 cogitationum
1647 5523 1829 5593 deplo—

252 5626 395 5670 rant.
431 5615 569 5671 Hinc
598 5631 729 5686 ergo
757 5613 1116 5685 colligendum
1145 5621 1250 5678 est,
1280 5622 1543 5682 quantum
1566 5613 1679 5669 Deo
1701 5630 1830 5685 gau-

253 5707 402 5760 dium
444 5708 626 5768 t‘aciat,
655 5705 870 5773 quando
902 5703 1178 5759 humiliter
1202 5702 1406 5772 plangit
1440 5701 1639 5771 justus,
1673 5704 1717 5758 si
1753 5703 1831 5757 fa-

659 5800 929 5858 ΡΑτιιοι..
980 5795 1110 5856 Cll.

1919 4613 2213 4678 abstinere,
2242 4622 2510 4684 quatenus
2546 4630 2644 4684 per
2694 4616 2795 4671 hoc
2831 4618 3098 4672 conditori
3142 4633 3240 4674 suo
3281 4619 3501 4675 satisfa-

1917 4703 2049 4769 ciat,
2076 4705 2251 4774 utqui
2297 4707 2568 4761 commisit
2590 4708 2883 4776 prohibita,
2922 4709 3242 4780 sibimetipsi
3287 4712 3502 4768 abscin-

1920 4797 2050 4853 dere
2075 4797 2267 4853 debeat
2295 4799 2458 4854 ctiam
2488 4803 2796 4857 commissa.

2063 4907 2484 4965 HEBDOMADA
2535 4912 2580 4966 ν
2629 4911 2804 4969 POST
2841 4912 3361 4971 PENTECOSTEN.

1925 5016 2118 5056 LECTIO
2156 5017 2425 5058 εριδτοιιε
2463 5020 2622 5058 ΒεΑτι
2663 5021 2815 5060 PAULI
2847 5022 3101 5063 APOSTOLl
3135 5024 3202 5062 AD
3239 5023 3507 5073 ROMANOS,

2583 5090 2701 5130 CAP.
2744 5090 2859 5133 νιιι.

2001 5178 2022 5210 ι
2068 5161 2331 5216 Existimo
2359 5163 2503 5217 enim
2535 5165 2678 5232 quod
2707 5179 2813 5219 non
2840 5173 2966 5220 sunt
2996 5153 3276 5237 condigne
3299 5169 3510 5238 passio-

1933 5268 1951 5301 ι
1998 5265 2096 5305 nes
2131 5249 2293 5320 hujus
2323 5252 2582 5320 temporis
2621 5252 2688 5306 ad
2732 5251 2969 5309 futuram
3007 5255 3229 5328 gloriam
3272 5273 3392 5326 qua:
3422 5272 3511 5310 re-

1935 5359 1953 5393 ι
1996 5339 2267 5397 vetabitur
2291 5342 2345 5396 in
2371 5343 2548 5397 nobis.
2593 5341 2728 5398 Nam
2752 5347 3089 5417 exspectatio
3125 5353 3390 5402 creatum
3429 5362 3518 5402 re-

1939 5449 1958 5482 ι
2001 5430 2326 5486 vetationem
2367 5431 2600 5488 ﬁliorum
2626 5435 2722 5490 Dei
2767 5444 3067 5506 exspectat.
3096 5434 3336 5490 Vanitati
3366 5437 3513 5491 enim

1940 5541 1959 5574 ι
2003 5531 2254 5581 creatura
2283 5521 2520 5591 subjecta
2551 5534 2634 5579 est
2658 5542 2764 5581 non
2786 5527 2991 5592 volens,
3024 5527 3118 5583 sed
3144 5533 3366 5596 propter
3389 5541 3516 5582 eum

1942 5635 1960 5668 ι
2007 5616 2099 5686 qui
2127 5616 2359 5685 subjecit
2385 5631 2505 5672 eam
2537 5617 2592 5672 in
2625 5633 2740 5688 spe,
2774 5619 2899 5688 quia
2933 5628 2991 5674 et
3017 5619 3134 5689 ipsa
3163 5624 3413 5672 creatura
3452 5615 3520 5672 li-

1945 5727 1963 5758 ι
2009 5706 2288 5761 berabitur
2331 5722 2361 5760 a
2396 5708 2656 5762 servitute
2701 5707 3064 5778 corruptionis
3111 5708 3164 5761 in
3204 5705 3518 5761 libertatem

3043 5800 3119 5876 ia
