3978 6414
468 325 570 380 563

1760 292 2112 352 SMARAGIH
2150 289 2437 344 AlillATIS

3627 276 3739 332 564

477 458 495 490 ς
539 435 724 509 gloriae
769 432 998 486 ﬁliorum
1031 425 1146 478 Dei.
1193 421 1406 476 Scimus
1455 424 1633 471 autem
1679 411 1824 481 quod
1866 407 2046 464 omnis
2075 409 2121 466 Α
2151 403 2310 456 modo
2349 399 2573 453 vanitati
2619 404 2870 451 creatura
2919 391 3160 462 subjecta
3207 399 3314 455 est,
3368 405 3475 444 non
3530 389 3738 453 volens.

1743 506 1772 509 μ-
1932 501 1973 509 -.
2233 495 2243 509 ι
2327 501 2500 509 ,,__,--,,
2547 505 2656 509 μη..
2709 487 2793 509 ---ι
2846 484 3068 509 -..Ι-ἓλρὲι
3118 483 3169 509 ζ..
3209 497 3302 509 ...υ-
3357 491 3405 509 As
3450 483 3624 509 ἔνη-...ν-
3691 483 3738 509 ..ζ

479 551 496 582 ι
540 501 792 587 creatura
825 519 1128 592 ingemiscit
1154 524 1209 570 et
1232 511 1464 584 parturit
1491 523 1662 578 usque
1690 506 1887 560 adhuc.
1930 501 2050 554 Non

2152 495 2246 549 sed
2287 501 2504 563 propter
2539 505 2662 544 cum
2703 487 2794 557 qui
2845 484 3076 553 subjecit
3118 483 3172 537 in
3209 497 3322 552 spe,
3355 491 3410 537 et
3449 483 3649 551 ipsum,
3691 483 3741 540 si

479 575 498 676 λ
948 610 1059 673 illa,
1085 607 1180 662 sed
1205 575 1259 660 ei
1288 618 1388 658 nos
1413 601 1514 670 ipsi
1542 575 1808 669 primitias
1830 593 2052 663 spiritus
2149 587 2382 676 videtur,
2422 583 2655 676 ‘Paulum
2694 595 2958 652 ponamus
2986 580 3038 634 in
3068 579 3333 642 medium,
3357 575 3512 645 cujus
3551 579 3744 646 utique

480 729 499 763 s
545 709 827 767 habentes,
868 708 927 756 et
958 697 1060 770 ipsi
1098 697 1243 751 intra
1271 708 1371 748 nos
1402 689 1688 762 gemimus,
1709 685 2050 753 adoptionem

2152 675 2333 730 anima
2354 673 2437 728 vel
2466 689 2640 736 mens,
2667 685 2788 741 qum
2815 679 2901 725 est
2927 669 3155 724 interior
3179 669 3298 738 ejus
3325 669 3507 729 homo,
3548 683 3747 737 super-

477 760 501 854 i
805 760 903 848 Dei
928 760 1328 860 eispectantes,
1360 760 1783 850 redemptionem
1810 772 2053 842 corporis
2151 767 2400 836 greditur
2447 774 2504 819 et
2552 763 2799 818 ascendit
2854 776 3014 816 omne
3070 760 3214 830 quod
3259 774 3584 829 corporeum
3629 769 3742 823 est,

481 909 500 943 ι
546 886 720 944 nostri
759 886 816 940 in
840 882 1058 938 Christo
1081 878 1208 934 Jesu
1233 875 1462 931 Domino
1488 879 1695 926 nostro.
1743 886 1763 920 ι

549 999 806 1055 Existimo
836 995 973 1049 enim
1002 991 1140 1063 quod
1182 1004 1284 1043 non
1321 996 1442 1042 sunt
1485 982 1756 1051 condigna:
1789 977 2054 1048 passiones

477 1094 639 1164 hujus
671 1087 917 1160 temporis
952 1085 1020 1138 ad
1057 1084 1293 1153 futuram
1322 1077 1566 1149 gloriam,
1597 1089 1714 1144 qua:
1746 1069 2059 1124 revelabitur

478 1157 742 1237 in'nobis.
776 1157 850 1232 'Si
895 1175 1017 1245 quis
1061 1173 1352 1232 intueatur,
1395 1165 1539 1235 quod
1585 1178 1685 1232 pro
1715 1175 1802 1224 eo,
1848 1167 1910 1212 ut
1937 1157 2059 1226 quis

480 1271 742 1327 eﬁiciatur
787 1267 929 1321 ﬁlius
961 1263 1159 1320 excelsi
1186 1261 1282 1315 Dei
1317 1267 1373 1314 et
1401 1258 1576 1312 haeres
1615 1251 1874 1307 bonitatis
1918 1248 2055 1316 ejus,

481 1371 537 1416 et
567 1361 751 1432 gloriae
775 1356 1000 1421 Christi,
1027 1368 1148 1423 quae
1183 1345 1570 1420 unigenitili‘ilii
1601 1343 1696 1398 Dei
1725 1339 2058 1400 cohaaredes,

482 1429 645 1507 etiam
688 1451 734 1507 si
782 1450 837 1504 in
875 1447 1115 1503 omnium
1154 1441 1536 1509 mandatorum
1563 1435 1659 1488 Dei
1695 1429 2056 1492 observantia,

482 1557 538 1602 et
560 1538 1037 1617 justiﬁcationibus
1061 1535 1296 1598 Domini,
1325 1533 1442 1586 sine
1477 1527 1698 1599 querela
1721 1529 2058 1595 permaneat,

486 1649 541 1695 ct
562 1614 816 1708 pervigili
855 1631 909 1686 in
946 1630 1031 1684 his
1068 1637 1247 1682 mente
1275 1624 1564 1693 perduret;
1613 1619 1656 1673 si
1685 1616 1866 1670 omnia
1896 1614 2060 1668 etiam

485 1702 769 1801 prunarum
813 1735 1035 1795 genera,
1066 1733 1187 1788 quae
1231 1714 1365 1770 ferri
1411 1715 1661 1768 humana:
1713 1716 1938 1770 naturae,
1975 1702 2060 1757 vel

485 1793 844 1881 extrinsecus,
871 1812 958 1868 vel
986 1811 1315 1866 intrinsecus
1343 1810 1590 1874 possunt,
1617 1798 1861 1855 conferat
1887 1796 1953 1849 ad
1982 1793 2064 1847 m-

487 1921 664 1966 turam
695 1905 943 1980 gloriam,
981 1915 1104 1970 qu:e
1132 1896 1462 1952 revelabitur
1493 1893 1546 1946 in
1586 1890 1807 1952 sanctis,
1838 1887 1924 1941 his
1945 1900 2064 1955 quae

487 1999 676 2056 oculus
702 1977 827 2052 ‘non
853 1993 1007 2056 vidit,
1039 2003 1140 2044 nec
1173 1987 1322 2042 auris
1355 1981 1576 2045 audivit,
1621 1995 1722 2035 nec
1757 1979 1811 2032 in
1838 1992 1933 2032 cor
1965 1977 2066 2030 ho-

489 2088 651 2144 minis
677 2083 922 2140 ascendit
962 2099 974 2133 :
1014 2078 1314 2147 intelligere
1359 2081 1539 2145 potest
1570 2070 1839 2142 quomodo
1867 2066 2066 2122 Paulus

491 2178 653 2233 altius
675 2177 778 2230 ista
803 2171 1154 2229 considerans
1177 2167 1332 2230 dixit,
1357 2165 1594 2218 existimo
1618 2170 1799 2215 autem
1819 2158 2066 2230 quoniam

491 2283 596 2321 non
627 2273 745 2320 sunt
778 2261 1048 2331 condigna:
1068 2257 1335 2329 passiones
1361 2253 1518 2323 hujus
1539 2251 1804 2319 temporis,
1834 2246 1902 2299 ad
1928 2245 2068 2313 {utu-

493 2372 608 2410 ram
630 2353 878 2426 gloriam,
898 2365 1016 2421 quae
1049 2344 1359 2401 revelabitur
1386 2343 1442 2396 iu
1465 2341 1632 2394 nobis.
1676 2336 1820 2392 Nihil
1849 2335 2066 2405 quidem

493 2425 715 2516 dignum
743 2441 995 2506 inveniri,
1017 2437 1104 2494 vel
1141 2433 1442 2504 comparari
1473 2432 1542 2486 ad
1581 2430 1813 2484 futuram
1842 2425 2068 2496 gloriam

492 2543 687 2604 potest.
717 2532 776 2586 ln
795 2547 904 2602 quo
933 2529 1079 2585 enim
1109 2525 1335 2581 mortale
1371 2521 1772 2578 immortalibus
1799 2516 2066 2579 conferas,

493 2631 588 2679 aut
631 2621 992 2677 invisibilibus
1022 2617 1285 2680 visibilia,
1325 2623 1418 2669 aut
1467 2613 1684 2668 aeternis
1727 2607 2066 2680 temporalia,

496 2723 592 2771 aut
618 2713 826 2770 caduca
854 2708 1167 2782 perpetuis?

568 2841 711 2900 Nam
730 2843 1040 2914 exspectatio
1067 2849 1320 2894 creatura:
1347 2837 1703 2892 reuelationem
1722 2833 1951 2905 ﬁliorum
1974 2832 2072 2888 Dei

493 2933 920 3000 raspectat.Qu:e
947 2939 1126 2986 autem
1155 2939 1238 2985 est
1263 2937 1656 2996 creaturaqurc
1689 2923 2072 2979 revelationcm

497 3029 726 3085 ﬁliorum
745 3027 835 3082 Dei
864 3022 1176 3094 exspectat?
1201 3021 1346 3086 llaec,
1376 3018 1569 3089 inquit,
1596 3030 1716 3086 quae
1744 3029 1885 3068 nunc
1912 3011 2069 3066 vani-

497 3119 594 3174 tati
624 3117 862 3188 subjecta
892 3120 994 3179 est,
1026 3109 1269 3180 subjecta
1307 3117 1485 3162 autem
1535 3122 1641 3160 non
1671 3103 1858 3158 volens
1897 3115 2071 3170 neque
2099 3099 2142 3162 C

493 3216 682 3278 sponte
722 3205 964 3277 propria,
1011 3202 1106 3257 sed
1153 3199 1428 3254 voluntate
1463 3195 1599 3264 ejus,
1642 3202 1863 3265 propter
1894 3192 2070 3261 ipsum

494 3312 622 3367 ergo
670 3293 916 3364 subjecta
961 3299 1064 3356 est,
1095 3289 1334 3358 subjecta
1383 3296 1562 3340 autem
1613 3300 1718 3338 non
1772 3299 1835 3338 ea
1884 3282 2071 3338 condi-

498 3390 666 3453 tione,
693 3395 752 3438 at
783 3391 999 3438 maneat
1033 3395 1246 3450 semper
1284 3376 1521 3446 subjecta
1550 3375 1797 3441 vanitati,
1827 3375 1919 3429 sed
1949 3390 2070 3428 cum

497 3479 728 3548 quadam
759 3491 888 3545 spe;
922 3489 1041 3544 qua:
1067 3484 1244 3527 autem
1279 3485 1402 3541 spes
1442 3469 1543 3523 ista
1585 3469 1655 3522 sit
1690 3475 2075 3523 commemorat

495 3571 715 3633 dicens,
759 3564 1012 3636 quoniam
1056 3570 1111 3618 ct
1154 3561 1268 3629 ipsa
1312 3566 1585 3622 creatura,
1644 3557 1834 3627 inquit,
1883 3555 2075 3610 libera-

467 3661 647 3714 .bitur
691 3673 722 3712 a
763 3654 1023 3712 servitute
1071 3649 1429 3720 corruptionis
1477 3647 1532 3702 in
1596 3646 1844 3702 libertate
1890 3646 2074 3717 gloriae

501 3749 736 3803 ﬁliorum
758 3743 875 3802 Dei.

587 3857 816 3914 Vanitati
865 3855 1002 3911 enim
1041 3862 1283 3908 creatura
1315 3851 1546 3922 subjecta
1585 3860 1694 3916 est,
1733 3865 1838 3904 non
1877 3848 2072 3914 volens,

503 3950 592 4004 sed
637 3959 846 4020 propter
893 3961 1010 4000 eum
1052 3944 1139 4014 qui
1185 3941 1400 4012 subjecit
1446 3943 1500 3996 in
1542 3958 1651 4011 spe,
1693 3942 1818 4012 quia
1863 3949 1912 3993 et
1960 3940 2074 4008 ipsa

505 4052 744 4095 creatura
787 4035 1108 4100 liberabitur,
1141 4043 1245 4089 etc.
1291 4033 1420 4099 Qum
1460 4041 1547 4088 est
1579 4033 1680 4086 ista
1717 4030 1958 4094 vanitas,
1988 4026 2074 4081 cui

504 4140 752 4188 creatura
780 4128 977 4184 dicitur
1011 4140 1130 4180 esse
1163 4122 1421 4193 subjecta,
1456 4131 1510 4178 et
1539 4139 1659 4194 qua:
1689 4129 1792 4188 est.
1814 4120 1916 4175 ista
1958 4134 2075 4174 cor-

505 4225 704 4295 ruptio,
754 4223 821 4279 de
867 4221 1022 4292 cujus
1069 4219 1326 4273 servitute
1374 4217 1710 4272 liberandam
1758 4228 1816 4267 se
1859 4210 2077 4280 sperat?

506 4317 638 4370 mihi
669 4313 901 4380 videtur,
928 4311 1071 4382 quod
1098 4309 1164 4364 de
1210 4309 1314 4364 hac
1351 4305 1618 4362 inateriali
1649 4311 1704 4359 et
1738 4299 2077 4370 corruptibili

506 4420 792 4478 corporum
845 4403 1143 4460 substantia
1207 4402 1309 4456 ista
1363 4400 1632 4456 dicuntur.
1704 4395 1889 4465 Neque
1931 4395 2077 4450 enim

2104 4451 2157 4512 D

2154 859 2297 929 quod
2335 856 2570 920 visibile,
2611 853 2755 923 quod
2790 852 2972 907 sensui
3015 850 3259 920 subjacet
3295 860 3350 905 et
3386 849 3654 918 aspectui,
3685 859 3746 902 et

2155 949 2324 1018 ipsius
2351 947 2546 1000 divina:
2577 953 2786 999 natura:
2810 941 3040 997 eﬁicitur
3075 957 3246 1010 capax
3305 939 3412 996 Sed
3445 941 3561 994 haec
3590 947 3746 993 tanta

2156 1047 2212 1092 et
2237 1037 2361 1092 talis
2387 1037 2567 1090 anima
2593 1033 2713 1102 ejus
2745 1032 2990 1100 subjecta
3018 1039 3104 1086 est
3128 1031 3390 1086 servitute
3435 1031 3747 1100 corruptio-

2158 1127 2243 1181 nis
2270 1125 2540 1194 corporis,
2566 1131 2620 1177 et
2646 1120 2872 1175 vanitati
2901 1119 3016 1189 ejus
3040 1119 3288 1173 devincta
3313 1126 3418 1174 est.
3445 1117 3747 1173 Considera

2157 1219 2300 1272 enim
2339 1215 2695 1271 necessitates
2734 1211 3001 1281 corporis,
3032 1210 3396 1281 appetentiam
3435 1211 3567 1275 cibi,
3595 1211 3750 1278 dige-

2160 1310 2395 1363 stionum
2431 1314 2702 1377 putorem,
2745 1303 3082 1373 posteritatis
3121 1301 3437 1370 reparanda
3481 1315 3750 1354 verecun-

2160 1401 2325 1464 diam,
2371 1407 2432 1453 ut
2467 1398 2672 1454 seritur
2711 1396 2946 1460 soboles,
2971 1404 3034 1449 ut
3075 1395 3276 1458 editur,
3305 1401 3367 1447 ut
3402 1394 3664 1457 nutritur,
3692 1401 3751 1448 et

2161 1491 2284 1548 vide
2309 1498 2510 1561 quanta
2552 1490 2607 1545 in
2641 1490 2729 1544 his
2755 1488 2968 1542 vanitas
2997 1488 3284 1551 habeatur,
3313 1494 3516 1554 quanta
3555 1501 3749 1540 corru-

2159 1582 2294 1653 ptio,
2324 1581 2410 1636 cui
2435 1588 2684 1635 creatura
2712 1579 2907 1632 anima:
2933 1577 3130 1632 nobilis
3151 1585 3206 1631 et
3233 1576 3591 1642 rationabilis,
3622 1577 3751 1631 licet

2162 1690 2272 1730 non
2302 1672 2487 1728 volens
2512 1669 2752 1738 subjecta
2773 1679 2878 1725 est.
2906 1667 3157 1738 Subjecta
3183 1676 3360 1722 tamen
3387 1668 3442 1721 in
3471 1682 3584 1736 spe,
3611 1677 3751 1721 tem-

2090 1755 2137 1815 B
2163 1781 2265 1836 pus
2299 1764 2549 1820 videlicet
2577 1779 2828 1833 sperans,
2860 1763 3003 1832 quod
3042 1761 3321 1827 liberetur,
3351 1775 3476 1815 cum
3510 1759 3751 1815 ﬁliorqu

2165 1857 2259 1912 Dei
2293 1865 2502 1925 tempus
2541 1854 2806 1908 libertatis
2842 1852 3142 1919 advenerit,
3177 1853 3279 1906 hoc
3305 1859 3406 1915 est,
3438 1864 3570 1920 ergo
3600 1850 3752 1919 quod

2163 1956 2218 2002 et
2261 1947 2313 2000 in
2355 1945 2475 2000 aliis
2510 1945 2749 2014 apertius
2811 1942 2876 1996 de
2917 1942 3096 2012 seipse
3163 1941 3378 1994 dicebat
3433 1938 3754 2008 Apostolus,-

2165 2039 2291 2108 qnia
2335 2037 2460 2090 dum
2505 2052 2687 2091 sumus
2727 2036 2783 2088 in
2823 2032 3122 2088 habitacula
3167 2033 3293 2098 hoc,
3360 2032 3754 2101 ingemiscimus

2167 2126 2252 2198 (11
2274 2126 2395 2181 Cor.
2421 2125 2494 2198 v).
2538 2124 2688 2196 lpsos
2717 2139 2932 2195 quoque
2973 2122 3191 2192 angelos
3233 2121 3278 2176 si
3317 2123 3382 2176 ad
3422 2122 3752 2176 sententiam

2165 2217 2316 2272 Pauli
2349 2216 2609 2286 respicias
2638 2231 2743 2286 qua
2774 2214 2982 2281 dicunt,
3007 2214 3133 2284 quia
3167 2229 3342 2268 omnes
3383 2210 3754 2266 ministeriales

2167 2308 2383 2378 spiritus
2427 2307 2496 2360 ad
2535 2305 2885 2360 ministerium
2921 2307 3069 2361 missi
3099 2315 3309 2377 propter
3343 2321 3428 2358 eos
3460 2305 3551 2376 qui
3583 2303 3757 2364 ha’tte-

2167 2401 2382 2454 ditatem
2419 2399 2631 2469 capiunt
2671 2397 2858 2452 salutis
2900 2396 3056 2469 (Heb.
3090 2395 3154 2470 ι),
3189 2396 3456 2467 intelliges
3500 2394 3606 2450 tale
3657 2394 3757 2449 ali-

2169 2491 2298 2560 quid
2332 2504 2550 2560 gerers,
2591 2498 2646 2543 et
2676 2488 2803 2544 huic
2835 2488 3032 2543 rationi
3062 2503 3181 2543 esse
3227 2484 3516 2554 subjectos.
3575 2485 3757 2542 Credo

2167 2580 2332 2634 etiam
2394 2580 2539 2648 ipsos
2597 2595 2706 2634 non
2757 2578 3018 2641 volentes,
3075 2577 3169 2631 sed
3220 2584 3444 2647 propter
3492 2591 3615 2630 eum
3663 2576 3757 2646 qui

2169 2669 2400 2740 subjecit
2437 2670 2490 2724 in
2529 2684 2642 2738 spe.
2675 2669 2954 2724 Voluntati
2995 2668 3138 2722 enim
3179 2667 3323 2721 illius
3357 2667 3481 2738 quis
3513 2668 3754 2733 resistet,

2168 2778 2268 2834 ego
2315 2764 2479 2818 etiam
2523 2763 2590 2818 de
2639 2761 3002 2832 archangelis,
3052 2761 3158 2815 tale
3205 2761 3409 2830 aliquid
3453 2760 3758 2834 intelligere

2169 2856 2499 2928 propheticis
2525 2855 2722 2909 invitor
2750 2854 2998 2924 eloquiis.
3026 2853 3163 2922 Quid
3190 2854 3334 2909 enim
3361 2861 3524 2908 tanta:
3545 2854 3758 2908 vanita-

2175 2949 2247 3004 tis
2295 2955 2542 3002 ettanta:
2571 2946 2935 3016 corruptionis
2980 2945 3246 3011 invenias,
3281 2961 3442 3015 quam
3483 2945 3620 3000 bella
3667 2962 3760 3018 ge-

2172 3054 2294 3096 rere
2322 3039 2376 3094 in
2406 3040 2512 3094 hoc
2548 3038 2769 3103 mundo,
2809 3053 3018 3108 pugnas
3057 3037 3343 3092 adversum
3381 3052 3439 3093 se
3476 3052 3664 3109 regum
3705 3047 3762 3093 et

2174 3132 2412 3203 gentium
2466 3145 2827 3186 commovere.
2880 3130 3013 3184 Vide
3056 3144 3186 3201 ergo
3211 3169 3226 3193 ,
3274 3130 3419 3199 quod
3463 3139 3520 3185 et
3575 3131 3629 3184 in
3673 3131 3760 3186 his

2173 3221 2504 3292 praecipuum
2533 3219 2890 3290 archangelici
2921 3219 3102 3289 operis
3121 3220 3352 3274 habetur
3376 3219 3632 3286 oﬁicium,
3652 3223 3763 3278 sic-

2174 3320 2234 3366 ut
2258 3311 2444 3365 Daniel
2471 3311 2732 3381 propheta
2774 3317 3006 3364 testatur
3044 3325 3167 3364 cum
3191 3310 3342 3376 dicit,
3370 3312 3498 3380 quia
3527 3313 3763 3368 archan-

2173 3401 2324 3472 gelus
2347 3401 2584 3472 loquitur
2609 3401 2679 3456 ad
2703 3414 2845 3461 eum,
2879 3400 2969 3469 qui
2997 3399 3140 3454 dicet
3165 3400 3240 3466 ei,
3265 3401 3408 3470 quod
3438 3405 3764 3473 pugnaverit

2174 3491 2458 3546 adversum
2509 3490 2810 3560 principem
2843 3489 3168 3556 Persarum,
3214 3499 3270 3545 et
3328 3507 3507 3558 nemo,
3562 3494 3762 3564 inquit,

2177 3582 2278 3637 fuit
2302 3581 2434 3636 mihi
2480 3581 2536 3635 in
2584 3579 2933 3648 adjutorium,
2970 3580 3076 3634 nisi
3123 3579 3350 3635 Michael
3381 3581 3633 3652 princeps
3661 3599 3730 3639 ve

2176 3679 2308 3727 ster.
2340 3669 2446 3726 Per
2469 3669 2586 3726 haec
2621 3684 2754 3741 ergo
2791 3670 2998 3741 singula
3037 3671 3482 3741 deprehenditur,
3521 3675 3740 3731 rationa

2177 3761 2301 3817 bilis
2327 3769 2576 3817 creatura
2601 3761 2828 3816 vanitati
2861 3776 2981 3817 esse
3009 3762 3276 3833 subjecta,
3301 3778 3408 3819 non
3435 3765 3644 3832 volens,
3667 3769 3766 3824 sed

2177 3862 2399 3923 propter
2429 3868 2578 3917 eum,
2606 3853 2697 3922 qui
2735 3853 2962 3923 subjecit
3001 3854 3056 3907 in
3093 3869 3210 3924 spe,
3251 3869 3376 3925 spes
3415 3872 3650 3929 namque
3680 3869 3766 3916 est

2180 3941 2250 3996 ab
2286 3941 2372 3997 his
2409 3941 2572 3997 rebus
2608 3943 2849 4011 corporis
2889 3952 2946 3998 et
2985 3944 3430 4016 corruptibilibus
3470 3947 3766 4019 aliquando

2181 4030 2520 4086 cessandum.
2569 4029 2720 4086 Hanc
2747 4032 2893 4086 enim
2913 4032 3078 4087 habet
3103 4035 3568 4103 exspectationem
3609 4053 3766 4094 crea-

2182 4131 2304 4176 tura
2334 4121 2436 4176 ista
2471 4121 2828 4188 rationabilis,
2870 4131 2927 4176 ut
2957 4123 3217 4179 revelatio
3254 4123 3350 4178 ﬁat
3379 4125 3612 4182 ﬁliorum
3642 4130 3762 4195 Dei,

2180 4221 2401 4284 propter
2441 4229 2576 4282 quos
2622 4213 2800 4284 angeli
2836 4215 3125 4268 mittuntur
3170 4216 3223 4269 in
3269 4215 3664 4286 ministerium,
3705 4229 3766 4276 ut

2183 4317 2239 4363 et
2275 4307 2375 4378 ipsi
2414 4323 2536 4363 cum
2570 4309 2655 4363 his
2684 4309 2880 4378 quibus
2913 4309 3362 4365 ministraverunt
3389 4311 3763 4369 haereditatem

2185 4399 2402 4468 capiant
2449 4398 2669 4465 salutis,
2716 4407 2777 4453 ut
2825 4399 3125 4455 caelestium
3171 4408 3226 4454 et
3281 4403 3621 4456 terrestrium
3671 4404 3765 4459 ﬁat

508 4500 780 4570 corruptio
804 4497 892 4552 alii
915 4497 1188 4566 cuiquam,
1214 4493 1318 4547 nisi
1345 4491 1557 4562 corpori
1584 4489 1922 4553 dominatur;
1953 4500 2080 4540 nam
2105 4489 2156 4512 ν
2183 4503 2322 4543 unus
2364 4504 2528 4559 grex,
2572 4497 2626 4542 et
2666 4505 2806 4544 unus
2840 4499 3048 4559 pastor,
3085 4499 3139 4546 et
3176 4491 3251 4545 sit
3287 4491 3432 4548 Deus
3475 4494 3661 4548 omnia
3707 4496 3760 4549 in

510 4594 597 4648 ille
626 4591 852 4646 interior
881 4589 1061 4653 homo,
1094 4587 1184 4655 qui
1219 4583 1513 4639 secundum
1537 4581 1706 4634 Deum
1735 4585 1950 4631 creatus
1976 4583 2080 4642 est,

511 4693 564 4738 ct
595 4683 660 4737 ad
695 4681 982 4752 imaginem
1003 4678 1100 4734 Dei
1130 4677 1309 4733 factus
1337 4670 1761 4741 incorruptibiiis
1783 4677 1886 4736 est,
1913 4677 1968 4726 et
2003 4667 2101 4751 in:

511 4773 755 4838 visibilis,
785 4781 840 4828 et
865 4770 1160 4826 secundum
1196 4765 1472 4837 propriam
1511 4763 1594 4818 sui
1627 4761 1891 4816 rationem
1921 4760 2084 4814 etiam

513 4867 861 4934 incorporeus
891 4862 998 4917 dici
1026 4868 1226 4931 potest,
1254 4854 1493 4911 exterior
1533 4867 1662 4908 vero
1691 4852 1853 4906 homo
1888 4859 1942 4906 et
1971 4866 2089 4906 eor-

513 4968 710 5026 poreus
733 4997 749 5023 ,
795 4964 852 5012 et
899 4949 1266 5022 corruptibilis
1313 4945 1530 5011 dicitur,
1577 4952 1798 5014 propter
1843 4945 1983 5014 quod
2034 4952 2089 5000 et

513 5045 710 5102 Paulus
733 5042 945 5101 dicebat
985 5056 1002 5096 :
1046 5037 1189 5093 Nam
1228 5037 1323 5091 etsi
1369 5036 1414 5090 is
1451 5035 1540 5106 qui
1577 5033 1773 5102 deforis
1806 5043 1903 5100 est,
1933 5033 2086 5088 homo

515 5148 690 5193 noster
718 5135 1093 5204 corrumpitur,
1123 5131 1213 5186 sed
1241 5129 1332 5202 qui
1361 5131 1500 5184 intus
1527 5137 1629 5194 est,
1663 5137 1960 5183 renovatur.
2001 5115 2087 5183 lit-

515 5229 734 5283 terioris
761 5234 943 5288 autem
969 5221 1204 5278 hominis
1227 5220 1521 5286 renovatio,
1539 5229 1599 5276 ut
1615 5229 1739 5290 pote
1758 5221 1852 5290 qui
1878 5226 1964 5276 est
1991 5234 2086 5274 ra-

515 5318 823 5380 tionali’s,ct
843 5329 996 5368 mens
1022 5315 1077 5368 in
1102 5312 1406 5385 cognitione
1422 5313 1513 5367 Dei
1546 5319 1600 5368 et
1627 5313 1927 5382 capacitate
1956 5327 2084 5368 saa-

517 5410 588 5464 cti
617 5407 873 5477 Spiritus.
918 5405 1144 5462 Constat
1166 5419 1314 5470 vero,
1341 5412 1400 5459 ut
1427 5404 1606 5474 aliqua
1632 5405 1698 5460 de
1726 5416 1836 5458 tam
1865 5403 2090 5474 profun-

517 5497 600 5551 dis
613 5496 772 5551 rebus
792 5497 1030 5552 breviter
1052 5505 1108 5566 et_
1129 5497 1356 5551 strictim
1375 5496 1539 5551 etiam
1558 5495 1817 5550 chartulis
1838 5494 2089 5550 commit-

521 5595 719 5662 tamus,
745 5603 812 5644 ex
859 5588 973 5659 ipsa
1013 5588 1286 5643 interioris
1326 5588 1589 5650 hominis,
1619 5587 1721 5641 hoc
1747 5594 1864 5650 est,
1893 5586 2086 5640 anima:

521 5669 823 5765 mentisque
865 5677 1163 5734 substantia
1207 5679 1520 5750 colligamus
1565 5675 1876 5746 imaginem.
1943 5674 2083 5741 Que-

2182 4578 2452 4635 omnibus.

2254 4667 2461 4723 Scimus
2488 4671 2646 4734 enim,
2676 4670 2816 4740 quod
2841 4670 3009 4723 omnis
3038 4678 3282 4724 creatura
3316 4672 3632 4740 ingemiseit,
3656 4683 3758 4730 etc.

2185 4757 2447 4815 Creatura
2483 4761 2628 4815 enim
2665 4760 2793 4814 licet
2827 4775 2934 4814 non
2965 4761 3155 4815 volens
3187 4759 3428 4828 subjecta
3463 4763 3553 4828 sit,
3582 4770 3761 4817 tamen

2188 4849 2442 4919 quoniam
2485 4849 2748 4904 voluntati
2791 4850 2937 4905 cedit
2995 4848 3112 4918 ejus
3123 4889 3146 4920 ι
3196 4851 3288 4920 qui
3336 4850 3568 4922 subjecit
3615 4867 3760 4917 eam,

2189 4940 2439 4997 aﬁ'cetum
2465 4941 2754 5010 quemdam
2789 4953 2846 4997 et
2869 4942 3192 4998 charitatem
3214 4944 3357 4998 circa
3402 4959 3496 4999 eos
3518 4945 3758 5010 exhibet,

2188 5048 2287 5103 pro
2329 5033 2524 5104 quibus
2557 5033 2768 5090 videtur
2808 5049 2932 5090 esse
2963 5033 3225 5103 subjecta,
3265 5043 3324 5091 et
3360 5051 3464 5106 pro
3491 5035 3762 5091 doloribus

2190 5140 2380 5183 eorum
2414 5125 2576 5192 dolet,
2601 5133 2659 5182 et
2687 5141 2788 5195 pro
2817 5125 3110 5194 gemiti-bus
3140 5128 3324 5198 gemit.
3357 5127 3416 5182 Si
3437 5142 3587 5196 vero,
3622 5136 3683 5183 ut
3707 5129 3757 5182 in

2191 5216 2312 5272 aliis
2359 5217 2755 5287 exemplaribus
2801 5217 3094 5280 invenitur,
3147 5218 3223 5272 ita
3270 5217 3535 5288 legamus,
3562 5233 3758 5289 conge-

2190 5307 2372 5363 miscit
2395 5315 2450 5362 et
2474 5308 2730 5376 parturit,
2757 5307 3051 5362 secundum
3091 5307 3244 5361 illum
3289 5323 3508 5363 sensum
3535 5309 3762 5379 accipie-

2188 5413 2329 5462 mus,
2377 5398 2520 5466 quod
2559 5397 2689 5453 dicit
2731 5395 3039 5466 Apostolus,
3085 5399 3336 5468 genuisse
3369 5413 3430 5454 se
3465 5413 3564 5469 per
3592 5399 3762 5453 Evan—

2189 5489 2408 5560 gelium,
2445 5504 2560 5554 eos,
2595 5501 2732 5557 quos
2753 5502 2854 5556 per
2881 5487 3044 5543 ﬁdem
3069 5487 3272 5544 Christi
3298 5491 3545 5560 perducit
3575 5491 3641 5544 ad
3680 5489 3762 5542 lu-

2189 5602 2326 5642 cem.
2357 5585 2453 5641 γει
2476 5585 2614 5639 sicut
2639 5582 2858 5654 de,aliis
2883 5583 3055 5637 dixit:
3078 5581 3264 5636 Filioli
3285 5585 3409 5649 mei,
3428 5600 3556 5654 quos
3578 5584 3763 5638 iterum

2189 5677 2361 5748 pario,
2402 5675 2564 5730 donec
2604 5671 2859 5743 formetur
2897 5671 3136 5729 Christus
3187 5674 3241 5727 in
3288 5674 3428 5728 vobis
3477 5673 3620 5745 (Gal.
3665 5672 3758 5738 tv).
