3978 6446
217 326 324 383 665

1034 316 1552 376 COLLECTIONES
1589 317 1654 371 lN
1697 315 2080 372 EPISTOLAS
2120 319 2206 372 ET
2248 317 2666 374 EV‘ANGELIA.

3379 320 3482 377 566

218 437 464 495 panum
505 451 634 507 ergo
681 443 734 491 et
780 439 1032 489 creatura
1089 446 1186 486 eos
1225 444 1362 500 quos
1409 437 1690 500 regenerat
1739 427 1804 480 ad
1837 432 1884 488 Α
1910 428 2160 497 apostoli,
2184 428 2442 498 primitias
2464 431 2675 500 spiritus
2699 430 2964 496 habentes,
2996 433 3086 502 qui
3117 433 3271 489 electi
3299 450 3486 492 smnus

220 530 478 584 salutem.

295 620 426 686 Non
460 618 632 674 solum
668 627 844 673 autem
881 615 999 681 illa,
1026 616 1116 671 sed
1150 623 1199 669 et
1234 631 1332 671 nos
1372 615 1493 686 ipsi,
1518 624 1624 671 etc.
1675 612 1805 668 Illud

221 711 406 784 potius
444 709 500 764 in
537 709 642 764 hac
675 706 1026 778 intelligimus
1048 706 1346 770 sententia,
1386 705 1532 775 quod
1559 719 1682 760 cum
1719 718 1808 758 se-

224 800 464 855 cundum
505 813 591 864 ea,
631 812 754 868 qua:
798 796 1047 866 superius
1093 795 1474 859 disseruimus,
1511 793 1665 848 multi
1700 795 1810 848 sint

224 890 449 959 spiritus
473 887 880 952 ministeriales,
911 887 964 940 in
995 885 1358 942 ministerium
1387 884 1562 949 missi,
1590 893 1811 954 propter

224 994 322 1034 eos
369 979 463 1048 qui
508 977 878 1032 haereditatem
922 976 1144 1044 capiunt
1195 975 1418 1040 salutis,
1464 976 1566 1030 sub
1614 975 1811 1044 quibus

226 1083 396 1140 agens
432 1067 800 1137 unusquisque
837 1067 1198 1132 credentium,
1230 1066 1376 1120 velut
1407 1067 1507 1121 sub
1542 1065 1811 1121 tutoribus

225 1167 281 1214 et
318 1158 766 1228 procuratoribus
810 1158 1129 1223 instituitur,
1175 1171 1346 1226 usque
1379 1158 1448 1213 ad
1484 1158 1810 1228 praeﬁnitum

227 1259 446 1321 tempus
492 1266 523 1304 a
563 1258 738 1319 patre,
771 1249 873 1304 hoc
921 1258 1026 1316 est,
1079 1263 1360 1319 usquequo
1400 1250 1470 1304 ad
1515 1250 1808 1320 legitimam

225 1351 445 1398 aetatem
477 1341 673 1395 animae
700 1339 1051 1411 perfectionis
1089 1341 1390 1406 advenerit,
1421 1341 1513 1396 ubi
1553 1341 1676 1410 quis
1693 1341 1809 1410 jam

229 1446 616 1503 supergressus
635 1430 896 1500 spiritum
917 1430 1219 1496 servitutis,
1252 1444 1416 1499 quem
1443 1440 1729 1502 acceperat
1757 1432 1812 1487 in

228 1528 450 1590 timore,
481 1541 514 1579 a
539 1539 646 1595 quo
673 1525 822 1579 velut
849 1524 904 1578 in
933 1522 1222 1594 paedagogo
1255 1533 1590 1590 servaretur,
1619 1525 1816 1597 dignus

227 1618 464 1675 eﬂicitur
503 1617 751 1688 accipere
791 1615 1094 1686 adoptionis
1129 1615 1382 1684 spiritum
1411 1615 1667 1684 primitiae
1700 1617 1812 1686 spis-

229 1714 390 1779 ritus,
419 1727 518 1783 per
541 1726 701 1781 quem
736 1710 1030 1780 adoptatus.
1061 1708 1118 1763 in
1152 1707 1320 1764 ﬁlium
1346 1709 1521 1778 possit
1554 1724 1675 1765 esse
1703 1711 1815 1780 pri-

1907 518 1977 574 ad
2025 520 2148 586 hoc,
2195 528 2256 574 ut
2299 523 2567 590 primitias
2603 524 2835 593 Spiritus
2886 517 3277 598 acciperemus,
3327 533 3486 585 etiam

1908 609 2008 680 ipsi
2044 611 2186 664 intra
2235 627 2329 665 nos
2367 613 2638 681 gemimus.
2696 614 2754 670 In
2808 625 3034 684 tantum,
3092 619 3288 688 inquit,
3341 622 3486 676 nulla

1909 709 2155 756 creatura
2188 709 2291 766 est,
2331 717 2450 771 quae
2496 703 2770 760 doloribus
2801 715 2858 761 et
2901 710 3190 777 gemitibus
3217 720 3398 778 vacet,
3429 721 3492 768 ut

1909 792 2073 844 etiam
2104 807 2203 846 nos
2232 793 2352 861 ipsi,
2385 793 2476 862 qui
2515 808 2723 848 summa
2751 796 2819 849 ab
2837 795 3040 867 Spiritu
3070 811 3261 856 sancto
3289 811 3344 857 et
3380 803 3495 858 elu-

1909 889 1996 936 cta
2013 882 2149 934 dum
2169 883 2529 951 percepimus,
2550 892 2729 940 tamen
2749 897 3126 956 exspectantes
3147 893 3492 962 adoptionem

1912 968 2178 1035 ﬁliorum,
2223 971 2276 1025 id
2326 982 2440 1034 est,
2496 972 2916 1042 perfectionem,
2975 992 3068 1033 eos
3115 996 3251 1049 quos
3298 985 3494 1040 docere

1910 1067 1967 1115 et
2006 1060 2278 1116 instruere
2320 1062 2471 1117 missi
2523 1079 2730 1128 sumus,
2771 1065 2940 1122 donec
2977 1070 3259 1128 videamus
3303 1088 3397 1128 eos
3439 1075 3490 1128 iu

1913 1158 2122 1205 tantum
2154 1153 2451 1221 proﬁcere,
2492 1163 2555 1208 ut
2595 1157 2838 1226 ad0ptari
2884 1170 3196 1217 mereantur
3236 1163 3291 1218 in
3333 1164 3493 1230 ﬁlios,

1912 1243 2221 1297 necessario
2250 1242 2492 1298 dolemus
2530 1253 2584 1298 et
2616 1247 2904 1316 gemimus.
2947 1250 3140 1305 Adhuc
3185 1261 3362 1308 tamen
3407 1257 3499 1309 ad-

1913 1331 2092 1386 dimus
2117 1342 2173 1386 et
2209 1332 2449 1388 tertium.
2487 1333 2635 1389 [dem
2671 1336 2785 1406 ipse
2819 1339 3015 1394 iterum
3041 1340 3332 1410 Apostolus
3365 1345 3502 1400 dicit

1913 1421 1980 1477 de
2023 1423 2254 1478 Domino
2297 1421 2426 1479 Jesu
2475 1425 2734 1492 Christo,
2794 1430 2920 1498 quia
2981 1431 3055 1486 sit
3104 1433 3498 1505 primogenitus

1914 1515 2093 1570 omnis
2123 1525 2403 1582 creatum,
2443 1533 2513 1572 ne
2544 1518 2685 1574 forte
2711 1536 2841 1592 ergo
2879 1529 2941 1576 ut
2983 1522 3074 1578 ille
3106 1525 3499 1596 primogenitus

1915 1604 2112 1661 dicitur
2139 1607 2316 1662 omnis
2337 1616 2607 1664 creaturas
2634 1610 2701 1664 ad
2721 1611 3008 1680 quamdam
3037 1614 3299 1669 rationem
3333 1616 3499 1671 etiam

1915 1695 2209 1750 multorum
2251 1698 2541 1768 spirituum
2585 1700 2797 1755 dicatur
2842 1703 3098 1773 primitias
3118 1706 3354 1776 Spiritus
3379 1723 3503 1763 sano

229 1804 545 1860 mitivorum
568 1801 844 1866 Ecclesia,
871 1800 962 1869 qui
995 1801 1048 1855 in
1077 1799 1233 1856 caelis
1255 1808 1339 1854 est
1367 1799 1586 1856 sociari.
1617 1799 1684 1854 Et
1707 1800 1813 1854 sie-
1842 1801 1888 1860 Β
1915 1795 2054 1842 Cluso
2099 1785 2156 1842 Si
2193 1801 2324 1844 vero
2349 1790 2494 1859 quod
2523 1790 2694 1845 dixit:
2732 1791 2802 1846 Et
2838 1810 2933 1848 nos
2967 1795 3067 1866 ipsi
3097 1798 3358 1866 primitias
3391 1800 3502 1869 φὶ.

232 1904 292 1950 ut
341 1894 568 1948 multum
614 1891 796 1946 differt
844 1890 1011 1945 ﬁlium
1059 1905 1180 1946 esse
1242 1905 1404 1961 quam
1457 1904 1694 1957 servum,
1738 1891 1815 1945 ita

232 1983 465 2039 multum
499 1982 680 2038 ditl‘ert
723 1997 754 2036 a
792 1981 1236 2038 ministerialibus
1275 1980 1556 2052 spiritibus
1584 1980 1818 2050 Spiritus

231 2081 477 2139 sanctus,
515 2072 670 2143 cujus
698 2071 970 2142 primitias
996 2070 1196 2126 Paulus
1239 2086 1363 2126 cum
1406 2070 1522 2125 suis
1551 2070 1819 2126 similibus

233 2164 436 2220 habere
465 2181 524 2219 se
553 2163 706 2219 dicit.
762 2161 914 2218 Unus
940 2163 1028 2218 hic
1056 2163 1248 2217 modus
1282 2163 1376 2228 sit,
1411 2178 1520 2233 quo
1553 2163 1821 2218 sermonis

234 2255 394 2325 hujus
439 2251 849 2324 intelligentiam
894 2253 1170 2324 potuimus
1199 2253 1478 2324 indagare.
1530 2254 1822 2308 Videamus

234 2360 377 2398 nunc
411 2353 465 2398 et
490 2343 672 2397 alium.
701 2344 952 2415 Legimus
980 2343 1119 2413 apud
1149 2343 1322 2412 ipsum
1351 2343 1654 2412 apostolum
1683 2342 1821 2398 Pau-

235 2436 370 2502 lum,
397 2436 538 2490 dona
563 2435 643 2491 vel
667 2437 870 2508 gratias
900 2436 1074 2491 sancti
1091 2435 1349 2506 Spiritus,
1373 2434 1572 2490 multos
1600 2434 1822 2504 spiritus

234 2526 527 2591 nominari,
563 2542 686 2579 cum
715 2525 884 2580 dicit:
912 2523 1070 2580 Nunc
1099 2534 1294 2590 autem,
1321 2525 1570 2594 quoniam
1603 2523 1823 2578 tumula-

234 2627 372 2671 tores
392 2617 515 2671 estis
535 2615 871 2688 spiritalium,
898 2615 1298 2682 azdiﬁcationem
1315 2614 1564 2670 Ecclesia:
1582 2616 1820 2686 quaerite,

237 2714 294 2758 ut
335 2705 610 2760 abundetis
652 2705 703 2778 (I
746 2701 869 2760 Cor.
902 2704 1035 2779 xw).
1076 2704 1145 2760 Et
1193 2705 1324 2760 item
1373 2705 1547 2761 alibi:
1593 2703 1822 2776 Spiritus

235 2797 608 2867 prophetarum
646 2797 908 2867 prophetis
955 2795 1176 2866 subjecti
1218 2807 1339 2850 sum
1610 2797 1819 2874 (“idolo

237 2888 512 2956 subjectos
555 2888 738 2944 dicens
782 2888 1006 2959 spiritus
1058 2889 1466 2960 prophetarum,
1509 2904 1616 2944 non
1665 2889 1822 2959 quasi

239 2979 450 3034 meliori
497 2979 812 3045 inferiores,
864 2980 958 3036 sed
1012 2995 1111 3050 pro
1155 2995 1220 3036 eo
1263 2980 1408 3050 quod
1453 2979 1661 3036 habens
1701 2981 1824 3051 quis

235 3071 538 3142 prophetiae
580 3071 852 3139 spiritum,
903 3086 1013 3140 non
1063 3071 1265 3127 invitus
1315 3070 1462 3140 loqui
1496 3071 1726 3143 cogitur,
1763 3079 1824 3127 ut

1917 1876 2046 1932 ritus
2065 1878 2334 1945 habentes,
2359 1881 2427 1935 de
2463 1882 2714 1938 omnibus
2757 1884 2980 1949 dictum,
3013 1887 3104 1956 qui
3150 1889 3379 1958 gratiam
3405 1891 3500 1946 ba-

1915 1966 2101 2034 ptismi
2136 1970 2412 2025 consecuti
2451 1971 2721 2040 videntur,
2759 1975 3016 2044 accipies,
3051 1978 3377 2046 sperandum
3417 1988 3504 2034 est

1918 2056 2068 2122 illud,
2113 2059 2260 2128 quod
2297 2060 2439 2115 idem
2468 2063 2746 2131 apostolus
2779 2065 2951 2119 dixit:
2992 2067 3146 2130 Quod
3175 2069 3222 2122 si
3256 2071 3504 2140 primitiae

1921 2159 2126 2204 sanctae
2139 2161 2188 2206 et
2209 2168 2408 2218 massa,
2430 2164 2481 2208 et
2511 2156 2558 2210 si
2592 2157 2748 2210 radix
2772 2169 2954 2212 sancta
2979 2169 3025 2212 et
3047 2162 3182 2214 rami
3203 2161 3376 2232 (Rom.
3401 2163 3502 2235 ιι),

1920 2241 2063 2310 quod
2097 2251 2152 2298 et
2190 2244 2235 2298 si
2275 2245 2354 2298 ita
2383 2246 2475 2311 sit,
2512 2255 2694 2302 tamen
2731 2249 2902 2318 ipsius
2940 2265 3154 2317 massae,
3196 2253 3385 2323 inqua
3426 2256 3507 2310 vi-

1921 2333 2082 2389 detur
2123 2335 2352 2391 indicari
2395 2337 2682 2404 multitudo
2724 2339 2984 2406 ﬁdelium,
3020 2342 3273 2413 primitize
3318 2359 3507 2402 neces-

1921 2425 2068 2480 sario
2112 2427 2436 2483 videbantur
2479 2430 2534 2484 in
2567 2430 2840 2500 Apostolis
2887 2432 3184 2501 collocatae,
3229 2436 3309 2491 sic
3360 2439 3506 2492 enim

1922 2516 2181 2585 scriptum
2209 2527 2293 2572 est
2317 2535 2331 2571 :
2359 2517 2496 2585 Quia
2531 2521 2589 2574 in
2616 2519 2855 2577 Ecclesia
2885 2525 3060 2593 posuit
3082 2524 3245 2592 Deus,
3279 2528 3506 2596 primum

1922 2609 2204 2678 apostolos,
2247 2612 2477 2666 secundo
2513 2613 2814 2684 prophetas,
2849 2617 3002 2670 tertio
3025 2617 3264 2673 doctores
3289 2619 3505 2690 (Ephes.

1925 2704 2021 2773 tv).
2069 2701 2159 2753 Isti
2197 2716 2328 2771 ergo
2369 2703 2548 2772 primo
2591 2705 2712 2760 loco
2750 2708 3030 2762 constituti
3084 2716 3247 2777 sunt,
3287 2726 3512 2783 compe-

1925 2796 2102 2844 tenter
2126 2791 2396 2859 primitias
2419 2795 2613 2864 gratiae
2648 2797 2922 2866 spiritales
2952 2798 3152 2854 habere
3195 2800 3506 2857 credentur.

1995 2880 2342 2951 Adoptionem
2377 2883 2614 2954 ﬁliorum
2647 2886 2749 2940 Dei
2789 2897 3165 2959 exspectantes.
3217 2889 3373 2946 Nunc
3395 2891 3510 2959 jam

1923 2971 2202 3028 videamus
2227 2963 2866 3046 quomodoadoptionem
2915 2977 3149 3034 ﬁliorum
3191 2991 3509 3050 exspectare

1925 3078 1986 3118 se
2031 3065 2213 3130 dicat,
2262 3066 2356 3135 qui
2408 3066 2464 3121 in
2517 3059 2889 3138 superioribus
2947 3071 3084 3125 dixit
3137 3089 3150 3124 :
3219 3071 3359 3137 Quia
3403 3074 3514 3143 ipse

242 3165 338 3233 illi,
383 3165 476 3236 qui
512 3166 714 3222 habent
751 3165 976 3237 spiritus
1022 3165 1352 3232 immundos,
1396 3165 1493 3222 sed
1526 3181 1652 3221 cum
1707 3165 1824 3220 vult

1928 3155 2141 3224 spiritus
2180 3157 2533 3212 testimonium
2573 3158 2744 3213 reddit
2785 3161 2999 3230 spiritui
3040 3171 3239 3228 nostra,
3269 3164 3392 3234 quia
3423 3179 3516 3216 su-

241 3264 296 3311 et
325 3256 466 3312 ratio
499 3255 757 3325 postulat,
772 3255 922 3321 dicit,
949 3271 1071 3310 cum
1096 3270 1227 3311 vero
1254 3255 1436 3312 dicere
1464 3263 1824 3325 opportunum

242 3363 353 3403 non
381 3347 669 3413 videbitur,
699 3346 840 3435 silpt,
870 3347 1010 3403 bene
1035 3346 1216 3402 sciens
1240 3346 1369 3418 quia
1399 3353 1613 3416 tempus
1645 3347 1718 3402 sit
1744 3346 1824 3402 lo-

244 3437 445 3510 quendi
475 3445 532 3493 et
575 3445 786 3510 tempus
815 3438 1047 3495 tacendi.
1093 3438 1162 3494 Et
1191 3438 1315 3494 ideo
1341 3453 1451 3494 non
1478 3438 1544 3494 ad
1574 3436 1826 3506 injuriam

245 3531 462 3596 dicitur,
511 3533 636 3603 quia
680 3532 958 3604 prophetis
1003 3531 1234 3602 subjecti
1278 3539 1405 3586 sunt
1452 3532 1696 3603 spiritus,
1733 3531 1828 3588 sed

243 3624 315 3679 ad
349 3624 826 3695 dispensationem,
866 3625 1010 3681 sicut
1035 3633 1092 3679 et
1129 3623 1263 3679 illud
1293 3624 1494 3680 dictum
1529 3625 1828 3695 accipimus

244 3713 311 3770 de
342 3713 622 3770 Salvatore
655 3732 668 3768 :
696 3715 833 3782 Quia
869 3722 1000 3770 tunc
1028 3723 1078 3769 et
1101 3716 1212 3786 ipse
1236 3713 1382 3783 ﬁlius
1422 3715 1685 3786 subjectus
1728 3717 1826 3770 erit

244 3803 294 3858 ei
328 3804 417 3876 qui
453 3803 552 3858 sibi
601 3803 834 3859 subdidit
861 3804 1039 3859 omnia
1076 3803 1132 3876 (Ι
1156 3802 1276 3858 Cor.
1309 3805 1432 3874 xv);
1475 3812 1530 3860 et
1566 3805 1655 3861 hic
1682 3805 1830 3859 enim

245 3891 533 3963 subjectus,
588 3908 696 3946 non
749 3891 904 3961 quasi
961 3889 1185 3947 inferior
1241 3892 1438 3947 dicitur
1494 3909 1508 3945 :
1561 3893 1830 3962 quomodo

244 3983 393 4038 enim
442 3981 664 4037 inferior
708 3982 812 4038 dici
861 3990 1061 4053 potest,
1107 3983 1198 4054 qui
1232 3983 1376 4038 ﬁlius
1413 3991 1519 4050 est,
1559 3993 1616 4038 et
1649 3983 1832 4039 omnia

247 4081 332 4128 est
387 4088 506 4143 qua:
555 4081 745 4143 pater:
777 4072 970 4129 Omnia
1023 4074 1191 4140 enim,
1240 4073 1462 4144 inquit,
1523 4083 1693 4144 pater,
1737 4084 1830 4128 tua

245 4182 363 4220 mea
387 4176 546 4231 sunt;
577 4165 673 4221 sed
697 4165 752 4220 in
784 4165 869 4221 bis
897 4181 1034 4235 quos
1075 4165 1218 4236 patri
1249 4165 1432 4221 subdit
1454 4166 1742 4221 credentes
1775 4166 1831 4219 in

247 4271 330 4321 se,
360 4256 617 4326 quoniam
654 4257 707 4310 in
757 4271 1080 4326 unoquoque
1135 4256 1374 4326 ipsorum
1418 4272 1480 4312 se
1515 4271 1637 4312 esse
1677 4257 1828 4324 dicit,

248 4357 303 4403 et
343 4363 401 4403 se
441 4349 497 4402 in
535 4347 616 4402 eis
656 4347 787 4403 dicit
825 4347 1053 4412 esurire,
1085 4355 1140 4400 et
1178 4347 1329 4401 sitire
1367 4354 1423 4401 et
1453 4348 1659 4402 nudum
1686 4363 1828 4416 esse,

1925 3260 2043 3300 mus
2079 3245 2181 3314 lilii
2218 3246 2338 3302 Dei.
2398 3247 2466 3302 Et
2512 3249 2708 3304 iterum
2744 3267 2757 3302 :
2793 3249 3067 3316 Quomodo
3109 3253 3514 3324 redemptionem

1926 3339 2160 3407 corporis
2187 3348 2394 3408 sperat;
2423 3340 2517 3411 qui
2559 3341 2614 3396 in
2661 3341 2782 3398 aliis
2828 3343 2965 3398 dixit
2988 3341 3262 3400 :Christas
3299 3361 3395 3400 nos
3433 3363 3518 3400 re-

1927 3429 2120 3495 demit;
2145 3431 2240 3487 sed
2265 3440 2326 3487 ut
2349 3433 2482 3488 mihi
2513 3433 2748 3500 videtur,
2778 3435 2892 3504 ipse
2919 3436 3024 3492 hoc
3049 3451 3115 3491 eo
3140 3451 3393 3494 sermone
3419 3439 3514 3508 qui

1927 3521 1982 3576 in
2005 3525 2462 3594 consequentibus
2498 3524 2732 3582 habetur
2773 3515 3006 3583 absolvit
3033 3547 3046 3560 ο
3072 3529 3149 3583 ait
3196 3530 3341 3584 enim
3368 3546 3383 3586 :
3409 3530 3515 3602 Spe

1926 3612 2058 3667 salvi
2094 3613 2224 3682 facti
2257 3632 2472 3682 sumus;
2509 3613 2656 3688 quod
2698 3634 2832 3690 ergo
2890 3617 2990 3675 lilii
3039 3637 3250 3688 sumus,
3291 3633 3346 3676 et
3370 3623 3518 3694 quod

1927 3705 2192 3776 redempti
2225 3723 2429 3774 sumus,
2462 3718 2518 3765 et
2541 3712 2684 3780 quod
2714 3711 2907 3766 salvati
2939 3728 3148 3779 sumus,
3181 3713 3234 3767 in
3263 3729 3357 3784 spe
3385 3730 3519 3770 con-

1929 3796 2090 3852 sistit.
2122 3797 2176 3854 Ν
2181 3815 2279 3854 unc
2302 3801 2441 3854 sitim
2468 3801 2702 3857 uidemus
2724 3819 2820 3873 per
2841 3803 3117 3873 speculum'
3139 3806 3192 3860 in
3216 3807 3517 3876 a'nigmate,

1927 3903 2027 3958 per
2069 3890 2348 3959 speculum
2388 3905 2544 3962 ergo,
2585 3901 2640 3947 et
2676 3892 2731 3947 in
2769 3895 3058 3966 aenigmate
3103 3896 3433 3964 accepimus,
3466 3905 3523 3950 et

1929 3980 2273 4050 adoptionem
2313 3990 2370 4037 et
2409 3983 2858 4052 redemptionem,
2907 3985 3112 4040 advenit
3161 3985 3306 4041 eui
3351 3985 3522 4056 pleni-

1929 4070 2056 4124 tudo
2090 4080 2400 4141 temporum,
2431 4081 2480 4126 et
2505 4073 2646 4126 misit
2669 4072 3017 4129 DeusFilium
3044 4091 3201 4129 suum
3229 4077 3428 4145 factum
3456 4092 3524 4132 es

1928 4159 2165 4226 muliere,
2207 4161 2407 4230 factum
2447 4161 2542 4215 sub
2585 4161 2718 4232 lege,
2758 4175 2816 4217 ut
2850 4179 2939 4217 eos
2975 4164 3065 4235 qui
3099 4165 3196 4220 sub
3226 4166 3338 4236 lege
3367 4176 3523 4221 erant

1931 4253 2228 4320 redimeret,
2261 4264 2320 4308 ut
2355 4254 2686 4324 adoptiuum
2721 4255 2953 4322 ﬁliorum
2989 4257 3336 4327 reciperemus
3368 4255 3516 4329 (Gal.

1930 4346 2026 4418 1v).
2069 4346 2378 4416 Recipimus
2409 4362 2538 4417 ergo
2567 4348 2932 4417 adoptionem,
2963 4350 3056 4405 sed
3094 4351 3254 4406 istam
3285 4368 3405 4422 qua:
3433 4364 3520 4408 est

251 4456 417 4511 seque
441 4440 590 4510 pasci
619 4440 673 4495 in
705 4441 804 4505 eis,
835 4440 886 4494 in
913 4440 993 4495 eis
1022 4439 1190 4503 indui,
1217 4440 1522 4509 profitetur.
1549 4439 1755 4496 Idcirco
1777 4449 1830 4496 et
1857 4504 1900 4511 _
1932 4455 2030 4510 per
2072 4441 2348 4509 speculum
2402 4440 2455 4494 iu
2500 4441 2804 4510 :enigmate,
2863 4457 2986 4496 cum
3035 4452 3216 4498 autem
3267 4447 3523 4501 venerint

253 4504 465 4589 in-illis
515 4534 629 4604 ipse
674 4535 870 4590 dicitur
911 4549 1032 4590 esse
1084 4504 1394 4601 subjectus,
1429 4534 1524 4589 sed
1567 4534 1684 4590 haec
1734 4550 1832 4604 per
1857 4504 1910 4563 D
1932 4504 2055 4600 qua:
2079 4504 2316 4602 perfecta
2343 4539 2488 4598 sunt,
2524 4504 2652 4587 tun'c
2683 4533 3024 4602 adoptionem
3060 4533 3200 4590 facie
3228 4536 3295 4590 ad
3327 4536 3522 4592 faciem

254 4641 537 4680 excessum
593 4625 879 4695 quemdam
932 4625 1076 4680 dicta
1139 4625 1268 4680 sint.
1335 4623 1490 4681 Nunc
1538 4634 1718 4683 autem
1767 4627 1835 4682 ad

252 4717 587 4784 prepositum
634 4717 936 4773 redeamus.
989 4718 1138 4774 Dona
1186 4733 1314 4790 ergo
1359 4721 1571 4776 diversa
1614 4721 1836 4790 spiritus

255 4824 286 4860 a
313 4807 479 4862 Paulo
507 4808 662 4863 multi
687 4810 910 4880 spiritus
943 4810 1302 4881 appellantur,
1336 4812 1530 4867 horum
1574 4813 1676 4868 hoc
1701 4813 1838 4867 mul-

258 4906 437 4952 torum
470 4897 732 4954 donorum
764 4900 1024 4970 quidquid
1058 4909 1163 4966 est,
1197 4916 1467 4956 summum
1500 4911 1554 4958 et
1581 4918 1836 4973 magnum

257 4987 376 5041 sine
404 4987 844 5060 dubio,Apostoli
872 4992 1148 5047 consecuti
1175 5001 1319 5058 sunt,
1348 5001 1412 5047 ut
1430 4993 1607 5048 idonei
1633 5003 1838 5060 essent,

258 5077 400 5132 sicut
429 5087 486 5132 et
520 5079 636 5150 ipse
659 5079 859 5137 Paulus
883 5081 1014 5136 dicit
1039 5100 1055 5135 :
1083 5081 1317 5136 Hinistri
1341 5082 1476 5136 Novi
1504 5082 1839 5151 Testamenti,

257 5180 308 5224 et
354 5181 410 5224 ut
451 5171 644 5243 replere
703 5175 905 5244 possint
943 5174 1288 5245 Evangelium
1329 5176 1394 5230 ab
1433 5175 1732 5231 Jerusalem
1784 5176 1841 5231 in

256 5265 483 5318 circuitu
522 5282 681 5337 usque
722 5266 793 5320 ad
832 5266 1109 5337 Illyricum
1151 5266 1238 5336 (Il
1260 5265 1384 5322 Cor.
1413 5267 1520 5340 Ill).
1558 5267 1674 5324 Hoc
1710 5283 1842 5339 ergo

261 5355 404 5424 quod
452 5356 505 5410 in
549 5357 632 5413 eis
672 5373 786 5428 prae.
834 5359 1046 5415 caeteris
1089 5358 1376 5415 sublimius
1422 5367 1479 5415 et
1527 5359 1842 5429 praeclarius

259 5443 514 5501 collatum
545 5454 630 5502 est
652 5447 827 5502 sancti
840 5445 1078 5517 Spiritus
1101 5446 1323 5512 donum,
1351 5449 1552 5503 merito
1571 5448 1844 5518 primitias

264 5534 692 5605 sanctiSpiritus
729 5536 1037 5608 appellavit.
1072 5536 1139 5590 Et
1180 5536 1302 5592 ideo
1323 5538 1492 5595 dicit:
1522 5537 1632 5593 Sed
1667 5547 1718 5592 et
1747 5555 1842 5594 nos

262 5622 386 5692 ipsi,
426 5623 480 5678 in
510 5640 618 5696 quo
661 5625 967 5695 specialiter
993 5626 1280 5696 designare
1322 5628 1536 5684 videtur
1581 5627 1839 5697 apostoli-

264 5728 388 5774 cam
438 5715 796 5785 dignitatem:
837 5714 972 5781 Nos,
1017 5714 1209 5785 inquit,
1251 5730 1382 5788 ergo
1428 5717 1550 5789 ipsi,
1593 5717 1697 5773 hoc
1736 5725 1842 5785 est,

1938 4637 2353 4692 consequemur.

2010 4714 2438 4786 Redemptionem
2462 4717 2696 4787 corporis
2718 4717 2902 4782 nostri,
2927 4725 3032 4773 etc.
3057 4716 3208 4784 Quod
3239 4727 3420 4774 autem
3444 4719 3528 4772 di-

1939 4807 2018 4860 xit
2046 4807 2472 4877 redemptionem
2499 4807 2744 4878 corporis
2771 4809 2966 4874 nostri,
2991 4824 3090 4880 ego
3119 4809 3356 4864 arbitror
3381 4812 3526 4880 quod

1943 4898 2107 4952 totius
2132 4897 2388 4952 Ecclesia:
2423 4899 2694 4953 indicetur
2728 4915 2943 4969 corpus,
2989 4902 3132 4956 sicut
3169 4910 3226 4956 et
3258 4902 3384 4957 alibi
3415 4903 3523 4956 ait:

1954 4984 2054 5042 Vos
2095 4998 2267 5042 autem
2291 4991 2415 5044 estis
2451 5007 2640 5060 corpus
2672 4988 2870 5045 Christi
2909 5001 2957 5045 et
2999 4993 3231 5046 membra
3271 5007 3337 5046 ea:
3377 5003 3528 5064 parte

1942 5079 2002 5155 (ι
2017 5083 2217 5139 Corma
2237 5081 2276 5154 ).
2311 5080 2485 5137 Omne
2507 5096 2639 5153 ergo
2657 5099 2854 5154 corpus
2873 5085 3130 5140 Ecclesiae
3153 5085 3526 5140 redimendum

1941 5181 2124 5241 sperat
2166 5172 2455 5242 Apostolus
2477 5214 2491 5237 ,
2534 5189 2635 5228 nec
2687 5184 2844 5244 putat
2895 5191 3056 5245 posse
3112 5191 3234 5245 qua
3285 5178 3526 5247 perfecta

1942 5270 2087 5327 sunt,
2115 5263 2247 5318 dare
2270 5264 2497 5333 singulis
2525 5265 2828 5335 quibusque
2864 5268 3144 5332 membris,
3175 5269 3278 5322 nisi
3309 5267 3528 5321 univer—

1944 5367 2065 5408 sum
2114 5368 2313 5423 corpus
2365 5353 2422 5408 in
2463 5369 2630 5409 unum
2673 5355 2838 5410 fuerit
2888 5367 3294 5429 congregatum.
3341 5355 3529 5412 Potest

1945 5452 2126 5499 autem
2163 5453 2219 5500 et
2277 5446 2356 5500 sic
2407 5446 2663 5518 intelligi,
2707 5457 2768 5502 ut
2808 5450 3232 5520 redemptionem
3280 5450 3529 5516 corporis

1944 5537 2116 5593 nostri
2177 5538 2377 5594 dixerit
2425 5539 2573 5593 illam
2617 5555 2736 5610 qua:
2783 5541 2837 5595 in
2891 5541 3292 5597 resurrectione
3346 5537 3527 5594 futura

1943 5636 2051 5692 est,
2080 5643 2203 5683 cum
2234 5645 2341 5684 non
2371 5629 2544 5686 solum
2591 5631 2810 5696 anima,
2844 5633 2938 5686 sed
2973 5641 3028 5686 et
3055 5643 3280 5699 corpora
3312 5633 3531 5687 venient

1948 5727 2076 5774 ante
2104 5718 2336 5775 tribunal
2361 5719 2590 5789 Christi,
2620 5730 2681 5776 ut
2723 5730 2961 5792 reportet
3011 5720 3379 5792 unusquisque
3403 5737 3530 5792 pro-
