3952 6424
485 321 588 376 567

1797 297 2151 356 SMARAGDI
2190 297 2482 353 ABBATIS

3673 297 3769 357 568

488 431 608 502 pria
634 428 878 500 corporis
901 432 1057 497 prout
1086 421 1250 494 gessit
1273 419 1362 492 (ΙΙ
1382 417 1535 472 Conv
1570 415 1610 485 ).
1644 411 1873 484 Explicit
1920 427 2076 481 expo-
2105 415 2153 472 Α
2190 409 2576 464 irrationabilis
2622 416 2871 463 creatura
2917 407 3143 479 gloriam
3192 407 3424 465 filiorum
3455 409 3565 465 Dei
3598 425 3769 465 mere-

487 523 608 575 sitio
634 519 898 589 Origcnis.

557 609 677 681 (Ea:
709 607 956 678 August.)
1004 603 1219 658 Nullum
1263 611 1348 656 est
1388 607 1653 656 creatura:
1699 607 1874 666 genus
1929 589 2074 662 quod

486 717 594 755 non
624 700 678 754 in
705 699 923 754 homine
959 697 1132 768 possit
1173 693 1413 766 agnosci,
1451 707 1514 746 ac
1545 691 1589 746 si
1615 688 1795 744 omnis
1823 693 2075 741 creatura

490 792 544 847 in
589 805 656 845 eo
713 787 1071 860 congemiscit
1111 795 1167 841 et
1212 785 1375 849 dolet,
1411 781 1795 839 revelationem
1842 775 2077 830 filiorum

486 885 584 941 Dei
609 890 948 953 exspectans,
977 895 1097 950 qua:
1124 893 1220 948 per
1247 873 1494 945 corporis
1530 871 1695 925 etiam
1725 864 2078 922 resurrectio-

486 993 613 1034 nem
638 985 694 1032 et
724 976 770 1031 si
809 990 916 1030 non
951 973 1008 1027 in
1033 970 1285 1027 omnibus
1319 964 1652 1027 hominibus,
1681 959 1860 1017 omnis
1897 967 2077 1013 tamen

487 1089 520 1130 a
543 1071 913 1142 corruptionis
944 1067 1206 1124 servitute
1240 1061 1580 1124 liberabitur,
1613 1055 1740 1126 quia
1767 1063 1824 1109 et
1852 1051 2080 1121 singulis

489 1166 668 1223 omnis
711 1171 824 1230 est;
856 1170 913 1218 et
939 1161 986 1216 si
1025 1174 1132 1228 quo
1167 1157 1275 1211 alio
1313 1153 1474 1208 modo
1523 1155 1697 1219 potest
1745 1147 1886 1200 idem
1929 1143 2081 1198 locus

490 1256 907 1328 apostolicarum
957 1251 1265 1306 litterarum
1318 1242 1567 1313 intelligi,
1618 1253 1725 1294 non
1783 1245 1960 1292 tamen
2011 1249 2079 1288 ex

490 1327 682 1406 iisdem
724 1345 906 1402 verbis
954 1353 1296 1410 consequens
1336 1345 1440 1400 est,
1480 1343 1540 1388 ut
1588 1330 1760 1386 solem
1804 1336 1860 1384 et
1897 1327 2081 1380 lunam

489 1449 547 1496 et
587 1437 764 1494 sidera
801 1433 1210 1505 congemiscere
1256 1427 1565 1489 credamus,
1593 1421 1766 1476 donec
1803 1419 1860 1474 in
1899 1414 2082 1472 saeculi

491 1528 655 1586 finem
701 1542 734 1581 a
774 1521 1140 1592 corruptionis
1182 1516 1445 1574 servitute
1487 1513 1804 1568 liberentur.
1855 1507 2083 1575 Quidam

490 1621 659 1676 etiam
707 1617 788 1673 sic
837 1615 1026 1670 dicunt
1067 1611 1240 1665 Adam
1289 1615 1344 1663 et
1379 1607 1548 1661 Evam
1587 1617 1707 1659 esse
1753 1610 2079 1662 creaturam,

490 1728 590 1784 per
617 1725 756 1782 quos
798 1706 1053 1780 primitiae
1096 1700 1318 1758 humani
1357 1697 1573 1771 generis
1610 1700 1911 1764 procreatae
1950 1689 2078 1755 sint,

2173 499 2324 552 bitur
2351 499 2622 553 obtinere.

2248 591 2458 648 Scimus
2478 594 2615 647 enim
2635 591 2777 664 quod
2797 593 2964 646 omnis
2988 602 3256 659 creatura,
3273 601 3378 649 etc.
3403 593 3531 648 Non
3555 594 3770 659 celum,

2173 695 2280 736 non
2324 690 2492 748 terra,
2538 699 2648 738 non
2709 697 2891 748 mare,
2953 697 3060 738 non
3127 683 3308 753 aliqua
3372 684 3769 742 irrationabilis

2172 780 2448 840 creatura,
2479 775 2575 830 sed
2603 775 2803 846 angeli,
2835 790 2928 845 qui
2956 775 3096 829 sicut
3128 776 3364 846 gaudent
3393 792 3569 847 super
3599 780 3767 848 parui-

2175 867 2400 924 tentiam
2437 875 2679 938 agentes,
2711 869 2785 922 ita
2813 867 2999 922 dolent
3033 881 3200 937 super
3222 869 3468 922 converti
3500 869 3761 926 nolentes.

2179 957 2307 1012 Sive
2340 958 2508 1012 etiam
2546 958 2727 1013 omnis
2762 966 3013 1012 creatura
3060 959 3356 1029 promiscui
3407 959 3676 1016 Ecclesiae
3706 962 3766 1015 fl-

2178 1048 2377 1103 delium
2432 1049 2617 1117 populi
2673 1048 3071 1118 intelliguntur,
3107 1059 3170 1105 ut
3209 1050 3340 1106 illud
3398 1068 3411 1104 :
3470 1051 3768 1109 Praedicate

2179 1139 2532 1210 Evangelium
2567 1140 2714 1194 omni
2751 1148 3035 1195 creatura.

2252 1229 2377 1285 Non
2397 1230 2567 1285 solum
2595 1241 2770 1285 autem
2789 1231 2903 1286 illa.
2935 1231 2992 1287 Id
3013 1240 3116 1298 est,
3145 1233 3413 1304 angelica,
3447 1249 3578 1304 qua:
3607 1235 3756 1291 nobis

2183 1321 2471 1392 benignior
2499 1331 2616 1387 est,
2665 1321 2750 1378 vel
2789 1321 2881 1376 illa
2910 1322 3191 1378 hominum
3213 1339 3334 1394 qua“:
3360 1323 3582 1394 plebeia
3610 1335 3692 1381 est
3716 1333 3766 1382 et

2181 1415 2423 1480 indocta,
2451 1414 2547 1470 sed
2573 1414 2738 1468 etiam
2771 1430 2872 1470 nos
2900 1415 3002 1484 ipsi
3029 1415 3279 1486 discipuli
3303 1415 3538 1481 Christi,
3571 1416 3663 1486 qui
3689 1432 3764 1472 su-

2181 1522 2304 1562 mus
2329 1506 2587 1578 primitiae
2614 1505 3018 1576 adquisitionis,
3049 1513 3105 1561 et
3127 1506 3387 1576 praeclara
3411 1507 3758 1572 charismata,

2181 1597 2329 1652 velut
2364 1596 2618 1668 primitias
2652 1595 2908 1666 spiritus,
2950 1596 3098 1650 unde
3136 1597 3398 1652 mundum
3439 1597 3761 1663 ditaremus,

2185 1688 2518 1758 accepimus,
2545 1694 2830 1757 exspectat
2848 1685 3276 1756 redemptionem
3303 1687 3556 1758 corporis
3575 1687 3760 1753 nostri,

491 1777 1041 1873 quos—serpems'olim
1067 1807 1162 1864 spe
1188 1788 1510 1852 divinitatis,
1543 1784 1773 1840 vanitati
1801 1781 2077 1850 subjectos
2104 1777 2152 1837 B
2179 1778 2232 1833 id
2255 1787 2340 1834 est
2362 1779 2530 1834 totius
2573 1777 2866 1844 Ecclesia,
2903 1791 3024 1848 qua
3058 1777 3114 1832 in
3151 1785 3418 1832 aeternum
3457 1785 3546 1832 est
3582 1792 3766 1849 regna-

491 1871 826 1958 corruptioni
870 1882 1063 1940 fecerit
1099 1879 1404 1942 deservire,
1466 1889 1576 1930 non
1614 1888 1714 1943 per
1755 1871 2075 1940 semetipsos

491 1981 665 2037 solum
699 1984 1016 2048 peccantes,
1055 1973 1155 2028 sed
1195 1973 1253 2026 et
1287 1985 1388 2040 per
1424 1965 1692 2037 serpentis
1733 1963 2071 2024 instinctum,

491 2081 549 2128 et
575 2069 699 2142 ipsi,
724 2067 994 2137 inquiunt,
1017 2062 1412 2124 liberabuntur,
1436 2065 1500 2113 ut
1524 2053 1857 2124 corruptioni
1885 2051 2077 2108 mortis

492 2141 637 2217 ultra
670 2173 779 2214 non
816 2155 1075 2212 serviant.
1105 2150 1334 2208 Omnem
1365 2149 1532 2204 etiam
1563 2152 1867 2202 creaturam
1893 2141 2078 2196 dicunt

493 2264 616 2306 esse
653 2261 748 2304 eos
771 2285 788 2312 ,
832 2243 1143 2315 quicunque
1197 2247 1324 2294 ante
1375 2236 1668 2291 adventum
1709 2229 1913 2287 Christi
1944 2227 2076 2297 justi

493 2343 734 2404 fuerunt,
761 2336 887 2407 quia
915 2333 1098 2404 et'ipsi
1121 2331 1359 2387 nondum
1386 2325 1734 2396 accipientes,
1761 2327 2080 2392 exspectant

494 2431 606 2487 Deo
635 2445 735 2502 pro
760 2426 918 2484 nobis
942 2423 1134 2480 melius
1161 2419 1365 2491 aliquid
1387 2415 1724 2488 providente,
1762 2425 1872 2502 non
1901 2409 2074 2465 solum

494 2530 677 2576 autem
728 2518 830 2583 illi,
873 2516 968 2572 sed
1009 2521 1066 2569 et
1106 2528 1207 2567 nos
1240 2510 1342 2582 ipsi
1384 2509 1440 2563 in
1475 2519 1712 2578 quantm
1753 2501 1944 2559 diebus
1986 2515 2077 2555 re-

495 2608 822 2679 demptionis
844 2611 1186 2666 sacramenta
1215 2599 1482 2670 completa
1509 2605 1665 2662 sunt,
1693 2595 1821 2665 quia
1845 2591 2075 2648 necdum

495 2709 762 2766 tenemus,
787 2697 884 2754 sed
909 2696 965 2751 in
987 2709 1085 2766 spe
1111 2693 1246 2750 salvi
1279 2691 1406 2746 facti
1437 2703 1646 2753 sumus,
1673 2684 1924 2756 quamvis
1955 2694 2076 2753 qua

495 2789 650 2848 multi
682 2787 968 2858 cupierunt
995 2782 1129 2854 justi
1160 2781 1366 2847 videre,
1397 2779 1716 2835 viderimus.

1051 2890 1177 2932 Αιιι
1212 2887 1512 2929 EXPOSITIO.

568 2973 827 3029 Existimo
864 2971 1004 3027 enim
1031 2968 1172 3041 quod
1208 2984 1312 3022 non
1345 2975 1466 3022 sunt
1491 2964 1764 3035 condigna
1783 2963 2073 3036 passiones,

494 3077 600 3125 etc.
652 3067 790 3122 Hinc
841 3063 958 3120 vult
1001 3062 1242 3118 futuram
1289 3061 1518 3132 gloriam
1565 3059 1969 3124 commendare,
2013 3065 2076 3112 ut

494 3163 785 3227 praesentes
817 3167 1104 3224 pressuras
1136 3151 1350 3208 facilius
1378 3150 1694 3206 toleremus.

563 3249 644 3304 Ad
681 3249 918 3320 futuram
962 3246 1187 3316 gloriam
1215 3285 1231 3310 ,
1291 3259 1408 3314 qua!
1454 3240 1769 3296 revelabitur
1806 3240 1864 3294 in
1903 3239 2070 3294 nobis.

492 3343 619 3398 Ideo
671 3340 805 3396 dicit
841 3337 1188 3402 revelabitur,
1235 3335 1363 3406 quia
1401 3333 1563 3388 modo
1606 3331 1924 3388 abscondita
1971 3339 2074 3396 est,

497 3452 623 3492 cum
673 3433 891 3491 Christo
939 3433 995 3487 in
1044 3429 1190 3494 Deo,
1237 3436 1292 3484 et
1339 3427 1578 3483 nondum
1645 3425 1894 3496 apparuit
1948 3425 2078 3495 quid

494 3530 722 3593 erimus,
758 3526 952 3582 scimus
999 3523 1147 3578 enim
1186 3522 1311 3593 quia
1354 3537 1476 3575 cunt
1520 3520 1842 3592 apparuerit,
1880 3518 2079 3574 similes

494 3622 544 3676 ei
605 3617 827 3683 erimus,
863 3614 1111 3687 quoniam
1168 3610 1452 3667 uidebimus
1502 3627 1623 3666 eunt
1677 3609 1830 3665 sicuti
1889 3619 1965 3665 est
2022 3608 2077 3681 (Ι

482 3709 660 3765 Ιοαη.
705 3705 810 3780 ιιι).

569 3798 714 3853 Nam
753 3795 1068 3867 exspectatio
1125 3803 1400 3849 creatura.
1445 3792 1654 3849 Diversi
1709 3793 1853 3848 hunc
1896 3791 2076 3848 locum

498 3887 731 3944 diversis
764 3885 942 3942 modis
979 3893 1295 3955 exponunt:
1323 3883 1439 3939 sive
1485 3884 1662 3938 omnis
1705 3889 1956 3938 creatura
1995 3895 2080 3936 re-

497 3977 852 4035 surrectionis
882 3984 1094 4047 tempus
1123 3983 1422 4046 exspectat,
1452 3976 1578 4045 quia
1617 3983 1750 4030 tunc
1793 3974 1848 4028 in
1885 3973 2080 4029 melius

494 4071 939 4136 commutabitur,
971 4069 1186 4139 quando
1224 4069 1329 4123 erit
1362 4068 1559 4124 caelum
1598 4081 1822 4130 novum,
1851 4072 1908 4120 et
1935 4072 2079 4119 terra

495 4176 656 4227 nova,
700 4168 756 4215 et
794 4165 944 4224 tunc,
989 4157 1044 4212 id
1081 4164 1184 4223 est,
1242 4157 1295 4211 in
1347 4165 1591 4227 tempore
1642 4153 2076 4217 resurrectionis,

495 4252 754 4310 revelatio
792 4249 1072 4321 apparebit
1104 4249 1338 4305 filiorum
1367 4248 1485 4303 Dei.
1533 4246 1660 4303 Sive
1708 4246 1887 4301 omnis
1927 4260 2080 4301 crea-

495 4352 638 4407 tura,
683 4341 738 4398 id
765 4349 850 4398 est
893 4340 1173 4396 rationalis
1215 4338 1480 4410 angelica,
1528 4338 1632 4392 hoc
1669 4337 1724 4391 in
1771 4335 2080 4391 hominibus

493 4441 774 4505 exspectat
797 4432 1030 4503 impleri.
1055 4431 1249 4488 Petrus
1266 4431 1416 4486 enim
1438 4430 1590 4496 dicit,
1615 4427 1838 4499 angelos
1851 4426 2075 4498 gloriam
2103 4468 2156 4530 Β

495 4527 804 4584 desiderare
830 4533 1158 4581 sanctorum.

574 4614 806 4671 Vanitati
847 4616 986 4670 enim
1024 4623 1267 4669 creatura
1297 4611 1533 4682 subjecta
1572 4616 1668 4663 est.
1707 4607 1768 4663 .ld
1793 4615 1896 4673 est,
1927 4621 2076 4662 crea-

497 4719 615 4764 tura
642 4709 878 4764 bumana
905 4703 1338 4778 praevaricationi
1363 4709 1450 4757 est
1474 4700 1752 4772 peccando
1776 4697 2035 4768 subjecta.

571 4798 695 4854 Non
734 4797 929 4855 uolens.
964 4795 1021 4851 Id
1063 4802 1166 4860 est,
1205 4808 1312 4848 non
1341 4791 1561 4863 propria
1591 4790 1890 4852 voluntate,
1923 4791 2017 4844 sed
2044 4805 2074 4843 a

495 4897 747 4960 serpente
771 4887 1019 4957 decepta,
1053 4898 1148 4954 spe
1183 4882 1273 4938 illa
1299 4896 1407 4951 qua
1442 4880 1726 4935 audierat:
1752 4877 1918 4934 Erilis
1943 4879 2075 4933 sicut

493 4983 595 5046 dii,
617 4982 838 5036 scientes
865 4978 1056 5032 bonum
1080 4984 1128 5028 et
1156 4972 1356 5028 malum
1381 4969 1642 5044 (Genau).

567 5073 675 5130 Sed
705 5078 915 5142 propter
939 5083 1058 5122 eum
1091 5067 1179 5137 qui
1211 5063 1430 5133 subjecit
1458 5063 1515 5118 in
1537 5078 1645 5133 spe.
1687 5061 1817 5129 Quae
1842 5070 1925 5118 est
1959 5062 2075 5132 ipsa

494 5180 642 5236 spes,
687 5161 810 5216 audi
841 5157 1144 5228 sequentia,
1173 5155 1300 5227 quia
1338 5163 1396 5210 et
1432 5153 1546 5225 ipsa
1586 5161 1836 5209 creatura
1880 5152 2076 5208 libera-

495 5257 644 5311 bitur
678 5269 709 5308 a
733 5249 1080 5320 corruptione
1113 5245 1409 5312 servitutis,
1440 5261 1601 5316 quam
1630 5244 1834 5300 audivit
1858 5244 2076 5314 quando

495 5349 547 5402 ei
575 5344 836 5400 Dominus
873 5342 950 5396 ait
981 5358 994 5394 :
1023 5340 1192 5395 Terra
1229 5353 1310 5404 es,
1349 5346 1403 5394 et
1436 5338 1492 5393 in
1531 5345 1732 5393 terram
1777 5337 1914 5402 ibis,
1954 5349 2075 5405 quae

494 5434 817 5505 intelligitur
849 5429 1125 5501 corruptio
1155 5429 1366 5486 mortis.

566 5524 634 5578 In
655 5523 916 5578 libertate.
943 5520 1014 5576 Ut
1037 5520 1298 5575 Dominus
1326 5520 1440 5576 ait:
1468 5518 1622 5576 Siros
1636 5515 1803 5573 Filius
1826 5515 2080 5572 liberaue-

498 5614 591 5678 rit,
613 5629 728 5667 uere
747 5612 897 5668 liberi
917 5611 1038 5667 estis
1059 5609 1242 5681 (Joan.
1261 5612 1404 5686 vui).

568 5701 764 5758 ϐίοι-ἕω
791 5701 1024 5772 ﬁliorum
1050 5701 1166 5757 Dei.
1201 5701 1314 5759 Soli
1352 5702 1497 5758 enim
1539 5701 1808 5767 homines,
1832 5715 1938 5756 non
1973 5699 2078 5754 alia

2177 1875 2295 1922 tura
2316 1882 2442 1922 cum
2462 1867 2701 1923 Christo.

2541 1997 2882 2039 EVANGEUUI
2920 1997 3107 2046 ιυει,
3146 1995 3267 2037 CAP.
3307 1993 3385 2036 Vl.

2253 2090 2272 2124 ι
2306 2072 2494 2128 Εειοιε
2522 2071 2946 2134 misericordes,
2994 2071 3136 2126 sicut
3177 2078 3231 2126 et
3259 2070 3426 2128 Pater
3454 2077 3641 2126 vester
3665 2069 3759 2125 mi-

2183 2181 2203 2214 ι
2237 2164 2473 2220 sericors
2500 2170 2605 2218 est.
2643 2161 2820 2217 Nolite
2849 2163 3117 2234 judicare,
3145 2170 3200 2216 et
3223 2175 3330 2216 non
3359 2160 3754 2232 judicabimini.

2180 2274 2198 2306 ι
2231 2254 2407 2310 Nolite
2436 2254 2799 2309 condemnare
2823 2261 2878 2307 et
2897 2267 3005 2308 non
3031 2251 3551 2309 condemnabimini.
3573 2250 3753 2306 Dimit-

2183 2364 2201 2395 ι
2233 2345 2351 2410 ιίιε,
2381 2352 2436 2400 ει
2465 2343 2832 2408 dimittemini,
2859 2344 3005 2409 date,
3026 2350 3082 2398 et
3102 2344 3321 2399 dabitur
3338 2345 3520 2409 vobis,
3551 2361 3756 2401 mensu-

2183 2452 2203 2486 s
2227 2449 2343 2489 ram
2377 2434 2576 2489 bonam
2623 2441 2679 2488 et
2724 2431 3060 2497 confertam,
3110 2443 3166 2489 et
3209 2436 3565 2505 coagitatam,
3589 2446 3643 2491 et
3668 2453 3752 2504 su-

2183 2546 2201 2577 ι
2230 2524 2635 2596 perculuentem
2689 2526 2895 2581 dabunt
2941 2527 2994 2582 in
3035 2527 3213 2583 sinum
3243 2538 3512 2585 vestrum.
3565 2530 3753 2585 Eadem

2181 2637 2200 2670 ι
2231 2619 2430 2690 quippe
2473 2632 2725 2674 mensura
2771 2633 2877 2690 qua
2921 2619 3093 2675 mensi
3144 2605 3392 2686 fueritis,
3442 2621 3752 2678 remetictur

2182 2731 2201 2765 ι
2230 2713 2404 2768 vobis.
2425 2713 2648 2768 Dicebat
2674 2720 2854 2767 autem
2884 2711 2992 2768 illis
3017 2713 3428 2768 similitudinem
3458 2732 3472 2767 :
3511 2711 3749 2783 Nunquid

2182 2821 2200 2855 ι
2227 2809 2408 2873 potest
2439 2815 2617 2858 caecus
2657 2817 2860 2857 caecum
2889 2803 3125 2858 ducere?
3169 2817 3351 2858 nonne
3395 2802 3563 2858 ambo
3601 2803 3652 2856 in
3685 2799 3749 2854 fo-

2183 2914 2202 2948 ι
2229 2909 2386 2950 veam
2407 2893 2643 2950 cadunt?
2667 2893 2786 2950 Non
2816 2903 2899 2950 est
2918 2895 3213 2967 discipulus
3229 2912 3394 2966 supra
3417 2896 3746 2968 magistrum.

2183 3003 2203 3036 ι
2232 2982 2515 3040 Perfectus
2541 2988 2719 3039 autem
2748 2985 2925 3040 omnis
2955 2986 3059 3040 erit
3087 3026 3102 3050 ,
3144 2985 3192 3040 si
3237 2986 3307 3040 sit
3334 2985 3478 3041 sicut
3507 2985 3750 3058 magister

2186 3095 2205 3128 ι
2233 3076 2368 3146 ejus.
2393 3075 2532 3144 Quid
2551 3084 2731 3132 autem
2750 3077 2899 3133 vides
2920 3076 3180 3133 festucam
3202 3079 3255 3133 in
3276 3078 3434 3134 oculo
3456 3079 3640 3134 fratris
3658 3077 3747 3143 tui,

2183 3186 2202 3219 ι
2232 3169 2442 3224 trabem
2472 3175 2655 3223 autem
2684 3182 2804 3238 qua:
2830 3168 2890 3222 in
2919 3168 3075 3223 oculo
3113 3177 3206 3224 tuo
3231 3178 3332 3233 est,
3376 3185 3489 3225 non
3522 3168 3747 3224 conside-

2184 3277 2202 3309 ι
2231 3258 2357 3312 ras?
2394 3257 2502 3311 Aut
2550 3258 2821 3328 quomodo
2860 3265 3016 3328 potes
3062 3258 3242 3314 dicere
3278 3257 3434 3313 fratri
3465 3268 3563 3315 tuo
3593 3275 3606 3312 :
3633 3257 3749 3312 Fra-

2184 3366 2202 3399 ‹
2233 3355 2346 3410 ter,
2391 3347 2509 3402 sine
2542 3345 2759 3416 ejiciam
2789 3345 3054 3402 festucam
3101 3347 3166 3402 de
3202 3346 3360 3403 oculo
3387 3357 3507 3415 tuo,
3552 3347 3662 3419 ipse
3698 3345 3745 3399 in

2183 3455 2203 3490 ι
2230 3437 2388 3492 oculo
2435 3443 2530 3490 tuo
2575 3436 2785 3489 trabem
2819 3450 2926 3490 non
2962 3437 3196 3492 videns?
3243 3435 3540 3508 Hypocrita
3569 3477 3583 3501 ,
3626 3433 3747 3503 ejice

2184 3547 2202 3579 ι
2232 3528 2465 3598 primum
2507 3526 2716 3581 trabem
2756 3527 2822 3580 de
2868 3526 3026 3581 oculo
3070 3534 3186 3592 tuo,
3226 3534 3282 3582 et
3311 3535 3441 3581 tunc
3465 3524 3748 3596 perspicies

2184 3636 2202 3668 ι
2231 3625 2292 3672 ut
2316 3618 2517 3671 educas
2549 3614 2814 3670 festucam
2843 3615 2910 3671 de
2935 3615 3093 3672 oculo
3129 3615 3315 3675 fratris
3342 3617 3440 3670 tui.
3471 3635 3491 3668 ι

2249 3709 2430 3764 Estote
2468 3707 2831 3763 misericordes
2859 3747 2875 3773 ,
2927 3707 3066 3762 sicut
3104 3717 3152 3762 et
3180 3707 3341 3764 Pater
3369 3716 3541 3762 uester
3563 3703 3748 3760 miseri-

2178 3817 2293 3856 cors
2357 3809 2453 3854 est.
2511 3799 2625 3869 (Ex
2655 3797 2856 3870 Beda.)
2917 3797 3225 3854 Misericors
3276 3805 3360 3854 est
3415 3797 3560 3854 Deus
3603 3807 3748 3866 super

2179 3891 2417 3962 ingratos
2456 3897 2512 3943 et
2550 3888 2720 3942 malos
2743 3929 2758 3952 ,
2813 3888 2900 3942 vel
2929 3888 3214 3959 multiplici
3243 3904 3339 3943 sua
3366 3885 3743 3946 misericordia,

2179 3997 2285 4054 qua
2315 3981 2480 4036 etiam
2504 3980 2751 4051 jumenta
2781 3978 2986 4045 salvat,
3010 3979 3327 4049 temporalia
3357 3981 3498 4035 bona
3532 3976 3746 4047 largien-

2179 4075 2270 4138 do,
2295 4071 2383 4126 vel
2424 4070 2668 4126 cmlestia
2713 4071 2853 4126 dona
2903 4069 3164 4141 singulari
3204 4071 3376 4140 gratia
3426 4085 3532 4140 qua
3561 4067 3744 4124 electos

2183 4160 2361 4217 solum
2421 4159 2687 4231 glorificat
2750 4157 3084 4228 inspirando.
3142 4157 3250 4213 Sed
3310 4159 3427 4214 sive
3480 4159 3603 4223 hoc,
3642 4153 3743 4209 sive

2181 4253 2338 4317 illud,
2375 4252 2490 4306 sive
2521 4258 2810 4319 utrumque
2843 4249 3146 4321 intelligas,
3175 4265 3368 4322 magna
3399 4251 3496 4306 Dei
3521 4248 3743 4305 bonitate

2181 4344 2260 4407 ﬁt,
2306 4359 2428 4414 quae
2459 4343 2617 4397 nobis
2663 4342 2921 4398 imitanda
2949 4343 3293 4413 praecipitur,
3327 4342 3370 4398 si
3400 4342 3492 4398 filii
3521 4341 3614 4397 Dei
3636 4349 3742 4393 esse

2182 4433 2453 4488 volumus.

2254 4524 2433 4579 Nolite
2449 4524 2712 4595 judicare,
2738 4535 2788 4580 et
2811 4541 2914 4579 non
2926 4524 3316 4595 judicabimini,
3343 4523 3502 4579 nolite
3521 4519 3742 4578 condem-

2183 4629 2327 4677 nare,
2367 4620 2473 4668 etc.
2525 4613 2638 4667 Hoc
2675 4612 2816 4677 loco,
2853 4613 2989 4668 nihil
3025 4613 3172 4668 aliud
3210 4613 3366 4668 nobis
3401 4610 3614 4684 praecipi
3641 4605 3742 4660 exi-

2181 4702 2363 4767 stimo,
2394 4702 2500 4757 nisi
2529 4709 2590 4756 ut
2626 4717 2690 4758 ea
2721 4701 2863 4758 facta
2882 4743 2897 4767 ,
2931 4717 3051 4772 quae
3075 4701 3294 4758 dubium
3331 4711 3414 4757 est
3445 4716 3552 4772 quo
3579 4697 3741 4753 animo

2182 4792 2334 4856 fiant,
2364 4793 2418 4847 in
2445 4793 2722 4848 meliorem
2747 4802 2959 4863 partem
2987 4793 3427 4862 interpretemur,
3454 4791 3594 4862 quod
3613 4785 3738 4842 enim

2181 4884 2440 4954 scriptum
2470 4895 2596 4938 est:
2647 4884 2731 4938 Ex
2782 4885 3040 4954 fructibus
3089 4901 3269 4938 eorum
3310 4882 3620 4955 cognoscetis
3663 4889 3738 4930 eos

2183 4977 2400 5051 (Matth.
2433 4977 2557 5049 vn),
2587 4977 2652 5032 de
2679 4977 2985 5032 manifestis
3007 4977 3211 5032 dictum
3242 4984 3345 5040 est,
3369 4991 3491 5046 quae
3513 4988 3612 5029 non
3631 4979 3739 5039 p05-

2181 5078 2309 5126 sunt
2334 5071 2479 5125 bono
2508 5069 2690 5124 animo
2720 5068 2868 5134 fieri,
2916 5067 3070 5122 sicuti
3102 5074 3258 5132 sunt,
3305 5075 3490 5136 stupra
3511 5061 3590 5118 vel
3619 5057 3738 5113 blas-

2179 5160 2430 5232 phemiae,
2467 5157 2553 5214 vel
2589 5157 2732 5214 furta
2761 5199 2775 5225 ,
2816 5157 2900 5214 vel
2939 5158 3232 5212 ebrietates
3262 5199 3277 5223 ,
3322 5165 3377 5212 et
3412 5156 3458 5212 si
3488 5168 3590 5224 qua
3627 5151 3735 5203 sunt

2180 5250 2309 5314 alia,
2356 5249 2424 5303 de
2466 5249 2661 5318 quibus
2701 5248 2858 5304 nobis
2891 5247 3138 5316 judicare
3163 5247 3514 5317 permittitur.
3570 5242 3640 5298 De
3663 5250 3735 5304 ge-

2180 5356 2310 5397 nere
2352 5351 2534 5396 autem
2580 5340 2822 5395 ciborum
2842 5380 2864 5404 ,
2908 5339 3033 5408 quia
3059 5348 3285 5410 possunt
3313 5340 3457 5394 bono
3484 5336 3669 5393 animo,
3690 5332 3735 5380 ει

2179 5430 2408 5500 simplici
2432 5430 2615 5495 corde,
2643 5430 2759 5484 sine
2777 5430 2911 5484 vitio
2934 5429 3388 5499 concupiscentize
3408 5470 3422 5494 ,
3454 5427 3735 5497 quicunque

2182 5520 2404 5576 humani
2435 5519 2541 5575 cibi
2584 5517 2957 5574 indifferenter
2986 5518 3154 5583 sumi,
3195 5518 3449 5588 prohibet
3475 5507 3736 5585 Apostolus

2175 5608 2422 5678 judicare
2466 5622 2560 5662 eos
2607 5608 2700 5677 qui
2746 5609 3003 5672 carnibus
3054 5608 3435 5667 vescebantur.
3488 5615 3541 5660 et
3574 5601 3732 5655 vinum

2183 5698 2459 5766 bibebant,
2495 5699 2562 5755 ab
2581 5700 2662 5755 eis
2691 5701 2782 5768 qui
2810 5715 2869 5754 se
2896 5699 2965 5754 ab
2987 5697 3303 5770 hujusmodi
3328 5698 3597 5753 alimentis
3615 5700 3729 5747 tem-
