3952 6426
1115 178 1188 205 ι,

221 332 332 392 569

1033 327 1553 386 COLLECTIONES‘
1586 328 1653 383 IN
1691 325 2069 384 EPISTOLAS
2108 326 2195 382 ET
2235 329 2648 386 EVANGELIA".

3393 324 3501 382 370

224 453 513 525 parabant.
555 448 661 516 Qui
685 449 994 514 manducat,
1027 446 1221 517 inquit,
1253 463 1358 502 non
1401 447 1802 502 manducantem
1831 450 1882 510 Α
1905 446 2027 520 puri
2053 447 2302 504 homines
2338 455 2486 503 sunt-
2515 446 2753 518 regulam
2781 443 3156 516 perfectionis
3175 452 3500 515 sequantur.

229 558 336 596 non
357 547 590 611 spernat,
614 547 661 593 et
683 539 775 609 qui
796 553 901 592 non
928 535 1214 592 mnducat
1231 577 1246 602 ,
1271 537 1681 591 manducantem
1709 553 1813 592 non

219 634 428 706 judicet
481 631 659 702 (Rom.
690 629 830 702 xxv).
885 629 969 685 Ad
1015 630 1121 686 hoc
1170 630 1409 701 pertinet
1451 630 1618 685 etiam
1661 629 1812 694 illud,

233 724 377 797 quod
409 724 517 780 alio
549 723 671 778 loco
696 723 830 778 dicit
872 739 886 776 :
944 720 1124 776 N‘olite
1167 730 1288 776 ante
1335 731 1538 794 tempus
1569 720 1817 790 judicare

231 816 545 888 quidquam,
586 812 924 884 quoadusque
949 812 1120 865 ueniat
1164 811 1445 878 Dominus,
1488 821 1539 866 et
1559 809 1818 865 illuminet

234 903 546 960 abscondita
585 901 945 964 tenebrarum,
992 909 1042 954 et
1079 899 1435 970 manifestabit
1477 901 1817 971 cogitationes

234 996 409 1050 cordis
439 992 492 1066 (1
518 993 704 1048 Conv
724 990 766 1064 ).
807 990 945 1046 Sunt
969 1000 1150 1046 autem
1180 993 1425 1062 quaedam
1449 991 1590 1046 facta
1617 991 1816 1057 media,

234 1099 356 1156 quae
403 1085 717 1155 ignoramus
761 1097 870 1152 quo
908 1082 1093 1138 animo
1132 1082 1303 1148 ﬁant,
1353 1083 1481 1154 quia
1507 1093 1563 1139 et
1588 1083 1729 1139 bono
1764 1091 1820 1138 et

234 1176 381 1234 malo
409 1177 526 1233 ﬁeri
556 1184 783 1248 possunt
807 1217 823 1242 ,
866 1176 937 1231 de
965 1177 1163 1247 quibus
1189 1175 1538 1231 temerarium
1567 1185 1652 1230 est
1675 1172 1819 1244 judi-

234 1283 382 1335 care,
415 1269 649 1324 maxime
679 1276 736 1324 ut
774 1267 1217 1325 condemnemus.
1257 1267 1478 1322 oliorum
1521 1274 1702 1322 autem
1728 1279 1819 1320 ve-

234 1361 349 1416 niet
375 1369 584 1430 tempus
605 1367 663 1413 ut
683 1358 1015 1430 judicentur,
1042 1374 1167 1414 cum
1197 1357 1462 1413 Dominus
1495 1357 1820 1414 illuminabit

235 1450 554 1506 abscondita
586 1449 956 1514 tenebrarum,
982 1458 1039 1504 et
1063 1448 1434 1506 manifestabit
1459 1449 1818 1520 cogitationes

233 1543 436 1599 cordis.
478 1542 593 1597 Duo
619 1550 745 1598 sunt
783 1550 965 1596 autem
992 1542 1048 1597 in
1077 1543 1274 1610 quibus
1311 1542 1658 1598 temerarium
1682 1540 1821 1611 judi-

234 1633 380 1689 cium
406 1647 602 1689 cavere
623 1633 902 1699 debemus,
931 1647 1055 1688 cum
1080 1633 1344 1688 incertum
1367 1643 1488 1700 est,
1521 1632 1697 1703 qualis
1734 1632 1819 1688 fu-

236 1733 395 1780 turus
425 1725 515 1789 sit,
546 1723 639 1793 qui
669 1738 814 1780 nunc
841 1722 926 1778 vel
953 1721 1128 1778 malus
1154 1722 1240 1778 vel
1269 1723 1444 1778 bonus
1466 1731 1708 1794 apparet.

310 1815 565 1870 Dimittite
593 1823 641 1868 et
678 1815 1034 1881 dimitlemini,
1063 1815 1186 1869 date
1213 1824 1261 1869 et
1289 1814 1504 1869 dabitur
1532 1815 1690 1869 vobis.
1727 1813 1819 1868 Di-
1846 1803 1892 1862 Β

236 1909 455 1963 mittere
477 1922 576 1963 nos
604 1906 868 1977 injurias,
913 1907 1044 1963 dare
1079 1906 1343 1963 beneﬁcia
1370 1905 1544 1978 jubet,
1575 1914 1635 1961 ut
1662 1905 1818 1962 nobis

233 2006 462 2071 peccata
492 1997 853 2064 dimittantur,
891 2005 947 2053 et
972 1998 1083 2053 vita
1108 1996 1266 2052 detur
1291 2005 1515 2052 aeterna.
1555 1995 1671 2063 Qua
1700 2011 1822 2052 sen-

237 2092 406 2148 tentia
449 2093 623 2156 brevi,
649 2091 742 2147 sed
785 2090 1026 2156 eximia,
1067 2097 1262 2146 cuncta
1305 2104 1426 2158 quae
1465 2089 1728 2145 latissime
1755 2089 1823 2145 de

205 2201 208 2204 ’
237 2182 616 2239 conversando
642 2198 765 2238 cum
793 2181 1028 2237 inimicis
1056 2181 1427 2247 mandaverat,
1470 2182 1821 2251 comprehen-

237 2275 420 2332 dendo
442 2274 735 2330 concludit.

314 2366 623 2422 Hensuram
648 2365 860 2431 bonam,
881 2374 932 2420 et
961 2365 1277 2436 confertam,
1315 2375 1365 2420 et
1387 2367 1730 2438 coagitatam,
1775 2376 1825 2422 et

237 2459 686 2530 sapere/ﬂuentem
707 2457 906 2512 dabunt
927 2458 982 2511 in
999 2457 1175 2512 sinum
1198 2468 1442 2512 vestrum.
1491 2459 1628 2514 Huic
1649 2458 1826 2515 simile

238 2559 371 2616 est,
411 2550 556 2619 quod
613 2549 740 2606 alibi
787 2549 940 2615 dicit,
993 2557 1054 2605 ut
1100 2559 1156 2606 et
1200 2551 1301 2622 ipsi
1334 2553 1602 2624 recipiant
1647 2569 1746 2609 vos
1770 2553 1826 2609 in

239 2654 444 2701 aeterna
472 2643 818 2699 tabernacula
845 2642 864 2716 (
890 2639 1120 2697 Luc.xvn
1152 2644 1193 2714 ).
1247 2644 1362 2700 Non
1391 2646 1538 2701 enim
1563 2661 1828 2718 pauperes

243 2736 366 2806 ipsi,
397 2735 491 2790 sed
531 2733 780 2791 Christus
821 2737 1128 2792 mercedem
1170 2737 1278 2803 his,
1307 2737 1398 2807 qui
1426 2737 1825 2809 eleemosynam

241 2827 426 2883 fecere
455 2827 770 2884 redditurus
808 2836 914 2895 est,
961 2844 1126 2899 quam
1155 2839 1335 2885 tamen
1375 2831 1426 2884 in
1473 2831 1653 2886 sinum
1697 2831 1830 2887 dare

243 2921 502 2976 dicuntur
525 2961 541 2986 ,
591 2923 716 2992 quia
753 2923 1126 2992 promerendae
1165 2922 1311 2977 illius
1351 2923 1693 2978 occasionem
1743 2923 1832 2977 de-

245 3010 394 3077 dere,
423 3027 546 3066 cum
566 3011 650 3066 vel
670 3019 889 3083 egentes
917 3012 1134 3075 misere,
1156 3011 1243 3066 vel
1265 3012 1506 3083 improbe
1525 3013 1827 3078 saevientes,

246 3102 530 3157 fortiorum
560 3109 688 3156 sunt
726 3110 781 3155 et
819 3102 1035 3156 tolerati
1071 3102 1362 3173 patientia,
1391 3111 1448 3158 et
1472 3102 1828 3158 beneﬁcentia

245 3190 558 3257 sustentati,
590 3198 645 3247 et
672 3192 738 3246 ad
763 3191 937 3262 ipsam
967 3153 1258 3262 aliqiioties
1287 3153 1457 3248 fidem
1485 3191 1628 3249 dulci
1655 3194 1828 3264 gratia
1855 3169 1900 3231 C
1930 3153 2136 3264 ξ)

244 3289 524 3352 provocat.

317 3370 521 3426 Eadem
545 3372 732 3443 quippe
761 3388 1028 3438 mensura,
1062 3390 1169 3444 qua
1197 3374 1364 3428 mensi
1399 3373 1629 3440 fueritis,
1669 3391 1831 3429 reme-

245 3463 408 3516 tielur
440 3463 601 3518 vobis.
656 3463 724 3519 Et
767 3464 1055 3535 Apostolus
1099 3467 1168 3520 ad
1212 3467 1614 3540 eleemosynam
1643 3467 1808 3524 Corin

249 3555 393 3610 thios
419 3556 646 3610 hortans
671 3557 815 3612 inter
855 3558 960 3612 alia
1004 3558 1173 3614 dicit:
1209 3557 1325 3612 Hoc
1368 3569 1541 3614 autem
1572 3560 1832 3632 dico,'qui

246 3663 404 3716 parce
425 3648 678 3714 sentiant,
709 3667 867 3720 parce
892 3660 940 3704 et
962 3660 1135 3716 metet,
1161 3660 1210 3704 et
1234 3652 1322 3722 qui
1348 3653 1572 3706 seminat
1603 3653 1658 3706 in
1681 3652 1833 3706 bene-

245 3739 588 3806 dictionibus,
614 3743 679 3796 de
699 3741 1144 3797 benedictionibus
1168 3752 1216 3797 et
1236 3751 1408 3798 metet.
1447 3742 1631 3799 Potest
1651 3753 1833 3799 autem

247 3836 306 3883 et
335 3829 402 3884 de
428 3831 678 3886 omnibus
726 3847 846 3902 qua;
873 3843 1084 3898 mente,
1114 3847 1277 3886 manu
1296 3872 1313 3899 ,
1344 3832 1561 3905 lingua,
1593 3833 1834 3904 gerimus

249 3920 446 3989 accipi,
500 3921 624 3990 quia
675 3929 735 3976 tu
784 3921 976 3978 reddes.
1008 3921 1268 3993 singulis,
1305 3921 1516 3994 inquit,
1547 3923 1834 3978 secundum

249 4026 409 4080 opera
437 4027 640 4067 eorum.

321 4103 541 4159 Dicebat
567 4115 741 4161 autem
763 4107 872 4162 illis
903 4116 953 4163 et
982 4107 1400 4163 similitudinem.
1445 4106 1703 4178 Nunquid
1735 4123 1832 4176 po-

253 4203 349 4254 test
379 4209 550 4250 ctecus
577 4213 778 4252 circum
800 4198 1018 4264 ducere,
1067 4215 1237 4254 nonne
1265 4198 1417 4254 ambo
1444 4199 1502 4252 in
1523 4198 1722 4268 foveam
1746 4215 1836 4251 ca-

251 4285 417 4340 dent?
461 4287 665 4345 Sensus
691 4290 1062 4361 hujuscemodi
1112 4291 1394 4346 sententiae
1421 4291 1617 4361 pendet
1653 4303 1720 4346 ex
1744 4305 1836 4345 su-

251 4376 593 4445 perioribus,
637 4378 727 4433 ubi
757 4379 824 4434 de
847 4379 1024 4435 danda
1049 4379 1413 4451 eleemosyna,
1447 4389 1501 4436 et
1533 4381 1728 4452 injuria
1755 4381 1836 4436 di-

253 4465 515 4520 mittenda
562 4469 892 4540 przecipitur.
952 4468 1011 4524 Si
1041 4478 1114 4534 te,
1158 4470 1354 4540 inquit,
1395 4471 1475 4526 ira
1503 4480 1691 4527 contra
1719 4473 1836 4528 vio-

254 4555 459 4611 lentum
485 4597 500 4622 ,
547 4568 602 4614 et
647 4570 835 4615 contra
880 4568 1150 4631 petentem
1184 4564 1486 4639 φιλαργυρία
1527 4564 1832 4628 necaverit,

254 4649 500 4717 nunquid
537 4660 627 4706 tua
663 4661 844 4708 mente
869 4654 1056 4708 vitiata
1079 4695 1094 4720 ,
1137 4654 1332 4709 vitium
1360 4654 1478 4725 ejus
1515 4671 1710 4711 curare
1740 4670 1837 4727 po-

256 4740 426 4794 teris?
475 4741 582 4796 Aut
613 4742 704 4798 ille
753 4743 901 4799 solus
949 4745 1039 4813 qui
1095 4744 1345 4816 injuriam
1373 4744 1523 4811 fecit,
1562 4755 1745 4801 etnon
1780 4755 1836 4801 tu

253 4829 442 4895 etiam,
489 4831 582 4899 qui
634 4831 778 4888 ferre
827 4835 1106 4890 nesciebas
1154 4852 1278 4891 reus
1343 4837 1720 4906 deputaberis?
1769 4840 1840 4893 At

254 4919 300 4976 si
333 4915 517 4975 mitem
566 4932 618 4977 te
668 4926 1049 4996 tranquillique
1089 4929 1322 4997 pectoris
1363 4928 1480 4999 ejus
1524 4930 1840 5001 improbitas

255 5009 552 5076 invenerit,
597 5023 652 5068 et
694 5014 784 5069 ille
820 5016 887 5071 ad
916 5017 1291 5087 paenitentiam
1322 5018 1658 5088 movebitur,
1691 5031 1745 5078 et
1777 5031 1832 5079 tu

252 5103 531 5171 patientia:
577 5108 800 5175 praemio
847 5109 1160 5178 donaberis,
1207 5113 1333 5184 quia
1383 5130 1586 5172 czecum
1619 5118 1836 5173 vidente

251 5192 414 5248 oculo
439 5235 453 5260 ,
509 5197 612 5251 hoc
656 5206 780 5265 est,
826 5202 992 5257 corde
1035 5218 1226 5260 sereno
1268 5205 1468 5262 ducere
1505 5210 1738 5264 eurabas
1767 5211 1833 5266 ad

251 5284 457 5339 lumen.

329 5375 453 5430 Non
480 5386 555 5431 est
575 5379 864 5450 discipulus
889 5398 1046 5453 super
1070 5385 1378 5455 magistrum
1399 5427 1413 5452 ,
1456 5387 1715 5458 perfectus
1737 5407 1834 5444 au-

250 5476 354 5520 tem
386 5469 555 5522 omnis
583 5470 682 5523 erit
708 5510 724 5534 ,
770 5472 817 5525 si
855 5472 921 5526 sit
949 5474 1084 5527 sicut
1112 5476 1362 5543 magister
1388 5476 1523 5545 ejus.
1573 5476 1632 5532 Si
1662 5478 1833 5549 magi-

249 5565 369 5612 ster
420 5558 512 5626 qui
556 5558 746 5628 utique
771 5561 924 5629 quasi
955 5560 1099 5616 Deus
1128 5562 1332 5630 potuit,
1368 5579 1473 5617 non
1504 5579 1630 5619 suas
1656 5565 1830 5620 ultum

249 5647 331 5704 ire
354 5646 580 5716 injurias
605 5690 620 5714 ,
665 5652 758 5704 sed
803 5652 948 5721 ipsos
991 5652 1178 5705 maluit
1207 5653 1544 5710 insecutores
1579 5657 1832 5726 patiendo

249 5737 480 5794 reddere
501 5739 1038 5818 mitiores,g,eamdcm
1066 5757 1286 5798 necesse
1313 5753 1425 5810 est,
1459 5747 1702 5819 discipuli
1736 5750 1826 5818 qui

1983 559 2337 626 Quidautem
2377 562 2516 617 vides
2559 562 2818 632 festucam
2861 561 2919 616 in
2959 559 3112 615 oculo
3169 559 3354 628 fratris
3400 559 3502 625 tui,

1913 649 2112 704 trabem
2135 660 2312 704 autem
2359 667 2478 722 qua:
2520 652 2577 705 in
2615 651 2770 705 oculo
2791 660 2882 706 tuo
2903 659 2998 716 est,
3032 668 3137 705 non
3161 651 3464 706 consideras
3481 651 3510 704 .’

1914 740 1982 795 Et
2009 741 2112 796 hoc
2139 740 2208 795 ad
2231 741 2513 812 superiora
2542 742 2785 812 respicit,
2816 742 2908 797 ubi
2941 757 3144 798 cmcum
3171 758 3202 796 a
3228 757 3373 798 cteco
3407 742 3507 798 du-

1913 832 1988 897 ci,
2017 831 2072 886 id
2095 839 2202 897 est,
2227 839 2546 902 peccantem
2587 847 2618 885 a
2650 837 2935 901 peccatore
2959 832 3219 902 castigari
3255 846 3362 887 non
3386 847 3508 902 pos-

1915 939 1976 981 se
2015 925 2356 994 praemonuit.
2395 923 2548 978 Multi
2571 925 2719 978 enim
2761 924 3016 993 superbia
3039 964 3053 990 ,
3098 923 3183 977 vel
3227 923 3353 979 odio
3387 925 3501 999 φιλ-

1915 1021 2140 1093 αργυρία
2165 1056 2181 1082 ,
2213 1015 2299 1070 vel
2326 1015 2578 1081 avaritia,
2602 1014 2686 1070 vel
2715 1015 2826 1071 alio
2850 1015 3093 1086 quolibet
3118 1015 3350 1071 crimine
3370 1031 3509 1086 prae-

1917 1108 2082 1168 venti.
2111 1106 2250 1162 levia
2275 1107 2394 1161 haec
2419 1105 2684 1161 aut-nulla
2704 1105 3031 1176 judieautes,
3079 1107 3348 1162 acerrime
3386 1121 3510 1162 cor-

1917 1197 2122 1268 ripiunt
2159 1211 2285 1265 eos,
2325 1211 2462 1266 quos
2497 1195 2672 1250 subita
2702 1195 2940 1251 viderint
2962 1197 3046 1251 ira
3074 1197 3342 1263 turbatos,
3371 1212 3508 1252 ocu-

1916 1285 2042 1342 lum-
2076 1286 2285 1341 mentis
2315 1300 2346 1340 a
2389 1285 2547 1340 solito
2585 1285 2842 1354 puritatis
2897 1293 3044 1342 statu
3083 1287 3238 1356 quasi
3297 1286 3508 1343 festuca

1917 1377 2160 1432 irruente
2205 1383 2464 1440 mutasse,
2503 1383 2666 1444 atque
2706 1374 3055 1430 immemores
3089 1374 3349 1430 dominici
3371 1389 3508 1446 prae-

1917 1469 2082 1539 cepti,
2110 1484 2219 1538 quo
2251 1468 2363 1524 ait:
2393 1465 2570 1522 Nolite
2590 1466 2963 1535 condemnare,
2987 1478 3038 1523 et
3061 1485 3167 1523 non
3192 1469 3511 1524 condemna-

1918 1559 2101 1614 bimini
2124 1558 2338 1630 (Matth.
2371 1557 2494 1632 vn),
2531 1558 2706 1630 magis
2727 1568 2914 1614 amant
2935 1560 3247 1630 vituperare
3277 1568 3336 1615 et
3358 1560 3511 1615 dam-

1916 1665 2068 1715 nare,
2100 1665 2265 1719 quam
2302 1649 2594 1705 emendare
2617 1655 2782 1718 atque
2803 1650 3102 1720 corrigere.

1991 1761 2060 1817 Et
2095 1768 2356 1834 quomodo
2393 1771 2538 1832 potes
2599 1761 2772 1816 dicere
2819 1759 2979 1831 fratri
3022 1771 3132 1828 tuo,
3173 1763 3358 1833 frater,
3399 1764 3512 1818 sine

1922 1853 2130 1924 ejiciam
2155 1851 2410 1921 festucam
2433 1851 2498 1905 de
2521 1851 2672 1905 oculo
2698 1860 2788 1906 tuo
2807 1891 2822 1917 ,
2867 1852 2977 1922 ipse
3012 1852 3068 1905 in
3104 1851 3256 1907 oculo
3279 1862 3369 1907 tuo
3394 1862 3510 1907 tra-

1922 1946 2034 2000 bem
2058 1962 2160 1998 non
2183 1943 2380 1999 cidcns.
2406 1942 2532 1998 Haec
2549 1957 2672 1998 cum
2697 1941 2868 1998 fratre
2895 1943 3038 2013 agis,
3059 1943 3105 1998 si
3130 1943 3282 2000 verbi
3311 1945 3505 2016 gratia,

1922 2038 2066 2109 quod
2085 2039 2174 2092 ira
2212 2037 2302 2092 ille
2333 2037 2599 2108 peccavit,
2633 2043 2688 2090 tu
2727 2037 2853 2092 odio
2901 2037 3277 2106 reprehendis.
3331 2035 3514 2104 Qu’an-

1923 2139 2038 2186 tum
2064 2140 2249 2184 autem
2281 2129 2426 2183 inter
2459 2128 2727 2184 festucam
2764 2137 2819 2184 et
2850 2127 3084 2195 trabem,
3115 2127 3268 2198 quasi
3301 2134 3514 2183 tantum

1922 2221 2068 2276 inter
2092 2220 2230 2275 iram
2261 2220 2426 2275 distat
2448 2226 2610 2290 atque
2639 2220 2844 2274 odium.
2902 2217 3096 2275 Odium
3137 2227 3222 2275 est
3256 2219 3403 2274 enim
3433 2220 3514 2274 ira

1923 2312 2247 2377 inveterata,
2277 2311 2430 2381 quasi
2458 2325 2578 2380 qum
2602 2318 2872 2366 vetustate
2897 2310 3015 2380 ipsa
3052 2319 3262 2366 tantum
3289 2325 3516 2381 accepe-

1923 2403 2020 2470 rit,
2051 2410 2110 2457 ut
2138 2403 2336 2457 merito
2365 2401 2666 2472 appelletur
2692 2402 2894 2457 trabes.
2911 2401 3056 2456 Fieri
3091 2409 3274 2457 autem
3310 2410 3512 2472 potest,

1923 2495 2058 2550 utsi
2087 2494 2346 2550 irascaris
2384 2492 2613 2560 homini,
2656 2493 2791 2548 velis
2817 2507 2940 2547 eum
2979 2492 3203 2562 corrigi.
3242 2491 3302 2548 Si
3331 2500 3514 2547 autem

1925 2586 2106 2643 oderis
2130 2585 2428 2650 hominem,
2469 2601 2576 2641 non
2617 2593 2773 2656 potes
2801 2599 2924 2639 eum
2955 2584 3093 2640 velle
3131 2585 3432 2656 corrigere,
3461 2593 3518 2640 et

1925 2679 2049 2735 ideo
2078 2676 2410 2749 impossibile
2435 2675 2656 2742 dicitur,
2704 2684 2764 2731 ut
2811 2677 3075 2732 festucam
3128 2675 3316 2733 fratris
3357 2675 3518 2733 oculo

1926 2769 2130 2834 demat,
2162 2767 2254 2837 qui
2281 2781 2379 2822 suo
2404 2768 2617 2823 trabem
2649 2775 2827 2837 gestat
2851 2768 2906 2822 in
2931 2767 3110 2823 oculo.

1999 2877 2294 2950 Hypocrita
2321 2919 2336 2943 ,
2384 2877 2516 2949 ejice
2538 2879 2766 2948 primum
2809 2879 3009 2933 trabem
3056 2879 3121 2934 de
3149 2878 3304 2935 oculo
3330 2888 3442 2946 tuo,
3468 2889 3519 2934 et

1927 2979 2053 3026 tunc
2081 2969 2377 3040 perspicies,
2421 2977 2478 3022 ut
2503 2968 2695 3024 educas
2723 2967 2978 3038 festucam
3022 2968 3088 3024 de
3132 2968 3289 3024 oculo
3334 2969 3518 3039 fratris

1931 3061 2028 3115 tui.
2069 3058 2128 3116 ω
2157 3067 2259 3126 est,
2289 3060 2467 3132 primo
2493 3060 2590 3116 abs
2619 3070 2672 3117 te
2718 3059 2928 3130 expelle
2966 3061 3152 3116 odium
3179 3070 3234 3116 et
3263 3062 3521 3133 deinceps

2175 3150 2290 3221 jam
2320 3166 2445 3207 eum
2484 3167 2645 3223 quem
2677 3151 2853 3223 diligis
2883 3153 3208 3219 emendare,
3240 3161 3297 3207 et
3321 3161 3406 3209 est
3435 3169 3524 3210 ve-

1931 3257 1991 3299 re
2033 3243 2263 3299 multum
2301 3243 2602 3298 cavendum
2651 3251 2706 3298 et
2748 3242 3038 3298 molestum
3088 3243 3518 3315 hypocritarum,

1931 3333 1985 3390 id
2008 3343 2094 3392 est
2129 3333 2509 3390 simulatorum
2536 3348 2707 3406 genus
2729 3375 2744 3398 ,
2781 3334 2872 3404 qui
2919 3348 3045 3389 cum
3085 3335 3328 3390 omnium
3367 3335 3525 3392 vitio-

1932 3417 2052 3479 rum
2079 3435 2133 3480 et
2167 3425 2545 3480 accusationes
2578 3424 2704 3480 odio
2731 3433 2787 3480 et
2812 3423 2984 3480 livore
3008 3425 3327 3495 suscipiant,
3355 3426 3521 3482 etiam

1931 3516 2268 3573 consultores
2328 3516 2500 3572 videri
2543 3531 2602 3572 se
2655 3516 2874 3584 volunt,
2904 3526 2960 3572 et
2985 3517 3105 3574 ideo
3137 3519 3227 3589 pie
3256 3527 3524 3590 cauteque

1937 3609 2261 3682 vigilandum
2299 3619 2403 3678 est,
2441 3618 2503 3666 ut
2543 3626 2669 3666 cum
2708 3611 2944 3682 aliquem
3001 3613 3406 3684 reprehendere
3434 3614 3522 3670 vel

1931 3700 2220 3772 objurgare
2276 3702 2577 3758 necessitas
2650 3703 2927 3776 coegerit,
2990 3705 3172 3774 primo
3219 3705 3522 3776 cogitemus

1933 3800 2115 3847 utrum
2156 3791 2264 3847 tale
2310 3792 2384 3847 sit
2425 3793 2616 3848 vitium
2642 3835 2657 3859 ,
2707 3794 2852 3866 quod
2895 3811 3172 3866 nunquam
3210 3796 3519 3863 habuimus,

1932 3881 2017 3936 vel
2043 3897 2151 3952 quo
2180 3883 2489 3950 caruimus,
2523 3894 2578 3941 et
2614 3886 2662 3940 si
2697 3903 2975 3958 nunquam
3002 3888 3290 3945 habuimus
3324 3891 3526 3962 cogite-

1933 3990 2055 4030 mus
2078 4017 2092 4041 ,
2131 3984 2189 4031 et
2216 3991 2315 4032 nos
2343 3976 2590 4032 homines
2631 3993 2786 4045 esse,
2835 3988 2889 4034 et
2933 3979 3134 4036 habere
3159 3983 3420 4052 potuisse.
3462 3981 3523 4038 Si

1932 4081 2062 4121 vero
2091 4066 2412 4133 habuimus,
2443 4075 2498 4123 et
2531 4083 2636 4124 non
2664 4070 2956 4138 habemus,
2990 4080 3177 4143 tangat
3201 4075 3522 4130 memoriam

1933 4158 2237 4214 communis
2266 4159 2559 4216 infirmitas
2580 4202 2595 4226 ,
2641 4171 2701 4218 ut
2732 4163 2882 4218 illam
2923 4166 3400 4235 reprehensionem
3429 4177 3525 4224 aut

1932 4247 2386 4321 objurgationem,
2419 4266 2525 4307 non
2557 4252 2763 4318 odium,
2790 4255 2885 4309 sed
2916 4254 3293 4312 misericordia
3321 4273 3523 4326 praece-

1934 4343 2042 4408 dat,
2076 4351 2137 4399 ut
2163 4343 2278 4399 sive
2311 4345 2380 4400 ad
2408 4345 2804 4402 correctionem
2849 4346 2990 4417 ejus,
3026 4356 3251 4419 propter
3277 4365 3438 4421 quem
3468 4351 3522 4408 id

1934 4431 2182 4499 facimus,
2211 4434 2327 4490 sive
2355 4435 2425 4492 ad
2462 4437 2871 4506 perversionem
2901 4439 3156 4506 valuerit,
3199 4457 3323 4497 nam
3351 4443 3524 4502 incer-

1858 4520 1912 4580 D
1939 4535 2027 4580 tus
2056 4535 2142 4581 est
2162 4526 2360 4582 exitus.
2412 4526 2520 4582 Nos
2561 4535 2742 4585 tamen
2773 4530 2839 4586 de
2876 4530 3221 4602 simplicitate
3259 4533 3401 4588 ocull
3429 4551 3524 4593 no-

1937 4619 2036 4675 stri
2071 4621 2247 4676 securi
2277 4621 2466 4678 simus.
2519 4621 2578 4677 Si
2609 4632 2806 4682 autem.
2828 4634 3132 4695 cogitantes
3159 4629 3522 4702 nosmetipsos

1939 4713 2308 4770 invenerimus
2336 4715 2391 4769 in
2420 4731 2486 4771 eo
2529 4731 2650 4772 esse
2673 4717 2838 4784 vitio,
2893 4719 2946 4772 in
2974 4734 3080 4789 quo
3107 4728 3190 4775 est
3219 4721 3326 4786 ille,
3358 4739 3521 4794 quem

1939 4803 2338 4873 reprehendere
2373 4807 2731 4875 parabamus,
2775 4823 2881 4862 non
2923 4809 3384 4878 reprehendamus
3424 4830 3522 4868 ne-

1941 4909 2047 4964 que
2085 4893 2449 4966 obiurgemus,
2481 4897 2576 4952 sed
2609 4905 2788 4953 tamen
2811 4901 3296 4971 congemiscamus,
3331 4913 3387 4959 et
3411 4921 3520 4961 non

1939 4987 2092 5042 illum
2138 4989 2716 5060 adohtemperandum
2756 4992 2939 5060 nobis,
2982 4995 3076 5050 sed
3104 4997 3170 5051 ad
3202 4997 3410 5068 pariter
3433 5015 3522 5054 co-

1939 5077 2178 5132 nandum
2204 5079 2516 5136 invitemus.
2553 5080 2628 5134 ita
2639 5098 2698 5137 ro
2718 5097 2870 5153 ergo,
2896 5091 2950 5137 et
2977 5100 3170 5156 magna
3195 5090 3520 5147 necessitate

1939 5165 2346 5238 obiurgationes
2388 5169 2710 5226 adhibendae
2750 5181 2908 5239 sunt,
2942 5175 3017 5228 ita
3056 5185 3235 5232 tamen
3269 5180 3517 5234 utetiam

1942 5257 1996 5312 in
2025 5258 2110 5313 his
2141 5259 2270 5327 ipsis
2300 5274 2404 5314 non
2437 5261 2615 5326 nobis,
2645 5263 2739 5318 sed
2771 5264 2902 5328 Deo,
2937 5275 2994 5319 ut
3017 5269 3318 5325 serviamus
3347 5271 3519 5327 inste-

1943 5365 2082 5404 mus.
2122 5349 2241 5420 Ipse
2270 5357 2355 5404 est
2397 5351 2541 5406 enim
2583 5351 2724 5418 finis,
2774 5364 2832 5409 ut
2865 5356 2996 5437 nihil
3023 5358 3218 5429 duplici
3255 5362 3418 5417 corde
3442 5362 3520 5418 fa-

1940 5443 2167 5498 ciamus.
2227 5441 2553 5499 Aufercntes
2602 5445 2813 5500 trabem
2855 5448 2921 5502 de
2957 5450 3114 5504 oculo
3158 5460 3344 5507 nostro
3380 5453 3516 5508 invi-

1941 5533 2156 5598 dentiae,
2187 5533 2271 5588 vel
2318 5535 2568 5601 malitiae,
2615 5536 2698 5592 vel
2734 5537 3120 5606 simulationis,
3157 5551 3213 5597 ut
3241 5542 3532 5606 valeamus

1939 5625 2136 5695 ejicere
2165 5625 2426 5682 festucam
2450 5627 2516 5682 de
2543 5627 2700 5683 oculo
2729 5626 2936 5685 fratris.
