3952 6438
488 357 590 416 371

684 464 1094 522 ilEBDOMADA
1136 462 1200 517 Vl
1237 461 1410 519 POST
1450 459 1874 517 PENTECOST.

717 571 891 611 EPIST.
921 569 1080 609 ΒΕΔΤΙ
1111 567 1268 606 PETRI
1301 567 1585 616 APOSTOLI,
1614 565 1732 605 CAP.
1760 565 1840 606 III.

571 666 589 699 ι
622 645 820 702 Omnes
846 646 1129 700 unanimes
1160 653 1331 699 estote
1357 643 1412 698 in
1439 643 1704 706 oratione,
1735 640 2068 711 eompatien~

499 759 518 792 ι
566 750 666 801 tes,
691 737 1047 792 fraternitatis
1069 742 1359 800 amatores,
1383 734 1787 799 misericordes,
1815 733 2063 799 modesti,

499 849 518 880 ι
565 829 815 884 humiles.
846 826 962 881 Non
985 826 1271 880 reddentes
1299 824 1500 878 malum
1530 840 1627 894 pro
1655 824 1820 887 malo,
1843 823 1927 876 vel
1957 838 2068 877 ma-

499 937 518 969 σ
567 919 821 972 ledictum
836 932 934 986 pro
947 916 1255 980 maledicto,
1270 916 1363 969 sed
1381 931 1410 970 e
1435 917 1726 978 contrario,
1745 915 2067 970 benedicen-

467 1053 475 1058 .
499 1028 518 1058 ι
567 1019 668 1072 tes,
692 1010 819 1076 quia
845 1007 901 1061 in
926 1008 1027 1061 hoc
1047 1007 1221 1060 vocati
1245 1006 1400 1069 estis,
1424 1014 1484 1060 ut
1503 1007 1928 1060 benedictionem
1958 1007 2066 1060 ha:-

499 1115 520 1149 s
568 1099 796 1152 reditate
822 1097 1161 1167 possideatis,
1191 1096 1282 1165 qui
1317 1096 1461 1150 enim
1497 1095 1608 1148 vult
1633 1097 1798 1149 vitam
1840 1096 2064 1165 diligere

503 1205 524 1238 ι
568 1197 623 1242 et
656 1188 836 1242 videre
871 1188 985 1241 dies
1028 1187 1231 1250 bonos,
1271 1193 1524 1240 coerceat
1564 1185 1798 1254 linguam
1837 1201 1989 1238 suam
2032 1200 2063 1238 a

500 1294 518 1327 ι
565 1277 727 1342 malo,
755 1284 811 1330 et
842 1275 984 1329 labia
1027 1275 1144 1346 ejus
1189 1289 1256 1328 ne
1280 1273 1566 1342 loquantur
1592 1274 1792 1329 dolum.
1822 1274 2065 1328 Declinet

500 1388 519 1420 ι
561 1379 740 1424 autem
767 1385 796 1422 a
824 1368 964 1422 malo
990 1377 1044 1422 et
1069 1368 1231 1420 faciat
1259 1367 1479 1426 bonum.
1513 1367 1749 1436 inquirat
1784 1382 1971 1435 pacem
2009 1375 2063 1422 et

497 1477 516 1510 ς
563 1468 822 1527 sequatur
860 1473 1002 1521 eam,
1029 1456 1156 1526 quia
1193 1455 1335 1509 oculi
1363 1455 1573 1509 Domini
1603 1470 1766 1524 super
1783 1453 1978 1522 justus,
2007 1463 2063 1510 et

500 1567 518 1599 ι
566 1562 725 1602 aures
753 1547 869 1615 ejus
899 1547 952 1602 in
982 1561 1172 1616 preces
1195 1561 1403 1600 eorum.
1429 1545 1622 1600 Vultus
1641 1555 1817 1600 autem
1849 1544 2060 1599 Domini

498 1658 518 1691 ι
564 1654 725 1708 super
763 1637 1022 1693 facientes
1062 1637 1220 1692 mala.
1249 1636 1317 1690 Et
1342 1636 1463 1705 quis
1499 1643 1615 1701 est,
1649 1637 1744 1706 qui
1785 1635 1938 1690 vobis
1966 1650 2063 1690 no-

495 1752 515 1786 s
561 1739 715 1798 ceat,
760 1731 807 1788 si
853 1731 980 1787 boni
1031 1730 1376 1786 aemulatores
1425 1727 1678 1783 fueritis?
1713 1726 1820 1784 Sed
1853 1729 1898 1784 si
1929 1726 2061 1798 quid

1788 344 2138 403 SMARAGDI
2176 345 2466 403 ABBATIS

3644 359 3748 414 373

2091 467 2140 527 Α
2168 476 2314 514 mum
2372 469 2587 516 nocent.
2636 460 2694 516 Si
2736 463 2856 533 quis
2904 472 3085 520 autem
3144 462 3452 536 hujusmodi
3501 469 3750 528 adversis

2170 551 2341 606 victus
2368 550 2584 617 devicit,
2616 567 2722 608 non
2753 553 2878 609 huic
2903 554 2995 609 ille
3031 555 3123 626 qui
3165 555 3366 610 malum
3406 558 3622 626 intulit,
3653 563 3748 618 sed

2169 641 2282 709 ipse
2323 642 2425 696 sibi
2467 645 2557 712 qui
2587 644 2702 700 haec
2728 647 2994 715 patienter
3019 646 3162 703 ferre
3202 652 3500 718 recusavit,
3529 655 3746 724 nocuit;

2168 747 2340 801 neque
2379 749 2563 789 eorum
2608 735 2820 802 domus,
2860 751 3020 806 quam
3052 739 3137 793 vir
3163 741 3378 811 sapiens
3425 744 3746 815 aediﬁcavit,

2167 823 2285 879 ideo
2315 841 2418 880 non
2449 828 2669 894 cecidit,
2712 829 2838 898 quia
2887 829 3170 886 violentias
3215 840 3598 904 tempestatum
3638 854 3746 895 non

2164 917 2404 984 pertulit,
2435 920 2527 972 sed
2552 920 2675 988 quia
2700 918 2922 974 fundata
2965 928 3084 975 erat
3107 937 3267 993 supra
3286 932 3497 993 petram
3523 925 3740 999 (Matth.

2165 1004 2294 1075 vn);
2326 1023 2426 1062 nec
2456 1024 2641 1063 rursus
2666 1023 2752 1075 ea,
2796 1024 2957 1078 quam
2987 1010 3183 1066 stultus
3225 1012 3385 1069 stulte
3431 1013 3742 1086 fabricavit,

2165 1094 2287 1149 ideo
2310 1097 2522 1162 cecidit,
2543 1099 2667 1168 quia
2692 1099 2901 1168 pulsata
2928 1101 3340 1169 tempestatibus
3361 1111 3466 1170 est,
3491 1106 3586 1160 sed
3616 1110 3742 1177 quia

2164 1200 2322 1254 super
2355 1202 2578 1241 arenam
2621 1188 2793 1257 posita
2827 1196 2963 1242 erat.
2998 1189 3299 1261 Utramque
3331 1195 3535 1249 etenim
3564 1211 3744 1266 sequa-

2163 1275 2286 1328 liter
2304 1277 2604 1332 adversitas
2632 1278 2832 1334 feriens
2857 1281 3103 1346 tentavit,
3135 1283 3227 1336 sed
3257 1285 3351 1338 uni
3372 1283 3606 1342 firmitas
3629 1288 3744 1342 fun-

2163 1368 2396 1422 damenti
2425 1383 2676 1423 coronam
2701 1372 3117 1439 perseverantia
3149 1374 3354 1441 tribuit,
3390 1377 3621 1435 alteram
3646 1379 3742 1435 ﬂa-

2161 1459 2311 1530 gellis
2335 1468 2620 1514 structum
2645 1463 2872 1518 stultitia
2901 1465 3113 1519 stravit.

2231 1548 2335 1603 Sed
2356 1559 2404 1603 et
2427 1550 2472 1604 si
2501 1553 2625 1622 quid
2646 1554 2888 1623 patimini
2912 1565 3121 1626 propter
3131 1557 3417 1626 justitiam,
3445 1561 3603 1614 beats.
3623 1561 3738 1618 Non

2161 1640 2364 1705 solum,
2395 1642 2600 1712 inquit,
2637 1645 2772 1698 nihil
2819 1645 2973 1701 vobis
3025 1656 3216 1713 nocet,
3260 1649 3352 1718 qui
3401 1651 3602 1706 bonum
3649 1652 3737 1707 fa-

2161 1731 2426 1788 cientibus
2455 1733 2593 1788 male
2623 1735 2851 1804 irrogat,
2881 1736 2975 1791 sed
3017 1738 3182 1792 etiam
3228 1754 3350 1794 cum
3387 1755 3484 1795 vos
3515 1751 3738 1812 propter

494 1845 513 1878 s
556 1825 799 1896 patimini
829 1830 1049 1895 propter
1070 1822 1354 1893 justitiam,
1385 1821 1548 1876 beati.
1577 1821 1849 1875 Timorem
1880 1828 2060 1874 autem
2088 1819 2134 1878 B
2163 1824 2301 1878 bona
2329 1839 2450 1893 quae
2483 1833 2815 1893 exsecratur,
2846 1827 3016 1884 hostis
3045 1830 3366 1900 insequitur,
3396 1819 3615 1889 causam
3643 1851 3739 1892 vo-

493 1935 512 1968 s
557 1932 744 1974 eorum
786 1932 856 1973 ne
879 1915 1187 1980 timueritis,
1211 1921 1402 1969 utnon
1432 1911 1847 1968 conturbemini.
1876 1913 2060 1967 Domi-

493 2027 512 2059 ι
557 2023 686 2064 num
716 2016 897 2064 autem
925 2006 1200 2063 Christum
1231 2003 1566 2060 sanetilicate
1601 2003 1656 2060 in
1695 2003 1946 2058 cordibus
1973 2018 2063 2058 ve-

491 2113 511 2147 s
555 2097 702 2152 stris.
725 2115 746 2149 ι

559 2186 753 2242 Omnes
785 2187 1055 2240 unanimes
1089 2191 1250 2240 estote
1284 2184 1339 2238 in
1371 2184 1627 2247 oratione,
1670 2182 2059 2252 campatientes,

486 2279 851 2348 fraternitatis,
879 2286 983 2331 etc.
1019 2275 1131 2347 (Ex
1174 2273 1362 2346 Beda.)
1398 2273 1662 2340 Quoniam
1696 2273 1942 2342 superius
1979 2272 2060 2326 di-

484 2383 669 2424 versas
697 2383 974 2439 personas,
1010 2366 1352 2421 conditiones
1391 2371 1447 2418 et
1473 2377 1658 2429 sexus,
1689 2377 1924 2435 congrua
1955 2361 2056 2418 sibi

485 2461 812 2516 discretione
840 2460 1096 2523 docebat,
1133 2457 1249 2525 jam
1294 2472 1436 2512 nunc
1484 2471 1670 2512 omnes
1699 2456 2059 2512 communiter

484 2553 739 2608 admonet
759 2551 814 2606 in
839 2550 961 2606 ﬁdei
987 2549 1277 2605 Dominicat
1296 2563 1480 2614 causa,
1505 2564 1667 2603 unum
1691 2563 1790 2620 eo;
1812 2557 1868 2604 et
1893 2565 2054 2604 unam

486 2645 688 2700 habere
716 2643 974 2698 animam.

557 2733 695 2800 Quia
725 2733 781 2787 in
809 2734 904 2787 hoc
934 2733 1100 2788 vocati
1139 2733 1281 2798 estis,
1311 2740 1367 2785 ut
1394 2730 1795 2786 benedictionem
1824 2731 2054 2784 hwredi-

483 2827 610 2879 tatis
634 2823 966 2895 possidentis,
999 2832 1104 2879 etc.
1149 2823 1332 2877 Potest
1374 2822 1676 2877 benedictio
1723 2822 2053 2876 hmreditatis

483 2929 537 2971 et
563 2918 650 2972 illa
683 2915 926 2987 intelligi,
960 2931 1063 2986 qua
1101 2915 1337 2970 Ecclesia
1371 2916 1424 2970 in
1457 2915 1633 2968 futura
1668 2915 1777 2968 vita
1825 2913 2051 2969 Domino

481 3017 741 3078 perpetuo
767 3005 1056 3071 benedicit,
1087 3006 1224 3059 unde
1247 3013 1302 3059 et
1323 3019 1465 3058 nunc
1488 3019 1581 3073 spe
1605 3002 1907 3057 futurorum
1936 3019 2053 3073 gra-

482 3097 775 3151 tulabunda
817 3096 963 3150 canit
995 3108 1010 3124 ⁶
1055 3092 1312 3148 Επαιιίςὺο
1345 3103 1412 3156 te,
1451 3093 1590 3147 Deus
1630 3110 1796 3159 meus,
1833 3109 1955 3156 rex,
2000 3102 2048 3146 et

2160 1911 2245 1967 bis
2298 1913 2520 1984 majoris
2568 1914 2917 1972 beatitudinis
2979 1927 3239 1988 praestat,
3285 1937 3410 1976 cum
3464 1925 3736 1994 patientiae

2159 2012 2355 2059 vestrae
2404 2006 2548 2061 vires
2605 2016 2855 2074 exercet,
2903 2010 3061 2081 juxta
3119 2012 3249 2068 illud
3301 2012 3733 2086 Evangelicum;

2159 2089 2309 2145 Beati
2352 2095 2442 2163 qui
2466 2097 2877 2164 persecutionem
2919 2100 3193 2169 patiuntur
3231 2114 3442 2173 propter
3467 2105 3734 2174 justitiam

2159 2184 2376 2257 (Matth.
2399 2186 2476 2255 v).

2229 2275 2510 2332 Dominum
2553 2287 2788 2334 nostrum
2829 2280 3011 2335 Iesum
3039 2280 3305 2338 Christum
3331 2287 3655 2356 sanctiﬁcate
3677 2288 3735 2342 in

2155 2365 2398 2420 cordibus
2437 2369 2640 2422 uestris.
2672 2367 2811 2436 Quid
2850 2378 2936 2425 est
2975 2371 3263 2428 Dominum
3310 2374 3650 2430 sanctificare
3677 2377 3733 2432 in

2153 2453 2411 2508 cordibus
2435 2455 2656 2521 vestris,
2686 2457 2791 2512 nisi
2825 2459 3167 2515 sanctitatem
3198 2461 3340 2532 ejus,
3363 2477 3529 2531 quam
3555 2465 3629 2519 sit
3651 2465 3735 2520 in-

2155 2545 2655 2613 comprehensibilis
2680 2547 2883 2618 glorise,
2911 2549 3101 2606 intimo
3139 2552 3320 2607 cordis
3365 2551 3562 2608 allecto
3605 2569 3733 2610 coa-

2155 2633 2318 2698 tueri,
2346 2635 2489 2702 quod
2536 2643 2620 2691 est
2651 2637 2947 2692 maximum
2993 2639 3149 2694 nobis
3185 2641 3497 2710 praesidium
3543 2653 3732 2699 contra

2153 2723 2377 2783 insidias
2423 2739 2489 2779 ac
2514 2725 2827 2782 violentiam
2862 2729 3120 2785 terrentis
3148 2730 3377 2796 inimici,
3419 2747 3634 2802 semper
3660 2735 3733 2788 vi-

2151 2815 2346 2871 delicet
2372 2817 2594 2884 intueri,
2619 2829 2882 2888 quantum
2911 2822 2966 2875 in
2995 2836 3054 2876 se
3095 2823 3443 2892 sperantibus
3475 2825 3728 2880 vincendi

2150 2903 2521 2962 fortitudinem
2543 2907 2674 2962 dare
2691 2909 2856 2976 valet,
2877 2910 3031 2981 cujus
3055 2911 3450 2974 inaestimabilis
3470 2915 3730 2973 sanctitas

2150 2997 2340 3068 fulget.

2310 3107 2436 3145 ΙΤΕΜ
2466 3109 2587 3148 ΑιιΑ
2621 3107 2902 3149 BXPOSI‘I‘IO
2927 3109 2979 3149 ΙΙ*
3007 3107 3223 3150 ΕΔΙΒΕΙ
3250 3111 3568 3152 ΕΡΙΒτΟιΑΙ.

479 3189 777 3243 benedicam
822 3203 1009 3241 nomen
1042 3201 1190 3238 .uum
1218 3184 1271 3238 in
1313 3194 1592 3248 a'ternum,
1632 3193 1680 3237 et
1713 3183 1768 3237 in
1801 3181 2048 3236 sa’culum
2076 3171 2120 3233 C
2223 3179 2414 3236 Omnes
2457 3185 2727 3237 unanimes
2755 3184 2810 3238 in
2844 3185 3080 3240 oratione
3119 3195 3298 3242 estote.
3353 3187 3727 3245 Fraternitatis

479 3281 659 3336 swculi
687 3278 858 3353 (Psal.
883 3277 1082 3349 cxuv).
1101 3277 1251 3344 Quod
1277 3292 1404 3347 ergo
1426 3278 1654 3345 quisque
1684 3277 1736 3331 in
1768 3274 1946 3329 futuro
1971 3276 2051 3329 in-

476 3371 664 3426 venire
697 3369 984 3432 desiderat,
1013 3369 1116 3421 hoc
1152 3368 1207 3422 in
1237 3367 1489 3437 prtescnti
1522 3365 1768 3420 meditari
1812 3374 1867 3420 et
1893 3379 2051 3437 agere

480 3468 709 3532 sutagat,
743 3469 798 3514 et
835 3460 1167 3514 conditorem
1203 3457 1453 3513 videlicet
1485 3465 1540 3512 ct
1579 3457 1901 3527 proximum,
1943 3459 2051 3514 sin-

477 3567 601 3606 cera
642 3565 774 3605 voce
823 3550 1161 3614 benedicere,
1191 3557 1244 3604 et
1286 3549 1457 3618 ipsum
1501 3549 1682 3602 divina
1729 3550 1932 3619 pariter
1986 3566 2050 3605 ac

427 3697 430 3700 .
477 3644 718 3698 fraterna
753 3643 1128 3698 benedictione
1178 3642 1396 3712 dignum
1444 3642 1696 3710 reddere,
1743 3645 1870 3714 quia
1907 3645 2047 3699 oculi

477 3731 692 3787 Domini
721 3745 882 3800 super
906 3730 1082 3798 jusms
1121 3727 1291 3802 (Psal.
1319 3728 1606 3800 xxxut),et
1647 3747 1806 3787 aures
1849 3731 1963 3800 ejus
1993 3734 2046 3787 in

475 3837 666 3892 preces
699 3835 909 3885 eorum,
940 3819 1118 3874 vultus
1148 3830 1325 3875 autem
1359 3821 1571 3876 Domini
1599 3835 1759 3892 super
1787 3821 2048 3878 facientes

476 3915 636 3980 mala,
669 3914 792 3982 quia
826 3914 1014 3967 beatus
1043 3911 1233 3967 Petrus
1264 3913 1460 3966 malum
1490 3928 1587 3968 nos
1615 3929 1712 3985 pro
1746 3914 1888 3968 malo
1925 3915 2050 3970 red-

476 4008 606 4059 dere
656 4010 923 4058 vetuerat.
965 4000 1077 4055 lmo
1107 4001 1548 4057 maledicentibus
1582 4002 1907 4057 benedicere
1929 4000 2048 4070 jus-

473 4102 642 4159 scrat,
668 4102 816 4148 recte
845 4091 1156 4161 prophetico
1205 4091 1511 4146 testimonio
1547 4092 1745 4146 astruit
1766 4132 1781 4152 ,
1813 4106 2045 4160 superna

472 4183 806 4253 inspectione
833 4189 887 4236 et
924 4182 1095 4236 bonos
1138 4195 1351 4251 semper
1384 4181 1554 4236 videri
1600 4191 1654 4235 et
1689 4181 1881 4244 malos,
1914 4197 2048 4250 qua-

472 4287 628 4330 tenus
660 4274 1066 4330 meminerimus
1095 4283 1148 4328 et
1181 4281 1418 4328 nostram
1452 4273 1792 4342 patientiam,
1833 4287 1936 4342 qua
1964 4280 2047 4327 to-

471 4366 705 4421 leramus
743 4365 932 4430 malos,
979 4374 1218 4421 nostram
1246 4364 1700 4429 benevolentiam,
1733 4379 1836 4432 qua
1865 4378 2048 4432 perse-

470 4459 757 4530 quentibus
797 4456 938 4511 bona
983 4466 1252 4526 optamus,
1280 4463 1482 4511 :cterno
1522 4454 1745 4525 prtemio
1789 4469 2044 4509 remune-

2152 3272 2500 3338 unanimitas,
2530 3274 2676 3328 velut
2704 3275 2833 3330 urbs
2865 3275 3318 3348 inexpugnabilis,
3345 3279 3583 3335 hostium
3621 3297 3728 3338 non

2149 3373 2299 3433 patet
2328 3365 2556 3421 insidiis.
2592 3366 2764 3422 Habet
2793 3369 2939 3422 enim
2967 3377 3171 3425 sancta.
3201 3371 3461 3439 Ecclesia,
3489 3381 3551 3428 ut
3576 3373 3726 3429 Salo-

2149 3472 2274 3512 mon
2297 3458 2394 3522 ait,
2415 3468 2706 3513 castrorum
2727 3461 2890 3514 aciem
2919 3461 3214 3517 ordinatam
3239 3461 3415 3535 (Cant.
3437 3465 3538 3536 vt),
3563 3481 3725 3536 quam

2151 3547 2362 3616 tyranni
2392 3556 2450 3602 et
2488 3557 2878 3618 persecutores,
2909 3566 3017 3606 una
3043 3567 3168 3607 cum
3204 3561 3429 3610 auctore
3467 3570 3567 3610 suo
3610 3557 3724 3611 dia-

2146 3639 2268 3694 bolo
2295 3655 2401 3693 non
2444 3640 2621 3694 valent
2649 3641 2970 3712 irrumpere,
2998 3643 3125 3713 quia
3169 3646 3446 3700 mordente
3483 3645 3722 3713 Christo,

2146 3743 2246 3784 nec
2279 3738 2544 3800 martyres
2582 3732 2906 3799 persecutio,
2937 3748 3038 3788 nec
3076 3733 3315 3804 virgines
3357 3736 3596 3790 carnalis
3637 3737 3725 3792 de-

2146 3818 2383 3885 lectatio,
2433 3836 2536 3878 nec
2585 3822 2969 3879 misericordes
3009 3825 3307 3894 cupiditas,
3349 3842 3451 3882 nec
3495 3829 3724 3885 humiles

2147 3909 2456 3978 temporalis
2482 3910 2666 3982 gloriae
2691 3911 2928 3967 devincit
2948 3913 3194 3969 ambitio.

2214 3997 2615 4070 Compatientes.
2659 3999 2812 4055 Sicut
2855 4003 3000 4057 enim
3031 4005 3268 4076 gaudere
3299 4005 3556 4062 debemus
3598 4023 3722 4064 cum

2144 4089 2522 4158 gaudentibus,
2552 4089 2626 4143 ita
2648 4097 2704 4145 et
2736 4091 2866 4147 ﬂere
2891 4107 3012 4147 cum
3053 4092 3325 4160 ﬂentibus,
3355 4097 3498 4152 sicut
3524 4097 3720 4154 Paulus

2143 4178 2381 4235 faciebat
2407 4178 2714 4248 Apostolus,
2745 4181 2839 4250 qui
2873 4181 3130 4238 dicebat:
3165 4182 3296 4250 Quis
3324 4186 3646 4255 inﬁrmatur,
3674 4202 3720 4243 et

2143 4283 2235 4338 ego
2265 4285 2369 4323 non
2398 4269 2641 4338 inﬁrmor
2664 4269 2746 4342 (If
2761 4269 2974 4338 Cenat)
3000 4271 3025 4326 ἳ

2216 4357 2588 4414 Fraternitatis
2635 4368 2915 4414 amatores.
2963 4360 3075 4432 (Ex
3131 4361 3382 4436 August.)
3429 4364 3532 4432 Qui
3590 4381 3722 4437 ergo

2151 4459 2298 4504 amat
2324 4451 2590 4516 homines,
2621 4461 2714 4506 aut
2741 4453 2867 4521 quia
2888 4452 3021 4522 justi
3045 4461 3192 4518 sunt,
3219 4463 3314 4510 aut
3347 4463 3406 4510 ut
3427 4456 3559 4526 justi
3590 4458 3718 4524 sint,

472 4517 714 4616 randam,
742 4558 796 4605 et
822 4517 1198 4620 persecutores
1230 4517 1464 4611 nostros,
1496 4517 1543 4600 si
1569 4546 1835 4615 paenitere
1862 4545 2049 4600 nolue-
2072 4517 2126 4576 D
2151 4556 2333 4596 amare
2357 4540 2535 4595 debet.
2567 4541 2658 4598 Sic
2684 4543 2829 4598 enim
2855 4551 2912 4598 et
2939 4543 3173 4613 seipsum
3207 4559 3394 4600 amare
3418 4545 3596 4613 debet,
3627 4555 3722 4602 aut

469 4643 602 4706 rint,
633 4642 792 4711 digno
825 4641 1134 4712 plectendos
1155 4655 1275 4695 esse
1318 4638 1603 4708 supplicio,
1643 4637 1687 4691 si
1719 4651 1846 4691 vero
1874 4638 2047 4707 pumi-

373 4725 378 4730 ’
471 4735 690 4799 tuerint,
719 4749 816 4787 nos
845 4748 1059 4803 quoque
1094 4746 1192 4801 pro
1238 4730 1475 4798 ipsorum
1519 4725 1711 4790 salute,
1739 4741 1901 4795 quam
1949 4726 2044 4781 de—

468 4826 822 4896 precabamur
842 4841 872 4878 a
905 4823 1150 4887 Domino,
1174 4833 1429 4875 coronam
1452 4816 1679 4884 justitize
1707 4815 2045 4885 congratula-

469 4919 632 4973 tionis
655 4926 989 4987 accepturos.

539 5010 606 5065 Et
641 5011 758 5080 quis
793 5019 866 5064 est
907 5009 996 5079 qui
1033 5005 1171 5060 vobis
1219 5009 1424 5063 noceat,
1460 4999 1505 5053 si
1553 4997 1671 5052 boni
1711 4998 2039 5054 a'mulatores

467 5101 700 5168 fueritis?
722 5099 796 5154 De
819 5099 907 5153 bis
927 5097 1076 5159 dicit,
1095 5108 1213 5163 qua:
1239 5090 1393 5144 nobis
1413 5089 1733 5143 adversariis
1757 5103 1854 5158 per
1877 5090 2038 5145 verba

465 5190 873 5253 contumeliosa,
904 5201 1000 5255 per
1048 5185 1240 5237 damna
1287 5196 1470 5235 rerum
1519 5180 1912 5248 temporalium,
1947 5196 2042 5250 per

461 5292 731 5338 tormenta
756 5278 997 5346 corporis
1021 5274 1302 5329 accedunt.
1336 5271 1459 5326 llaec
1488 5274 1630 5326 enim
1654 5282 1706 5326 et
1732 5271 2039 5339 hujusmodi

461 5375 642 5429 omnia
686 5386 810 5425 cum
851 5368 1095 5425 fidelibus
1125 5366 1454 5436 irrogantur,
1500 5365 1584 5418 bis
1631 5365 1913 5428 duntaxat,
1944 5366 2037 5434 qui

461 5464 588 5518 boni
623 5459 966 5514 aemulatores
992 5465 1136 5518 sunt,
1168 5467 1222 5510 et
1252 5458 1354 5512 hoc
1381 5473 1476 5525 per
1501 5457 1812 5521 scientiam,
1841 5472 2040 5526 nequa-

463 5571 623 5623 quam
656 5553 733 5608 eis
766 5567 959 5607 nocere
988 5558 1231 5622 possunt,
1276 5550 1368 5604 sed
1405 5549 1640 5618 palmam
1670 5550 1842 5618 magis
1870 5549 2038 5618 poeni-

467 5644 646 5698 tnntiue
690 5642 1061 5710 mqtmnimiter
1097 5640 1449 5694 tolerantibus
1491 5637 1740 5691 afferunt.
1776 5637 1816 5690 E
1849 5645 2038 5692 contra

467 5733 570 5788 illis
602 5732 689 5802 qui
739 5742 924 5801 rogant
973 5747 1183 5799 poenam
1233 5727 1620 5784 accumulando
1652 5737 1849 5784 aeterna
1876 5727 2038 5802 pluri-

2151 4630 2279 4700 qnia
2301 4629 2480 4697 justus
2503 4639 2604 4696 est,
2633 4642 2726 4686 aut
2749 4641 2807 4685 ut
2829 4632 3010 4701 justus
3033 4633 3121 4688 sit.
3149 4633 3503 4692 Dilectionem
3535 4644 3718 4691 autem

2147 4717 2444 4774 fraternam
2487 4730 2743 4790 quantum
2783 4725 3122 4778 commendet
3174 4723 3408 4781 Joannes
3447 4726 3720 4797 apostolus

2147 4812 2522 4867 attendamus:
2559 4810 2663 4874 Qui
2703 4812 2908 4883 diligit,
2944 4815 3144 4884 inquit,
3184 4815 3402 4885 fratrem
3441 4833 3630 4883 suum,
3665 4817 3719 4872 in

2146 4899 2340 4954 lumine
2383 4911 2588 4965 manet,
2617 4911 2665 4955 et
2703 4903 3012 4957 scandalum
3038 4907 3095 4958 in
3124 4921 3184 4959 eo
3213 4923 3317 4960 non
3364 4917 3460 4960 est.
3499 4909 3567 4962 Et
3613 4909 3718 4964 ite-

2145 5006 2263 5043 rum
2301 5008 2312 5042 :
2349 4990 2710 5056 Dilectissimi,
2733 4991 3011 5061 diligamus
3057 4994 3307 5060 invicem,
3349 4996 3476 5066 quia
3511 4994 3719 5050 dilectio

2142 5096 2207 5134 ea:
2237 5079 2344 5133 Deo
2374 5089 2471 5145 est,
2499 5090 2548 5134 et
2580 5082 2747 5136 omnis
2780 5083 2870 5152 qui
2894 5083 3064 5153 diligit
3103 5100 3168 5138 ex
3208 5084 3318 5139 Deo
3355 5094 3513 5150 natus
3541 5095 3640 5151 est,
3669 5094 3717 5139 et

2141 5175 2376 5243 cognovit
2405 5173 2608 5239 Deum;
2661 5183 2715 5228 et
2759 5174 3022 5230 Dominus
3055 5176 3253 5244 inquit,
3287 5177 3599 5230 mandatum
3622 5193 3716 5230 no-

2142 5279 2260 5316 vum
2289 5263 2356 5315 do
2386 5264 2546 5329 vobis,
2571 5274 2630 5317 ut
2657 5264 2890 5334 diligatis
2913 5282 2998 5318 vos
3018 5266 3255 5330 invicem,
3277 5276 3325 5320 et
3354 5267 3407 5320 in
3433 5266 3531 5319 hoc
3554 5268 3714 5321 scient

2144 5371 2340 5419 omnes,
2369 5357 2491 5425 quia
2521 5355 2765 5427 discipuli
2795 5358 2896 5411 mei
2923 5358 3064 5422 estis,
3096 5359 3142 5412 si
3167 5375 3253 5413 vos
3279 5360 3497 5414 inuicem
3525 5360 3719 5414 dilexe-

2142 5447 2276 5500 ritis.

2213 5540 2599 5594 Miscricordes.
2630 5540 2905 5612 Scriptum
2941 5543 3139 5612 quippe
3167 5552 3287 5598 est:
3321 5543 3526 5598 Facere
3567 5547 3719 5602 inise-

2143 5635 2420 5688 ricordiam
2454 5636 2617 5704 magis
2660 5634 2827 5705 placet
2873 5635 3016 5700 Deo,
3051 5654 3210 5706 quam
3258 5638 3479 5696 uictima:
3528 5638 3715 5708 (Prov.

2144 5731 2291 5797 xxx);
2321 5734 2376 5779 ct
2405 5726 2490 5795 qui
2520 5743 2713 5795 pronus
2749 5736 2846 5792 est,
2875 5727 3048 5796 inquit
3079 5726 3379 5799 Scriptura,
3409 5728 3477 5782 ad
3511 5729 3716 5784 miseri-
