3952 6426
1193 141 1246 164 υ.

288 276 402 332 373

1123 276 1642 334 COLLECTIONES
1677 277 1742 332 IN
1783 277 2167 335 EPISTOLAS
2209 280 2297 334 ΕΤ
2338 278 2752 335 ΕΥΑΝΟΕΜᾹ.

3466 287 3572 343 574

290 391 561 455 cordiam,
603 388 932 444 benedicatur
958 387 1142 462 (Prov.
1169 388 1325 454 un).
1365 390 1432 444 Et
1473 390 1733 444 Dominus
1765 389 1877 442 ait:
1911 394 1957 452 Α
1987 388 2116 458 quid
2167 388 2348 443 vultus
2385 389 2598 444 Domini
2641 405 2802 460 super
2844 389 3105 448 facientes
3138 393 3309 457 mala,
3342 408 3574 464 sequen—

291 483 477 538 Estote
511 483 896 548 misericordes,
924 483 1049 554 quia
1090 492 1139 536 et
1177 481 1334 538 Pater
1377 494 1542 539 vester
1586 485 1882 540 misericors

287 584 368 628 est
400 573 620 638 (Matth.
641 571 722 641 v).

365 663 628 720 (inutiles.
675 663 951 734 Scriptum
978 666 1176 735 quippe
1213 675 1337 720 est:
1374 664 1564 719 Perdet
1607 665 1744 721 Deus
1773 683 1883 720 me-

290 759 516 812 moriam
547 757 908 826 superborum,
937 767 985 812 et
1017 757 1224 829 reliquit
1259 760 1565 812 memoriam
1607 759 1883 813 humilium

289 847 596 922 (E.'clt'.!t).
791 849 856 902 Et
905 848 1163 902 Dominus
1213 849 1387 918 inquit
1427 867 1440 902 :
1478 848 1674 902 Discite
1714 866 1746 902 a
1780 865 1880 913 me,

285 949 416 1011 quta
459 942 602 993 mitis
645 955 760 993 sum
791 949 839 992 et
883 939 1095 993 Immitis
1139 939 1294 995 corde
1333 938 1551 1011 (.llattlt.
1583 936 1690 1010 ιι),
1725 947 1782 993 ει
1813 938 1882 991 ad

285 1048 445 1104 quem
491 1032 785 1102 respiciam,
829 1032 957 1085 dicit
1001 1031 1281 1098 Dominus,
1311 1033 1410 1086 nisi
1444 1031 1513 1086 ad
1542 1030 1786 1085 humilem
1833 1042 1881 1086 et

288 1125 524 1196 quietum
555 1122 690 1194 (Isa.
715 1121 896 1194 vat)?

367 1213 492 1268 Non
523 1214 791 1268 reddentes
818 1213 1016 1268 malum
1051 1231 1147 1284 pro
1181 1213 1343 1268 malo.
1383 1214 1656 1286 Scriptum
1685 1216 1882 1286 quippe

289 1314 379 1358 est
413 1322 427 1357 :
460 1303 542 1358 Ne
571 1304 717 1358 dicas
742 1317 760 1354 :
790 1302 1029 1357 Reddam
1071 1304 1267 1358 malum
1295 1323 1389 1373 pro
1434 1305 1596 1370 malo,
1641 1315 1880 1376 exspecta

291 1394 464 1448 Deum
498 1379 544 1448 et
583 1394 821 1449 liberabit
851 1406 918 1448 te.
957 1395 1022 1448 Et
1053 1395 1250 1449 iterum
1278 1437 1290 1448 .
1323 1395 1427 1461 Qui
1469 1396 1723 1450 vindicari
1752 1394 1878 1461 vult,

291 1504 327 1539 a
368 1487 472 1541 Deo
518 1489 746 1542 inveniat
789 1487 1091 1552 vindictam,
1122 1496 1167 1540 et
1193 1498 1462 1558 peccatqu
1491 1487 1638 1542 illius
1670 1505 1880 1542 servans

289 1578 586 1632 servabitur
611 1578 681 1648 (Ε
744 1579 782 1632 l.
808 1582 1025 1652 xxvtu).

380 1669 469 1722 Vel
495 1668 828 1723 maledictum
863 1687 956 1740 pro
985 1669 1284 1724 maledicto.
1305 1669 1363 1724 In
1397 1671 1501 1726 hoc
1524 1672 1670 1726 enim
1700 1685 1882 1727 exem-

1986 481 2059 533 tia
2109 479 2232 533 audi
2265 497 2278 532 :
2317 477 2385 532 Ut
2428 480 2612 549 perdat
2648 481 2712 535 de
2749 490 2893 536 terra
2942 481 3244 538 memoriam
3280 501 3483 551 eorum,
3517 487 3575 542 id

1984 579 2094 633 est,
2123 570 2188 623 de
2222 578 2366 623 terra
2411 569 2745 637 viventium,
2772 579 2832 626 ut
2877 571 3047 628 illud:
3079 572 3366 629 Deleantur
3408 576 3474 630 de
3509 576 3577 632 li-

1984 661 2076 715 bro
2123 660 2432 726 viventium,
2478 670 2526 714 et
2566 677 2685 715 cum
2709 662 2874 732 justis
2913 680 3018 718 non
3063 665 3365 720 scribantur
3397 665 3572 739 (Psal.

1984 771 2152 812 vam
2167 755 2206 826 ).

2055 847 2124 900 Et
2171 849 2288 918 quis
2322 857 2397 902 est
2437 847 2528 918 qui
2572 845 2716 901 vobis
2747 848 2972 902 noceat?
3011 847 3344 905 Subauditur
3371 849 3572 914 nullus.

1975 939 2130 1010 juxta
2163 938 2321 1008 hujus
2351 938 2634 992 sententiae
2668 937 2868 1002 locum,
2897 939 3177 1009 passiones
3207 941 3291 995 vel
3327 957 3579 1011 persecu-

1984 1028 2178 1093 tiones,
2219 1043 2326 1083 non
2355 1026 2562 1082 faciunt
2589 1043 2710 1084 esse
2754 1027 3007 1095 miseros,
3035 1029 3130 1085 sed
3164 1041 3430 1101 praestant
3455 1048 3579 1089 esse

1984 1119 2191 1174 beatos.

2053 1208 2112 1263 Si
2145 1210 2265 1263 boui
2310 1208 2644 1265 a'mulatores
2671 1209 2900 1279 fueritis.
2943 1211 3002 1266 ld
3035 1221 3150 1278 est,
3183 1212 3312 1268 boni
3351 1213 3481 1280 Dei,
3511 1215 3578 1269 de

1981 1317 2089 1372 quo
2141 1303 2405 1374 scriptum
2463 1311 2549 1358 est
2593 1317 2607 1356 :
2655 1302 2826 1358 Nemo
2875 1303 3040 1359 bonus
3094 1305 3196 1360 nisi
3247 1306 3391 1361 solus
3430 1306 3577 1361 Deus

1984 1393 2189 1466 (Marc.
2233 1393 2335 1465 ι),
2380 1394 2496 1449 sive
2550 1395 2896 1465 generaliter,
2944 1395 3060 1451 sive
3101 1397 3347 1452 omnium
3400 1398 3576 1452 hono-

1979 1502 2104 1542 rum
2146 1485 2520 1550 aemulatores,
2575 1486 2630 1541 id
2677 1494 2796 1554 est,
2849 1487 3154 1543 imitatores
3203 1487 3418 1545 fueritis
3460 1489 3574 1543 vir-

1984 1587 2182 1634 tutum.

2056 1669 2163 1725 Sed
2183 1677 2232 1722 et
2255 1669 2300 1722 si
2321 1669 2447 1739 quid
2471 1670 2714 1739 patimini
2739 1679 2952 1740 propter
2957 1669 3417 1740 justitiam,beati.
3444 1670 3576 1727 Sub-

291 1761 441 1832 plum
471 1763 683 1817 Domini
718 1765 1010 1817 tenendum
1036 1771 1142 1829 est,
1170 1765 1414 1834 quicum
1443 1764 1878 1830 malediceretur,
1910 1743 1958 1802 Β
1988 1759 2228 1825 auditur,
2250 1759 2406 1814 eritis
2432 1773 2448 1812 :
2474 1759 2616 1814 hanc
2635 1760 2962 1815 sententiam
2987 1759 3278 1815 Dominum
3301 1753 3574 1817 dicentem

290 1869 406 1908 non
439 1853 814 1909 malediceltat.

367 1943 475 1999 Sed
500 1961 528 1998 e
557 1946 822 1999 contrario
858 1944 1234 2000 benediceutes.
1276 1944 1346 2001 Ut
1383 1945 1513 2001 illud
1540 1964 1552 2000 :
1584 1944 1882 2000 Benedicite

291 2036 725 2091 maledicentibus
760 2037 918 2102 vobis,
948 2037 1255 2104 benedicite,
1291 2047 1342 2093 et
1387 2037 1547 2093 nolite
1572 2037 1882 2093 maledicere

290 2127 314 2196 (
326 2126 476 2180 Rom.
505 2127 624 2198 xu).

368 2215 508 2282 Quia
537 2217 590 2272 in
628 2219 726 2272 hoc
755 2221 924 2272 vocati
954 2221 1103 2285 estis,
1137 2230 1192 2274 ut
1221 2221 1630 2275 benedictionem
1658 2219 1880 2274 haeredi-

287 2315 419 2368 tatis
466 2314 792 2383 possidentis.
845 2316 1158 2372 Benedictio
1202 2329 1287 2372 est
1341 2316 1674 2372 hmreditatis
1703 2316 1880 2372 omnis

288 2406 553 2458 virtutum
598 2406 752 2476 copia
779 2406 1036 2471 caelestis,
1065 2406 1121 2461 in
1151 2421 1256 2476 qua
1286 2406 1463 2462 sancti
1491 2407 1734 2461 lunredcs
1765 2407 1882 2476 qui-

289 2497 416 2551 dem
455 2495 569 2563 Dci,
601 2497 908 2553 cohaeredes
939 2498 1239 2553 ellieicntur
1266 2497 1498 2563 Christi,
1541 2514 1664 2552 cum
1696 2497 1883 2552 audie—

292 2591 443 2645 rint:
490 2590 691 2657 Venite,
727 2591 981 2645 benedicti
1008 2591 1188 2646 Patris
1224 2593 1359 2658 mei,
1389 2591 1632 2661 percipite
1665 2606 1880 2660 regnum

287 2683 432 2754 quod
482 2685 620 2738 vobis
663 2695 908 2754 paratum
943 2695 1017 2739 est
1063 2685 1128 2740 ab
1176 2685 1375 2755 origine
1416 2684 1598 2738 mundi
1648 2682 1877 2755 (Matth.

290 2773 445 2843 xxv).

366 2864 471 2930 Qui
509 2865 646 2919 enim
675 2864 783 2919 vult
811 2867 968 2920 vitam
997 2865 1232 2936 diligere.
1265 2865 1324 2920 ld
1358 2871 1474 2929 est,
1515 2865 1684 2919 vitam
1715 2872 1879 2920 teter-

289 2976 446 3024 nam,
478 2959 644 3014 vitam
680 2959 927 3027 beatam,
955 2967 1008 3015 et
1033 2960 1086 3013 in
1130 2967 1394 3029 perpetuo
1421 2959 1539 3013 sine
1578 2956 1687 3012 line
1725 2972 1880 3011 man-

288 3065 498 3106 suram.

1987 1851 2186 1906 Petrus
2230 1851 2510 1915 audierat,
2555 1851 2646 1904 ubi
2693 1851 2808 1904 ait:
2841 1850 2993 1905 Beati
3027 1851 3117 1922 qui
3162 1852 3572 1920 persecutionem

1985 1941 2263 2012 patiuntur
2284 1948 2496 2010 propter
2513 1939 2802 2008 justitiam,
2831 1949 2937 1996 etc.
2965 1940 3180 2011 (Matth.
3211 1941 3287 2014 v).

2061 2030 2321 2085 Timorem
2361 2040 2537 2084 autem
2585 2046 2789 2084 eorum.
2836 2029 2893 2084 ld
2928 2039 3014 2086 est
3058 2041 3468 2100 persecutorum
3506 2047 3575 2087 ne

1987 2124 2300 2190 timueritis,
2325 2132 2386 2178 ut
2413 2123 2467 2178 in
2499 2122 2604 2177 ﬁde
2633 2138 2742 2177 non
2787 2124 3213 2189 conturbemini;
3239 2133 3295 2180 et
3320 2125 3427 2180 hoc
3469 2125 3576 2181 Do-

1986 2218 2166 2273 minus
2214 2215 2529 2281 admonuit,
2575 2215 2667 2270 ubi
2715 2215 2793 2268 ait
2829 2232 2842 2268 :
2883 2211 3064 2270 Nolite
3111 2215 3292 2270 timere
3328 2233 3446 2282 eos,
3483 2216 3576 2287 qui

1986 2309 2231 2364 occidunt
2276 2325 2502 2379 corpus,
2548 2316 2680 2372 etc.,
2709 2307 2800 2362 sed
2855 2308 3029 2377 potius
3081 2324 3200 2362 eum
3254 2308 3429 2362 timete
3482 2308 3576 2380 qui

1986 2399 2137 2456 habet
2177 2408 2485 2466 poteszatem
2530 2399 2765 2454 animam
2807 2407 2856 2453 et
2901 2414 3089 2470 corpus
3143 2400 3344 2456 mittere
3387 2400 3443 2453 in
3487 2415 3577 2469 ge-

1985 2489 2231 2545 hennam.

2056 2578 2341 2633 Dominum
2370 2589 2546 2633 autem
2575 2575 2843 2634 Christum
2871 2578 3200 2649 sanctiﬁcate
3226 2579 3283 2634 in
3328 2578 3574 2634 cordibus

1985 2669 2187 2724 vestris.
2212 2668 2315 2725 Ubi
2341 2669 2623 2734 Dominus,
2649 2670 2739 2739 qui
2771 2677 2966 2725 cuncta
2993 2669 3229 2724 creando
3249 2668 3574 2733 sanctiﬁcat,

1986 2761 2092 2816 nisi
2123 2761 2284 2816 corde
2313 2761 2420 2832 pio,
2453 2761 2558 2814 nisi
2603 2768 2823 2830 pectore
2871 2765 3043 2832 casto.
3075 2759 3168 2816 Sic
3199 2760 3462 2816 Dominus
3486 2758 3572 2814 Je-

1985 2867 2078 2908 sus
2103 2851 2522 2908 sanctiﬁcandus
2550 2860 2635 2906 est
2659 2851 2714 2906 in
2739 2852 2994 2907 cordibus
3022 2852 3246 2917 nostris,
3270 2860 3331 2907 ut
3357 2853 3576 2908 nomine

1983 2940 2103 3011 ejus
2126 2957 2402 3006 vocemur,
2428 2941 2481 2996 id
2509 2949 2613 3006 est,
2643 2939 2962 3008 Christiani,
2988 2950 3043 2996 et
3070 2950 3129 2996 ut
3160 2943 3296 2997 nihil
3327 2943 3571 2998 sanctius

1984 3033 2103 3104 ejus
2123 3033 2340 3088 nomine
2365 3033 2717 3088 aestimemus.
2745 3031 3164 3089 Sanctiﬁcemur
3188 3034 3336 3090 enim
3364 3049 3489 3088 eum
3517 3035 3574 3089 in

253 3159 266 3180 κ
361 3142 432 3197 Et
462 3140 636 3197 videre
659 3140 770 3197 dies
795 3141 974 3196 bonos.
999 3140 1057 3196 In
1086 3142 1281 3211 quibus
1307 3140 1481 3196 sancti
1515 3156 1638 3196 cum
1669 3139 1878 3196 sanctis

1992 3097 2097 3194 spe,
2147 3122 2275 3189 ﬁde,
2303 3131 2358 3178 et
2399 3123 2688 3190 charitate,
2729 3123 3027 3190 credendo,
3075 3123 3303 3180 colendo
3342 3132 3399 3179 et
3439 3125 3573 3180 ado-

282 3233 652 3304 jocundentur
678 3234 733 3289 in
761 3233 938 3299 caelis,
971 3234 1060 3304 qui
1093 3201 1208 3288 dies
1239 3248 1345 3288 non
1381 3240 1608 3302 propter
1643 3233 1880 3286 interru-

179 3311 204 3350 λ’
287 3325 530 3396 ptionem
558 3324 753 3391 noctis,
797 3323 893 3380 sed
933 3332 1154 3396 propter
1180 3326 1595 3395 perpetuitatem
1625 3324 1880 3380 dicuntur

289 3415 530 3470 luminis.

362 3502 608 3559 Cocrceat
647 3503 886 3576 linguam
925 3522 1078 3560 suam
1124 3523 1158 3559 a
1211 3505 1372 3560 malo.
1415 3503 1473 3560 Id
1511 3513 1628 3571 est,
1669 3521 1701 3561 a
1738 3506 1880 3562 malo

290 3594 662 3660 detractionis,
709 3595 1121 3660 maledictionis,
1157 3612 1221 3651 ac
1255 3598 1723 3663 murmurationis,
1765 3599 1882 3654 sive

290 3689 615 3758 generaliter
661 3690 885 3744 omnino
930 3689 1113 3762 lingua
1156 3688 1480 3747 refrenanda
1521 3699 1606 3747 est
1641 3707 1672 3746 a
1717 3691 1877 3747 malo.

289 3779 382 3832 Ait
417 3779 563 3833 enim
589 3777 824 3836 Jacobus
857 3799 869 3833 :
901 3780 961 3835 Si
998 3781 1114 3852 quis
1151 3781 1280 3835 dicit
1322 3799 1376 3838 se
1405 3781 1705 3853 religiosum
1746 3799 1878 3848 esse,

292 3886 397 3922 non
427 3870 694 3939 refrenans
723 3870 957 3942 linguam
986 3889 1160 3937 suam,
1183 3872 1274 3927 sed
1300 3874 1552 3929 seducens
1583 3891 1678 3930 cor
1702 3891 1875 3939 suum,

291 3959 452 4030 hujus
487 3979 621 4016 vana
661 3972 734 4018 est
768 3964 949 4034 religio
981 3963 1122 4038 (lac.
1152 3963 1214 4038 ι).
1257 3964 1390 4021 Nam
1419 3974 1476 4021 et
1518 3967 1607 4038 qui
1651 3967 1880 4022 custodit

290 4054 527 4124 linguam
568 4072 751 4122 suam,
796 4057 971 4126 inquit
1021 4056 1327 4128 Scriptura,
1370 4059 1597 4113 custodit
1646 4059 1879 4114 animum

289 4159 442 4196 suam
470 4141 651 4214 (Prov.
679 4147 815 4218 xm).

365 4231 432 4285 Et
472 4231 612 4287 labia
648 4235 760 4305 ejus
795 4253 859 4290 ne
893 4236 1178 4309 loquantur
1202 4237 1406 4292 dolum.
1451 4238 1614 4296 Dolus
1649 4256 1756 4295 non
1784 4241 1879 4296 do-

291 4324 397 4388 lor,
428 4327 522 4381 sed
554 4325 702 4381 fraus
747 4328 1087 4400 intelligitur,
1119 4330 1336 4400 quando
1368 4329 1516 4386 aliud
1541 4331 1704 4386 corde
1730 4340 1879 4388 tene-

293 4426 401 4481 tur,
424 4417 567 4473 aliud
590 4433 655 4474 ex
680 4434 775 4474 ore
804 4421 1096 4490 profertur.

363 4509 599 4565 Declinat
634 4528 664 4562 a
694 4511 833 4566 malo
867 4522 915 4566 et
945 4513 1109 4582 faciat
1156 4515 1367 4569 bonurn.
1411 4515 1467 4570 ω
1493 4523 1596 4580 est,
1629 4515 1875 4570 destruat

291 4601 422 4655 vitia
463 4608 518 4655 et
547 4601 772 4658 virtutes
811 4603 1062 4671 aediﬁcet,
1088 4606 1360 4676 relinquat
1403 4606 1471 4661 ad
1498 4622 1617 4676 quas
1655 4606 1875 4678 instigat

291 4690 556 4755 diabolus,
580 4700 636 4748 et
660 4703 916 4762 operetur
938 4709 1057 4764 qua:
1085 4699 1342 4766 praecepit
1369 4697 1636 4752 Christus.

362 4781 608 4852 quuirat
629 4801 828 4854 pacem,
855 4797 904 4839 et
929 4799 1180 4858 sequatur
1204 4806 1342 4842 eam.
1367 4789 1423 4843 ld
1452 4798 1555 4854 est,
1587 4789 1875 4859 diligenter

287 4875 496 4928 orando
521 4882 574 4928 et
597 4875 840 4946 legendo,
869 4885 924 4932 et
950 4878 1223 4934 humiliter
1247 4881 1630 4952 interrogando
1659 4882 1876 4952 perqui-

290 4973 378 5020 rat
403 4965 709 5032 Christum,
737 4970 828 5039 qui
859 4969 1036 5025 factus
1063 4980 1146 5024 est
1179 4987 1285 5041 pax
1313 4981 1520 5037 nostra,
1548 4981 1602 5026 et
1637 4973 1879 5028 imitetur

286 5071 436 5112 eum.
469 5055 632 5128 Sequi
661 5061 863 5114 etenim
892 5061 1091 5116 imitari
1121 5070 1236 5127 est,
1275 5062 1390 5116 sive
1419 5063 1716 5118 secundum
1740 5062 1882 5132 Apo-

287 5149 489 5204 stolum
519 5165 706 5221 pacem
735 5162 996 5222 sequatur
1037 5162 1092 5208 et
1120 5153 1569 5222 sanctimoniam,
1614 5155 1730 5209 sine
1773 5169 1878 5224 qua

287 5256 451 5294 nemo
479 5241 682 5296 videbit
709 5241 898 5298 Deum.

361 5330 500 5398 Quia
531 5333 669 5388 oculi
714 5335 914 5390 domini
954 5352 1111 5407 super
1129 5335 1325 5406 justas.
1370 5335 1427 5390 Id
1458 5343 1576 5401 est,
1626 5343 1878 5405 aspectus

283 5425 606 5482 divinitatis.

363 5517 430 5572 Et
464 5535 619 5572 aures
647 5519 760 5588 ejus
800 5536 856 5573 tn
895 5537 1070 5590 preces
1105 5537 1306 5574 eorum.
1329 5520 1387 5574 ld
1415 5526 1527 5585 est,
1560 5519 1763 5574 auditio
1798 5519 1879 5574 di-

282 5609 436 5674 vina,
463 5623 569 5678 qua
597 5608 850 5680 dignatur
875 5624 1064 5678 preces
1091 5610 1279 5664 audire
1300 5610 1594 5679 iustorum.

374 5696 560 5752 Vultus
609 5708 782 5753 autem
819 5698 1028 5754 Domini
1078 5716 1232 5768 super
1282 5699 1528 5768 facientes
1587 5695 1749 5753 mala.
1784 5695 1882 5754 Ut-

1978 3213 2175 3279 rando,
2206 3223 2264 3268 ut
2298 3214 2368 3268 ab
2403 3213 2495 3270 illo
2541 3212 2871 3270 sanctiﬁcari
2913 3214 3121 3285 pariter
3163 3229 3475 3272 mereamur
3517 3222 3576 3273 et

1973 3304 2288 3376 iustiﬁcari.

2387 3459 2728 3501 EVANGELIUI
2761 3459 2934 3510 LUC.£,
2959 3459 3080 3500 CAP.
3101 3457 3156 3500 ν.

2056 3596 2074 3631 ι
2114 3577 2250 3634 Cum
2299 3577 2470 3633 turbae
2516 3579 2790 3634 irruerent
2837 3577 2907 3634 ad
2953 3575 3174 3645 Iesum,
3214 3589 3275 3634 ut
3318 3579 3572 3636 audirent

1983 3687 2004 3721 ι
2051 3671 2272 3725 verbum
2304 3669 2433 3736 Dei,
2462 3679 2517 3725 et
2551 3671 2667 3740 ipse
2697 3671 2878 3726 stabat
2917 3685 3076 3728 secus
3102 3678 3355 3742 stagnum
3395 3667 3572 3726 Gene-

1986 3779 2005 3814 t
2051 3763 2261 3817 zareth.
2302 3761 2372 3816 Et
2415 3761 2554 3816 vidit
2595 3765 2731 3817 duas
2777 3776 2946 3817 naves
2994 3769 3202 3816 stantes
3245 3774 3404 3817 secus
3455 3769 3571 3816 sta-

1985 3871 2004 3904 ι
2051 3869 2237 3924 gnum.
2285 3852 2595 3909 Piscatores
2630 3861 2815 3908 autem
2852 3852 3281 3919 descenderant,
3320 3861 3376 3909 et
3424 3851 3572 3907 lava-

1984 3964 2003 3997 ι
2048 3946 2181 4000 baut
2208 3945 2368 4000 retia.
2391 3943 2713 4006 Ascendens
2738 3952 2919 4000 autem
2949 3945 3003 4000 in
3026 3961 3190 4000 unam
3219 3945 3425 4011 navim,
3450 3961 3572 4017 qua:

1984 4055 2003 4088 ‹
2049 4045 2168 4092 erat
2215 4035 2478 4102 Simonis,
2509 4036 2725 4106 rogavit
2771 4050 2894 4090 eum
2937 4043 2998 4090 ut
3035 4050 3066 4089 a
3095 4043 3241 4089 terra
3286 4035 3573 4091 reduceret

1984 4148 2003 4180 ‹
2049 4127 2321 4199 pusillum.
2354 4127 2424 4181 Et
2465 4129 2661 4181 sedens
2698 4125 2929 4180 docebat
2973 4125 3039 4180 de
3070 4124 3318 4179 navicula
3359 4125 3570 4191 turbas,

1981 4239 2000 4272 ‹
2043 4227 2104 4275 ιιι
2131 4227 2312 4274 autem
2339 4218 2576 4273 cessavit
2605 4217 2786 4286 loqui,
2815 4216 2952 4272 dixit
2995 4216 3065 4270 ad
3101 4214 3381 4270 Simonem
3411 4232 3426 4271 :
3453 4215 3573 4273 Duc

1981 4331 2002 4366 ι
2048 4313 2103 4368 in
2133 4311 2298 4366 altum
2320 4351 2335 4376 ,
2361 4317 2416 4365 et
2450 4309 2632 4363 laxate
2659 4308 2799 4362 retia
2842 4313 3022 4362 vestra
3063 4307 3115 4362 in
3149 4316 3452 4377 capturam.
3501 4307 3572 4362 Et

1979 4429 2000 4460 ‹
2045 4407 2379 4478 respondens
2409 4405 2626 4470 Simon,
2677 4405 2816 4460 dixit
2849 4405 2924 4460 illi
2951 4421 2967 4460 :
2996 4405 3321 4474 Praeceptor,
3364 4420 3462 4478 per
3491 4413 3571 4462 to-

1985 4520 2003 4553 (
2049 4509 2161 4556 tam
2204 4507 2420 4555 noctem
2467 4498 2800 4564 laborantes,
2830 4497 2964 4553 nihil
3000 4498 3264 4569 cepimus,
3306 4497 3362 4552 in
3400 4496 3572 4552 verbo

1986 4611 2004 4645 ι
2046 4600 2227 4646 autem
2250 4599 2342 4646 tuo
2369 4589 2563 4646 laxabo
2592 4597 2726 4644 rete.
2756 4590 2825 4644 Et
2851 4605 2974 4645 cum
3000 4589 3105 4644 hoc
3132 4587 3414 4656 fecissent,
3438 4603 3571 4644 cou-

1987 4703 2005 4738 ι
2051 4685 2329 4739 cluserunt
2357 4684 2588 4754 piscium
2618 4683 3020 4739 multitudinem
3060 4683 3357 4754 copiosam.
3400 4681 3571 4738 Rum-

1986 4794 2005 4827 ί
2049 4778 2280 4846 pebatur
2312 4785 2493 4830 autem
2524 4783 2640 4830 rete
2682 4790 2904 4842 eorum,
2947 4786 3003 4832 et
3049 4784 3360 4832 annuerunt
3405 4775 3570 4832 sociis

1987 4887 2006 4920 ι
2052 4868 2142 4938 qui
2172 4874 2329 4922 erant
2363 4866 2416 4920 in
2460 4865 2565 4920 alia
2605 4867 2752 4932 navi,
2793 4874 2855 4921 ut
2881 4867 3129 4921 venirent
3164 4874 3220 4922 et
3251 4865 3571 4936 adiuvarent

1982 4979 2001 5012 ι
2047 4977 2164 5026 eos,
2187 4969 2243 5015 ct
2274 4969 2539 5015 venerunt
2566 4969 2622 5015 et
2660 4959 3020 5030 impleverunt
3047 4960 3235 5015 ambas
3265 4958 3567 5026 naviculas,

1982 5071 2000 5106 ί
2045 5056 2122 5109 ita
2173 5062 2231 5108 ut
2263 5069 2400 5124 pene
2439 5062 2835 5124 mergerentur.
2875 5052 3028 5120 Quod
3061 5067 3184 5107 cum
3225 5052 3432 5107 videret
3481 5050 3569 5106 Si-

1981 5168 2001 5202 (
2047 5165 2175 5204 mon
2219 5147 2436 5211 Petrus,
2464 5146 2700 5216 procidit
2727 5145 2792 5199 ad
2824 5161 2998 5216 genua
3027 5143 3173 5209 Jesu,
3207 5147 3431 5200 dicens:
3465 5144 3567 5199 Exi

1983 5257 2003 5291 α
2046 5254 2075 5292 a
2116 5253 2224 5302 me,
2270 5236 2518 5300 Domine,
2547 5236 2674 5305 quia
2703 5236 2864 5290 homo
2903 5245 3156 5305 peccator
3195 5251 3336 5290 sum.
3367 5233 3568 5304 Stupor

1984 5349 2004 5383 ι
2048 5329 2194 5385 enim
2225 5326 2661 5383 circumdederat
2686 5343 2828 5392 eum,
2857 5336 2913 5382 ει
2957 5343 3148 5384 onmes
3192 5329 3282 5397 qui
3315 5342 3437 5382 cum
3474 5325 3568 5382 illo

1984 5441 2006 5474 ι
2047 5427 2203 5478 erant
2245 5421 2298 5475 in
2345 5427 2569 5490 captura
2607 5420 2841 5490 piscium
2892 5437 3053 5491 quam
3094 5430 3371 5490 ceperant.
3403 5417 3566 5474 Simi-

1985 5532 2004 5566 ‹
2051 5513 2176 5569 liter
2201 5520 2382 5566 autem
2415 5507 2674 5564 Iacobum
2715 5519 2772 5565 et
2809 5509 3074 5566 Joannem
3120 5509 3256 5563 ﬁlios
3286 5507 3564 5576 Ζειιειιίεὶ,

1987 5621 2008 5656 ι
2053 5602 2144 5676 qui
2183 5609 2342 5658 erant
2385 5601 2518 5658 socii
2563 5600 2819 5657 Simonis.
2848 5601 2915 5656 Et
2941 5601 3019 5656 ait
3055 5600 3124 5654 ad
3169 5599 3448 5653 Simonem
3477 5596 3566 5654 Je-

1989 5715 2008 5748 s
2054 5710 2182 5753 sus:
2212 5691 2331 5748 Noli
2358 5693 2575 5760 timere,
2605 5707 2671 5748 ex
2716 5693 2819 5748 hoc
2851 5691 2964 5762 jam
3000 5690 3248 5749 homines
3273 5689 3429 5746 eritis
3473 5707 3565 5746 ca-
