3952 6426
420 304 522 361 375
1709 290 2058 346 SMARAGDI
2096 289 2386 345 ABBA‘I'IS

423 438 445 473 α
488 419 717 490 pientes.
759 415 825 470 Et
863 382 1137 469 subductis
1166 410 1230 464 ad
1269 418 1468 464 terram
1508 404 1757 471 navibus,
1784 403 1988 459 relictis
2015 413 2065 474 Α
2093 402 2322 457 terrenis
2341 402 2394 455 in
2426 397 2687 470 profunda
2713 404 3180 490 sacramentorum
3202 395 3511 464 recedatur,
3538 408 3599 453 ut
3617 416 3681 456 ea

427 527 446 562 ι
487 495 756 569 omnibus,
781 504 946 559 secuti
975 509 1099 558 sunt
1124 516 1266 557 eum.
1299 518 1317 552 ι

492 599 623 656 Cum
645 599 810 652 turba:
833 597 1088 650 irruerent
1115 593 1184 647 ad
1213 593 1417 654 Jesum,
1441 599 1495 643 ut
1522 589 1765 642 audirent
1786 586 1994 670 uerbum

419 691 538 754 Dei,
570 697 617 743 et
650 689 754 758 ipse
798 687 987 750 stabat,
1013 694 1116 740 etc.
1152 683 1260 755 (Ex
1290 681 1478 745 Beda.)
1507 680 1771 749 Stagnum
1815 677 1995 734 Geneo

420 783 607 838 zareth
644 781 783 835 idem
816 780 1002 832 dicunt
1032 792 1174 840 esse,
1205 774 1347 844 quod
1379 787 1527 827 mare
1550 770 1784 826 Galilaue
1813 769 1880 822 ab
1909 768 1998 822 ad-

417 873 627 945 )acente
649 872 922 944 provincia
945 869 1170 923 dictum.
1197 867 1340 920 Mare
1361 863 1678 936 Tyberiadis
1701 876 1730 915 a
1750 861 1994 931 proxima

417 970 660 1030 civitate,
684 981 802 1035 qua:
829 963 955 1018 olim
977 959 1317 1017 Cbennereth
1342 964 1551 1020 vocata,
1578 954 1670 1009 sed
1697 953 1763 1007 ab
1787 951 1998 1005 Herode

419 1058 700 1114 tetrarcha
743 1056 1041 1110 instaurata
1085 1051 1139 1104 in
1181 1049 1441 1103 honorem
1485 1043 1701 1116 Tyberii
1745 1040 1994 1104 Cmsaris,

420 1150 682 1222 Tyberias
725 1155 809 1202 est
838 1145 1124 1216 appellata.
1171 1141 1338 1195 Porro
1367 1137 1613 1193 Genezar
1640 1151 1670 1190 a
1701 1135 1800 1189 laci
1832 1135 1998 1203 ipsius

422 1251 640 1305 natura,
655 1254 759 1309 qua
781 1236 1146 1306 crispantibus
1161 1233 1337 1302 aquis,
1356 1231 1420 1285 de
1441 1231 1614 1299 seipsa
1638 1227 1739 1282 sibi
1755 1226 1997 1281 excitare

422 1347 561 1402 aqua
589 1345 774 1384 auram
801 1327 1134 1399 perhibetur,
1158 1322 1345 1378 Graeco
1370 1318 1631 1374 vocabulo
1657 1317 1810 1387 quasi
1845 1331 2000 1388 gene-

421 1437 550 1476 rans
579 1419 680 1474 sibi
711 1432 899 1472 auram
923 1415 1137 1469 dicitur.
1174 1412 1360 1480 Neque
1396 1409 1539 1462 enim
1583 1407 1638 1460 in
1671 1405 1847 1473 stagni
1877 1419 1968 1458 mo

420 1527 535 1566 rem
567 1509 827 1565 sternitur
847 1520 1005 1575 aqua,
1035 1503 1128 1558 sed
1159 1500 1529 1570 frequentibus
1549 1512 1613 1551 ac
1637 1494 2000 1565 crispantibus

422 1603 600 1656 ventis
652 1601 905 1670 agitatur,
935 1597 1133 1651 haustu
1163 1593 1354 1656 dulcis,
1390 1601 1444 1646 et
1473 1590 1540 1645 ad
1569 1587 1860 1658 potandum
1902 1585 1999 1639 ha-

421 1691 563 1746 bilis.
591 1689 698 1745 Sed
722 1687 957 1742 Hebraea:
984 1686 1177 1756 linguae
1202 1681 1612 1744 consuetudine,
1632 1677 1810 1733 omnis
1835 1691 1998 1746 aqua-

2094 494 2307 564 pcnitus
2353 508 2459 547 non
2491 491 2809 560 intelligant,
2835 487 2919 543 vel
2948 488 3100 559 prius
3127 490 3181 543 in
3209 491 3475 560 proximis
3505 493 3686 563 regio-

2095 585 2252 639 nibus
2280 584 2529 654 gentibus
2556 579 2986 651 prmdicandum,
3032 588 3091 634 ut
3121 581 3266 649 quod
3301 581 3501 636 dicitur
3548 584 3684 638 item

2096 677 2273 741 Petro,
2303 677 2404 731 due
2433 677 2486 730 in
2517 675 2706 739 altum,
2733 683 2787 729 et
2821 673 3000 728 laxate
3028 673 3162 728 retia
3204 682 3384 728 vestra
3414 675 3468 729 in
3494 684 3686 745 captu-

2097 783 2231 830 ram,
2261 768 2327 821 ad
2357 766 2674 820 remotiores
2707 772 2915 836 gentes,
2943 765 3142 834 quibus
3165 772 3356 834 postea
3382 765 3686 834 praedican-

2097 860 2223 914 dum
2249 867 2333 914 est
2361 859 2646 928 pertineat.

2164 949 2233 1004 Et
2283 952 2595 1020 respondens
2643 948 2853 1012 Simon,
2895 949 3031 1002 dixit
3067 948 3192 1002 illi:
3229 948 3554 1021 Pra'ceptor,
3588 969 3687 1023 per

2097 1051 2257 1095 totam
2298 1050 2496 1094 noctem
2527 1039 2842 1104 laborantes,
2873 1038 3002 1093 nihil
3030 1040 3278 1109 cepimus,
3307 1040 3362 1093 in
3394 1041 3547 1094 verba
3584 1059 3685 1095 au-

2097 1138 2199 1183 tem
2246 1139 2335 1182 tuo
2368 1127 2558 1182 laxabo
2585 1137 2709 1180 rete.
2746 1125 2866 1181 Nisi
2896 1126 3152 1181 Dominus
3200 1129 3542 1197 wdiﬁcaverit
3585 1129 3686 1184 do-

2097 1237 2262 1287 mum,
2296 1221 2351 1274 in
2379 1237 2568 1274 vanum
2600 1219 2839 1273 laborant
2884 1221 2974 1291 qui
3019 1220 3284 1290 aediﬁcant
3335 1238 3452 1274 eam
3501 1219 3678 1293 (Psal.

2096 1309 2312 1382 cxxvt).
2357 1311 2471 1365 Nisi
2508 1310 2765 1365 Dominus
2792 1325 2888 1364 cor
2929 1310 3285 1365 illustraverit
3331 1311 3680 1376 auditorum,

2098 1401 2287 1455 doctor
2323 1399 2376 1454 in
2425 1409 2584 1455 nocte
2618 1399 2860 1464 laborat;
2897 1399 3000 1454 nisi
3050 1400 3105 1454 in
3147 1401 3314 1455 verbo
3355 1401 3546 1472 gratiae
3580 1418 3680 1456 su-

2097 1506 2280 1560 perate
2331 1490 2508 1544 laxata
2554 1489 2757 1544 fuerint
2800 1490 3164 1544 instrumenta
3219 1491 3680 1560 disputationum,

2101 1582 2298 1637 frustra
2315 1581 2467 1636 vocis
2493 1596 2604 1636 sua:
2631 1581 2958 1652 praedicator
2979 1579 3222 1649 jaculum
3248 1581 3438 1647 mittit,
3467 1582 3595 1651 quia
3616 1582 3685 1636 ﬁ-

2101 1675 2196 1729 des
2236 1673 2582 1744 populorum,
2614 1688 2723 1728 non
2750 1671 3013 1742 sapientia
3054 1671 3204 1726 verbi
3236 1673 3556 1741 compositi,
3587 1673 3686 1728 sed

421 1797 541 1836 rum
567 1779 934 1849 congregatio,
965 1777 1078 1832 sive
1108 1774 1298 1837 dulcis,
1328 1773 1442 1827 sive
1471 1770 1634 1833 salsa,
1675 1781 1826 1823 mare
1857 1783 1995 1821 nuu-
2024 1773 2070 1832 Β
2097 1765 2290 1820 divinae
2312 1763 2611 1818 vocationis
2639 1776 2862 1816 munere
2888 1761 3173 1831 praevenit.

419 1880 666 1944 eupatur.
701 1869 803 1936 Qui
849 1869 997 1923 lacus
1046 1868 1185 1921 inter
1228 1863 1431 1918 fluenta
1478 1860 1747 1923 Jordanis,
1780 1867 1996 1914 centum

419 1961 774 2031 quadraginta
807 1957 998 2012 stadiis
1025 1956 1078 2009 in
1104 1953 1516 2024 longitudinem,
1559 1957 1614 2002 ct
1643 1947 1994 2017 quadraginta

419 2051 476 2107 in
519 2050 860 2104 latitudinem
894 2045 1224 2101 extenditur.
1267 2040 1405 2108 Quia
1435 2055 1564 2110 ergo
1591 2046 1840 2108 stagnum
1884 2036 1997 2091 sive

421 2156 572 2197 mare
618 2153 856 2210 prmsens
902 2134 1157 2191 saeculum
1216 2132 1491 2201 designat,
1539 2129 1798 2183 Dominus
1839 2141 1999 2182 secus

420 2247 573 2286 mare
598 2237 725 2283 stat.
759 2227 1049 2294 Postquam
1073 2223 1198 2276 vitae
1236 2220 1463 2276 labentis
1489 2216 1872 2272 mortalitatem
1905 2214 1997 2268 de-

419 2324 662 2387 vincens,
691 2319 744 2374 in
767 2333 832 2374 ea
853 2333 957 2388 qua
981 2329 1170 2386 passus
1190 2320 1274 2368 est
1295 2325 1479 2375 carne,
1501 2309 1848 2364 stabilitatem
1876 2321 1997 2377 per-

420 2425 596 2485 petuze
637 2411 837 2484 quietis
883 2409 1051 2473 adiit,
1093 2406 1370 2460 turbarum
1401 2409 1698 2457 conventus
1743 2399 1810 2454 ad
1839 2414 1994 2462 eum,

422 2505 659 2575 gentium
692 2504 745 2557 in
774 2501 879 2556 ﬁde
907 2495 1346 2554 concurrentium
1392 2501 1550 2564 typus
1578 2499 1679 2553 est,
1711 2488 1778 2543 de
1802 2488 1998 2557 quibus

417 2597 624 2656 Isaias:
655 2595 725 2649 Et
758 2595 942 2664 ﬂuent,
971 2589 1167 2659 inquit,
1193 2587 1262 2641 ad
1297 2601 1414 2641 eum
1448 2599 1625 2638 omnes
1662 2590 1857 2652 gentes,
1887 2579 2002 2633 exi-

421 2690 547 2743 bunt
572 2684 752 2756 populi
788 2682 940 2736 multi
973 2691 1020 2736 et
1057 2680 1227 2734 dicent
1263 2692 1282 2730 :
1316 2676 1517 2741 Venite,
1553 2673 1896 2729 ostendamus
1927 2672 1996 2726 ad

419 2788 645 2835 montem
661 2775 873 2830 Domini
902 2772 1036 2845 (Isa.
1064 2770 1149 2843 ιι).

493 2869 561 2922 Et
591 2867 716 2922 uidit
745 2866 878 2919 duas
904 2879 1059 2918 naves
1087 2877 1233 2916 secus
1256 2868 1518 2929 stagnum.
1545 2856 1675 2911 Duae
1711 2868 1888 2925 naves
1913 2867 1996 2907 se-

420 2976 518 3016 cus
552 2967 800 3028 stagnum
844 2954 1036 3025 posita:
1069 2950 1538 3007 circumeisionem
1583 2957 1638 3002 et
1668 2945 1996 3016 praputium

419 3050 743 3122 signiﬁcant,
770 3061 905 3116 quas
930 3045 1067 3100 bene
1091 3040 1249 3097 Iesus
1275 3041 1475 3095 vidisse
1501 3039 1836 3109 perhibetur,
1868 3035 1995 3105 quia

2167 1876 2235 1930 Et
2277 1891 2395 1929 cum
2423 1874 2520 1928 hoc
2552 1872 2814 1943 fecissent,
2847 1869 3211 1925 concluscrunt
3238 1871 3460 1941 piscium
3494 1870 3684 1926 multi-

2095 1966 2329 2020 tudinem
2355 1965 2636 2036 copiosam,
2666 1962 3004 2033 rumpebatur
3023 1970 3197 2014 autem
3228 1974 3334 2015 rete
3351 1978 3551 2016 eorum.
3579 1963 3682 2034 (Ex

2095 2053 2281 2126 Greg.)
2311 2053 2428 2108 Pra:
2474 2051 2818 2107 multitudine
2859 2050 3092 2121 piscium
3138 2057 3255 2105 rete
3301 2051 3680 2120 rumpebatur,

2095 2143 2221 2213 quia
2263 2157 2406 2196 nunc
2435 2142 2501 2196 ad
2531 2139 2931 2196 confessionem
2960 2139 3104 2204 ﬁdei,
3137 2139 3301 2194 etiam
3341 2155 3462 2195 cum
3493 2140 3684 2197 electis

2097 2233 2309 2303 reprobi
2355 2233 2489 2286 tanti
2533 2232 2758 2297 intrant,
2805 2230 2898 2300 qui
2929 2231 3099 2300 ipsam
3131 2245 3348 2300 quoque
3379 2231 3680 2287 Ecclesiam

2096 2323 2390 2376 haeresibus
2427 2321 2692 2376 scindant.
2726 2321 3015 2391 Rumpitur
3040 2329 3218 2374 autem
3262 2329 3396 2384 rete,
3442 2323 3539 2376 sed
3569 2339 3680 2377 non

2095 2414 2327 2468 elabitur
2353 2414 2538 2483 piscis,
2562 2413 2688 2484 quia
2713 2427 2839 2468 suos
2865 2413 3113 2468 dominus
3137 2413 3303 2468 etiam
3329 2413 3472 2468 inter
3489 2429 3680 2486 perse-

2095 2503 2374 2574 quentium
2398 2502 2649 2558 scandala
2677 2511 2876 2557 servat.

2167 2591 2235 2646 Et
2266 2603 2560 2646 annuerant
2589 2592 2744 2646 sociis
2785 2592 2874 2663 qui
2918 2601 3069 2646 erant
3096 2592 3151 2646 in
3184 2591 3292 2646 alia
3326 2593 3465 2659 navi,
3498 2601 3556 2648 ut
3595 2610 3683 2649 re-

2097 2684 2263 2738 nirent
2290 2693 2338 2737 et
2367 2683 2679 2753 adjuvarent
2705 2701 2811 2738 eos.
2855 2683 2974 2738 Alia
3004 2685 3178 2750 navis,
3204 2692 3262 2739 ut
3302 2685 3679 2754 praediximus,

2095 2785 2179 2830 est
2205 2775 2434 2830 ecclesia
2464 2775 2530 2830 de
2563 2775 2834 2847 gentibus,
2867 2792 2987 2846 qua:
3013 2785 3068 2831 et
3096 2777 3210 2846 ipsa
3239 2792 3346 2831 non
3378 2776 3680 2834 suﬁicnente

2095 2881 2202 2919 una
2250 2865 2500 2919 navicula
2545 2847 2787 2936 piscibus
2835 2865 3090 2935 impletur
3113 2866 3323 2933 electis,
3365 2868 3493 2936 quia
3539 2870 3679 2922 novit

2093 2955 2352 3010 Dominus
2387 2956 2476 3025 qui
2521 2965 2642 3010 sunt
2681 2957 2795 3026 ejus
2843 2955 2929 3027 (ΙΙ
2957 2955 3090 3010 Tim.
3117 2957 3200 3026 II),
3230 2965 3287 3012 et
3314 2957 3455 3027 apud
3500 2959 3680 3028 ipsum

2098 3055 2278 3100 certus
2304 3056 2389 3101 est
2417 3061 2636 3101 suorum
2673 3062 2932 3102 numerus
2960 3046 3278 3102 electorum.
3312 3047 3556 3118 Dumque
3598 3057 3681 3104 tot

421 3118 734 3210 in'utroque
763 3136 959 3208 populo
1015 3135 1165 3190 novit
1183 3133 1441 3190 Dominus
1467 3132 1558 3202 qui
1585 3140 1712 3186 sunt
1739 3128 1876 3198 ejus,
1904 3142 1996 3182 eoo

2105 3139 2153 3192 in
2178 3137 2360 3192 Judzea
2389 3138 2692 3192 credituros
2720 3154 2826 3193 non
2856 3139 3078 3204 invenit,
3106 3155 3243 3209 quos
3285 3140 3354 3195 ad
3386 3141 3546 3195 ﬁdem
3591 3143 3674 3196 vi-

420 3247 652 3302 rumque
676 3231 839 3286 corda
872 3228 1120 3283 ﬂuctibus
1147 3225 1329 3282 saeculi
1359 3223 1520 3294 hujus
1546 3224 1614 3278 ad
1651 3221 1841 3276 futurae
1873 3221 1994 3274 Viue

419 3320 892 3392 tranquillitatem,
917 3317 1071 3387 quasi
1089 3317 1156 3372 ad
1179 3315 1503 3370 soliditatem
1527 3312 1724 3366 littoris
1743 3308 1992 3372 videndo,

420 3416 525 3471 hoc
552 3421 656 3476 est,
682 3409 1106 3466 misericorditer
1132 3407 1400 3463 visitando
1423 3405 1690 3476 provehit.

496 3503 793 3559 Piscatores
832 3510 1005 3556 autem
1045 3498 1446 3563 descenderant,
1486 3507 1532 3551 et
1566 3496 1810 3550 locabant
1843 3495 1992 3549 retia.

423 3597 729 3653 Piscatores
752 3599 877 3647 sunt
891 3589 1143 3646 Ecclesiae
1170 3589 1436 3654 doctores,
1467 3587 1556 3657 qui
1592 3601 1690 3641 nos
1724 3595 1837 3640 rete
1871 3585 1994 3640 ﬁdei

420 3683 859 3756 comprehensos,
883 3687 939 3735 et
964 3679 1032 3734 de
1053 3677 1316 3748 profundo
1337 3679 1403 3732 ad
1426 3679 1604 3732 lumen
1628 3675 1820 3740 elatos,
1843 3674 1995 3744 quasi

422 3778 602 3847 pisces
632 3771 832 3837 littori,
870 3772 948 3826 sic
993 3779 1150 3825 teme
1190 3769 1482 3824 viventium
1517 3769 1805 3823 advehunt.
1834 3766 1997 3833 Quasi

424 3867 568 3922 enim
600 3863 841 3934 quadam
871 3863 1006 3916 retia
1045 3860 1364 3933 piscantium
1391 3868 1517 3916 sunt
1545 3859 1837 3928 complexa:
1863 3873 2000 3928 pra:-

425 3955 723 4010 dieantium
757 3953 1039 4017 dictiones,
1066 3967 1186 4021 qua:
1213 3967 1306 4006 eos
1329 3967 1464 4021 quos
1489 3951 1754 4021 ceperint,
1797 3950 1852 4004 in
1894 3949 2000 4004 ﬁde

423 4062 533 4102 non
581 4045 851 4100 amittant.
883 4044 1035 4100 Unde
1071 4052 1126 4099 et
1163 4045 1317 4110 retia,
1350 4044 1503 4114 quasi
1543 4043 1831 4099 retinentia
1873 4050 2000 4098 sunt

422 4143 636 4200 vocata,
680 4135 774 4190 sed
819 4135 932 4190 haec
963 4135 1096 4190 retia
1132 4135 1287 4190 modo
1315 4135 1567 4190 laxantur
1591 4134 1645 4189 in
1687 4143 1998 4202 capturam,

423 4229 584 4282 modo
608 4227 717 4282 lota
751 4227 1040 4297 plicantur,
1069 4228 1192 4298 quia
1224 4243 1328 4283 non
1360 4243 1521 4283 omne
1549 4234 1759 4297 tempus
1788 4237 1870 4282 est
1905 4227 2002 4281 ha-

421 4319 533 4376 bile
577 4322 854 4385 doctrinae,
884 4321 976 4376 sed
1018 4335 1161 4376 nunc
1199 4321 1469 4376 exerenda
1517 4318 1696 4389 lingua
1741 4318 1997 4384 doctoris,

423 4428 569 4468 nunc
591 4414 786 4468 suimet
807 4429 937 4467 cura
964 4413 1214 4481 gerenda.

496 4507 788 4563 Ascendens
828 4519 1003 4562 autem
1031 4508 1085 4561 in
1115 4523 1273 4560 unam
1304 4522 1503 4567 narem,
1531 4519 1648 4573 qum
1686 4513 1796 4556 erat
1830 4501 2002 4557 Simo-

427 4602 529 4665 nis,
567 4601 764 4670 rogauit
792 4615 910 4654 eum
940 4617 972 4653 a
999 4609 1140 4652 terra
1175 4596 1417 4650 reducere
1449 4593 1718 4666 pusillum,
1745 4604 1792 4647 et
1819 4594 2003 4649 sedens

423 4692 638 4747 docebat
664 4691 728 4745 de
755 4689 1000 4745 navicula
1025 4689 1224 4743 turbas.
1261 4687 1426 4742 Navis
1449 4685 1685 4740 Simonis
1711 4694 1794 4739 est
1821 4685 2004 4741 Eccle-

426 4786 505 4840 sia
531 4786 827 4856 primitiva,
856 4785 923 4840 de
957 4799 1063 4853 qua
1095 4781 1292 4836 Paulus
1319 4782 1430 4834 ait:
1461 4779 1564 4845 Qui
1589 4781 1723 4834 enim
1761 4790 2003 4852 operatus

426 4886 500 4930 est
523 4873 680 4930 Petro
707 4876 764 4929 in
793 4872 1088 4946 apostolatu
1115 4872 1545 4931 circumcisionis,
1577 4882 1817 4940 operatus
1851 4881 1927 4926 est
1954 4882 2004 4926 et

426 4965 556 5019 mihi
581 4965 715 5018 inter
737 4973 910 5034 gentes
938 4961 1168 5033 (Calai).
1199 4961 1340 5016 Bene
1368 4977 1472 5016 una
1504 4962 1666 5028 dicta,
1695 4965 1818 5032 quia
1865 4963 2002 5018 mul-

425 5051 668 5114 titudinis
702 5058 1021 5113 credentium
1055 5068 1166 5111 erat
1191 5074 1282 5112 cor
1308 5069 1354 5112 el
1381 5059 1556 5112 anima
1585 5075 1691 5112 una
1721 5059 1857 5132 (Act.
1884 5057 1998 5129 tv),

427 5153 496 5206 de
521 5166 626 5219 qua
661 5150 890 5205 docebat
925 5149 1126 5211 turbas,
1156 5149 1280 5218 quia
1321 5151 1385 5204 de
1413 5150 1729 5205 auctoritate
1747 5148 2000 5206 Ecclesiae

428 5241 586 5294 docet
615 5254 784 5308 usque
807 5238 968 5294 hodie
995 5250 1199 5310 gentes.

503 5327 569 5383 Ut
600 5331 815 5384 cessavit
845 5339 1016 5384 autem
1043 5330 1204 5401 loqui,
1237 5331 1369 5383 dixit
1396 5330 1463 5384 ad
1488 5329 1751 5385 Simonem
1778 5343 1795 5380 :
1821 5329 1920 5382 duc
1945 5329 2000 5382 in

429 5425 615 5484 altum,
638 5428 685 5474 et
708 5419 884 5473 laxate
905 5422 1035 5474 retia
1057 5431 1220 5474 vestra
1237 5421 1290 5474 in
1311 5429 1599 5491 capturum.
1626 5419 1727 5490 (Ex
1747 5416 2000 5488 August.)

428 5508 582 5575 Quod
606 5509 781 5578 primo
802 5510 1007 5578 rogavit
1028 5509 1300 5565 Simonem
1320 5524 1513 5564 navem
1530 5523 1559 5560 a
1577 5515 1721 5562 terra
1742 5507 2001 5561 reducere

427 5601 706 5672 pusillum,
729 5603 995 5674 signiﬁcat
1020 5603 1101 5658 vel
1135 5611 1430 5673 temperate
1455 5600 1714 5654 utendum
1740 5601 1908 5655 verbo
1931 5604 1998 5656 ad

431 5692 638 5761 turbas,
687 5703 743 5749 ut
785 5710 883 5748 nec
921 5704 1133 5751 terrena
1173 5694 1251 5748 eis
1283 5690 1684 5764 pnecipiantur,
1722 5704 1819 5745 nec
1852 5690 1928 5744 sic
1967 5705 1995 5743 a

2096 3236 2316 3296 tamque
2363 3228 2779 3298 praedestinatos
2825 3228 2978 3282 novit
3022 3236 3314 3297 aeternam,
3353 3231 3510 3300 quasi
3554 3231 3678 3288 alim

2096 3320 2248 3374 navis
2277 3320 2614 3389 receptacula
2641 3320 2880 3390 piscibus
2905 3336 3154 3390 qumrens
3183 3324 3314 3389 suis,
3347 3325 3509 3379 corda
3537 3341 3677 3395 quo-

2096 3425 2200 3478 que
2233 3411 2472 3480 gentium
2497 3409 2621 3465 ﬁdei
2651 3411 2827 3480 gratia
2872 3411 3060 3480 replet.
3091 3412 3158 3466 Et
3201 3413 3338 3468 bene
3367 3422 3526 3485 rupto
3555 3425 3678 3471 rete

2097 3501 2242 3554 socia
2290 3501 2444 3556 navis
2485 3500 2799 3563 advocatur,
2843 3503 3100 3571 quoniam
3147 3511 3272 3558 ante
3316 3501 3486 3560 ludas
3542 3521 3678 3576 pro-

2096 3592 2258 3658 ditor,
2304 3600 2432 3648 ante
2483 3591 2672 3648 Simon
2714 3595 2903 3664 Magus
2945 3596 3122 3666 pisces
3165 3597 3484 3666 nequissimi
3533 3599 3678 3668 capti

2097 3690 2242 3737 sunt.
2274 3682 2448 3738 Antea
2494 3681 2732 3738 Ananias
2772 3693 2829 3739 et
2878 3683 3106 3755 Saphira
3136 3685 3261 3740 ﬁdei
3307 3695 3425 3742 rete
3453 3688 3681 3744 subdole

2098 3774 2376 3829 tentabant
2417 3775 2626 3846 ingredi
2675 3775 2813 3847 (Act.
2837 3777 2927 3847 v),
2967 3785 3112 3841 ante,
3143 3787 3202 3832 ut
3242 3776 3479 3834 Joannes
3509 3787 3680 3834 testa-

2099 3871 2208 3929 tur,
2246 3863 2401 3917 multi
2451 3864 2838 3934 discipulorum
2870 3865 2987 3934 ejus
3030 3867 3278 3921 abierunt
3313 3877 3484 3933 retro,
3513 3869 3678 3924 etiam

2099 3968 2206 4008 non
2233 3969 2356 4008 cum
2384 3953 2476 4007 illo
2510 3954 2859 4010 ambulabant
2884 3955 3064 4019 (Joan.
3085 3955 3185 4026 vt).
3215 3955 3294 4011 Ae
3323 3956 3519 4012 deinde
3543 3957 3678 4012 Bar-

2101 4048 2269 4104 nabas
2307 4056 2362 4103 et
2408 4048 2605 4104 Paulus
2650 4051 2717 4106 ad
2761 4049 2989 4104 salutem
3032 4048 3272 4120 gentium
3325 4059 3452 4104 sunt
3501 4049 3680 4106 vocati

2103 4139 2242 4210 (Act.
2276 4140 2418 4212 χιιι).

2175 4251 2246 4305 Et
2275 4260 2522 4307 venerunt
2543 4261 2591 4306 et
2618 4251 2958 4324 impleverunt
2989 4253 3170 4305 ambas
3202 4250 3489 4316 naviculas,
3521 4251 3595 4304 ita
3620 4259 3679 4307 ut

2101 4357 2230 4412 pene
2257 4353 2627 4413 mergerentur.
2654 4342 2856 4398 Harum
2887 4343 3126 4413 impletio
3157 4342 3373 4396 navium
3409 4357 3582 4412 usque
3621 4342 3679 4396 in

2025 4462 2077 4521 Β
2105 4431 2266 4486 ﬁnem
2294 4433 2477 4487 saeculi
2511 4433 2724 4489 crescit.
2757 4432 2861 4488 Sed
2904 4432 3047 4504 quod
3079 4431 3312 4501 impletae
3339 4440 3679 4502 merguntur,

2103 4525 2208 4579 hoc
2253 4532 2367 4588 est,
2415 4524 2468 4578 in
2515 4523 2940 4578 submersionem
2993 4529 3345 4592 premuntur,
3395 4537 3502 4577 non
3536 4524 3680 4578 enim

2103 4612 2415 4676 submersae,
2463 4612 2560 4666 sed
2607 4620 2788 4666 tamen
2837 4619 2962 4667 sunt
3012 4611 3360 4680 periclitatus,
3392 4611 3682 4684 Apostolus

2103 4699 2569 4768 exponit'dicens:
2600 4699 2667 4754 In
2703 4700 2992 4754 novissimis
3034 4700 3236 4764 diebus,
3272 4709 3424 4753 erunt
3448 4710 3682 4771 tempora

2103 4789 2429 4861 periculosa,
2474 4799 2523 4844 et
2567 4800 2715 4844 erunt
2747 4791 2980 4844 homines
3032 4791 3224 4861 seipsos
3271 4801 3527 4856 amantes,
3571 4800 3680 4846 etc.

2107 4880 2192 4953 (11
2225 4880 2357 4934 Tim.
2385 4880 2490 4950 ιιι).
2520 4881 2655 4935 Nam
2688 4881 2856 4951 mergi
2892 4895 3076 4943 naves,
3105 4890 3188 4935 est
3215 4881 3459 4936 homines
3487 4882 3540 4936 in
3574 4897 3678 4938 sae-

2105 4972 2307 5037 culum,
2334 4986 2399 5026 ex
2429 4987 2536 5040 quo
2562 4972 2688 5026 elati
2718 4987 2815 5042 per
2845 4971 3005 5026 ﬁdem
3046 4971 3284 5038 fuerunt,
3313 4987 3525 5027 morum
3549 4989 3679 5044 pra-

2104 5063 2513 5127 vitate'relabi,
2548 5062 2723 5131 qualis
2769 5071 2824 5118 et
2873 5065 2986 5134 ipse
3030 5063 3222 5119 Petrus
3266 5065 3444 5120 adhuc
3489 5065 3544 5120 in
3594 5067 3681 5121 in-

2105 5153 2362 5206 ﬁrmitate
2403 5153 2635 5222 positus,
2681 5154 2786 5208 hoe
2829 5153 2950 5209 loco
2991 5155 3361 5223 demonstrat,
3407 5155 3549 5212 unde
3592 5173 3682 5214 se—

2104 5242 2307 5310 quitur.

2178 5331 2331 5396 Quod
2349 5348 2467 5387 cum
2495 5333 2690 5387 videret
2712 5331 2895 5388 Simon
2926 5331 3134 5397 Petrus,
3164 5342 3267 5389 etc.
3296 5336 3399 5406 (Ex
3424 5336 3680 5410 August.)

2107 5423 2239 5489 Cuia
2261 5426 2502 5481 carnales
2520 5426 2718 5496 quique
2742 5426 2792 5480 in
2806 5426 3042 5484 Ecclesia
3068 5428 3306 5496 regimen
3331 5429 3679 5500 spiritalium,

2104 5513 2158 5567 in
2187 5514 2382 5583 quibus
2410 5515 2645 5571 maxime
2670 5515 2870 5570 Christi
2899 5531 3127 5584 persona
3157 5518 3375 5582 eminet,
3409 5534 3438 5573 a
3462 5535 3521 5582 se
3545 5535 3681 5590 quo-

2103 5603 2389 5660 dammodo
2437 5606 2722 5676 repellunt.
2755 5605 2870 5661 Non
2899 5607 3041 5661 enim
3071 5606 3174 5662 hac
3196 5623 3328 5663 voce
3369 5608 3565 5682 linguae
3599 5613 3683 5667 di-

2104 5701 2230 5749 cunt
2255 5695 2412 5752 bonis
2437 5696 2704 5764 ministris
2734 5697 2846 5762 Dei,
2877 5707 2936 5753 ut
2979 5712 3071 5752 eos
3097 5713 3126 5752 a
3153 5713 3210 5753 se
3243 5700 3539 5769 repellant,
3583 5702 3679 5759 sed

3568 288 3680 344 5'76
3897 81 3906 340 ‘
