3952 6426
183 309 288 364 577

1026 309 1553 368 COLLECTIONES
1591 311 1660 368 ΙΝ
1701 311 2087 368 EPISTOLAS
2124 311 2212 368 ET
2254 312 2675 370 EVANGELIA.

3365 314 3472 373 378

187 445 322 488 voce
349 444 566 486 morum
591 436 646 486 et
674 435 892 483 actuum
920 441 1145 482 suorum
1168 427 1399 482 suadent
1427 442 1456 480 a
1481 442 1540 482 se
1568 426 1766 489 recedi,
1801 432 1851 491 Α
1883 445 1902 478 ‹
1947 435 2002 482 et
2028 425 2259 498 dissipes
2285 435 2342 482 et
2370 427 2608 484 aediﬁces
2643 436 2699 485 et
2740 427 2976 499 plantes,
3027 428 3162 485 dicit
3208 427 3472 486 Domius

183 538 256 579 ne
285 538 382 595 per
405 523 579 577 bonos
601 529 880 592 regantur.
910 519 978 574 Et
1003 533 1067 574 eo
1094 518 1474 574 vehementius
1508 519 1653 589 quod
1686 519 1778 575 de-

184 616 374 670 ferunt
415 615 497 670 eis
538 615 826 678 honorem,
869 621 926 667 et
959 620 1139 667 tamen
1189 609 1347 668 factis
1392 613 1508 668 suis
1535 627 1566 666 a
1602 628 1661 668 se
1692 628 1779 667 re-

182 707 385 763 cedere
432 706 756 769 admonent,
788 713 848 759 ut
883 703 1350 758 honoriﬁcentiam
1381 719 1569 758 eorum
1612 704 1779 774 signi-

181 797 433 854 ﬁcaverit
462 797 657 852 Petrus
685 795 884 852 cadens
909 794 976 848 ad
1021 795 1185 863 pedes
1215 794 1448 848 Domini.
1480 793 1654 849 Mores
1683 811 1777 849 au-

184 897 295 944 tem
325 889 378 943 in
423 903 490 943 eo
533 886 678 959 quod
708 887 786 942 ait
815 904 827 940 :
859 884 962 939 Exi
991 903 1023 940 a
1053 902 1152 950 me,
1190 884 1433 949 Domine,
1470 886 1596 956 quia
1622 887 1776 940 homo

179 989 428 1050 peccator
450 995 584 1040 sum,
621 978 763 1048 quod
792 986 991 1042 tamen,
1019 977 1144 1046 quia
1184 992 1292 1030 non
1335 976 1463 1031 fecit
1493 976 1772 1043 Dominus,

179 1086 294 1125 non
326 1071 470 1124 enim
504 1069 731 1124 recessit
759 1069 828 1122 ah
857 1069 956 1134 eis,
987 1068 1082 1124 sed
1111 1083 1205 1123 eos
1231 1070 1515 1124 subductis
1545 1071 1776 1126 navibus

178 1161 252 1216 ad
279 1152 431 1216 littus
458 1161 742 1231 perduxit,
787 1158 1056 1230 signiﬁcat
1097 1159 1150 1214 in
1198 1160 1352 1214 bonis
1396 1169 1451 1214 et
1475 1161 1774 1231 spirituali-

176 1253 283 1310 bus
307 1255 459 1320 viris,
485 1269 592 1309 non
614 1268 737 1309 esse
757 1261 1007 1324 oportere
1031 1253 1172 1309 hanc
1195 1253 1550 1319 voluntatem,
1569 1262 1628 1308 ut
1655 1270 1776 1324 pec-

176 1345 320 1400 catis
349 1345 630 1399 turbarum
667 1345 967 1410 commoti,
1008 1359 1116 1415 quo
1148 1345 1301 1414 quasi
1336 1347 1582 1400 securius
1619 1356 1771 1401 tran-

174 1439 509 1509 quilliusque
541 1439 751 1503 vivant,
785 1452 982 1492 munus
1034 1437 1466 1492 ecclesiasticum
1496 1439 1766 1494 deserant.

248 1533 318 1589 Et
357 1545 430 1588 att
466 1533 537 1588 ad
586 1532 852 1588 Simonem
889 1531 1086 1586 Jesus:
1123 1531 1250 1590 Noli
1281 1533 1481 1588 timere.
1541 1533 1771 1589 Confer-

175 1632 261 1680 tat
299 1625 560 1680 Dominus
607 1624 856 1678 timorem
885 1622 1208 1687 carnalium,
1255 1622 1577 1694 animosque
1605 1624 1771 1696 fragi-

1886 535 1906 569 r
1947 517 2311 588 omnipotens.
2350 537 2371 572 ι

1951 604 2270 680 Priusquam
2293 619 2342 664 te
2383 609 2670 679 formarem
2720 611 2778 665 in
2805 621 2954 666 utero
2984 613 3100 666 novi
3127 623 3198 675 te,
3243 624 3293 666 et
3321 621 3471 667 ante-

1877 717 2034 772 quam
2075 702 2247 754 exires
2276 701 2340 755 de
2371 703 2522 756 vulva
2553 704 2878 774 sanctiﬁcavi
2901 715 2972 770 te,
3007 719 3054 759 et
3085 707 3389 776 prophetam
3411 707 3468 761 in

1875 795 2114 866 gentibus
2149 795 2270 849 dedi
2298 806 2364 850 te.
2441 797 2558 852 Non
2587 800 2730 866 quod
2767 807 2894 853 ante
2929 801 3360 868 conceptionem,
3407 809 3468 854 ut

1876 886 2112 941 hzerescs
2125 888 2490 956 suspicantur,
2513 889 2677 943 fuerit
2690 889 3013 954 Hieremias,
3037 891 3138 944 sed
3153 892 3296 958 quod
3324 907 3466 961 pra:-

1874 980 2202 1034 scieriteum
2227 979 2466 1034 futurum
2497 981 2878 1045 Dominus,cui
2907 981 3317 1044 needuml‘aeta,
3345 981 3462 1050 jam

1875 1068 2020 1125 facta
2046 1081 2194 1135 sunt,
2246 1072 2544 1126 secundum
2577 1071 2708 1126 illud
2733 1072 2875 1141 quod
2895 1054 3185 1140 Aposlolus
3205 1070 3463 1139 loquitur,

1871 1164 1962 1232 qui
1993 1172 2138 1216 vocat
2168 1179 2248 1222 ea,
2301 1178 2418 1232 qua:
2445 1180 2547 1216 non
2597 1171 2767 1225 erant,
2823 1161 2977 1232 quasi
3028 1178 3090 1214 ea
3135 1176 3255 1231 qua:
3296 1170 3464 1215 essent

1875 1251 2046 1323 (Rom.
2067 1250 2163 1323 tv).
2237 1251 2468 1318 Quidam
2493 1253 2639 1306 hunc
2673 1251 2851 1305 locum
2881 1267 3046 1320 super
3081 1252 3356 1305 salvatore
3382 1251 3467 1305 in-

1874 1345 2136 1416 telligunt,
2170 1347 2262 1416 qui
2294 1347 2512 1416 proprie
2552 1346 2816 1416 propheta
2867 1355 2951 1400 est
2977 1345 3238 1416 gentium,
3283 1352 3338 1398 et
3365 1359 3468 1414 per

1871 1437 2145 1508 apostolos
2171 1439 2386 1493 vocavit
2433 1453 2624 1493 omnes
2666 1438 2934 1492 nationes.
2985 1437 3090 1492 Iste
3137 1437 3281 1491 enim
3331 1451 3465 1492 vere

1868 1529 2183 1599 priusquam
2215 1529 2268 1584 in
2286 1538 2440 1584 utero
2457 1529 2785 1584 formaretur
2806 1527 3076 1599 virginali,
3093 1537 3150 1582 et
3165 1537 3460 1596 antequam

1868 1625 2044 1679 exiret
2073 1625 2138 1680 de
2162 1623 2320 1678 vulva
2355 1623 2568 1687 matris,
2591 1621 2961 1677 sanetiﬁcatus
2990 1621 3043 1674 in
3071 1629 3228 1674 utero
3258 1628 3361 1684 est,
3400 1627 3460 1674 et

174 1717 312 1773 lium
345 1717 677 1774 consolando
698 1717 878 1789 erigit,
922 1732 990 1771 ne
1018 1717 1140 1786 quis
1165 1716 1248 1770 vel
1278 1716 1344 1771 de
1368 1732 1465 1771 sua
1487 1718 1769 1772 conseien-
1796 1783 1836 1789 _
1871 1722 2030 1768 notus
2066 1713 2234 1783 patri,
2287 1712 2486 1782 quippe
2511 1711 2602 1782 qui
2631 1725 2846 1781 semper
2873 1710 2927 1764 in
2955 1718 3131 1780 patre,
3185 1717 3242 1764 et
3269 1709 3322 1762 in
3351 1723 3462 1778 quo

175 1811 254 1864 tia
305 1818 361 1866 et
405 1809 564 1880 culpa
615 1783 878 1873 tremens,
933 1806 1015 1861 vel
1036 1783 1122 1861 ide
1179 1806 1408 1860 aliorum
1455 1807 1764 1862 innocentia
1796 1783 2086 1874 Bsemper
2105 1813 2280 1874 pater.

171 1911 426 1974 stupens,
463 1903 766 1958 sanctitatis
807 1900 910 1957 ‘ter
940 1899 1193 1956 formidet
1221 1899 1464 1971 adgredi,
1493 1899 1636 1970 quod
1671 1915 1766 1953 au-

171 2003 284 2050 tem
323 1994 572 2064 sequitur
601 2013 614 2048 :
826 2005 864 2041 ο

246 2083 334 2139 Ea:
369 2086 467 2139 hoc
486 2085 604 2155 jam
625 2083 857 2137 homines
880 2083 982 2136 eris
1023 2083 1253 2153 capiens.
1312 2081 1394 2136 Ad
1441 2081 1618 2152 ipsum
1657 2080 1760 2136 Pe-

169 2181 322 2231 trum
367 2173 676 2244 specialiter
709 2171 962 2242 pertinet.
1028 2171 1262 2242 Exponit
1301 2172 1447 2226 enim
1489 2171 1538 2226 ei
1581 2171 1763 2226 Domi-

169 2283 300 2332 nus,
352 2265 481 2336 quid
507 2265 624 2320 hme
649 2263 880 2334 piscium
916 2271 1140 2332 captura
1169 2261 1459 2332 signiﬁcet,
1501 2263 1647 2334 quod
1682 2263 1764 2317 vi-

168 2358 369 2414 delicet
407 2357 542 2427 ipse,
593 2355 744 2426 sicut:
777 2371 921 2409 nunc
968 2369 1068 2424 per
1103 2355 1237 2409 retia
1273 2356 1484 2425 pisces,
1523 2357 1602 2411 sic
1657 2355 1759 2410 ali-

169 2446 392 2519 quando
421 2461 520 2516 per
559 2446 726 2501 verba
773 2445 844 2500 sit
887 2453 1146 2515 capturus
1187 2445 1455 2508 homines,
1505 2454 1761 2518 totusque

171 2536 305 2594 facti
336 2535 496 2606 hujus
551 2536 686 2591 ordo
740 2535 868 2605 quid
920 2536 974 2590 in
1013 2535 1280 2602 Ecclesia,
1327 2537 1482 2608 cujus
1536 2537 1650 2608 ipse
1683 2545 1760 2608 ty-

169 2644 302 2700 pum
337 2637 503 2696 tenet,
555 2627 796 2699 quotidie
835 2627 1062 2698 geritur,
1116 2627 1392 2694 ostendat,
1444 2628 1588 2699 quod
1627 2643 1758 2684 vero

169 2719 513 2792 subjungitur
540 2738 552 2774 :

241 2811 310 2868 Et
339 2811 607 2866 subductis
637 2811 706 2865 ad
737 2821 931 2865 terram
986 2811 1222 2874 navibus,
1280 2811 1475 2866 relictis
1517 2812 1756 2868 omnibus

167 2903 332 2956 secuti
359 2910 479 2955 sunt
504 2917 641 2954 eum.
701 2899 886 2955 Potest
931 2900 1236 2972 signiﬁcare
1269 2901 1428 2956 ﬁnem
1473 2903 1752 2974 temporis,

171 3007 281 3064 quo
311 2992 378 3046 ab
427 2991 734 3062 hnjnsmodi
760 2990 980 3055 saeculo,
1013 2991 1106 3062 qui
1156 2991 1373 3047 Christo
1416 2993 1751 3058 inhaeserint,

169 3083 386 3156 penitus
437 3081 700 3136 recessuri
749 3090 894 3136 sunt.
977 3081 1268 3136 Sciendum
1294 3092 1379 3137 est
1401 3090 1581 3136 autem
1614 3083 1755 3138 hanc

169 3172 414 3228 eamdem
446 3187 551 3226 non
575 3186 694 3226 esse
715 3170 1022 3236 lectionem,
1041 3187 1144 3241 qua
1162 3170 1445 3227 Matthteus
1468 3182 1521 3227 et
1538 3171 1754 3228 Marcus

169 3263 328 3320 binos
353 3262 418 3317 de
449 3262 713 3317 naviculis
736 3262 1060 3332 piscatores,
1101 3264 1278 3334 primo
1304 3263 1523 3318 Petrum
1541 3274 1597 3321 et
1644 3264 1756 3320 An-

169 3361 376 3425 dream,
407 3359 602 3415 deinde
631 3358 769 3413 ﬁlios
803 3358 1047 3414 Zebedzei
1068 3375 1098 3413 a
1138 3359 1366 3415 Domino
1390 3369 1616 3415 narrant
1633 3375 1755 3417 esse

169 3460 423 3517 vocatos;
452 3467 559 3506 non
587 3451 732 3505 enim
761 3465 856 3505 eos
878 3451 1053 3506 Lucas
1104 3467 1248 3507 nunc
1275 3468 1305 3506 a
1339 3453 1566 3508 Domino
1594 3469 1756 3509 voca-

172 3554 273 3608 tos,
303 3542 398 3597 sed
435 3551 641 3597 tantum
670 3539 833 3596 Petro
872 3539 1039 3596 fuisse
1075 3542 1419 3612 praedictum,
1470 3544 1615 3614 quod
1653 3544 1753 3598 ho-

169 3633 348 3688 mines
375 3641 520 3686 esset
545 3639 799 3701 capturus
829 3631 1098 3698 insinuat,
1130 3633 1273 3702 quod
1307 3649 1415 3688 non
1441 3633 1514 3688 ita
1549 3635 1754 3692 dictum

167 3733 254 3782 est
277 3725 432 3795 quasi
461 3725 572 3795 jam
603 3725 780 3795 pisces
811 3740 1085 3794 nunquam
1127 3733 1274 3780 esset
1299 3734 1578 3796 capturus.
1619 3725 1754 3782 Nam

166 3826 226 3874 et
256 3825 382 3889 post
403 3818 856 3872 resurrectionem
874 3815 1087 3871 Domini
1118 3817 1349 3898 legimus
1373 3833 1468 3874 eos
1491 3816 1656 3874 ivisse
1678 3818 1757 3889 pi-

166 3918 400 3976 scatum,
434 3911 576 3966 unde
615 3911 774 3966 datur
827 3911 1080 3982 intelligi,
1134 3926 1230 3966 eos
1254 3912 1322 3967 ad
1364 3923 1648 3982 capturam
1676 3914 1757 3984 pi-

166 4005 343 4061 scium
369 4019 436 4059 ex
465 4019 614 4058 more
643 4018 934 4071 remeasse,
965 4013 1025 4058 ut
1045 4013 1234 4075 postea
1263 4003 1436 4070 ﬁeret,
1465 4003 1608 4076 quod
1625 4004 1758 4058 Mat-

169 4094 344 4150 thqu
368 4103 424 4149 et
458 4093 670 4150 Marcus
699 4103 941 4158 narrant,
969 4094 1184 4164 quando
1205 4109 1302 4151 eos
1321 4095 1480 4150 binos
1517 4095 1752 4150 vocavit.

167 4186 322 4243 Tunc
350 4187 494 4241 enim
517 4202 624 4240 non
655 4187 932 4242 subductis
954 4202 985 4242 a
1009 4195 1154 4243 terra
1192 4171 1440 4254 navibus,
1497 4197 1756 4256 tanquam

166 4296 303 4336 cura
334 4280 612 4344 redeundi,
634 4281 727 4334 sed
759 4281 832 4334 ita
855 4293 978 4334 eum
1003 4280 1173 4335 secuti
1206 4288 1352 4345 sunt,
1373 4289 1632 4350 tanquam
1660 4295 1756 4333 vo-

166 4380 385 4432 cantem
416 4387 480 4430 ac
497 4371 798 4442 jubentem,
821 4381 881 4426 ut
907 4379 1284 4441 sequerentur.

475 4503 544 4558 1N
580 4502 829 4559 VlGlLlA
859 4500 1105 4557 SANCTI
1142 4500 1446 4558 JOANNIS.

421 4634 614 4675 LECTIO
646 4634 919 4673 IIIEREII£
959 4633 1275 4683 νιιοιηιετι,
1311 4633 1430 4673 CAP.
1471 4634 1510 4674 1.

249 4751 270 4786 s
313 4732 634 4803 Priusquam
659 4741 711 4788 te
738 4732 1029 4789 formarem
1055 4733 1108 4787 in
1139 4741 1296 4789 utero
1325 4733 1450 4788 novi
1481 4743 1556 4800 te,
1580 4742 1635 4790 et
1660 4751 1756 4790 an-

177 4843 197 4876 s
245 4833 462 4893 tequam
487 4825 666 4880 exires
683 4824 750 4879 de
773 4825 933 4879 vulva
961 4824 1292 4880 sanctiﬁcavi
1325 4835 1400 4892 te,
1435 4833 1490 4882 et
1513 4828 1754 4898 Prophe-

177 4943 198 4976 ι
246 4932 357 4978 tam
381 4924 434 4978 in
456 4923 702 4996 gentibus
723 4925 845 4983 dedi
866 4932 942 4988 te,
969 4931 1024 4979 et
1057 4923 1191 4990 dixi,
1220 4922 1288 4978 ah
1318 4923 1387 4978 ah
1413 4923 1504 4989 ah,
1529 4922 1756 4980 Domine

181 5036 202 5069 ι
248 5017 390 5072 Deus
418 5033 432 5071 :
487 5017 626 5072 Ecce
653 5017 837 5072 nescio
863 5016 1031 5085 loqui,
1059 5015 1187 5086 quia
1213 5029 1347 5086 puer
1379 5030 1478 5084 ego
1506 5031 1646 5071 sum.
1692 5015 1762 5071 Et

181 5127 201 5161 ε
250 5107 388 5163 dixit
416 5106 676 5163 Dominus
703 5107 770 5160 ad
794 5121 913 5162 me:
936 5105 1054 5161 Noli
1089 5105 1433 5174 dicere,quia
1454 5119 1588 5176 puer
1614 5121 1756 5172 sum,

178 5219 199 5253 ι
243 5199 500 5271 quoniam
529 5199 597 5254 ad
621 5199 801 5254 omnia
822 5214 941 5269 quae
964 5198 1175 5251 mittam
1205 5207 1254 5252 te
1276 5196 1398 5261 ibis,
1421 5205 1473 5250 et
1495 5197 1756 5252 universa

180 5308 200 5342 ι
247 5292 368 5360 (ιυὼ
396 5289 724 5344 mandavero
755 5289 850 5343 tibi
892 5287 1148 5358 loqueris.
1206 5285 1281 5341 Nc
1309 5286 1502 5341 timeas
1533 5302 1563 5340 a
1623 5285 1759 5343 faeie

179 5400 201 5436 ι
245 5383 599 5452 eorum,quia
628 5390 806 5437 tecum
836 5395 934 5451 ego
954 5397 1096 5446 sum,
1118 5388 1179 5434 ut
1201 5395 1390 5436 eruam
1417 5389 1468 5434 te
1498 5381 1631 5435 dicit
1650 5381 1758 5436 Do-

180 5491 201 5527 ι
248 5473 449 5528 minus.
482 5473 551 5528 Et
571 5473 718 5528 misit
737 5471 997 5528 Dominus
1014 5487 1232 5528 manum
1255 5486 1410 5525 suam
1422 5478 1475 5524 et
1501 5471 1676 5542 tetigit
1694 5486 1756 5526 os

181 5584 201 5618 s
246 5581 453 5630 meum,
478 5574 534 5619 et
553 5564 689 5620 dixit
715 5563 976 5618 Dominus
1013 5561 1079 5616 ad
1104 5577 1190 5617 me
1216 5579 1229 5612 :
1279 5561 1418 5616 Ecce
1443 5561 1567 5617 dedi
1594 5560 1756 5614 verba

180 5674 202 5710 ι
244 5673 365 5712 mea
407 5657 460 5710 in
489 5671 585 5711 ore
615 5663 728 5720 tuo,
767 5668 895 5710 ecce
927 5651 1182 5707 constitui
1209 5659 1262 5707 te
1287 5667 1449 5722 super
1475 5659 1660 5722 gentes
1703 5658 1758 5704 et

177 5766 200 5804 ί
246 5762 414 5822 super
461 5760 645 5820 regna,
676 5753 737 5800 ut
784 5741 982 5800 evellas
1009 5748 1062 5797 et
1088 5740 1338 5797 destruas
1375 5747 1430 5796 et
1455 5738 1755 5812 disperdas,

1936 1896 2006 1951 Et
2035 1898 2149 1952 dixi
2177 1939 2191 1965 ,
2223 1897 2290 1952 ah
2310 1897 2376 1952 ah
2401 1897 2489 1962 alt,
2517 1896 2741 1951 Domine
2764 1895 2924 1958 Deus,
2948 1912 3064 1950 ecce
3090 1895 3262 1950 nescio
3291 1893 3456 1966 loqui,

1863 1984 1987 2060 quia
2023 2005 2156 2059 puer
2184 2004 2277 2058 ego
2309 2004 2445 2043 sum.
2493 1985 2619 2041 Noli
2641 1987 2834 2051 dicere,
2854 1988 2978 2058 quia
3009 2003 3139 2056 puer
3165 2002 3302 2050 sum,
3333 2002 3461 2056 quo-

1864 2080 2007 2133 niam
2037 2079 2106 2133 ad
2137 2080 2311 2134 omnia
2337 2096 2454 2150 quce
2492 2079 2694 2132 mittam
2725 2087 2773 2132 te
2805 2077 2936 2142 ibis,
2976 2086 3023 2131 et
3057 2077 3300 2131 universa
3339 2093 3460 2148 qua:

1861 2169 2179 2224 mandavero
2210 2169 2302 2222 tibi
2331 2169 2582 2240 loqueris,
2599 2184 2662 2221 ne
2685 2169 2870 2221 timeas
2893 2185 2924 2220 a
2949 2166 3084 2236 facie
3109 2181 3311 2228 eorum,
3332 2165 3460 2236 quia

1861 2271 2030 2316 tecum
2054 2277 2144 2332 ego
2172 2279 2288 2315 sum
2313 2272 2367 2315 ut
2414 2278 2598 2316 eruam
2639 2269 2706 2327 te,
2741 2260 2869 2312 dicit
2895 2258 3178 2312 Dominus.
3232 2259 3460 2324 Quando

1861 2360 2040 2406 autem
2063 2353 2211 2407 venit
2238 2354 2291 2406 in
2315 2367 2516 2422 corpus
2539 2353 2861 2415 humanum,
2910 2349 3042 2404 dicit
3098 2350 3151 2402 in
3179 2349 3404 2404 exordio
3437 2366 3456 2404 :

1860 2445 2044 2499 nescio
2067 2444 2236 2515 loqui,
2268 2446 2394 2514 quia
2426 2443 2642 2512 juvenis
2667 2458 2767 2513 ego
2788 2456 2907 2496 sum
2941 2459 2953 2490 τ
2992 2441 3206 2511 juvenis
3235 2448 3458 2510 propter

1859 2534 2336 2605 dispensationem,
2385 2549 2551 2588 senex
2588 2532 2745 2603 juxta
2777 2531 2880 2586 hoc
2919 2530 3063 2601 quod
3121 2530 3456 2601 primogeni-

1857 2634 1944 2682 tus
1977 2626 2155 2682 omnis
2173 2635 2457 2681 creaturae.
2487 2623 2733 2690 Iuvenis,
2750 2624 2874 2695 quia
2903 2624 2956 2677 in
2981 2621 3456 2678 consummatiOne

1857 2721 2020 2776 etiam
2044 2719 2223 2775 saeculi
2253 2728 2307 2774 et
2332 2720 2386 2773 in
2414 2710 2720 2774 ex'tremnm
2759 2714 2920 2784 hujus
2952 2716 3076 2770 vita:
3124 2725 3335 2784 tempus
3361 2713 3458 2768 ad-

1857 2813 2030 2878 venit,
2052 2811 2184 2866 dicit
2216 2812 2419 2880 itaque,
2453 2810 2639 2864 nescio
2665 2807 2832 2878 loqui.
2883 2804 3010 2860 Scio
3036 2805 3178 2860 enim
3206 2802 3454 2874 quaedam

1857 2900 2065 2970 majora
2099 2901 2268 2970 loqui,
2311 2901 2425 2956 scio
2467 2899 2744 2968 eloquium
2794 2907 2980 2961 tuum,
3035 2895 3260 2949 verbum
3300 2901 3453 2948 tuum

1857 2973 1998 3050 sum.
2050 2993 2170 3050 Tibi
2213 2994 2326 3050 scio
2351 2993 2523 3064 loqui,
2553 2990 2867 3046 hominibus
2893 2989 3076 3044 nescio
3105 2988 3275 3058 loqui,
3299 2987 3456 3058 juve-

1858 3088 1946 3143 nis
1977 3103 2121 3144 sum.

1925 3179 1995 3233 Et
2022 3181 2163 3233 misit
2186 3175 2449 3232 Dominus
2477 3192 2693 3232 manum
2723 3189 2897 3238 suam,
2929 3180 2976 3227 et
3003 3171 3167 3241 tetigit
3192 3187 3248 3225 os
3276 3184 3452 3224 meum

1854 3280 1903 3326 et
1932 3270 2067 3324 dixit
2083 3269 2363 3333 Dominus,
2389 3275 2495 3324 etc.
2529 3265 2796 3322 Sermone
2816 3263 2911 3318 Dei
2943 3261 3262 3318 suﬁodietur
3287 3266 3456 3328 atque

1854 3368 2167 3423 destruetur
2211 3367 2335 3433 illa,
2385 3379 2548 3435 quam
2579 3368 2864 3418 consumet
2900 3357 3058 3413 Jesus
3096 3356 3291 3426 spiritu
3337 3355 3454 3410 oris

1854 3460 1960 3526 sui,
1993 3467 2048 3514 et
2072 3459 2313 3514 destruet
2341 3457 2574 3513 adventu
2605 3453 2909 3525 praesentiae
2943 3464 3052 3504 sum
3078 3447 3163 3520 (II
3190 3446 3344 3501 Thes.
3361 3445 3450 3518 ιι),

1853 3565 2072 3606 omnem
2094 3549 2302 3605 scilicet
2321 3549 2644 3618 sacrilegam
2675 3555 3094 3616 perversamque
3145 3538 3450 3594 doctrinam

1856 3643 2135 3713 disperdet
2195 3642 2250 3696 in
2296 3647 2637 3713 perpetuum.
2684 3635 2856 3691 Porro
2904 3649 2968 3688 ea
3009 3647 3129 3701 qua:
3168 3629 3453 3685 elevantur

1855 3742 2040 3791 contra
2078 3734 2367 3791 scientiam
2407 3732 2524 3797 Dei,
2567 3739 2622 3785 et
2655 3729 2709 3784 in
2738 3743 2832 3783 sua
2855 3725 3132 3783 conﬁdunt
3150 3723 3443 3793 sapientia,

1855 3842 1975 3896 qua:
2001 3826 2142 3897 apud
2165 3825 2332 3881 Deum
2379 3823 2608 3879 stultitia
2640 3828 2742 3886 est,
2781 3817 3067 3887 dissipabit
3092 3824 3254 3884 atque
3282 3815 3453 3884 depo-

1855 3926 1967 3983 net,
1995 3927 2055 3972 ut
2084 3915 2420 3972 aediﬁcentur
2441 3929 2540 3986 pro
2560 3913 2646 3968 his
2664 3910 2880 3974 similia,
2898 3917 2952 3965 et
2983 3909 3036 3962 in
3057 3907 3176 3964 loco
3206 3905 3453 3977 superio-

1856 4025 1978 4064 rum
2007 4022 2126 4079 qua:
2178 4008 2455 4062 destructa
2488 4013 2633 4068 sunt,
2665 4012 2720 4058 et
2766 4001 2951 4057 evulsa
2977 4007 3333 4056 exstruantur
3367 4006 3452 4054 at-

1856 4116 1960 4172 que
1988 4099 2321 4170 plantentur,
2367 4110 2487 4166 qua:
2533 4093 2932 4148 Ecclesiasticaa
2957 4089 3287 4145 conveniunt
3307 4087 3451 4142 veri-

1857 4193 1978 4254 tati,
2025 4199 2080 4247 et
2140 4175 2430 4259 impleatur
2459 4186 2590 4240 illud
2625 4185 2769 4255 quod
2821 4183 2954 4239 dicit
2973 4179 3296 4250 Apostolus:
3346 4177 3450 4232 Dei

1857 4281 2159 4352 a’diﬁcatio,
2203 4277 2301 4331 Dei
2326 4274 2655 4349 agricultura
2699 4273 2822 4327 estis
2878 4269 2930 4343 (I
2959 4268 3084 4325 Cor.
3122 4271 3227 4340 ιιι).
3292 4267 3449 4323 Multi

1857 4372 2003 4427 hunc
2040 4369 2220 4423 locum
2243 4381 2406 4436 super
2427 4377 2654 4435 persona
2685 4360 2887 4416 Christi
2912 4357 3241 4426 intelligunt.
3291 4363 3448 4414 rum

1781 4481 1834 4541 ι)
1861 4462 2006 4516 enim
2046 4459 2433 4528 interpretatur
2485 4450 2734 4507 excelsus
2777 4447 3010 4541 Domini,
3056 4445 3147 4515 qui
3177 4442 3448 4541 destruxit

1858 4565 2022 4620 regna
2053 4546 2276 4610 diaboli,
2308 4559 2428 4615 qua:
2443 4542 2544 4597 sibi
2572 4541 2627 4594 in
2656 4537 2872 4594 excelso
2897 4544 3082 4590 monte
3107 4534 3443 4600 ostenderat,

1858 4641 2203 4699 adversarias
2231 4636 2462 4709 perdidit
2484 4637 2800 4705 potestates,
2818 4629 3004 4685 delens
3025 4626 3446 4698 chirographum

1856 4749 2107 4791 errorum
2150 4732 2204 4787 in
2253 4742 2438 4797 cruce,
2475 4727 2542 4782 de
2574 4724 2770 4795 quibus
2795 4729 2851 4776 et
2872 4721 2926 4775 in
2966 4717 3181 4774 Psalmo
3202 4725 3323 4787 post
3352 4715 3444 4770 hi-

1857 4825 2041 4882 storia:
2069 4823 2354 4878 veritatem
2381 4823 2636 4895 τροπικῶς
2673 4814 2912 4883 loquitur
2943 4828 2956 4864 :
3003 4809 3181 4876 Quare
3223 4808 3448 4878 fremue-

1859 4927 2190 4988 runtgentes,
2237 4925 2284 4968 et
2311 4911 2494 4984 populi
2545 4908 2782 4963 meditati
2809 4915 2930 4961 sunt
2974 4904 3201 4959 inania.’
3254 4902 3447 4958 Auito-

1861 5017 1982 5062 runt
2009 5022 2148 5077 reges
2182 5015 2335 5058 terra
2393 5010 2440 5056 et
2469 4999 2728 5071 principes
2775 5003 3123 5049 convenerunt
3176 4993 3231 5046 in
3279 5007 3446 5047 unum

1861 5099 2032 5170 (Psal.
2066 5098 2128 5168 ιι)
2150 5097 2175 5149 ‘l
2219 5094 2325 5149 Pro
2344 5093 2430 5147 his
2460 5091 2682 5153 evulsis,
2711 5087 3020 5148 destructis,
3051 5085 3276 5156 perditis
3307 5093 3362 5139 et
3387 5082 3444 5139 in

1859 5189 2118 5245 inferiora
2157 5185 2440 5249 detractis,
2492 5181 2796 5238 aediﬁcatur
2829 5179 3069 5234 Ecclesia
3095 5177 3211 5232 Dei.

2265 5289 2603 5329 EVANGELIUM
2635 5287 2806 5335 ωδε,
2843 5286 2960 5324 «ΑΡ.
2993 5286 3032 5323 ῐ.

1937 5390 1956 5424 ‹
2001 5370 2128 5426 Fuit
2176 5369 2232 5424 in
2262 5367 2450 5423 diebus
2500 5364 2728 5420 Herodis
2773 5365 2914 5433 regis
2950 5363 3149 5417 Judseze
3189 5361 3442 5416 sacerdos

1867 5481 1886 5515 ι
1931 5462 2151 5532 quidam
2171 5459 2386 5513 nomine
2412 5455 2723 5521 Zacharias,
2783 5455 2848 5510 de
2869 5455 2987 5510 vice
3013 5454 3169 5516 Abia,
3215 5461 3268 5505 et
3305 5466 3445 5506 uxor

1867 5570 1887 5605 ι
1932 5552 2008 5607 illi
2052 5549 2120 5605 de
2166 5549 2379 5604 ﬁliabus
2422 5547 2625 5611 Aaron,
2673 5553 2730 5601 et
2781 5561 2974 5601 nomen
3017 5543 3134 5612 ejus
3179 5541 3439 5597 Elisabet.

1868 5664 1889 5697 α
1931 5645 2101 5700 Erant
2121 5650 2301 5697 autem
2323 5641 2456 5711 justi
2484 5639 2644 5694 ambo
2672 5648 2797 5692 ante
2825 5637 3013 5702 Deum,
3048 5633 3368 5690 incedentes
3386 5632 3444 5687 in

1868 5755 1890 5792 ε
1933 5733 2185 5794 omnibus
2209 5731 2478 5789 mandatis
2499 5739 2554 5789 ct
2573 5729 3049 5804 justiﬁcationibus
3075 5725 3288 5782 Domini
3321 5725 3442 5784 sine
