3952 6430
534 285 639 343 379

1796 280 2148 338 SMABAGDI
2187 277 2478 337 ABBATIS

3702 278 3810 333 380

539 416 561 452 α
605 396 848 469 querela,
877 402 932 450 et
960 411 1066 451 non
1091 403 1213 451 erat
1240 393 1350 450 illis
1370 392 1530 461 ﬁlius,
1553 409 1620 450 eo
1638 393 1781 464 quod
1811 401 1958 449 esset
1986 393 2100 447 Eli-
2130 399 2182 458 Α
2205 401 2259 445 et
2295 393 2349 446 in
2378 396 2713 453 conscientia
2735 401 2919 450 nostra
2947 407 3097 448 vana:
3130 392 3317 464 gloriae
3356 393 3550 448 sordes
3589 395 3806 464 spargi-

539 509 558 543 t
603 489 761 544 zabet
811 487 1030 552 sterilis,
1086 494 1142 540 et
1185 485 1344 540 ambo
1391 485 1785 555 processissent
1833 484 1889 539 in
1918 485 2112 540 diebus

2210 499 2347 546 mus,
2372 492 2432 537 ut
2451 483 2761 540 hominibus
2789 483 3116 554 placeamus,
3140 499 3249 538 non
3280 482 3407 538 illud
3427 481 3643 554 absque
3670 499 3805 554 que-

539 600 558 632 ι
603 581 736 636 suis.
755 577 982 632 Factum
1004 585 1090 632 est
1113 585 1294 630 autem
1317 590 1444 630 cum
1467 575 1774 632 sacerdotio
1795 573 2112 647 fungeretur
2209 576 2318 631 rela
2353 575 2610 632 facimus.

534 688 552 721 ι
600 670 891 724 Zacharias
917 669 974 722 in
997 667 1191 722 ordine
1237 666 1372 721 vicis
1394 681 1506 721 suae
1525 675 1651 720 ante
1671 665 1864 730 Deum,
1915 680 2112 720 secun-

531 777 552 813 c
599 762 724 816 dum
749 759 1200 816 consuetudinem
1241 759 1533 814 sacerdotii
1564 767 1711 814 sorte
1735 758 1890 822 exiit,
1927 767 1988 812 ut
2030 758 2110 812 in-

529 872 549 904 s
596 867 817 908 censum
846 853 1168 921 imponeret,
1214 850 1492 920 ingressus
1520 849 1574 902 in
1590 849 1847 919 templum
1868 848 2104 913 Domini,

529 961 549 994 ς
587 952 643 998 et
667 943 846 997 omnis
871 943 1158 996 multitudo
1207 939 1387 1011 populi
1421 949 1541 994 erat
1569 955 1731 994 orans
1773 938 1928 1004 foris,
1972 937 2107 992 hora

529 1051 549 1085 ι
595 1033 821 1088 incensi.
861 1032 1128 1101 Apparuit
1153 1039 1332 1085 autem
1361 1031 1437 1084 illi
1463 1030 1685 1098 angelus
1702 1028 1934 1092 Domini,
1955 1035 2106 1084 stans

530 1141 552 1177 ι
596 1139 626 1178 a
661 1125 866 1179 dextris
899 1124 1084 1178 altaris
1126 1123 1355 1177 incensi.
1411 1122 1478 1175 Et
1517 1122 1814 1176 Zacharias
1855 1121 2104 1176 turbatus

529 1233 549 1268 ‹
595 1224 680 1270 est
708 1216 920 1280 videns,
976 1215 1214 1270 et-timor
1245 1214 1403 1268 irruit
1425 1229 1589 1283 super
1623 1228 1768 1267 eum.
1808 1212 1899 1267 Ait
1918 1223 2101 1268 autem

527 1323 549 1357 ο
595 1305 660 1358 ad
685 1304 831 1358 illum
859 1303 1119 1374 angelus:
1171 1302 1249 1358 Ne
1282 1304 1494 1368 timeas,
1533 1303 1814 1370 Zacharia,
1843 1307 2100 1374 quoniam

529 1415 548 1450 ι
587 1397 838 1453 exaudita
867 1405 952 1452 est
981 1397 1289 1465 deprecatio
1328 1404 1440 1461 tua,
1474 1404 1529 1450 et
1558 1411 1697 1451 uxor
1727 1405 1816 1451 tua
1859 1397 2104 1454 Elizabct

527 1513 546 1545 ι
590 1493 765 1562 pariet
790 1492 887 1547 tibi
911 1491 1099 1556 ﬁlium,
1123 1499 1177 1546 et
1201 1492 1418 1547 vocabis
1446 1506 1640 1546 nomen
1671 1491 1790 1562 ejus
1810 1491 2096 1547 Joannem.

525 1605 544 1638 ‹
593 1586 660 1638 Et
686 1584 793 1639 erit
819 1585 913 1654 tibi
934 1583 1184 1655 gaudium
1212 1591 1267 1639 et
1286 1583 1596 1648 exsultatio,
1623 1592 1681 1639 et
1702 1583 1857 1638 multi
1880 1585 1935 1640 in
1961 1584 2101 1638 nati-

525 1695 542 1726 ι
588 1675 758 1729 vitate
778 1673 894 1744 ejus
917 1672 1242 1742 gaudebunt.
1293 1673 1412 1727 Erit
1458 1673 1601 1726 enim
1641 1688 1869 1742 magnus
1912 1687 2096 1728 coram

2276 665 2502 720 Factum
2528 677 2604 721 est
2641 675 2816 720 autem
2841 683 2959 719 cum
2993 666 3288 720 sacerdotio
3336 667 3653 738 fungeretur
3695 665 3804 721 Za—

2206 759 2440 824 charias,
2461 767 2566 814 etc.
2597 757 2698 824 Qui
2732 757 2874 812 enim
2899 765 3044 812 sorte
3066 758 3306 830 eligitur,
3331 759 3574 814 humano
3587 759 3800 828 judicio

2206 867 2314 905 non
2337 851 2828 921 comprehenditur,
2857 851 2944 906 ille
2982 851 3146 922 igitur
3191 854 3534 922 quaerebatur
3558 895 3574 918 ,
3629 871 3794 924 quem

2206 942 2309 996 iste
2343 941 2630 1011 ﬁgurabat,
2671 957 2833 996 verus
2861 941 2915 996 in
2938 952 3201 997 aeternum
3228 947 3500 1008 sacerdos,
3540 946 3627 1000 cui
3652 947 3792 1000 dici-

2205 1040 2333 1088 tur:
2379 1031 2456 1086 Tu
2477 1049 2530 1086 es
2554 1033 2798 1086 sacerdos
2823 1033 2877 1087 in
2907 1043 3158 1086 aeternum
3191 1029 3504 1106 (Psal.c1x),
3557 1036 3650 1104 qui
3683 1050 3788 1088 non

2203 1122 2502 1177 hostiarum
2521 1138 2734 1189 cruore,
2758 1124 2853 1178 sed
2889 1123 3128 1194 proprio,
3156 1123 3370 1179 Patrem
3402 1125 3574 1180 Deum
3597 1128 3789 1196 generi

2204 1214 2578 1269 reconciliaret
2606 1213 2864 1269 humano.
2907 1213 3011 1268 Sed
3037 1222 3163 1268 tunc
3186 1215 3406 1283 sanguis
3433 1213 3786 1282 fundebatur,

2203 1304 2257 1358 in
2298 1305 2476 1375 specie
2523 1306 2776 1360 sacerdos
2817 1305 3188 1359 ordinabatur.
3241 1304 3393 1360 Nunc
3427 1306 3553 1375 quia
3581 1309 3785 1362 veritas

2201 1395 2366 1459 venit,
2402 1394 2766 1464 relinquamus
2786 1395 3040 1464 speciem,
3078 1404 3132 1449 et
3155 1396 3439 1450 veritatem
3468 1412 3781 1466 sequamur.

2203 1482 2355 1537 Tunc
2380 1483 2596 1553 quidem
2629 1484 2776 1540 vices
2810 1491 2987 1556 erant,
3021 1501 3164 1540 nunc
3189 1481 3369 1539 autem
3392 1495 3477 1540 est
3513 1487 3782 1556 perpetui-

2202 1582 2302 1629 tas.
2321 1572 2488 1641 Quem
2516 1575 2681 1630 alium
2701 1574 3344 1646 signiﬁcabatZacharias
3373 1577 3650 1640 sacerdos,
3677 1577 3780 1632 nisi

2200 1679 2323 1720 eum
2343 1667 2699 1733 sacerdotem,
2721 1668 2806 1722 cui
2836 1666 3160 1722 sacriﬁcium
3186 1683 3293 1723 non
3320 1677 3465 1723 esset
3483 1683 3779 1723 commune

523 1782 541 1816 ‹
588 1764 831 1827 Domino,
862 1771 916 1817 et
947 1764 1130 1816 vinum
1156 1770 1211 1816 et
1263 1762 1494 1816 siceram
1522 1777 1629 1816 non
1659 1763 1829 1828 bibet,
1883 1770 1940 1816 et
1979 1761 2099 1832 Spi-
2125 1755 2172 1814 B
2200 1772 2321 1811 cum
2362 1757 2598 1823 caneris,
2627 1759 2718 1828 qui
2743 1773 2852 1813 non
2872 1758 2928 1812 in
2952 1773 3111 1812 manu
3142 1759 3302 1814 factis
3327 1759 3544 1829 templis
3573 1759 3782 1815 sacriﬁ-

521 1875 542 1906 ‹
588 1855 694 1910 ritu
751 1863 941 1911 sancto
990 1853 1326 1924 replebitur,
1371 1853 1548 1908 adhuc
1595 1867 1663 1908 ex
1706 1862 1861 1908 utero
1905 1855 2096 1907 matris

520 1961 540 1996 ι
585 1960 719 2010 suae,
748 1953 806 1999 et
833 1943 1030 1998 multos
1078 1943 1313 1997 ﬁliorum
1363 1941 1529 1996 lsrael
1577 1951 1859 1997 convertet
1891 1944 1959 1998 ad
1993 1943 2098 1998 Do-

519 2052 538 2084 ‹
584 2034 792 2087 minum
823 2032 994 2088 Deum
1024 2033 1284 2101 ipsorum.
1330 2030 1399 2086 Et
1439 2032 1554 2101 ipse
1580 2032 1849 2102 pra-cedet
1879 2041 2004 2088 ante
2030 2032 2095 2087 il-

521 2144 540 2176 ι
586 2125 696 2178 lum
748 2125 802 2180 in
829 2124 1022 2194 spiritu
1063 2132 1119 2179 et
1153 2125 1351 2179 virtute
1395 2124 1546 2187 Elim,
1580 2133 1639 2178 ut
1667 2131 1946 2179 convertat
1969 2140 2096 2178 cor-

518 2235 537 2268 ι
582 2217 648 2270 da
689 2225 904 2286 patrum
948 2216 1004 2269 in
1054 2215 1194 2270 ﬁlios
1221 2255 1236 2278 ,
1287 2222 1344 2269 et
1389 2214 1694 2294 incredulos
1751 2213 1819 2268 ad
1861 2214 2096 2283 pruden-

520 2323 540 2356 ι
589 2305 718 2359 tiam
749 2305 1018 2375 justorum
1045 2344 1062 2370 ,
1125 2319 1323 2376 parare
1356 2303 1586 2359 Domino
1644 2303 1854 2374 plebem
1912 2302 2092 2373 perfe-

519 2415 536 2448 ‘
584 2404 1002 2538 in’diebus
1024 2481 1252 2538 Herodis
1299 2484 1432 2555 regis
1460 2483 1666 2538 Juda'te
1709 2483 1953 2538 sacerdos
2001 2500 2095 2538 no-

511 2577 649 2630 mine
674 2574 986 2629 Zacharias.
1016 2575 1116 2645 (Ex
1147 2573 1333 2645 Beda.)
1364 2574 1719 2629 Sacrosancta
1745 2575 2094 2642 pnecursoris

512 2665 725 2721 Domini
751 2665 1004 2720 nobilitas
1033 2681 1140 2719 non
1167 2665 1342 2720 solum
1361 2682 1390 2719 a
1421 2665 1758 2736 parentibus,
1797 2665 1891 2720 sed
1914 2681 1944 2720 a
1967 2681 2090 2734 pro-

512 2753 846 2824 genitoribus
888 2752 1120 2825 gloriosa
1163 2753 1462 2819 descendit,
1512 2764 1778 2823 quatenus
1830 2755 2091 2810 adventus

509 2845 656 2901 illius
681 2844 863 2910 ﬁdem,
886 2861 993 2900 non
1018 2846 1194 2900 subita
1227 2845 1582 2915 inspiratione
1605 2854 1947 2916 conceptam,
2001 2862 2091 2902 ve-

510 2953 630 2992 rum
644 2939 789 2994 avita
803 2938 972 3010 magis
993 2937 1378 3010 propagatione
1391 2947 1697 3008 susceptam
1722 2939 1946 2995 liberius
1956 2955 2090 3009 pra:-

512 3029 739 3084 dicaret.

2201 1855 2351 1901 caret
2360 1863 2458 1917 pro
2482 1847 2656 1914 nobis,
2672 1848 2765 1902 sed
2784 1849 2840 1903 in
2867 1849 2950 1902 sui
2972 1848 3214 1918 corporis
3236 1849 3436 1918 templo
3457 1861 3640 1904 nostra
3653 1863 3780 1920 pec-

2197 1946 2316 1990 cata
2356 1945 2632 1992 vacuaret.

2267 2029 2420 2086 Sorte
2433 2033 2557 2086 exiit
2587 2041 2643 2086 ut
2670 2032 2937 2088 incensum
2965 2043 3200 2104 poneret,
3228 2043 3334 2090 etc.
3375 2033 3656 2090 lncensum
3686 2051 3782 2092 au-

2194 2128 2303 2175 tem
2342 2121 2398 2176 in
2445 2133 2634 2177 sancta
2657 2133 2966 2179 sanctorum
3000 2138 3031 2177 a
3062 2125 3314 2194 pontiﬁce
3335 2123 3555 2191 deferri,
3590 2140 3777 2196 exspe-

2193 2222 2375 2268 ctante
2399 2214 2530 2268 foris
2555 2215 2810 2284 templum
2827 2216 2972 2269 onmi
2996 2214 3214 2284 populo,
3231 2215 3437 2270 decima
3461 2215 3547 2270 die
3562 2216 3776 2286 septimi

2194 2308 2394 2363 mensis
2442 2315 2526 2361 est
2558 2305 2791 2374 jussum.
2845 2307 2913 2361 Et
2935 2307 3074 2363 hanc
3105 2308 3247 2362 diem
3281 2309 3627 2377 expiationis,
3662 2309 3774 2363 sive

2193 2395 2588 2466 pr0pitiationis
2621 2396 2828 2459 vocari,
2857 2411 2976 2465 quae
3001 2397 3142 2467 apud
3167 2413 3267 2452 nos
3290 2397 3360 2451 ob
3388 2398 3600 2452 varium
3629 2399 3773 2454 lunae

2191 2486 2518 2552 discursum,
2542 2502 2572 2538 a
2599 2501 2703 2555 qua
2728 2502 2942 2544 menses
2981 2495 3295 2558 computant
3329 2487 3560 2552 Hebraei,
3614 2490 3774 2543 modo

2193 2577 2248 2630 in
2275 2575 2578 2646 Septembri
2626 2590 2832 2640 mense,
2871 2577 3031 2631 modo
3070 2577 3258 2647 incipit
3302 2577 3357 2631 in
3385 2575 3774 2646 0ctobri,quia

2191 2667 2400 2722 scilicet
2445 2666 2666 2730 mensis,
2723 2681 2829 2735 quo
2876 2666 3085 2721 Pascha
3124 2668 3358 2738 geritur,
3413 2668 3770 2739 anniprinci-

2191 2760 2338 2830 pium
2377 2767 2542 2823 tenet,
2591 2758 2804 2813 dicente
2844 2757 3110 2813 Domino:
3145 2759 3342 2814 Mensis
3373 2761 3470 2814 iste
3495 2759 3635 2815 vobis
3669 2760 3774 2830 pri-

2191 2869 2306 2906 mus
2328 2851 2423 2904 erit
2450 2851 2502 2902 in
2533 2848 2788 2903 mensibus
2829 2850 2974 2904 anni.
3010 2849 3226 2904 Decima
3274 2850 3359 2904 die
3387 2851 3587 2904 mensis
3613 2849 3770 2920 hujus

2190 2946 2342 3000 tollat
2369 2945 2736 3013 unusquisque
2787 2958 3009 3013 agnum,
3065 2952 3171 2998 etc.
3207 2943 3376 3015 Hujus
3419 2943 3526 2998 diei
3576 2951 3770 3014 myste-

2191 3039 2330 3092 rium
2357 3036 2597 3108 implevit
2617 3049 2776 3091 verus
2799 3036 3039 3106 pontifex
3068 3035 3245 3103 Iesus,
3270 3037 3485 3108 quando
3505 3037 3767 3108 completa

577 3125 656 3180 De
677 3125 780 3179 vice
811 3123 963 3178 Abia.
1019 3123 1221 3195 Viginti
1246 3131 1480 3193 quatuor
1509 3123 1575 3178 de
1609 3124 1980 3179 sacerdotibus
2000 3139 2090 3178 or-
2117 3111 2161 3172 C
2192 3130 2590 3200 dispensatione
2624 3129 2803 3184 carnis
2834 3130 2886 3184 in
2939 3129 3198 3200 sanguine
3245 3131 3486 3202 proprio,
3537 3131 3659 3187 caeli
3689 3147 3769 3188 se-

507 3217 662 3272 diues
699 3215 753 3269 in
786 3215 1088 3270 ministerio
1115 3214 1308 3268 domus
1332 3213 1548 3268 Domini
1577 3222 1724 3268 sorte
1745 3229 1777 3266 a
1801 3211 2090 3268 Salomone

508 3313 637 3361 sunt
661 3305 838 3369 divisi,
879 3304 933 3358 in
982 3304 1178 3372 quibus
1217 3303 1354 3358 Abia
1384 3301 1620 3367 familiae,
1653 3303 1720 3358 de
1761 3318 1865 3371 qua
1886 3301 2091 3357 Zacha-

509 3399 620 3452 rias
643 3404 796 3450 ortus
824 3404 926 3461 est,
956 3410 1076 3450 sors
1095 3395 1321 3466 contigit
1345 3402 1556 3449 octava.
1616 3393 1731 3448 Non
1755 3394 1954 3449 frustra
1979 3396 2089 3464 pri-

508 3502 631 3541 mus
672 3484 805 3539 Novi
843 3485 1174 3540 Testamenti
1220 3499 1398 3554 praeco
1448 3485 1502 3537 in
1535 3493 1727 3538 octava
1775 3485 1935 3539 sortis
1971 3484 2088 3540 vice

508 3578 771 3642 nascitur,
797 3577 928 3645 quia
952 3577 1096 3629 sicut
1122 3575 1427 3644 septenario
1446 3589 1586 3645 sche
1613 3590 1836 3629 numero
1867 3583 2088 3645 propter

419 3687 421 3690 ί
509 3668 792 3722 sabbatum
818 3667 986 3723 Vetus
1013 3665 1440 3730 Testamentum,
1466 3666 1544 3720 sic
1567 3664 1772 3720 Novum
1800 3665 2087 3734 aliquoties

510 3760 794 3814 octonario
804 3764 1024 3828 propter
1043 3763 1444 3812 sacramentum
1465 3756 1876 3811 resurrectionis
1906 3771 1968 3810 ex
1976 3755 2087 3824 pri-

511 3852 707 3916 mitur;
739 3849 882 3903 unde
907 3849 1033 3917 quia
1062 3863 1169 3902 non
1198 3847 1355 3901 aliter
1373 3863 1532 3918 quam
1553 3863 1650 3918 per
1678 3847 2084 3902 observantiam

510 3943 794 4010 utriusque
822 3940 1130 3996 testamenti
1153 3940 1303 4009 regni
1332 3940 1568 3994 caelestis
1597 3938 1716 3992 aula
1746 3945 2083 4008 penetratur,

508 4044 657 4090 recte
679 4042 734 4090 et
776 4033 832 4088 in
868 4033 1064 4104 templo
1110 4032 1414 4088 Salomonis
1472 4032 1732 4103 mysticus
1780 4029 2086 4103 quindecim

507 4126 772 4197 graduum
799 4139 1058 4180 ascensus
1084 4123 1246 4179 fuisse
1262 4133 1535 4179 narratur.

579 4219 649 4272 Et
679 4234 813 4272 uxor
837 4217 950 4286 ejus
971 4217 1036 4271 de
1055 4217 1265 4286 ﬁliabus
1294 4216 1493 4271 Aaron.
1523 4215 1687 4271 Plena
1714 4215 1878 4286 igitur
1900 4215 2087 4269 lauda-

508 4309 604 4374 tio,
627 4324 732 4378 qua
742 4323 930 4379 genus,
946 4324 1146 4374 mores,
1160 4307 1415 4371 olIicium,
1434 4307 1656 4372 factum,
1663 4307 1926 4376 judicium
1940 4322 2087 4361 com—

506 4399 811 4470 prehendit.
871 4399 1052 4455 Genus
1075 4401 1131 4454 in
1155 4398 1474 4468 majoribus,
1513 4414 1692 4454 mores
1722 4399 1776 4451 in
1805 4398 2083 4466 aequitate,

504 4488 736 4545 oﬁicium
762 4489 818 4543 in
845 4489 1170 4554 sacerdotio,
1197 4488 1397 4543 factum
1423 4488 1477 4541 in
1504 4488 1780 4552 mandato,
1811 4488 1864 4541 in
1885 4486 2087 4556 justiﬁ-

507 4578 721 4635 catione
731 4578 1016 4649 judicium.

576 4668 747 4724 Erant
780 4678 955 4723 autem
977 4669 1114 4739 justi
1143 4668 1294 4722 ambo
1323 4675 1443 4720 ante
1477 4665 1666 4720 Deum.
1696 4665 1892 4721 Beatus
1912 4666 2001 4734 qui
2028 4666 2081 4720 in

505 4770 798 4830 conspectu
828 4760 926 4814 Dei
953 4759 1130 4826 justus
1152 4767 1256 4820 est,
1306 4765 1466 4826 atque
1508 4756 1810 4810 laudabilis.
1891 4757 2082 4812 Evenit

505 4854 723 4924 quippe,
750 4861 812 4906 ut
834 4852 1054 4906 laudent
1085 4849 1333 4905 homines
1359 4863 1505 4911 eum,
1553 4849 1644 4918 qui
1663 4865 1765 4901 non
1791 4859 1874 4903 est
1899 4850 2083 4905 lauda-

503 4945 646 5009 bilis,
680 4953 736 5000 et
767 4944 818 4998 ei
845 4942 1153 5006 detrahant,
1175 4941 1264 5010 qui
1293 4940 1514 4994 minime
1542 4939 1875 4995 detractione
1889 4941 2080 5012 dignus

504 5044 608 5090 est.
667 5034 827 5088 Solus
842 5032 1003 5096 Deus,
1031 5040 1087 5087 et
1120 5032 1176 5086 in
1203 5030 1380 5095 laude,
1408 5039 1464 5086 et
1488 5031 1543 5085 in
1570 5031 1967 5102 vituperatione
1992 5031 2080 5102 ju-

508 5134 624 5180 stus
645 5131 729 5176 est
749 5120 937 5188 judex.

579 5216 885 5270 Incedentes
900 5214 954 5268 in
985 5213 1220 5267 omnibus
1244 5213 1504 5268 mandatis
1536 5225 1582 5267 et
1611 5215 2080 5284 justi/icationibus

509 5308 719 5366 Domini
758 5308 869 5361 sine
895 5305 1123 5376 querela.
1167 5306 1484 5376 Plerumque
1516 5307 1726 5378 justitia
1753 5308 1957 5370 durior,
1986 5307 2082 5360 ho-

509 5401 715 5457 minum
747 5399 1023 5470 querelam
1046 5407 1318 5468 provocat,
1349 5414 1467 5469 quae
1493 5416 1621 5454 vero
1649 5406 1947 5468 temperata
1977 5406 2081 5462 est,

509 5491 624 5560 ipsa
679 5505 791 5546 sure
833 5487 1131 5544 dulcedinis
1161 5490 1332 5560 gratia
1363 5491 1523 5545 etiam
1566 5489 1778 5544 invidia).
1805 5489 2082 5558 querimo-

511 5581 654 5635 niam
686 5580 838 5634 vitat.

582 5672 690 5743 (Ex
719 5671 894 5744 Amb.)
933 5670 1157 5740 Quando
1187 5673 1331 5729 enim
1367 5671 1591 5726 facimus
1625 5670 1931 5724 inundatum
1966 5668 2079 5733 Dei,

2191 3231 2338 3278 creta
2370 3221 2563 3286 subiit,
2603 3229 2663 3274 ut
2687 3221 2983 3290 pr0pitium
3029 3221 3185 3276 nobis
3212 3219 3420 3276 faceret
3448 3225 3688 3284 Patrem,
3715 3231 3770 3279 et

2190 3312 2560 3382 interpellaret
2602 3326 2702 3382 pro
2754 3312 2994 3381 peccatis
3033 3327 3221 3366 eorum
3249 3353 3264 3378 ,
3307 3313 3400 3382 qui
3444 3313 3621 3367 adhuc
3655 3329 3764 3382 prae

2187 3404 2396 3459 foribus
2451 3411 2671 3458 orantes
2725 3411 3042 3474 exspectant
3093 3411 3148 3457 et
3203 3402 3432 3475 diligunt
3477 3404 3764 3459 adventum

2187 3493 2324 3564 ejus.

2260 3583 2517 3653 Apparuit
2545 3592 2718 3636 autem
2745 3581 2823 3636 illi
2860 3581 3075 3653 angelus
3101 3580 3333 3646 Domini,
3379 3592 3484 3637 etc.
3520 3582 3638 3638 Non
3663 3583 3764 3638 im-

2187 3675 2382 3731 merito
2403 3675 2623 3746 angelus
2659 3675 2870 3730 videtur
2897 3675 2950 3728 in
2989 3674 3209 3745 templo,
3251 3675 3377 3744 quia
3423 3675 3539 3728 veri
3585 3689 3762 3730 sacer-

2187 3765 2330 3820 dotis
2366 3763 2479 3834 jam
2519 3764 2870 3819 nuntiabatur
2903 3764 3195 3828 adventus,
3233 3771 3288 3817 et
3323 3763 3547 3817 cmleste
3599 3763 3764 3818 sacri-

2187 3855 2368 3910 ﬁcium
2395 3855 2708 3924 parabatur,
2739 3856 2792 3909 in
2816 3870 2922 3924 quo
2935 3855 3108 3925 angeli
3141 3855 3527 3910 ministrarent.
3547 3854 3762 3913 Utinam

2186 3955 2242 4002 et
2293 3947 2446 4004 nobis
2479 3962 2510 4000 a
2545 3946 2849 4001 dolentibus
2897 3947 2980 4000 vel
3016 3947 3340 4000 sacriﬁcium
3398 3946 3762 4003 deferentibus

2184 4037 2402 4091 assistat
2435 4037 2689 4108 angelus.
2748 4035 2865 4090 Non
2907 4036 3050 4090 enim
3102 4035 3314 4092 dubites
3371 4038 3627 4092 assistere
3667 4052 3761 4092 an-

2185 4125 2382 4198 gelum,
2423 4127 2637 4196 quando
2687 4125 2937 4184 Christus
3001 4128 3224 4182 assistit.
3281 4126 3531 4182 Christus
3572 4129 3761 4183 immo-

2185 4217 2350 4282 latur,
2388 4219 2588 4272 etenim
2622 4218 2817 4288 pascha
2862 4227 3097 4272 nostrum
3147 4218 3449 4272 immolatus
3497 4229 3573 4272 est
3607 4217 3760 4273 Citrio

2185 4319 2316 4364 stus.

2259 4401 2367 4473 (Ex
2396 4400 2582 4471 Beda.)
2625 4401 2770 4456 Bene
2817 4400 3036 4471 angelus
3076 4408 3131 4456 et
3173 4401 3228 4455 in
3258 4401 3459 4471 templo
3509 4411 3564 4458 et
3600 4400 3755 4471 juxta

2188 4491 2359 4546 altare
2384 4500 2440 4546 et
2462 4508 2492 4546 a
2532 4491 2741 4547 dextris
2769 4499 3014 4562 apparet,
3050 4493 3177 4564 quia
3223 4492 3510 4557 videlicet,
3542 4503 3598 4548 et
3645 4493 3758 4554 veri

2189 4581 2485 4637 sacerdotis
2513 4583 2800 4640 adventum
2827 4622 2844 4648 ,
2883 4590 2938 4635 et
2965 4582 3281 4653 mysterium
3311 4581 3563 4637 sacriﬁcii
3592 4623 3608 4648 ,
3639 4582 3757 4637 uni-

2185 4673 2412 4727 versalis
2427 4682 2483 4728 et
2502 4675 2738 4728 caelestis
2749 4675 2872 4728 doni
2897 4675 3148 4744 gaudium
3171 4675 3447 4744 praedicat.
3468 4675 3603 4730 Nam
3619 4676 3754 4730 sicut

2183 4781 2281 4835 per
2311 4765 2584 4820 sinistram
2606 4767 2915 4836 pr.csentia,
2945 4766 3026 4821 sic
3047 4782 3140 4836 per
3160 4767 3435 4820 dexteram
3456 4781 3597 4834 saepe
3617 4766 3753 4822 bona

2182 4857 2602 4927 pronuntiantur
2629 4866 2856 4912 aaterna.

2253 4947 2338 5000 Ait
2371 4957 2546 5000 autem
2573 4948 2641 5000 ad
2672 4947 2819 5002 illum
2843 4947 3055 5018 angelus
3080 4963 3098 5002 :
3128 4946 3212 5001 Ne
3233 4948 3436 5012 timeas,
3469 4946 3752 5013 Zacharia,

2182 5044 2287 5088 etc.
2320 5035 2763 5104 Deprecationem
2787 5039 2972 5092 dicens
3013 5038 3344 5103 exauditam,
3382 5048 3598 5107 partum
3625 5053 3756 5094 con~

2185 5124 2334 5178 tiuuo
2361 5125 2626 5193 promittit
2667 5127 2874 5181 uxoris.
2909 5125 3024 5181 Non
3071 5126 3213 5195 quod
3243 5127 3361 5191 ille,
3417 5128 3507 5196 qui
3538 5143 3638 5198 pro
3665 5143 3757 5198 po-

2185 5213 2309 5283 pulo
2337 5214 2613 5269 oblaturus
2634 5217 2951 5281 intraverat,
2981 5218 3183 5272 relictis
3215 5217 3444 5287 publicis
3471 5218 3630 5281 votis,
3660 5232 3756 5288 pro

2189 5304 2515 5372 accipiendis
2569 5305 2693 5359 ﬁliis
2751 5320 2908 5360 orare
2943 5307 3217 5376 potuerit,
3258 5307 3349 5361 sed
3387 5308 3530 5376 quod
3577 5309 3754 5363 dicit:

2189 5393 2458 5447 Exaudite
2483 5405 2556 5449 est
2591 5396 2885 5465 deprecatio
2913 5407 3022 5462 tua,
3060 5413 3156 5466 pro
3181 5399 3360 5468 populi
3390 5399 3759 5469 redemptione

2187 5485 2469 5555 signiﬁcat.
2532 5487 2682 5554 Quod
2739 5504 2868 5542 vero
2923 5490 3201 5558 adjungit,
3255 5499 3303 5543 et
3347 5505 3484 5542 uxor
3529 5499 3620 5543 tua
3665 5506 3761 5559 pa-

2188 5578 2284 5629 riet
2311 5576 2403 5629 tibi
2441 5575 2630 5640 ﬁlium,
2681 5575 2918 5644 ejusdem
2957 5579 3337 5648 redemptionis
3358 5577 3600 5632 ordinem
3627 5593 3769 5647 pan-

2189 5667 2285 5730 dit,
2327 5665 2468 5735 quod
2519 5666 2768 5723 videlicet
2807 5676 2962 5722 natus
3009 5667 3286 5722 Zachariae
3334 5668 3496 5735 ﬁlius,
3543 5666 3760 5722 redem-
