3952 6422
186 295 290 354 581

1033 289 1552 376 COLLECTIO‘NES
1586 288 1656 348 ΙΝ
1697 287 2084 350 EPISTOLAS
2124 293 2210 348 ET
2251 293 2668 350 EVA‘NGELIA.

3367 297 3478 354 382

187 412 337 486 ptori
371 409 521 468 illius
574 409 756 482 populi
819 409 1182 482 praecauenda
1231 410 1304 465 sit
1349 409 1452 465 iter
1510 409 1773 466 facturus.
1806 410 1858 468 A
1888 427 1907 461 ‹
1947 408 2196 473 electam,
2226 410 2280 464 in
2307 411 2561 480 pharetra
2601 425 2698 466 sua
2735 409 3024 468 abscondit
3070 425 3182 477 me,
3227 419 3285 467 et
3336 411 3477 471 dixit

264 505 338 558 Et
359 504 464 560 erit
491 502 747 575 gaudium
787 501 900 567 tibi,
925 513 974 556 et
997 499 1301 565 exsultatio,
1327 507 1432 555 etc.
1481 498 1548 553 Et
1582 505 1781 553 notan-

190 597 324 652 dum
379 594 546 666 quod,
571 601 699 648 nato
717 593 1074 657 Przcursore,
1125 590 1279 645 multi
1333 590 1589 661 gaudent.
1641 588 1782 644 Nato

191 697 378 743 autem
399 686 648 750 Domino,
675 683 962 740 annuntiat
983 681 1204 754 angelus
1225 681 1479 753 gaudium
1501 694 1780 751 magnum,

193 779 340 849 quod
377 778 484 833 erit
519 776 668 832 omni
693 774 911 846 populo,
963 774 1088 843 quia
1119 772 1372 827 videlicet
1418 771 1510 827 hic
1550 771 1782 826 salutem

192 870 382 924 multis
413 868 727 939 praedicare,
783 865 872 921 ille
910 864 1164 921 omnibus
1189 863 1284 936 qui
1331 865 1519 933 velint,
1563 864 1784 920 advenit

195 962 425 1016 donare.

267 1055 337 1108 Et
361 1055 460 1108 erit
498 1068 720 1123 magnus
756 1067 934 1105 coram
974 1049 1220 1106 Domino.
1289 1049 1395 1124 (Ex
1428 1047 1611 1120 Amb.)
1664 1049 1782 1104 Non

194 1146 441 1217 corporis
469 1145 582 1209 hic,
624 1145 718 1199 sed
759 1143 954 1196 animae
981 1141 1405 1212 magnitudinem
1463 1141 1778 1195 declaravit.

197 1239 294 1292 Est
344 1250 530 1292 coram
572 1235 798 1290 Domino
832 1233 1144 1304 magnitudo
1199 1232 1413 1296 animm,
1468 1231 1782 1301 magnitudo

194 1329 432 1393 virtutis,
463 1333 550 1382 est
571 1327 734 1382 etiam
760 1325 998 1395 parvitas
1037 1324 1249 1389 animae,
1305 1331 1360 1377 et
1392 1322 1626 1393 pueritia
1667 1322 1777 1376 vir-

199 1431 251 1475 tu
261 1422 350 1475 tis.

283 1509 475 1565 Vinum
509 1516 559 1565 et
597 1510 819 1565 siceram
861 1523 965 1562 non
997 1506 1150 1562 bibet.
1204 1506 1308 1579 (Ex
1357 1505 1549 1577 Beda.)
1593 1505 1781 1563 Sicera

196 1609 591 1677 interpretatur
622 1601 872 1665 ebrietas,
907 1599 1170 1656 llebraice
1194 1608 1354 1664 -ως
1383 1615 1491 1668 quo
1519 1597 1782 1653 vocabulo

200 1701 409 1756 llebrzei
429 1712 586 1753 omne
609 1693 749 1765 quod
777 1693 1030 1748 inebriari
1063 1699 1244 1762 potest
1270 1691 1524 1761 poculum
1562 1690 1676 1745 sive
1714 1690 1781 1744 de

1888 516 1910 554 ι
1954 498 2090 554 mihi
2118 516 2134 552 :
2163 499 2364 557 Servus
2390 517 2542 557 meus
2567 517 2627 557 es
2655 510 2734 568 tu,
2761 501 2945 564 lsrael,
2962 503 3090 573 quia
3115 503 3169 558 in
3197 511 3250 559 te
3274 503 3478 575 gloria-

1888 605 1910 642 ι
1951 591 2093 647 hor:
2129 590 2200 647 Et
2244 606 2391 649 nunc
2431 591 2548 649 haec
2593 593 2727 648 dicit
2748 593 3031 662 Dominus,
3070 593 3338 653 Formans
3386 613 3476 653 me

1887 698 1912 737 α
1949 697 2020 740 ex
2052 690 2214 740 utero
2232 697 2454 739 servum
2482 683 2610 750 sibi,
2655 683 2782 740 dedi
2824 691 2882 744 te
2917 685 2972 740 in
2996 685 3170 742 lucem
3205 687 3480 758 gentium,

1891 793 1912 828 s
1957 784 2019 831 ut
2039 777 2116 832 sis
2136 776 2284 832 salus
2311 791 2432 832 mea
2458 791 2630 847 usque
2668 775 2736 831 ad
2765 785 3067 833 extremum
3092 787 3272 834 terrae.
3299 779 3478 850 Reges

1890 887 1909 920 s
1954 868 2215 923 videbunt
2249 876 2305 924 et
2332 875 2664 940 consurgent
2712 869 3023 940 principes,
3070 879 3126 926 et
3167 872 3476 927 adorabunt

1892 976 1911 1010 ι
1955 958 2244 1014 Dominum
2268 959 2441 1014 Deum
2463 965 2616 1014 tuum
2645 966 2701 1015 et
2732 967 2980 1014 sanctum
3002 959 3190 1028 Israel,
3247 962 3339 1032 qui
3365 963 3476 1019 ele-

1891 1067 1911 1100 ε
1953 1049 2032 1119 git
2060 1055 2136 1103 te.
2176 1068 2197 1101 ι

1955 1140 2166 1204 Audite,
2189 1137 2398 1204 insula,
2438 1147 2487 1194 et
2507 1139 2781 1205 attendite,
2812 1141 3012 1211 pepuli,
3053 1141 3117 1195 de
3144 1141 3314 1213 longe.
3371 1143 3477 1212 (Ex

1884 1231 2057 1301 Hier.)
2115 1231 2244 1287 Post
2275 1231 2617 1287 vocationem
2648 1247 2778 1302 ergo
2835 1233 3189 1302 reliquiarum
3219 1234 3381 1289 Israel
3423 1242 3480 1289 et

1884 1323 2244 1391 abjectionem
2291 1321 2344 1376 in
2368 1320 2746 1376 incredulitate
2774 1321 2957 1392 pepuli
2982 1325 3373 1392 permanentis,
3407 1325 3478 1380 de

1883 1416 2081 1486 quibus
2107 1415 2362 1469 dixerat:
2405 1412 2531 1467 Non
2575 1422 2650 1467 est
2685 1430 2792 1483 paa:
2835 1414 3031 1484 impiis,
3070 1414 3198 1469 dicit
3220 1415 3478 1470 Dominus

1886 1506 2042 1580 (Isai.
2058 1504 2272 1575 sum);
2289 1505 2484 1560 transit
2503 1505 2572 1560 ad
2588 1503 2862 1561 Ecclesias
2887 1506 2953 1560 de
2979 1506 3232 1576 gentibus
3252 1521 3479 1578 congre-

1883 1609 2056 1672 gatas,
2088 1613 2144 1655 et
2171 1600 2252 1655 eis
2290 1599 2391 1655 sub
2439 1598 2746 1653 insularum
2793 1597 3010 1653 nomine
3041 1597 3300 1666 loquitur,
3356 1612 3479 1667 qua:

1885 1687 2294 1761 persecuturum
2343 1687 2554 1743 insidiis
2581 1727 2596 1752 ,
2654 1688 2812 1758 quasi
2866 1688 3034 1742 maris
3082 1687 3339 1745 ﬂuctibus
3384 1705 3480 1759 pa-

197 1795 375 1867 pomis
401 1794 514 1848 sive
539 1792 604 1846 de
631 1787 874 1860 frugibus
909 1803 1002 1842 seu
1025 1786 1092 1840 de
1117 1785 1356 1856 qualibet
1402 1784 1506 1839 alia
1549 1783 1779 1839 materia
1809 1764 1856 1823 Β
1885 1788 2022 1845 tent,
2056 1787 2112 1835 et
2142 1793 2210 1832 ex
2254 1779 2402 1834 omni
2430 1787 2586 1848 parte
2613 1779 2870 1834 saeviente
2915 1777 3203 1848 naufragio
3241 1780 3480 1834 tundun-

198 1884 503 1942 coufectum
531 1880 855 1952 signiﬁcant.
902 1878 1068 1934 Decet
1114 1879 1259 1934 enim
1294 1890 1389 1932 vas
1429 1877 1637 1932 ccelesti
1664 1891 1785 1947 gra-

199 1978 288 2032 tiae
312 1976 674 2046 mancipatum
694 1987 725 2026 a
741 1969 923 2026 saeculi
938 1968 1205 2024 illecebris
1220 1967 1472 2040 castigari
1491 1983 1506 2033 ;
1525 1981 1624 2022 nec
1635 1967 1781 2032 vino,

197 2062 253 2122 in
277 2081 385 2137 quo
413 2073 499 2120 est
523 2061 1028 2126 luxuria,iuebriari
1054 2075 1198 2128 eum,
1223 2059 1313 2130 qui
1342 2067 1522 2114 musto
1549 2057 1786 2130 Spiritus

199 2158 373 2212 sancti
402 2156 672 2211 desiderat
705 2152 937 2224 impleri.

272 2251 340 2305 Et
365 2249 568 2321 Spiritu
609 2256 790 2303 sancto
820 2245 1098 2317 replebitur
1127 2244 1302 2299 adhuc
1324 2261 1390 2299 ea:
1415 2253 1564 2299 utero
1595 2245 1784 2300 matris

200 2359 331 2397 sum.
384 2340 486 2414 (Ex
520 2339 701 2411 Amb.)
751 2335 866 2393 Non
908 2345 993 2392 est
1041 2336 1264 2391 dubium
1315 2350 1507 2389 verum
1556 2337 1659 2390 hoc
1689 2352 1787 2390 an-

199 2435 304 2506 geli
367 2449 489 2490 esse
543 2431 868 2503 promissum
898 2472 913 2496 ,
965 2429 1234 2499 siquidem
1277 2439 1501 2484 sanctus
1549 2427 1785 2484 Joannes

199 2532 492 2594 antequam
542 2528 878 2586 nasceretur,
925 2522 1117 2574 matris
1165 2519 1342 2575 adhuc
1389 2520 1444 2574 in
1485 2528 1642 2574 utero
1684 2536 1785 2591 po-

199 2619 358 2683 situs,
385 2617 605 2689 spiritus
627 2616 836 2687 accepti
874 2616 1104 2689 gratiam
1139 2615 1459 2688 designavit.
1512 2615 1610 2672 Cui
1639 2615 1783 2672 enim

201 2712 358 2768 adest
398 2710 618 2782 spiritus
665 2710 854 2782 gratiae
883 2750 898 2775 ,
961 2708 1092 2764 nihil
1133 2709 1326 2773 deest,
1377 2716 1434 2763 et
1481 2709 1570 2764 cui
1617 2707 1786 2779 Spiri-

202 2811 290 2857 tus
319 2809 537 2857 sanctus
559 2797 877 2865 infunditur,
907 2812 1228 2868 magnarum
1253 2806 1336 2852 est
1373 2796 1656 2868 plenitudo
1680 2797 1788 2851 vir-

205 2901 401 2947 tutum.

276 2984 345 3038 Et
383 2982 576 3038 multos
609 2982 842 3053 ﬁliorum
879 2980 1052 3037 Israel
1102 2990 1363 3036 convertet
1405 2986 1474 3036 ad
1500 2981 1786 3036 Dominum

208 3075 373 3130 Deum
403 3075 654 3144 ipsorum.
725 3072 858 3130 Cum
883 3071 1121 3128 Joannes
1167 3073 1260 3142 qui
1291 3071 1507 3127 Christo
1537 3072 1784 3127 testimo—

1887 1879 1974 1925 tur
2002 1870 2181 1940 potius
2217 1883 2382 1940 quam
2427 1876 2734 1923 moventur.
2786 1865 2868 1923 Ac
2908 1881 2976 1923 ne
3000 1869 3124 1937 quis
3162 1877 3316 1938 putet
3357 1870 3479 1925 vio-

1884 1959 2086 2016 lentam
2111 1975 2232 2014 esse
2255 1958 2650 2028 expositionem
2679 1965 2946 2023 nostram,
2976 1967 3031 2012 et
3054 1974 3161 2013 non
3187 1960 3254 2014 ad
3287 1968 3482 2030 gentes

1885 2051 2160 2122 pertinere
2189 2051 2334 2120 quod
2353 2049 2578 2114 dicitur,
2624 2049 2721 2104 sed
2743 2047 2814 2104 ad
2837 2062 3140 2119 synagogas
3177 2048 3358 2120 populi
3386 2047 3482 2103 Ju-

1887 2143 2150 2199 diuorum.

1957 2233 2028 2289 Et
2061 2233 2331 2298 attendite,
2365 2232 2544 2305 populi
2569 2233 2676 2289 sive
2696 2241 2893 2303 gentes,
2923 2231 2990 2287 de
3012 2232 3184 2304 longe.
3219 2232 3334 2289 Hoc
3375 2239 3481 2299 est,

1885 2326 1955 2382 ab
1974 2326 2237 2381 extremis
2265 2325 2462 2380 ﬁnibus
2491 2333 2671 2388 terra},
2694 2322 3214 2396 velutSeptuaginta
3243 2331 3484 2378 transtu-

1884 2416 2086 2480 lerunt,
2111 2415 2196 2473 διὰ
2221 2417 2412 2493 χρόνον
2440 2416 2623 2470 πολλοῦ
2649 2419 2922 2474 στήσεται.
2952 2413 3080 2470 Post
3116 2425 3320 2484 tempus
3344 2414 3483 2468 mul-

1885 2518 1998 2563 tum
2018 2509 2200 2574 stabit,
2234 2509 2340 2564 hoc
2367 2516 2472 2573 est,
2498 2522 2606 2562 non
2645 2507 2749 2564 hoc
2783 2517 3028 2578 tempore
3065 2523 3175 2578 quo
3206 2503 3485 2574 dicuntur,

1886 2598 1983 2654 sed
2004 2606 2128 2670 post
2146 2597 2316 2653 multa
2347 2597 2476 2654 ﬁent
2505 2606 2770 2670 tempora,
2801 2599 3066 2668 sequitur.

1957 2689 2240 2756 Dominus,
2256 2689 2454 2758 inquit,
2477 2689 2543 2743 ab
2563 2698 2710 2744 utero
2733 2689 2932 2744 vocavit
2957 2706 3060 2754 me,
3088 2689 3154 2742 de
3175 2698 3348 2744 ventre
3365 2705 3486 2744 mae

1887 2781 1986 2836 tris
2018 2798 2169 2848 metu,
2200 2789 2307 2837 etc.
2366 2781 2522 2849 Quod
2552 2797 2700 2837 nunc
2721 2781 2944 2837 interim
2972 2780 3318 2836 audientibus
3335 2780 3486 2836 vide-

1889 2879 1980 2926 tur
2007 2871 2301 2927 obscurum
2329 2911 2345 2936 ,
2401 2880 2590 2941 postea
2630 2879 2814 2926 autem
2853 2870 3065 2926 cunctis
3113 2871 3366 2941 gentibus
3395 2885 3489 2927 no-

1892 2969 2006 3016 tum
2059 2961 2171 3026 ﬁet,
2236 2963 2454 3030 quando
2499 2959 2721 3016 Gabriel
2771 2960 2972 3031 Joseph
3019 2960 3088 3017 de
3124 2969 3282 3031 partu
3337 2961 3490 3016 dixe-

1890 3055 1962 3109 rit
2011 3053 2308 3124 virginali,
2359 3061 2409 3106 et
2460 3051 2672 3106 vocabis
2724 3068 2914 3105 nomen
2954 3051 3069 3122 ejus
3115 3049 3342 3116 Iesum,
3377 3051 3490 3121 ipse

203 3169 352 3222 nium
377 3140 684 3237 perhibens,
737 3167 790 3221 in
813 3163 928 3234 ejus
967 3165 1070 3220 ﬁde
1090 3140 1317 3236 populos
1352 3165 1684 3235 baptizabat,
1713 3165 1790 3219 di-

1898 3144 2031 3198 enim
2054 3142 2256 3197 salvum
2289 3141 2444 3211 faciet
2483 3140 2734 3212 populum
2775 3157 2929 3195 suum
2958 3159 2992 3194 a
3037 3141 3264 3212 peccatis
3303 3157 3486 3196 eorum

206 3261 352 3314 citur
403 3260 544 3315 ﬁlios
590 3259 754 3314 Israel
793 3259 860 3314 ad
881 3258 1167 3314 Dominum
1199 3259 1368 3312 Deum
1395 3258 1632 3327 ipsorum
1658 3275 1791 3313 con-

204 3341 457 3416 vertisse,
509 3359 656 3420 patet
699 3349 944 3421 profecto
996 3350 1273 3406 Christum
1322 3363 1440 3404 esse
1503 3349 1790 3404 Dominum

205 3445 378 3499 Deum
407 3444 667 3514 ipsorum.

281 3534 351 3588 Et
393 3535 503 3605 ipse
537 3533 792 3604 pra’cedet
830 3541 951 3587 ante
991 3532 1139 3586 illum
1184 3533 1241 3586 in
1296 3531 1427 3601 spiri
1451 3549 1482 3585 u
1511 3541 1560 3586 et
1607 3533 1791 3587 virtute

211 3614 390 3678 Elite.‘
424 3624 566 3678 Bene
619 3625 672 3678 in
703 3623 892 3693 spiritu
940 3631 994 3676 et
1042 3623 1242 3676 virtute
1293 3621 1423 3676 Elia:
1482 3620 1790 3691 praecedere

206 3715 423 3780 dicitur,
465 3715 590 3785 quia
622 3715 764 3768 sicut
794 3713 880 3767 ille
927 3728 1101 3782 praeco
1157 3712 1371 3766 venturi
1423 3711 1660 3779 iudicis,
1712 3711 1789 3764 ita

206 3805 298 3861 hic
340 3820 517 3875 praeco
565 3804 738 3860 factus
793 3811 876 3859 est
926 3803 1304 3873 redemptoris.
1384 3803 1538 3858 Unde
1579 3811 1633 3858 et
1660 3818 1792 3858 con»

206 3895 514 3951 versatione
536 3910 758 3965 prorsus
793 3894 1086 3959 simillima,
1128 3893 1288 3948 ambo
1329 3893 1546 3948 deserta
1595 3890 1788 3958 secuti,

207 3988 354 4042 victu
409 3986 572 4058 frugi,
629 3987 828 4042 vestitu
875 3985 1080 4049 inculti,
1120 3985 1302 4040 cinctu
1358 3993 1483 4040 sunt
1526 3984 1788 4054 despecti,

207 4078 369 4134 ambo
389 4078 532 4149 regis
551 4084 607 4132 et
631 4076 831 4148 regina:
865 4076 1144 4131 vesaniam
1193 4074 1512 4130 tolerarunt.
1559 4073 1651 4128 Ille
1669 4071 1792 4127 Jor—

208 4171 406 4232 danvem
447 4171 642 4226 caelum
687 4171 956 4242 petiturus
1008 4168 1212 4233 divisit,
1259 4167 1350 4222 hic
1392 4168 1459 4222 ad
1513 4167 1790 4222 lavacrum

208 4260 452 4316 salutare
493 4274 600 4329 quo
626 4258 822 4314 coalum
869 4265 1102 4328 petatur,
1154 4257 1442 4312 convertit.
1511 4256 1614 4312 Hic
1664 4272 1790 4312 cum

209 4355 440 4409 Domino
466 4360 712 4408 versatur
743 4353 796 4406 in
827 4352 1006 4417 terris,
1036 4350 1126 4406 ille
1154 4349 1278 4406 cu'm
1297 4365 1362 4407 eo
1410 4349 1792 4406 manifestatur

211 4445 265 4501 in
307 4443 493 4515 gloria.

1892 3233 2112 3306 (Manli.
2137 3234 2200 3305 ι).

1961 3325 2029 3379 Et
2058 3326 2231 3396 posuit
2253 3342 2310 3380 os
2351 3341 2547 3391 meum,
2570 3326 2724 3396 quasi
2752 3324 2987 3396 gladium
3024 3334 3257 3380 acutum.
3285 3324 3483 3382 Posuit

1891 3431 2106 3486 quoquc
2143 3432 2206 3472 os
2235 3415 2371 3484 eius,
2404 3417 2558 3486 quasi
2604 3417 2844 3487 gladium
2894 3426 3136 3482 acutum,
3185 3426 3246 3473 ut
3289 3419 3486 3490 spiritu

1889 3509 2003 3562 oris
2021 3508 2102 3562 sui
2145 3508 2439 3563 interﬁciat
2465 3507 2709 3578 impium.
2787 3508 2864 3563 De
2897 3523 3004 3577 quo
3041 3509 3226 3579 gladio
3278 3508 3395 3579 ipse
3427 3510 3487 3565 in

1890 3599 2184 3668 Evangelio
2212 3599 2466 3668 loquitur.
2501 3597 2628 3652 Non
2647 3597 2760 3652 veni
2789 3615 2972 3669 pacem
3000 3599 3206 3652 mittere
3234 3599 3290 3652 in
3315 3609 3484 3663 terra,

1888 3693 1979 3748 sed
2000 3693 2237 3765 gladium
2263 3691 2478 3764 (Matth.
2508 3691 2587 3763 ι),
2614 3693 2788 3749 malos
2811 3709 2843 3747 a
2873 3693 3032 3748 bonis
3063 3709 3342 3763 separans.
3389 3696 3490 3751 Ve-

1891 3786 1975 3840 nit
2013 3785 2162 3840 enim
2213 3783 2459 3839 dividere
2483 3783 2758 3839 hominem
2812 3793 3004 3840 contra
3036 3799 3249 3854 patrem
3300 3802 3482 3855 suum,

1888 3888 1944 3933 et
1965 3876 2128 3932 ﬁliam
2157 3885 2348 3932 contra
2377 3884 2604 3931 matrem
2645 3891 2820 3941 suam,
2853 3885 2909 3932 et
2931 3893 3128 3934 nurum
3168 3886 3360 3935 contra
3391 3893 3486 3936 so-

1891 3986 2047 4026 crum
2084 3983 2264 4024 suam.

1964 4058 2035 4112 Et
2075 4058 2131 4112 in
2157 4057 2348 4111 umbra
2395 4071 2584 4111 manus
2636 4072 2749 4111 siue
2781 4057 3008 4126 protexit
3034 4074 3136 4112 me.
3185 4057 3246 4112 in
3290 4058 3486 4114 umbra

1891 4164 2086 4204 manus
2112 4149 2210 4204 Dei
2236 4162 2433 4203 seesse
2453 4155 2760 4217 protectum
2784 4147 3002 4212 asserit,
3021 4155 3082 4201 ut
3107 4148 3290 4203 carnis
3301 4147 3488 4203 vilitas

1893 4239 2190 4296 divinitatis
2224 4241 2465 4310 petentia
2514 4247 2812 4309 tegeretur,
2859 4238 3052 4309 angelo
3096 4239 3166 4292 ad
3205 4239 3486 4309 Virginem

1893 4335 2216 4391 nuntiante:
2246 4331 2478 4403 Spiritus
2501 4341 2716 4386 sanctus
2749 4331 3077 4402 superveniet
3111 4331 3170 4384 in
3195 4338 3264 4397 te,
3291 4339 3341 4385 et
3379 4335 3488 4388 vir-

1930 4436 2014 4480 tus
2039 4425 2299 4478 Altissimi
2324 4422 2650 4478 obumbrabit
2672 4423 2764 4476 tibi
2789 4421 2942 4493 (Luc.
2979 4421 3043 4493 ι.)

285 4506 353 4593 ὗε
381 4544 644 4592 convertat
693 4536 854 4590 corda
879 4543 1090 4607 patrum
1132 4534 1188 4587 in
1214 4532 1380 4603 ﬁlios,
1417 4542 1466 4587 et
1492 4532 1789 4588 incredulos

1965 4517 2034 4571 Et
2055 4516 2227 4588 posuit
2247 4532 2348 4579 me,
2378 4515 2529 4586 quasi
2553 4515 2800 4584 sagittam
2825 4512 3064 4567 electam.
3091 4511 3320 4579 Quando
3343 4513 3486 4570 dicit

209 4631 282 4686 ad
293 4630 648 4702 prudentiam,
665 4636 769 4684 etc.
793 4619 968 4683 Corda
988 4637 1202 4698 patrum
1221 4628 1272 4682 in
1289 4626 1426 4682 ﬁlios
1449 4636 1790 4692 convertere,

207 4731 294 4778 est
322 4718 651 4791 spiritualem
676 4726 986 4774 sanctorum
1013 4718 1354 4788 antiquorum
1387 4717 1667 4772 scientiam
1699 4733 1794 4788 po-

207 4814 350 4887 pulis
373 4808 1028 4883 przedicandoinfundere.
1050 4808 1341 4863 Prudentia
1365 4824 1498 4863 vero
1521 4808 1790 4879 justorum

206 4913 314 4967 est,
341 4919 448 4958 non
472 4903 536 4957 dc
564 4901 696 4972 legis
729 4899 984 4971 operibus
1013 4899 1282 4970 justitiam
1324 4913 1673 4970 praesumere,
1699 4900 1793 4954 sed

207 5013 277 5053 ex
308 4995 410 5050 ﬁde
439 4993 668 5050 salutem
699 5007 958 5062 quterere.

309 5129 379 5184 IN
419 5127 674 5184 NATALI
711 5125 958 5183 SANCTI
989 5123 1273 5182 JOANNIS
1310 5122 1692 5179 BAPTlSTxE.

634 5255 825 5296 ιεοτιο
859 5254 1035 5303 ιελιλιε,
1068 5252 1185 5292 CAP.
1215 5253 1362 5291 XLIX.

289 5375 308 5406 ‹
354 5354 571 5421 Audite,
601 5351 812 5417 insulae,
843 5360 898 5405 et
938 5347 1220 5412 attendite,
1269 5346 1471 5417 populi,
1505 5346 1571 5401 de
1612 5345 1789 5418 longe.

216 5468 235 5500 ‹
285 5445 546 5502 Dominus
569 5445 637 5499 ab
664 5453 818 5498 utero
853 5441 1067 5497 vocavit
1090 5455 1195 5502 me,
1257 5439 1322 5494 de
1368 5447 1556 5493 ventre
1604 5441 1798 5495 matris

216 5561 237 5594 ι
285 5554 420 5593 ηιοω
469 5535 781 5592 recordatus
825 5540 912 5588 est
962 5531 1197 5587 nominis
1227 5531 1354 5586 mei.
1415 5530 1482 5584 Et
1515 5531 1697 5600 posuit
1735 5545 1800 5584 os

217 5649 238 5681 ι
286 5641 489 5690 meum,
551 5624 706 5695 quasi
750 5621 985 5693 gladium
1041 5629 1280 5683 acutum,
1331 5620 1433 5675 sub
1461 5619 1649 5673 umbra
1681 5635 1800 5673 ma-

220 5738 240 5773 ς
285 5734 392 5775 nus
420 5731 532 5772 sua:
557 5714 788 5782 protexit
817 5727 904 5768 me
935 5729 948 5765 :
996 5709 1062 5764 Et
1082 5710 1259 5780 posuit
1279 5724 1365 5766 mc
1387 5710 1526 5766 sicut
1547 5709 1796 5781 sagittam

1897 4612 2151 4682 sagittam
2196 4609 2446 4668 electam.
2488 4606 2730 4662 ostendit
2777 4606 2980 4662 habere
3039 4605 3208 4660 Deum
3253 4605 3486 4676 sagittas

1895 4702 2178 4773 plurimas,
2229 4699 2322 4754 sed
2370 4712 2478 4751 non
2529 4695 2754 4760 electas,
2802 4709 2922 4764 quae
2965 4695 3176 4765 sagitta:
3201 4694 3488 4765 Propheta

1896 4802 2020 4849 sunt
2067 4802 2124 4848 et
2154 4789 2420 4862 Apostoli,
2449 4789 2540 4860 qui
2563 4789 2616 4842 in
2638 4796 2750 4842 toto
2768 4787 2902 4842 orbe
2928 4787 3248 4853 decurrunt,
3274 4786 3342 4843 de
3364 4787 3486 4856 qui-

1895 4888 1996 4942 bus
2026 4886 2080 4940 in
2111 4885 2215 4939 alio
2241 4884 2358 4938 loco
2379 4881 2611 4937 canitur.
2644 4877 2864 4950 Sagitta
2888 4889 2994 4934 ture
3023 4887 3213 4945 acutte,
3235 4881 3490 4952 potentis-

1897 4979 2047 5040 sime,
2082 4973 2262 5046 populi
2309 4972 2404 5027 sub
2434 4981 2484 5026 te
2505 4971 2712 5025 cadent.
2767 4970 2834 5024 Et
2873 4970 3069 5025 iterum
3097 4989 3112 5024 :
3144 4969 3364 5043 Sagitta
3385 4989 3487 5042 po.

1900 5069 2054 5122 tentis
2075 5075 2265 5130 acutw,
2290 5080 2409 5117 cum
2433 5062 2744 5117 carbonibus
2769 5060 3288 5133 desolatoriis(Psal.
3317 5061 3484 5136 (xxix).

1898 5158 2148 5212 Christus
2173 5165 2351 5212 autem
2381 5157 2447 5212 de
2485 5155 2670 5210 multis
2717 5155 2930 5225 sagittis
2975 5163 3033 5208 et
3081 5153 3206 5210 ﬁliis
3240 5154 3489 5225 plurimis

1901 5264 2007 5303 una
2056 5249 2253 5318 sagitta
2308 5247 2504 5314 electa,
2556 5255 2612 5302 et
2664 5245 2810 5301 ﬁlius
2842 5246 3148 5317 unigenitus
3173 5255 3280 5312 est,
3319 5261 3484 5316 quam

1899 5343 1954 5397 in
1983 5343 2238 5412 pharetra
2285 5355 2381 5395 sua
2406 5338 2706 5404 abscondit,
2749 5337 2804 5392 id
2831 5349 2936 5404 est,
2994 5338 3049 5392 in
3098 5338 3336 5394 humano
3356 5352 3485 5395 cor-

1901 5450 2047 5505 pore,
2099 5442 2160 5488 ut
2188 5433 2460 5488 habitaret
2514 5431 2568 5484 in
2616 5445 2683 5486 eo
2709 5430 2987 5500 plenitudo
3028 5429 3325 5485 divinitatis
3362 5443 3489 5486 cor-

1901 5527 2178 5598 poraliter.
2232 5523 2484 5592 Raraque
2517 5529 2603 5577 est
2649 5521 2985 5576 credentium
3015 5519 3168 5583 ﬁdes,
3201 5518 3288 5573 cui
3311 5527 3367 5574 et
3394 5533 3490 5576 su-

1902 5634 1999 5690 pra
2048 5617 2287 5671 dicitur:
2344 5614 2424 5669 Tu
2467 5631 2522 5668 es
2553 5613 2694 5667 Deus
2737 5611 3090 5676 absconditus,
3143 5619 3192 5663 et
3215 5609 3482 5666 nesciebav

1905 5725 2038 5764 mus.
2086 5708 2201 5775 Qua
2231 5707 2424 5779 sagitta
2453 5713 2509 5763 ct
2546 5718 2746 5776 sponsa
2780 5703 2976 5760 vulnus
3000 5700 3272 5775 accipiens
3311 5701 3480 5776 loqui-
