3952 6416
465 292 572 348 585

1758 279 2038 338 SMARAG
2047 277 2110 332 Dl
2149 272 2324 331 ADBA
2333 275 2438 332 TIS

3633 271 3742 329 584

469 410 630 465 turin
659 408 883 465 Cantico
905 405 1240 462 canticorum
1267 417 1285 460 :
1337 399 1622 482 [sinuata
1649 399 1902 455 charitate
1951 412 2046 467 ego
2074 399 2124 456 Α
2154 411 2174 444 ι
2219 393 2362 463 peril
2391 388 2681 482 ﬁliuni-ﬁl
2705 387 2998 482 ξυίξῖεηξίιι
3031 387 3194 482 “Citii
3326 389 3552 482 003035
3591 391 3744 462 eius.

465 519 582 557 sum
617 500 794 572 (Cant.
832 499 929 571 tv).

535 594 728 648 Servus
759 606 901 645 meus
927 606 982 644 es
1007 600 1087 655 tu,
1115 588 1241 660 quia
1265 589 1321 642 in
1349 597 1398 640 te
1427 583 1783 656 gloriﬁcabor.
1813 578 2039 644 Servus,

461 685 586 755 quia
630 698 754 739 cum
786 683 840 736 in
871 681 1043 736 forma
1091 680 1188 735 Dei
1215 687 1382 742 esset,
1417 674 1645 733 formam
1678 673 1824 730 servi
1852 680 1936 728 est
1963 672 2044 727 di-

462 785 658 845 gnatus
688 791 965 830 assumere
991 772 1214 842 (Philip.
1240 775 1322 843 n).
1356 771 1604 828 Ostendit
1632 784 1757 824 eum
1785 766 2041 838 appellari

462 881 700 929 servum,
727 865 820 933 qui
851 864 925 918 sit
957 862 1223 917 formatus
1242 877 1310 916 ex
1338 869 1517 923 utero,
1540 859 1631 927 qui
1659 866 1714 911 et
1744 858 1797 911 in
1827 854 2042 910 Psalmo

465 958 598 1011 dicit
620 971 634 1008 :
672 955 749 1008 De
779 964 950 1008 ventre
977 954 1161 1006 matris
1189 967 1338 1014 mea,
1365 951 1504 1004 Deus
1525 964 1669 1002 meus
1695 963 1748 1002 es
1769 956 1847 1000 tu.
1877 945 1946 1000 Et
1971 943 2045 998 ls-

464 1047 598 1110 rael,
625 1045 751 1114 quia
780 1053 938 1097 natus
967 1043 1034 1096 de
1067 1042 1273 1096 semine
1315 1039 1653 1103 Judaeorum,
1698 1035 1948 1106 quodque
1976 1034 2044 1089 de

463 1137 614 1193 nullo
646 1137 752 1191 alio
781 1150 1056 1190 servorum
1089 1133 1315 1204 intelligi
1348 1140 1556 1202 potest,
1583 1129 1871 1200 jungitur:
1903 1127 2044 1193 Quia

462 1227 518 1281 in
547 1237 596 1281 te
623 1225 976 1296 glorificabor.
1020 1224 1162 1278 Dicit
1189 1223 1335 1277 enim
1364 1231 1419 1275 et
1459 1221 1571 1290 ipse
1617 1220 1671 1274 in
1705 1216 2041 1288 Evangelia:

467 1315 630 1371 I'ater
675 1315 964 1386 gloriﬁcavi
1011 1329 1198 1368 nomen
1243 1322 1391 1366 tuum
1443 1311 1633 1382 (Joan.
1662 1309 1810 1382 xu),
1841 1308 1934 1378 qui
1987 1307 2043 1362 in

461 1407 674 1462 Psalmo
708 1405 978 1475 loquitur:
1015 1403 1254 1473 Exsurge
1288 1402 1459 1472 gloria
1479 1417 1620 1465 mea,
1650 1416 1870 1469 exsurge
1899 1397 2046 1469 psal-

461 1499 652 1551 terium
695 1507 744 1550 et
774 1496 991 1565 cythara
1030 1492 1254 1566 (Psalm.
1287 1492 1419 1564 ινι),
1457 1491 1511 1546 id
1541 1500 1628 1547 est
1664 1491 1907 1546 omnium
1938 1491 2046 1546 vir-

461 1596 639 1641 tutum
668 1588 886 1641 chorus.

541 1676 674 1729 Dedi
704 1686 754 1729 te
782 1677 836 1730 in
865 1674 1030 1729 lucem
1073 1676 1326 1745 gentium,
1352 1684 1407 1728 ut
1437 1675 1509 1728 sis
1546 1672 1690 1728 salus
1717 1690 1857 1737 mea,
1883 1689 2047 1743 usque

2149 501 2167 534 ι
2213 484 2338 552 quia
2382 478 2751 551 magniﬁcavit
2787 478 3040 534 dominus
3090 479 3532 536 misericordiam
3575 496 3738 536 suam

2148 591 2168 624 s
2210 587 2335 627 eum
2363 572 2476 636 illa,
2505 579 2563 626 et
2587 568 3108 640 congratulabantur
3135 569 3208 624 ei.
3238 570 3308 625 Et
3332 570 3538 626 factum
3563 580 3654 627 est
3684 573 3746 627 in

2149 682 2168 716 ι
2213 664 2301 718 die
2349 671 2564 718 octavo.
2610 662 2885 716 Venerunt
2919 661 3314 715 circumcidere
3367 677 3638 731 puerum,
3683 670 3745 716 et

2149 771 2168 804 ‹
2208 753 2475 808 vocabant
2507 767 2635 807 eum
2675 750 2894 806 nomine
2933 751 3106 820 patris
3135 751 3218 805 sui
3269 750 3620 805 Zachariam.
3661 751 3741 806 Et

2147 862 2166 894 ‹
2211 844 2542 912 respondens
2577 848 2752 896 mater
2797 838 2918 910 ejus
2941 848 2996 894 et
3031 841 3190 905 dixit,
3223 855 3594 910 nequaquam,
3635 843 3736 897 sed

2149 953 2168 986 ι
2211 935 2490 989 vocabitur
2526 932 2782 988 Joannes.
2827 933 2895 986 Et
2941 933 3195 987 dixerunt
3233 935 3301 987 ad
3348 933 3495 988 illam
3537 952 3550 986 :
3595 935 3742 1002 Quia

2149 1039 2168 1073 ς
2214 1038 2374 1078 nemo
2417 1031 2504 1077 est
2533 1024 2586 1076 in
2627 1023 2952 1094 cognatione
2981 1030 3072 1076 tua
3103 1023 3196 1092 qui
3226 1033 3454 1079 vocetur
3500 1026 3606 1080 hoc
3640 1041 3739 1080 no—

2149 1131 2167 1165 ι
2213 1115 2381 1169 mine.
2427 1113 2728 1168 lnnuebant
2769 1121 2950 1168 autem
2998 1114 3142 1183 patri
3184 1113 3329 1183 ejus,
3360 1130 3523 1186 quem
3572 1115 3740 1170 vellet

2149 1222 2167 1254 ι
2213 1203 2398 1259 vocari
2429 1219 2575 1257 eum.
2610 1203 2679 1257 Et
2713 1202 2995 1272 postulans
3021 1203 3368 1273 pugillarem,
3400 1205 3626 1276 scripsit
3657 1207 3744 1262 die

2149 1312 2168 1346 ‹
2213 1310 2384 1350 cens:
2420 1293 2658 1349 Joannes
2701 1302 2786 1349 est
2817 1308 3015 1348 nomen
3043 1292 3181 1362 ejus,
3226 1303 3282 1349 et
3311 1295 3567 1351 admirati
3607 1309 3742 1356 sunt

2148 1402 2168 1436 ι
2214 1385 2474 1440 universi.
2505 1383 2767 1455 Apertum
2798 1394 2884 1439 est
2912 1395 3092 1440 autem
3125 1385 3268 1442 illico
3307 1402 3370 1442 os
3396 1386 3516 1456 ejus
3541 1397 3598 1443 et
3629 1389 3744 1443 lin-

2150 1491 2169 1525 ι
2212 1489 2339 1544 gua,
2359 1483 2416 1528 et
2441 1473 2761 1544 loquebatur
2787 1473 3118 1530 benedicens
3137 1475 3330 1530 Deum.
3353 1476 3420 1530 Et
3446 1475 3626 1533 factus
3651 1487 3738 1534 est

2150 1580 2169 1614 ι
2214 1563 2380 1618 timor
2404 1578 2566 1633 super
2590 1577 2783 1618 omnes
2814 1564 3018 1620 vicinos
3044 1580 3257 1631 eorum,
3281 1574 3338 1620 et
3361 1581 3525 1636 super
3549 1569 3745 1622 omnia

2151 1673 2170 1706 s
2211 1665 2470 1710 montana
2511 1652 2710 1709 ludam
2735 1653 3150 1726 divulgabantur
3177 1656 3359 1710 omnia
3393 1657 3561 1712 verba
3596 1659 3743 1716 hac-

462 1765 532 1820 ad
561 1776 849 1820 extremum
881 1775 1054 1820 term.
1084 1767 1138 1820 ld
1180 1775 1264 1820 est
1283 1806 1297 1830 ,
1331 1774 1392 1820 ut
1433 1765 1703 1820 illumines
1730 1765 2043 1819 universum
2071 1746 2119 1805 Β
2153 1763 2171 1798 ⁸
2215 1746 2282 1800 El
2303 1753 2598 1816 Ροευετιιηί
2619 1760 2810 1801 omnes
2829 1746 2918 1814 qui
2950 1745 3240 1801 audierunt
3263 1747 3318 1801 in
3347 1747 3511 1803 corde
3534 1763 3636 1803 ειιο
3663 1749 3742 1803 di-

462 1857 741 1920 mundum,
767 1866 823 1911 et
864 1855 1093 1911 salutem
1125 1871 1324 1921 meam,
1352 1869 1452 1924 per
1492 1869 1656 1924 quam
1684 1869 1876 1909 omnes
1910 1853 2044 1909 salvi

462 1950 596 2004 fiant
635 1965 808 2019 usque
848 1950 916 2003 ad
963 1960 1267 2002 extremum
1318 1955 1481 2002 terra:
1527 1945 1698 2001 facias
1735 1947 2043 2017 pervenire.

463 2040 589 2096 Haec
612 2041 758 2095 enim
789 2055 887 2109 per
911 2038 1274 2108 apostolorum
1300 2037 1742 2108 praedicationem
1783 2036 1926 2092 facta
1954 2052 2048 2093 eo-

463 2133 792 2204 gnoscimus,
825 2131 892 2186 de
917 2131 1113 2200 quibus
1144 2128 1427 2184 Psalmista
1477 2129 1796 2199 praedicens,
1829 2127 1945 2182 ait:
1978 2126 2047 2183 In

463 2238 668 2278 omnem
693 2231 886 2276 terram
930 2222 1086 2275 exivit
1113 2235 1274 2274 sonus
1315 2235 1518 2284 eorum,
1545 2228 1594 2274 et
1627 2220 1684 2273 in
1728 2219 1862 2288 ﬁnes
1905 2218 2045 2273 orbis

462 2328 618 2372 terra:
646 2317 798 2371 verba
820 2331 998 2369 eorum
1029 2312 1202 2386 (Psal.
1233 2313 1403 2384 xvm).

533 2407 697 2478 Reges
727 2406 970 2462 videbunt
989 2445 1004 2470 ,
1031 2414 1080 2458 et
1115 2413 1426 2478 consurgent
1453 2403 1732 2474 principes,
1761 2412 1810 2456 et
1852 2403 2046 2457 adora-

464 2501 590 2554 bunt
615 2508 823 2569 propter
863 2495 1148 2551 Dominum
1180 2493 1345 2548 Deum
1396 2503 1566 2559 tuum,
1601 2502 1650 2548 et
1692 2503 1934 2548 sanctum
1963 2491 2046 2547 Is-

465 2590 596 2656 rael,
622 2590 712 2660 qui
739 2587 890 2656 elegit
918 2596 986 2640 te.
1023 2584 1147 2640 llaec
1173 2585 1303 2639 ﬁent
1321 2585 1538 2654 quando
1566 2584 1774 2639 venerit
1796 2583 2045 2638 Christus

464 2683 520 2736 in
545 2680 714 2751 gloria
731 2678 912 2734 Patris
929 2692 1051 2732 cum
1073 2676 1278 2748 angelis
1297 2676 1432 2740 suis,
1455 2683 1512 2730 et
1538 2675 1739 2730 sederit
1767 2675 1820 2728 in
1850 2675 2044 2730 throno

465 2766 650 2836 gloriae
679 2778 813 2828 sum,
840 2761 1088 2830 judicare
1117 2761 1269 2816 vivos
1293 2769 1350 2816 et
1376 2769 1618 2814 mortuos
1648 2757 1865 2833 (Matth.
1891 2757 2039 2830 xxv).

466 2857 620 2914 Tunc
662 2869 852 2911 omnes
894 2853 1196 2909 adorabunt
1237 2859 1457 2923 propter
1501 2849 1788 2905 Dominum
1824 2852 2044 2907 Patrem

465 2962 645 3012 suum,
675 2947 803 3016 quia
835 2944 1009 2999 ﬁdelis
1033 2952 1139 3008 est,
1175 2943 1268 3012 qui
1307 2941 1470 3012 elegit
1509 2956 1654 2995 eum.
1687 2939 1814 2994 Sive
1857 2939 1931 2994 ita
1961 2939 2044 2993 in-

465 3037 849 3108 telligendum:
879 3033 1050 3104 Reges
1072 3048 1302 3103 quorum
1331 3047 1428 3086 cor
1454 3031 1509 3085 in
1540 3045 1703 3084 manu
1730 3029 1827 3082 Dei
1851 3036 1958 3093 est,
1988 3035 2044 3082 et

451 3128 707 3185 Ecclesiae
745 3128 1015 3199 principes
1063 3126 1365 3181 adorabunt
1403 3139 1549 3187 cum,
1580 3123 1706 3192 quia
1740 3123 1914 3177 ﬁdelis
1958 3129 2044 3177 est

462 3217 712 3271 dominus
758 3223 980 3270 sanctus
1023 3213 1206 3268 Israel.
1236 3213 1314 3267 De
1346 3212 1565 3266 Christo
1593 3211 1794 3265 etenim
1831 3218 1887 3266 et
1925 3223 2044 3280 qua:

463 3314 764 3374 sequuntur
804 3304 1030 3374 intelligi
1058 3311 1302 3372 possunt,
1337 3302 1472 3356 dicit
1496 3301 1639 3354 enim
1666 3318 1682 3354 :
1718 3299 1785 3353 In
1815 3309 2045 3368 tempore

461 3394 655 3464 placito
677 3393 920 3447 exaudiui
946 3402 1014 3457 te,
1037 3403 1085 3446 et
1105 3393 1160 3446 in
1181 3392 1265 3445 die
1286 3389 1474 3445 salutis
1497 3387 1784 3443 auxiliatur
1805 3405 1920 3444 sum
1942 3389 2040 3442 tui.

465 3487 636 3559 Hujus
670 3487 980 3542 testimonio
1007 3485 1294 3555 Apostolus
1324 3499 1454 3538 usus
1501 3491 1604 3548 est,
1634 3483 1854 3537 dicens:
1891 3481 2042 3536 Tem-

462 3594 590 3656 per;
616 3586 906 3648 opportuno
934 3576 1178 3630 exaudiui
1201 3585 1273 3640 te,
1295 3574 1418 3628 etin
1439 3574 1523 3628 die
1549 3573 1736 3628 salutis
1755 3574 2043 3628 auxiliatus

422 3706 425 3707 ν
463 3683 581 3721 sum
605 3667 702 3731 tui,
731 3683 846 3720 ecce
872 3681 1010 3720 nunc
1039 3674 1238 3735 tempus
1275 3662 1605 3734 acceptabile,
1635 3679 1772 3717 nunc
1809 3663 1919 3717 dies
1957 3679 2046 3716 sa-

463 3757 588 3812 lutis
618 3756 704 3828 (ΙΙ
730 3755 852 3810 Cor.
880 3755 978 3826 vi).
1017 3755 1251 3826 Tempus
1273 3754 1530 3825 placitum
1563 3762 1617 3809 et
1644 3763 2006 3825 opportunum
2025 3793 2040 3819 ,

465 3857 521 3904 et
547 3847 663 3903 dies
689 3846 878 3902 salutis
903 3847 1084 3916 passio
1121 3846 1405 3902 salvatoris
1446 3854 1558 3912 est,
1587 3855 1642 3901 et
1685 3846 2038 3912 resurrectio,

463 3941 552 3994 cui
581 3948 636 3994 et
668 3939 806 3994 idem
837 3948 992 4010 pater
1025 3939 1078 3994 in
1105 3940 1558 4009 subsequentibus
1586 3939 1702 3995 ait:
1735 3939 1868 3995 Dedi
1900 3947 1953 3994 te
1984 3939 2042 3993 in

466 4028 644 4085 fiedus
687 4030 888 4100 populi,
929 4039 987 4085 ut
1035 4032 1330 4088 suscitares
1375 4039 1604 4098 terram,
1641 4040 1700 4087 et
1737 4031 2044 4102 possideres

467 4121 810 4177 hmreditates
832 4121 1142 4192 dissipatas,
1163 4132 1224 4177 ut
1237 4122 1451 4180 diceres
1473 4123 1560 4178 his
1584 4124 1678 4194 qui
1705 4123 1874 4178 vincti
1895 4130 2040 4188 sunt,

465 4215 630 4280 exite,
673 4225 729 4270 et
755 4215 842 4270 his
863 4215 954 4286 qui
981 4216 1036 4270 in
1085 4216 1343 4283 tenebris,
1391 4215 1728 4272 revelamini.
1769 4215 1830 4270 ln
1865 4213 2044 4271 fmdus

465 4304 645 4374 populi
691 4305 1009 4360 subauditur
1051 4301 1379 4371 Iudaeorum,
1407 4307 1495 4361 his
1538 4305 1820 4371 videlicet,
1851 4305 1945 4374 qui
1974 4319 2042 4359 ex

465 4397 574 4452 illis
613 4398 836 4452 credere
863 4399 1166 4462 voluerunt,
1200 4407 1256 4453 et
1281 4397 1562 4452 suscitavit
1587 4406 1809 4462 terram,
1832 4411 1954 4465 qua:
1984 4395 2039 4449 in

2150 1855 2169 1888 ι
2212 1844 2434 1892 centes:
2463 1835 2598 1904 Quis
2635 1845 2798 1908 putas
2828 1852 2964 1906 puer
2991 1837 3095 1892 iste
3123 1838 3267 1892 erit?
3297 1838 3510 1894 Etenim
3538 1855 3741 1896 manus

2151 1946 2171 1982 ‹
2211 1929 2426 1986 Domini
2458 1937 2578 1985 erat
2600 1944 2725 1985 cum
2756 1929 2867 1985 illo.
2893 1930 2961 1984 Et
2989 1930 3285 1985 Zacharias
3309 1940 3466 2001 pater
3485 1932 3605 2002 ejus
3633 1934 3741 1986 im-

2151 2039 2171 2074 ι
2213 2021 2392 2093 pletus
2413 2031 2498 2078 est
2511 2022 2718 2092 Spiritu
2742 2030 2929 2078 sancto
2951 2030 3005 2078 et
3025 2023 3370 2092 prophetavit
3395 2024 3580 2078 dimns
3602 2043 3616 2079 :
3642 2025 3740 2080 De-

2151 2131 2170 2165 ‹
2215 2114 2463 2168 nedictus
2483 2113 2741 2168 Dominus
2759 2113 2902 2168 Deus
2915 2112 3102 2180 Israel,
3119 2119 3248 2184 quia
3266 2114 3508 2169 visitavit
3526 2125 3583 2170 et
3601 2115 3743 2172 fecit

2151 2222 2172 2257 ι
2214 2206 2640 2277 redemptionem
2675 2206 2850 2276 plebis
2877 2222 3007 2261 suae.
3033 2227 3053 2260 ι

2215 2298 2489 2352 Elisabeth
2522 2307 2697 2352 autem
2743 2298 3013 2368 impletum
3047 2309 3124 2354 est
3159 2310 3360 2372 tempus
3392 2301 3658 2372 pariendi,
3683 2313 3738 2357 et

2144 2391 2340 2460 peperit
2367 2390 2562 2460 ﬁlium.
2593 2391 2694 2463 (Ex
2718 2391 2908 2463 Beda.)
2939 2393 3170 2448 Verbum
3192 2394 3522 2465 impletionis
3545 2407 3737 2452 sancta

2145 2482 2417 2551 scriptura
2459 2481 2514 2536 in
2543 2483 2808 2537 bonorum
2859 2491 3066 2538 tantum
3113 2492 3268 2550 ortu,
3315 2485 3397 2540 vel
3437 2486 3618 2552 obitu,
3645 2488 3738 2543 vel

2146 2574 2270 2629 actu
2301 2589 2503 2646 ponere
2532 2577 2833 2641 consuevit,
2862 2591 3094 2646 quarum
3137 2576 3305 2631 vitam
3339 2577 3742 2648 plenitudinem

2143 2665 2494 2735 perfectionis
2523 2665 2724 2722 habere
2749 2667 3033 2738 signiﬁcat.
3066 2665 3308 2738 Denique
3336 2655 3608 2726 Elisabetli
3631 2672 3736 2725 im-

2143 2754 2338 2826 pletum
2369 2765 2445 2810 est
2471 2766 2672 2827 tempus
2703 2759 2965 2828 pariendi.
2999 2757 3210 2830 Impleti
3243 2771 3365 2814 sunt
3399 2763 3510 2816 dies
3541 2762 3734 2818 Maria

2144 2855 2202 2900 ut
2234 2855 2458 2915 pareret.
2498 2845 2736 2914 Implevit
2777 2846 3029 2902 Salomon
3072 2848 3338 2926 will/icore
3376 2850 3589 2905 domum
3616 2851 3733 2906 Do-

2144 2937 2295 2991 mini.
2340 2935 2637 2992 Defunctus
2669 2945 2753 2992 est
2795 2937 3069 2993 Abraham
3099 2938 3186 2992 vel
3215 2938 3355 2994 alius
3385 2940 3582 3009 aliquis
3627 2957 3730 3011 pa-

2145 3037 2292 3086 trum
2321 3044 2487 3086 senex
2519 3040 2574 3084 et
2597 3029 2780 3100 plenus
2805 3030 3033 3094 dierum,
3075 3039 3132 3086 et
3165 3042 3439 3102 postquam
3468 3033 3599 3088 venit
3626 3033 3735 3104 ple-

2147 3118 2330 3174 nitudo
2364 3120 2628 3189 temporis,
2665 3121 2806 3175 misit
2851 3120 3194 3176 Deusl'ilium
3216 3138 3396 3189 suum,
3438 3131 3493 3177 at
3538 3133 3736 3180 contra

2147 3209 2261 3265 dies
2309 3210 2596 3281 impiorum
2647 3210 2868 3277 inanes,
2913 3219 2969 3264 et
3007 3213 3202 3278 vacui;
3250 3214 3348 3266 viri
3403 3215 3550 3268 enim
3597 3231 3731 3268 san-

2145 3301 2362 3370 guinum
2401 3309 2448 3354 et
2483 3298 2654 3355 dolosi
2695 3317 2801 3356 non
2836 3300 3187 3357 dimidiabunt
3230 3305 3341 3358 dies
3380 3320 3505 3359 suos
3548 3302 3728 3377 (Psal.

2145 3406 2232 3445 ων
2245 3390 2288 3463 ).

2218 3481 2284 3536 Et
2311 3483 2595 3538 audierunt
2623 3485 2779 3538 vicini
2819 3494 2867 3541 et
2907 3488 3117 3557 cognati
3157 3488 3297 3558 ejus,
3323 3489 3448 3560 quia
3483 3489 3733 3560 magniﬁ-

2145 3574 2278 3627 cavit
2305 3573 2564 3629 Dominus
2611 3576 3026 3631 misericordiam
3055 3594 3208 3632 suam
3235 3595 3351 3632 cum
3389 3579 3504 3646 illa,
3531 3590 3576 3634 et
3603 3597 3732 3635 con-

2143 3662 2548 3733 gratulabantur
2581 3666 2628 3720 ei
2656 3665 2759 3736 (Ex
2784 3665 3039 3738 August.)
3069 3667 3244 3722 Habet
3272 3679 3589 3725 sanctorum
3615 3671 3732 3726 edi-

2145 3753 2221 3808 tio
2257 3753 2497 3809 lzetitiam
2522 3755 2899 3826 plurimorum,
2926 3758 3051 3826 quia
3080 3773 3365 3814 commune
3391 3771 3474 3814 est
3502 3760 3734 3816 bonum.

2143 3841 2358 3899 Iustitia
2398 3845 2543 3899 enim
2586 3848 2888 3902 communis
2927 3855 3012 3902 est
3053 3847 3248 3920 virtus,
3279 3856 3334 3904 et
3367 3834 3489 3905 ideo
3518 3851 3573 3906 in
3602 3860 3730 3907 ortu

2135 3932 2269 4003 justi
2299 3935 2494 3990 futura:
2527 3938 2650 3993 vita:
2695 3939 2908 4009 insigne
2950 3939 3306 4009 promittitur,
3335 3951 3391 3996 et
3431 3943 3606 4013 gratia
3640 3958 3728 3998 se-

2143 4034 2334 4080 cutura
2359 4025 2574 4081 virtutis
2611 4027 2972 4085 exsultatione
2996 4030 3300 4085 vicinorum
3341 4032 3736 4103 prnﬁgurante

2143 4113 2405 4185 signatur.

2212 4203 2284 4258 Et
2309 4204 2506 4273 factum
2530 4216 2606 4262 est
2635 4209 2690 4262 in
2717 4208 2802 4263 die
2837 4219 3039 4277 octava,
3071 4221 3322 4266 uenerunt
3351 4213 3730 4270 circumcidere

2140 4314 2362 4368 puerum
2383 4308 2432 4353 et
2457 4287 2704 4355 vocabant
2727 4319 2846 4356 eum
2867 4303 3074 4358 nomine
3094 4304 3259 4375 patris
3283 4305 3366 4359 sui
3380 4303 3728 4374 Zachariam,

2141 4397 2190 4439 et
2224 4388 2535 4458 respondens
2565 4400 2732 4444 mater
2758 4392 2872 4462 ejus
2895 4392 3061 4447 dixit:
3088 4410 3439 4464 nequaquam,
3461 4395 3554 4448 sed
3573 4411 3726 4449 voca-

465 4485 783 4540 idololatriaa
817 4484 1030 4554 iacebat
1077 4487 1375 4551 erroribus,
1402 4494 1458 4540 et
1485 4484 1783 4555 possidebit
1814 4484 2039 4539 han-edi-
2064 4471 2116 4530 D
2142 4474 2280 4528 bitur
2319 4473 2573 4532 Joannes.
2604 4478 2736 4535 Mire
2770 4489 2990 4536 sanctus
3015 4483 3346 4554 evangelista
3386 4485 3724 4554 praemitten-

464 4585 606 4632 tates
630 4577 941 4647 dissipatas,
972 4592 1092 4646 qua:
1118 4576 1480 4631 habitatorem
1511 4589 1620 4628 non
1651 4573 1922 4629 habebant
1947 4575 2043 4629 do-

465 4669 691 4733 minum,
720 4676 774 4722 et
802 4667 933 4722 dicit
966 4667 1072 4731 his,
1103 4666 1196 4734 qui
1236 4672 1584 4735 peccatorum
1615 4661 1842 4717 vinculis
1872 4662 2039 4716 strin-

465 4759 764 4831 gebantur:
797 4757 980 4822 Exite,
1009 4756 1136 4822 quia
1182 4753 1403 4807 funibus
1441 4759 1789 4822 peccatorum
1819 4766 2040 4806 suorum

464 4852 834 4922 unusquisque
859 4847 1268 4917 constringitur,
1293 4856 1350 4900 et
1373 4845 1458 4900 his
1482 4844 1576 4914 qui
1604 4845 1864 4900 sedebant
1885 4845 1940 4900 in
1971 4853 2044 4902 te-

464 4941 669 5006 nebris,
703 4949 758 4995 et
799 4940 975 4994 lucem
1005 4937 1190 4991 videre
1222 4950 1329 4988 non
1359 4941 1638 5005 poterant,
1665 4935 1777 4991 ait:
1811 4935 2038 4992 Revela-

463 5035 620 5100 miui,
651 5033 704 5087 hi
740 5032 884 5086 enim
913 5043 1103 5083 omnes
1145 5035 1430 5098 postquam
1459 5028 1703 5084 conversi
1736 5027 1956 5092 fuerint,
1983 5035 2040 5084 et

463 5127 669 5182 clarum
703 5122 883 5175 lumen
911 5119 1113 5176 Christi
1141 5119 1472 5189 aspexerint,
1509 5127 1796 5188 pascentur
1836 5120 1892 5174 in
1934 5120 2038 5175 viis

465 5225 519 5270 et
555 5214 764 5270 semitis
809 5227 1086 5268 sacrarum
1115 5210 1554 5280 Scripturarum,
1597 5219 1653 5268 et
1681 5210 1898 5268 dicent:
1929 5211 2039 5264 Do-

465 5306 638 5357 minus
662 5303 826 5373 pascit
857 5318 959 5368 me,
982 5310 1030 5355 et
1061 5299 1188 5354 nihil
1214 5300 1340 5354 milii
1379 5301 1559 5368 deerit,
1592 5302 1645 5355 in
1673 5301 1786 5356 loco
1829 5317 2038 5371 pascua

465 5395 536 5450 ibi
581 5411 662 5448 me
697 5393 987 5448 collocavit.
1020 5391 1188 5463 Super
1230 5409 1422 5463 aquam
1459 5393 1754 5463 refectionis
1799 5393 2036 5447 educavit

465 5501 546 5539 me
572 5483 744 5556 (Psal.
778 5484 938 5554 xm).
1393 5545 1416 5552 η

701 5589 1035 5631 ενΑΝεειιυιι
1069 5589 1340 5631 SECUNDO!
1374 5589 1582 5638 ιυοΑιι,
1617 5587 1734 5627 CAP.
1761 5589 1801 5627 l.

545 5686 564 5720 ι
601 5669 876 5725 Elizabet'h
905 5669 1184 5739 impletum
1214 5675 1297 5724 est
1327 5674 1541 5734 tempus
1566 5665 1830 5734 pariendi,
1861 5674 1916 5721 et
1949 5681 2038 5736 pc-

2142 4566 2268 4621 dum
2313 4571 2544 4637 putavit,
2572 4571 2714 4640 quod
2742 4572 2956 4642 plurimi
2996 4574 3257 4629 infantem
3293 4576 3464 4646 patris
3503 4577 3724 4632 nomine

2141 4656 2418 4714 Zachariae
2458 4662 2832 4732 appellandum
2859 4673 3147 4735 putarunt,
3175 4674 3236 4720 ut
3264 4667 3518 4722 advertas
3559 4668 3722 4722 matri

2139 4765 2250 4804 non
2283 4765 2477 4806 nomen
2526 4753 2751 4823 alicujus
2790 4755 3127 4826 displicuisse
3175 4757 3478 4828 degeneris,
3528 4761 3624 4816 sed
3670 4759 3729 4816 id

2140 4851 2329 4898 sancto
2371 4842 2606 4900 infusum
2642 4847 2884 4916 Spiritu,
2924 4850 3067 4919 quod
3110 4850 3179 4904 ab
3230 4849 3422 4919 angelo
3452 4858 3581 4906 ante
3615 4849 3720 4904 Za-

2141 4935 2341 4990 chariae
2391 4935 2567 4990 fuerat
2590 4939 3029 5006 pnenuntiatum.
3059 4940 3127 4996 Et
3155 4941 3369 5009 quidem
3413 4941 3504 4997 ille
3536 4950 3720 4997 mutus

2141 5024 2395 5080 intimare
2435 5027 2756 5081 vocabulum
2804 5027 2899 5082 ﬁlii
2949 5030 3192 5098 nequivit
3236 5030 3430 5095 uxori,
3481 5031 3578 5085 sed
3623 5045 3720 5100 per

2141 5116 2478 5186 prophetiam
2520 5118 2792 5174 Elisabeth
2819 5119 3038 5186 didicit,
3081 5121 3226 5190 quod
3256 5137 3364 5176 non
3393 5121 3658 5176 didicerat
3686 5137 3718 5177 a

2142 5209 2359 5263 marito.

2211 5294 2280 5350 Et
2305 5298 2548 5354 dixerunt
2577 5300 2645 5353 ad
2681 5300 2848 5366 illam,
2884 5303 3008 5373 quia
3045 5319 3194 5356 nemo
3220 5315 3296 5358 est
3322 5304 3377 5358 in
3411 5305 3718 5375 cognatione

2140 5399 2254 5454 tua,
2280 5391 2369 5460 qui
2397 5401 2602 5446 vocetur
2639 5382 2736 5446 hoc
2782 5393 3006 5446 nomine.
3051 5391 3349 5448 lnnuebant
3395 5396 3534 5464 patri
3579 5395 3716 5465 ejus,

2137 5499 2291 5553 quem
2329 5483 2473 5537 vellet
2511 5500 2692 5538 uocare
2715 5500 2854 5548 eum,
2889 5493 2937 5537 et
2961 5483 3231 5554 postulans
3253 5485 3566 5555 pugillarem
3589 5486 3718 5541 scri-

2138 5576 2240 5644 psit
2269 5575 2487 5629 dicens:
2517 5573 2750 5629 Joannes
2790 5584 2864 5629 est
2905 5591 3092 5628 nomen
3121 5575 3256 5639 eius,
3299 5587 3346 5630 et
3389 5578 3569 5631 mirati
3597 5586 3717 5632 sunt

2142 5665 2388 5720 universi.
2417 5663 2648 5720 Joannes
2691 5673 2796 5731 est,
2829 5663 3034 5736 inquit,
3065 5680 3252 5720 nomen
3299 5667 3436 5736 ejus,
3465 5669 3569 5726 hoc
3598 5678 3716 5728 est,
