3952 6420
175 313 287 374 585

1006 316 1520 374 COLLECTIONES
1561 317 1627 373 IN
1667 317 2046 372 EPISTOLAS
2086 319 2173 374 ET
2215 321 2634 383 EVANGELIA.

3337 328 3442 385 586

178 449 290 490 non
325 432 378 489 ei
411 447 511 488 nos
546 447 742 503 nomen
788 433 1130 504 imponimus,
1173 435 1298 504 quia
1323 435 1436 505 jam
1463 451 1492 488 a
1524 435 1633 490 Deo
1659 451 1756 489 no-
1789 437 1837 496 Α
1863 434 2014 502 quasi
2058 435 2328 490 venditem
2358 438 2458 492 sub
2486 448 2707 508 peccato
2739 439 2882 494 unici
2931 440 3024 494 ﬁlii
3053 442 3138 496 sui
3173 443 3438 513 sanguine

177 543 308 584 men
349 527 584 598 accepit,
629 527 794 580 habet
817 526 1133 580 vocabulum
1166 541 1343 592 suum,
1372 527 1514 596 quod
1540 527 1761 597 agnovi-

176 631 306 672 mus
334 631 440 671 non
469 618 609 685 quod
649 615 932 686 elegimus,
962 631 1062 670 nec
1086 615 1302 672 mireris
1335 617 1380 670 si
1409 631 1603 671 nomen
1648 632 1762 671 mu-

179 707 305 774 lier,
330 707 473 778 quod
502 721 611 760 non
636 706 840 761 audivit
866 706 1121 772 asseruit,
1150 707 1366 776 quando
1381 706 1613 777 Spiritus
1642 721 1763 760 san-

177 805 324 861 ctus,
352 796 444 866 qui
491 795 682 865 angelo
726 795 1102 860 mandaverat,
1136 795 1414 850 revelavit.
1449 794 1632 864 Neque
1665 810 1761 864 po-

179 897 326 943 terat
370 887 581 942 Domini
617 887 866 957 ignorare
901 888 1283 956 praenuntium,
1315 901 1434 956 quze
1472 887 1760 956 propheta-

175 986 338 1032 verat
369 977 662 1032 Christum.
699 975 764 1029 Et
791 975 928 1030 bene
956 976 1211 1031 additur:
1238 975 1377 1041 Quia
1412 993 1562 1029 nemo
1586 977 1640 1028 in
1661 991 1760 1029 ισο-

176 1069 427 1136 gnatione
446 1065 561 1134 ejus
588 1073 804 1118 vocatur
825 1065 921 1119 hoc
942 1066 1167 1131 nomine,
1190 1076 1250 1122 ut
1271 1065 1538 1135 intelligas
1560 1079 1756 1120 nomen

178 1173 290 1211 non
318 1157 534 1227 generis
557 1171 679 1211 esse
697 1194 712 1220 ,
741 1154 837 1210 sed
863 1155 1025 1210 vatis.

251 1248 503 1317 Apertum
543 1256 618 1300 est
645 1245 787 1300 illico
815 1261 874 1300 os
907 1246 1022 1317 ejus
1051 1255 1099 1300 et
1142 1246 1324 1317 lingua
1366 1257 1414 1302 et
1453 1247 1760 1318 loquebatur

176 1335 486 1390 benedicens
514 1335 704 1400 Deum,
730 1344 778 1388 et
808 1335 980 1404 [actus
1007 1345 1082 1390 est
1117 1338 1275 1390 timor
1299 1353 1456 1408 super
1480 1354 1656 1391 omnes
1686 1338 1760 1391 vi-

177 1428 327 1480 cinos
351 1443 550 1481 eorum.
579 1425 715 1492 Quia
740 1439 841 1479 vox
864 1423 1146 1480 clamantis
1170 1426 1224 1480 in
1250 1427 1464 1481 deserto
1492 1435 1575 1482 est
1604 1435 1752 1492 nata,

177 1518 380 1573 merito
402 1524 485 1572 est
510 1516 691 1588 lingua
715 1515 924 1585 parenti
951 1515 1150 1582 soluta,
1174 1532 1350 1586 neque
1370 1517 1514 1571 enim
1543 1525 1753 1588 patrem

177 1624 212 1663 ι
247 1609 498 1664 laudibus
539 1607 700 1662 silere
728 1606 986 1673 decebat,
1030 1609 1123 1678 qui
1165 1609 1316 1664 verbi
1359 1623 1610 1678 praecone
1649 1608 1754 1666 sibi

179 1709 314 1756 nato
349 1700 635 1771 gaudebat,
675 1698 872 1770 quippe
916 1699 1004 1754 cui
1049 1700 1189 1755 labia
1234 1715 1356 1771 qua:
1403 1700 1755 1756 incredulitas
1865 1731 1869 1738 -

177 1791 452 1856 vinxerat,
477 1789 611 1845 ﬁdes
633 1787 745 1858 jam
773 1788 952 1844 solvit.
983 1790 1182 1845 Verum
1209 1790 1326 1845 hmc
1365 1790 1528 1846 etiam
1553 1790 1756 1861 allego-
1782 1794 1830 1854 B

180 1884 296 1939 rice
343 1883 391 1938 si
439 1882 562 1952 quis
621 1882 952 1952 perscrutari
998 1881 1301 1948 desiderat,
1347 1882 1574 1937 Joannis
1616 1883 1756 1938 cele-

179 1972 337 2028 brata
363 1973 639 2038 nativitas,
660 1973 848 2044 gratias
872 1972 1005 2029 Novi
1032 1973 1370 2028 Testamenti
1393 1981 1479 2028 est
1505 1975 1758 2029 inchoata

179 2063 507 2119 sublimitas.
535 2063 632 2119 Cui
654 2064 818 2119 vicini
853 2072 910 2118 et
933 2064 1146 2136 cognati
1175 2065 1347 2134 patris
1373 2079 1569 2121 nomen
1591 2080 1755 2136 quam

178 2153 405 2211 Joannis
451 2155 728 2226 imponere
753 2156 1044 2222 malebant,
1077 2157 1201 2226 quia
1243 2155 1445 2221 Judaei,
1486 2156 1579 2227 qui
1621 2157 1756 2227 legis

180 2244 234 2298 ei
271 2245 667 2311 observatione,
695 2246 848 2315 quasi
877 2244 1138 2302 aﬁinitate
1160 2246 1334 2317 juncti
1377 2255 1554 2311 erant,
1583 2232 1758 2317 magis

175 2333 477 2404 justitiam,
505 2350 626 2405 qua:
661 2349 727 2391 ex
754 2334 872 2406 lege
897 2344 1003 2400 est,
1034 2337 1254 2400 sectari,
1287 2351 1450 2405 quam
1481 2335 1604 2391 ﬁdei
1635 2351 1756 2407 gra-

180 2425 315 2481 tiam
340 2426 614 2496 suscipere
637 2427 941 2496 cupiebant.
971 2425 1075 2482 Sed
1101 2424 1343 2491 Joannis,
1373 2427 1477 2482 hoc
1501 2435 1604 2493 est,
1635 2442 1757 2498 gra-

183 2517 271 2573 tias
314 2517 414 2573 Dei
439 2518 754 2573 vocabulum
779 2527 956 2574 mater
981 2520 1184 2585 verbis,
1209 2527 1365 2591 pater
1392 2519 1590 2576 litteris
1631 2521 1756 2575 iuti-

181 2625 335 2666 mare
379 2618 646 2682 satagunt.
675 2612 810 2679 Quia
850 2621 906 2667 et
935 2612 1020 2668 lex
1071 2614 1186 2683 ipsa
1214 2615 1514 2684 psalmique
1538 2629 1602 2669 ac
1629 2629 1756 2686 pro-

178 2703 358 2772 pheta:
385 2703 590 2771 apertis
617 2703 1004 2758 sententiarum
1033 2703 1258 2759 vocibus
1294 2705 1526 2774 gratiam
1551 2703 1754 2759 Christi

178 2794 499 2866 praedicant,
526 2802 583 2849 et
617 2795 978 2850 sacerdotium
1011 2793 1141 2850 illud
1183 2802 1341 2850 vetus
1385 2793 1631 2865 ﬁguratis
1652 2808 1756 2849 ca:-

179 2886 548 2942 remoniarum
593 2894 648 2941 et
695 2885 1084 2940 sacriﬁciorum
1129 2885 1338 2940 umbris
1377 2885 1554 2940 eidem
1603 2887 1756 2939 testi-

181 2977 424 3032 monium
453 2976 720 3047 perhibet
737 2977 1075 3046 Pulchreque
1111 2975 1401 3030 Zacharias
1439 2985 1628 3031 octava
1667 2974 1754 3030 die

179 3069 352 3140 prolis
377 3068 535 3124 edita:
558 3069 814 3139 loquitur,
855 3069 981 3138 quia
1025 3082 1122 3138 per
1158 3067 1368 3122 Domini
1403 3065 1752 3121 resurrectio—

1860 523 2107 578 redemit.
2158 522 2310 590 Quod
2349 527 2476 595 quia
2513 529 2706 583 beatus
2753 529 3042 584 Zacharias
3077 532 3323 600 proxime
3356 531 3441 585 fa-

1858 613 2108 668 ciendum
2170 624 2528 684 cognoverat,
2574 619 2890 688 prophetico
2938 636 3089 676 more
3131 621 3284 691 quasi
3325 619 3443 690 jam

1858 702 2061 760 factum
2091 715 2294 760 narrat.
2325 707 2394 762 Et
2424 709 2718 763 notandum
2747 711 2891 779 quod
2927 713 3176 770 visitasse
3204 721 3260 768 et
3286 713 3444 768 rede-

1858 797 2025 852 misse
2074 797 2286 866 plebem
2345 813 2499 852 suam
2552 799 2770 865 dicitur,
2825 815 2932 854 non
2979 803 3106 870 quia
3153 803 3441 866 videlicet,

1858 886 2001 943 hanc
2022 888 2247 942 veniens
2275 903 2429 942 suam
2461 889 2684 956 invenit,
2711 891 2804 945 sed
2832 891 2957 958 quia
2992 892 3257 948 visitando
3286 907 3443 946 suam

1859 975 2006 1042 fecit,
2037 977 2124 1030 cui
2167 977 2342 1032 simile
2379 985 2464 1032 est
2509 979 2652 1048 quod
2681 981 2737 1033 in
2777 979 3193 1035 Proverbiorum
3238 982 3344 1037 ﬁne
3377 983 3445 1038 de

1855 1065 2044 1121 eadem
2073 1065 2229 1135 plebe
2269 1076 2557 1122 cantatur:
2590 1067 2866 1123 Mulierem
2908 1069 3097 1139 fortem
3139 1073 3256 1143 quis
3297 1073 3443 1126 inve-

1855 1154 1958 1207 niet
1981 1153 2164 1225 (Prov.
2191 1153 2436 1228 ultimo)?
2465 1155 2650 1227 Neque
2681 1158 2828 1212 enim
2855 1160 3104 1214 eamdem
3134 1161 3440 1227 mulierem,

1854 1240 2106 1296 videlicet
2147 1242 2446 1298 Ecclesium
2472 1283 2487 1309 ,
2537 1244 2752 1310 fortem,
2785 1245 2842 1299 id
2867 1254 2971 1310 est,
3003 1247 3164 1302 ﬁdem
3192 1249 3444 1304 devotam

1855 1330 2082 1400 invenit,
2118 1332 2214 1387 sed
2245 1332 2350 1387 sibi
2377 1335 2754 1403 desponsando
2796 1334 2992 1392 fortem
3031 1338 3283 1404 reddidit,
3311 1354 3441 1410 quia

1855 1437 1968 1478 suae.
1997 1421 2121 1478 ﬁdei
2146 1423 2479 1480 sublimitate
2506 1423 2756 1495 perfecit.

2003 1619 2072 1674 IN
2110 1619 2362 1676 VIGILIA
2399 1616 2643 1674 SANCTI
2683 1619 2886 1674 PETRI
2923 1616 3288 1676 APOSTOLI.

2066 1747 2258 1788 LECTIO
2289 1746 2503 1786 ACTUL'I
2535 1746 2949 1798 APOSTOLORUI,
2982 1747 3102 1789 CAP.
3141 1749 3224 1789 ιιι.

1931 1905 1950 1939 ε
1985 1887 2178 1942 Petrus
2219 1893 2276 1940 et
2301 1882 2540 1940 Joannes
2577 1885 2940 1941 ascendebant
2970 1886 3026 1941 in
3076 1886 3334 1957 templum
3366 1885 3436 1945 ad

1861 1997 1881 2032 ι
1925 1980 2116 2034 horam
2151 1977 2418 2033 orationis
2447 1991 2666 2031 nonam.
2696 1976 2763 2032 Et
2799 1977 3016 2047 quidam
3053 1978 3159 2044 vir,
3184 1980 3278 2048 qui
3315 1987 3441 2035 erat

1859 2089 1880 2122 ι
1924 2070 2147 2126 claudus
2175 2083 2244 2124 ex
2287 2075 2446 2124 utero
2480 2068 2674 2123 matris
2717 2083 2829 2123 sum
2879 2067 3240 2137 bajulabatur,
3273 2085 3438 2140 quem

1861 2179 1880 2212 s
1924 2161 2165 2231 quotidie
2192 2161 2464 2230 ponebant
2489 2159 2557 2214 ad
2585 2166 2801 2228 portam
2843 2159 3051 2229 templi,
3082 2174 3204 2229 quas
3237 2159 3440 2216 dicitur

1859 2268 1881 2302 ι
1924 2249 2199 2320 Speciosa,
2218 2256 2277 2303 ut
2298 2257 2507 2318 peteret
2527 2248 2923 2318 eleemosynam
2946 2249 3014 2303 ab
3039 2249 3439 2305 introeuntibus

1860 2359 1880 2394 ι
1924 2344 1978 2396 in
2008 2341 2284 2412 templum.
2316 2341 2366 2396 ls
2401 2356 2526 2396 cum
2561 2340 2788 2395 vidisset
2815 2339 3034 2395 Petrum
3060 2349 3112 2395 et
3145 2339 3432 2406 Joannem,

1860 2453 1879 2487 ι
1922 2435 2243 2506 incipientes
2269 2434 2494 2489 introire
2529 2433 2584 2488 in
2628 2431 2906 2502 templum,
2936 2432 3160 2503 rogabat
3203 2440 3264 2486 ut
3291 2432 3436 2488 elec-

1860 2545 1879 2580 s
1924 2542 2203 2599 mosynam
2227 2527 2518 2596 acciperet.
2544 2525 2765 2580 lntuens
2801 2533 2982 2579 autem
3008 2525 3062 2579 in
3087 2539 3211 2579 eum
3242 2524 3436 2580 Petrus

1860 2635 1879 2668 ι
1925 2633 2048 2672 cum
2073 2615 2282 2671 Joanne
2323 2615 2499 2670 dixit:
2537 2614 2763 2685 Respice
2793 2614 2846 2668 in
2882 2629 3000 2668 nos.
3027 2613 3098 2668 At
3133 2614 3224 2668 ille
3255 2614 3435 2668 inten-

1859 2724 1878 2758 ι
1923 2707 2082 2760 debat
2109 2706 2161 2760 in
2191 2720 2305 2769 eos,
2351 2719 2576 2775 sperans
2617 2718 2676 2758 se
2717 2703 2921 2772 aliquid
2969 2712 3317 2772 accepturum
3362 2703 3433 2756 ab

1859 2813 1879 2847 s
1923 2795 2020 2850 eis.
2051 2794 2242 2851 l’etrus
2268 2802 2447 2850 autem
2479 2793 2648 2848 dixit:
2681 2792 2979 2864 Argentum
3003 2798 3059 2846 et
3087 2806 3278 2845 aurum
3326 2805 3435 2845 non

1858 2904 1878 2938 ‹
1919 2893 2002 2941 est
2030 2886 2184 2951 mihi,
2212 2886 2356 2955 quod
2383 2891 2562 2938 autem
2606 2883 2798 2948 habeo,
2831 2885 2936 2939 hoc
2975 2883 3072 2938 tibi
3105 2883 3176 2937 do
3201 2899 3217 2936 :
3247 2881 3306 2936 In
3336 2897 3434 2936 no-

1859 2996 1878 3030 ‹
1925 2977 2069 3032 mine
2096 2975 2223 3032 Jesu
2253 2977 2452 3032 Christi
2483 2973 2782 3038 Nazareni,
2834 2988 2993 3043 surge
3017 2981 3072 3027 et
3097 2972 3332 3028 ambula.
3366 2973 3438 3026 Et

1861 3085 1880 3117 ι
1921 3066 2254 3138 apprehensa
2275 3064 2394 3136 ejus
2430 3079 2589 3118 manu
2616 3064 2860 3127 dextera,
2886 3061 3142 3116 allevavit
3184 3077 3328 3116 eum.
3366 3062 3436 3115 Et

181 3136 329 3226 nem,
351 3175 471 3230 qua
490 3136 682 3217 octava
704 3161 790 3216 die
811 3136 933 3230 post
951 3136 1238 3230 septimam
1260 3160 1467 3215 sabbati
1490 3158 1630 3215 facta
1643 3167 1749 3222 est,
1778 3136 1822 3198 (ἶ
1859 3175 1880 3210 s
1919 3136 2168 3226 protinus
2201 3155 2550 3212 consolidatai
2587 3162 2714 3209 sunt
2756 3152 2915 3220 bases
2963 3152 3082 3221 ejus
3111 3159 3167 3206 et
3208 3151 3429 3220 plantze,

180 3252 394 3308 occulta
426 3251 711 3306 sacerdotii
737 3250 924 3322 legalis
968 3265 1169 3306 arcana
1192 3257 1510 3320 patuerunt,
1544 3249 1752 3320 lingua-
1856 3267 1876 3302 ο
1919 3258 1974 3305 et
2000 3248 2256 3304 exsiliens
2296 3247 2446 3303 stetit
2474 3253 2530 3300 et
2556 3244 2886 3300 ambulabat.
2924 3243 3006 3318 Et
3032 3243 3258 3296 intravit
3301 3257 3425 3297 cum

183 3356 294 3412 que
329 3340 640 3412 pontiﬁcum
689 3338 1026 3405 Judaeorum,
1075 3355 1238 3410 quam
1277 3337 1587 3393 difﬁdentiae
1638 3339 1754 3393 vin-
1857 3359 1876 3393 ‹
1922 3339 2028 3395 illis
2056 3337 2112 3394 in
2140 3337 2416 3408 templum,
2455 3336 2740 3391 ambulans
2765 3342 2822 3389 et
2844 3333 3105 3389 exsiliens
3125 3341 3182 3388 et
3205 3331 3434 3387 laudans

185 3433 306 3488 cula
356 3432 721 3498 strinxerant,
760 3431 1125 3500 intelligentiae
1166 3429 1472 3486 rationabili
1501 3438 1588 3485 est
1622 3441 1754 3486 voce
1856 3447 1876 3482 ι
1917 3429 2110 3483 Deum.
2159 3427 2226 3481 Et
2260 3426 2392 3481 vidit
2418 3440 2542 3480 eum
2569 3424 2745 3479 omnis
2793 3422 3020 3493 populus
3059 3421 3426 3478 ambulantem

185 3521 384 3576 soluta.
1778 3551 1810 3588 .
1857 3538 1877 3572 ο
1921 3529 1979 3576 et
2007 3518 2315 3573 laudantem
2360 3517 2550 3582 Deum,
2582 3515 2982 3584 cognoscebant
3025 3519 3204 3568 autem
3252 3511 3429 3577 illum,

258 3609 330 3664 Et
366 3627 522 3680 super
575 3612 752 3666 omnia
800 3619 1051 3665 montana
1097 3610 1303 3665 ludam
1350 3609 1756 3680 divulgabantur
1865 3631 1886 3664 ι
1921 3611 2172 3681 quoniam
2215 3609 2332 3680 ipse
2374 3616 2523 3671 erat,
2575 3607 2670 3676 qui
2713 3607 2782 3661 ad
2824 3605 3222 3676 eleemosynam
3269 3605 3431 3660 sede-

185 3702 366 3755 omnia
397 3700 548 3754 verba
574 3701 706 3755 hac.
744 3699 813 3754 Et
840 3708 1127 3771 posuerunt
1155 3699 1213 3754 in
1247 3699 1404 3753 corde
1440 3715 1536 3753 suo
1573 3698 1753 3752 ὀίεαι·
1859 3719 1880 3753 s
1923 3703 2036 3765 bat,
2072 3699 2138 3754 ad
2167 3698 2468 3768 speciosam
2507 3704 2719 3767 portam
2748 3693 2953 3767 templi,
2983 3702 3040 3750 et
3075 3693 3263 3761 repleti
3309 3702 3436 3750 sunt

185 3800 302 3844 tes:
328 3788 466 3856 Quid
494 3799 644 3860 putas
675 3806 804 3861 puer
822 3790 920 3845 iste
951 3791 1069 3856 erit,
1110 3789 1297 3844 etenim
1325 3805 1512 3843 manus
1542 3789 1756 3843 Domini
1859 3809 1880 3845 s
1923 3805 2111 3845 omnes
2157 3796 2377 3859 stupore
2417 3794 2472 3843 et
2499 3786 2732 3853 exstasi,
2775 3785 2832 3841 in
2874 3799 2942 3841 eo
2969 3785 3115 3856 quod
3155 3784 3433 3839 acciderat

186 3890 302 3935 erat
330 3897 447 3935 cum
471 3880 586 3936 illo.
613 3880 810 3952 Magna
835 3897 994 3952 opera
1019 3881 1252 3947 Domini,
1280 3882 1539 3952 exquisita
1564 3881 1620 3934 in
1646 3897 1759 3934 om-

187 3986 280 4024 nes
305 3969 592 4025 voluntates
617 3971 732 4042 ejus
758 3968 930 4042 (Psal.
954 3986 1021 4026 cx
1061 3970 1102 4042 ).
1130 3971 1270 4026 Ecce
1294 3971 1439 4026 enim
1464 3986 1633 4026 unum
1657 3971 1758 4025 Za-

1947 3896 2022 3932 Ill.
2049 3898 2068 3931 ι

1925 3896 2116 4024 lPetrus
2135 3979 2182 4024 et
2203 3969 2434 4024 Joannes
2455 3967 2800 4023 ascendebant
2819 3967 2875 4022 in
2895 3964 3141 4036 templum
3161 3965 3232 4018 ad
3251 3964 3438 4018 lteram

188 4060 391 4115 charis:
433 4060 734 4128 silentium,
762 4078 872 4118 non
915 4063 1019 4133 ipsi
1063 4072 1271 4117 tantum
1317 4078 1440 4117 cum
1483 4063 1645 4118 datur
1690 4062 1759 4116 ad
1855 4063 2109 4117 orationis
2154 4077 2369 4116 nonam.
2410 4059 2654 4129 Apostoli
2699 4074 2842 4114 nona
2884 4057 3019 4112 hora
3062 4055 3318 4124 templum
3353 4055 3437 4109 iu-

188 4164 406 4220 pmnam
448 4149 858 4218 incredulitatis,
887 4161 944 4207 et
981 4155 1193 4224 signum
1234 4153 1486 4207 credendi
1515 4153 1756 4222 proﬁcit,

190 4240 286 4296 sed
327 4248 385 4296 et
415 4257 538 4296 cum
567 4242 828 4308 aufertur,
865 4258 1054 4299 clunes
1090 4243 1297 4298 vicinos
1335 4241 1452 4309 ejus
1499 4243 1760 4297 miraculo

1855 4153 2116 4226 gressuri,
2143 4155 2320 4222 primo
2342 4139 2590 4206 claudum
2617 4151 2708 4206 diu
2729 4150 2960 4205 debilem
2985 4148 3217 4212 salvant,
3241 4147 3438 4202 deinde

1857 4243 1926 4298 ad
1951 4257 2230 4311 vesperam
2257 4256 2430 4310 usque
2456 4239 2786 4304 laborantes,
2809 4239 2978 4293 multa
3005 4238 3286 4292 hominum
3316 4237 3437 4290 mil-

189 4347 257 4386 ac
307 4333 501 4388 timore
552 4333 854 4404 stupefacit.
903 4334 1096 4390 Omnia
1145 4335 1562 4403 circumquaque
1612 4348 1763 4388 mon-
1857 4333 1928 4388 lia
1977 4332 2146 4386 verbo
2174 4329 2297 4384 ﬁdei
2330 4330 2596 4384 imbuunt.
2633 4328 2770 4397 Quia
2801 4328 3050 4383 doctores
3075 4325 3350 4390 Ecclesia,
3383 4326 3438 4380 in
3515 4351 3518 4354 η

193 4430 319 4474 tana
364 4420 504 4476 fama
558 4423 670 4476 nati
724 4425 1000 4496 prophetae
1070 4421 1364 4493 profundit.
1415 4421 1614 4477 Omnes
1668 4423 1758 4492 qui
1784 4471 1838 4496 ἢ
1863 4424 2023 4478 ﬁnem
2050 4421 2234 4477 mundi
2263 4421 2558 4486 venientes,
2581 4427 2638 4475 et
2665 4418 2938 4490 languenti
2967 4419 3118 4487 prius
3145 4417 3353 4483 lsraeli,
3384 4425 3440 4472 et

1784 4471 1838 4531 D

191 4508 382 4564 audire
413 4516 684 4580 poterant,
713 4511 782 4565 ad
810 4511 1226 4581 perquirendum
1270 4510 1582 4580 diligentius
1607 4511 1760 4580 pueri
1788 4505 2202 4584 "postmodum
2250 4511 2413 4566 etiam
2477 4509 2761 4580 gentilitati
2817 4509 3131 4578 praedicant.
3178 4505 3253 4560 Hi
3316 4515 3438 4561 sunt

192 4597 286 4667 qui
337 4608 498 4654 natus
541 4607 626 4654 est
655 4601 874 4656 modum
908 4608 1212 4670 statumque
1261 4600 1536 4668 sollicitat,
1577 4610 1637 4656 ut
1676 4602 1762 4656 his

193 4692 442 4748 videlicet
505 4701 666 4764 atque
731 4692 1033 4763 huiusmodi
1097 4693 1312 4750 futurus
1367 4693 1568 4749 Christi
1633 4709 1761 4764 pro-

191 4783 354 4854 pheta
390 4784 795 4839 commendetur
835 4784 1111 4854 auspiciis,
1139 4785 1349 4855 iterque
1388 4785 1470 4856 (ut
1507 4785 1585 4838 ita
1612 4785 1764 4840 dixe-

189 4872 332 4945 rim)
361 4874 680 4944 praecursori
724 4874 969 4930 veritatis
1008 4875 1390 4944 praecurrentia
1434 4875 1587 4944 signa
1619 4889 1761 4945 pra:-

190 4965 375 5020 beant.

265 5056 337 5111 Et
360 5054 648 5112 Zacharias
669 5066 817 5129 pater
841 5056 1223 5128 ejusimpletus
1249 5053 1532 5127 estSpiritu
1556 5065 1758 5121 sancto,

192 5156 240 5201 et
293 5146 614 5217 prophetarit
677 5146 854 5202 dicens
889 5160 910 5198 ε
951 5145 1264 5200 Benedictus
1321 5145 1571 5199 Dominus
1620 5144 1760 5200 Deus

192 5234 528 5306 Israel,quia
552 5236 778 5292 uisitauit
796 5245 848 5290 et
874 5235 995 5306 fecit
1026 5235 1428 5306 redemptionem
1448 5233 1609 5304 plebis
1629 5251 1759 5289 sua.

191 5326 407 5394 Quanta
447 5327 665 5396 superni
692 5328 931 5382 muneris
961 5337 1048 5383 est
1071 5327 1315 5395 largitas,
1341 5326 1386 5382 si
1420 5335 1666 5395 prompta
1694 5328 1763 5380 al

193 5416 567 5488 accipiendum
612 5425 812 5474 nostra
856 5417 978 5473 ﬁdei
1024 5419 1100 5472 sit
1141 5418 1333 5488 pietas.
1369 5417 1510 5472 Ecce
1552 5416 1765 5485 loquela

193 5522 316 5577 qua
335 5506 452 5563 sola
479 5515 566 5562 est
586 5507 764 5562 ablata
795 5505 1074 5571 difﬁdenti,
1101 5521 1223 5561 cum
1253 5506 1445 5576 spiritu
1470 5506 1765 5575 prophetia:

193 5608 281 5654 est
311 5599 562 5654 restituta
588 5597 848 5653 credenti.
877 5598 1126 5652 Visitavit
1149 5607 1328 5652 autem
1364 5597 1624 5652 Dominus
1656 5597 1768 5665 ple-

195 5691 321 5745 bem
358 5704 534 5754 suam,
569 5688 723 5758 quasi
763 5689 917 5760 longa
963 5687 1276 5742 inﬁrmitate
1303 5687 1690 5753 tabescentem,
1713 5696 1772 5742 et

1859 4601 1998 4656 enim
2025 4599 2270 4670 operarii,
2302 4615 2430 4669 quos
2459 4614 2595 4652 nona
2623 4607 2670 4652 et
2687 4597 2973 4651 undecima
2998 4597 3130 4650 hora
3154 4596 3212 4650 in
3235 4596 3439 4649 vineam

1861 4689 2243 4763 paterfamilias
2267 4688 2468 4743 inducit
2495 4687 2710 4760 (Matth.
2737 4686 2852 4758 xx).

1933 4791 2004 4845 Et
2031 4791 2244 4862 quidam
2274 4790 2370 4854 vir,
2407 4790 2496 4859 qui
2540 4799 2651 4842 erat
2687 4788 2908 4842 claudus
2952 4804 3018 4842 ea:
3061 4797 3209 4841 utero
3251 4786 3439 4840 matris

1861 4899 1994 4949 suae,
2033 4882 2388 4954 bajulabatur.
2433 4879 2569 4948 Quia
2614 4881 2848 4951 populus
2898 4880 3061 4935 Israel
3111 4894 3218 4934 non
3261 4877 3437 4934 solum

1862 4973 2090 5029 Domino
2118 4973 2439 5040 incarnato,
2533 4974 2625 5031 sed
2697 4990 2728 5030 a
2902 4971 3094 5040 primis
3113 4969 3277 5023 etiam
3302 4967 3439 5036 legis

1865 5061 2197 5131 temporibus
2223 5061 2364 5115 datm
2412 5059 2630 5115 rebellis
2675 5059 2919 5126 exstitit,
2962 5060 3120 5130 quasi
3166 5073 3235 5113 ex
3280 5065 3440 5112 utero

1862 5154 2054 5208 matris
2081 5152 2306 5207 claudus
2339 5149 2460 5214 fuit,
2501 5151 2645 5220 quod
2689 5152 2830 5207 bene
2861 5149 3028 5206 Jacob
3071 5164 3196 5205 cum
3247 5146 3439 5218 angelo

1863 5244 2120 5308 luctante,
2149 5242 2432 5297 benedicto
2464 5242 2710 5310 quidem,
2739 5243 2835 5297 sed
2866 5241 3203 5297 claudicante
3241 5239 3440 5310 ﬁgura-

1866 5342 1972 5398 tur,
2001 5332 2128 5403 quia
2155 5329 2384 5401 populus
2415 5331 2642 5385 Domino
2672 5331 2727 5385 in
2754 5331 3004 5402 passione
3033 5329 3353 5400 praevalens,
3381 5327 3439 5384 in

1863 5422 2181 5492 quibusdam
2208 5435 2305 5489 per
2331 5419 2489 5474 ﬁdem
2519 5420 2859 5485 benedictus,
2887 5421 2941 5474 in
2967 5419 3287 5490 quibusdam
3312 5430 3442 5471 vero

1864 5520 1951 5567 est
1976 5526 2074 5581 per
2107 5509 2480 5566 inﬁdelitatem
2507 5508 2754 5565 claudus.

1939 5601 2104 5667 Quem
2145 5601 2400 5673 ponebant
2429 5602 2658 5673 quotidie
2697 5611 2817 5656 ante
2859 5611 3063 5672 portans
3103 5597 3279 5668 templi
3323 5614 3439 5669 qum

1866 5691 2062 5746 dicitur
2082 5690 2348 5763 Speciosa,
2371 5700 2474 5747 etc.
2501 5691 2664 5746 Porta
2695 5691 2874 5763 templi
2903 5691 3158 5762 Speciosa
3183 5688 3441 5746 Dominus
