3952 6438
548 330 662 386 387

1839 321 2191 379 smmum
2230 318 2521 375 seems
3687 323 3761 379 333

551 452 656 505 est,
685 456 780 511 per
803 454 962 511 quem
993 439 1039 493 si
1069 438 1191 507 quis
1218 435 1507 502 introien't,
1539 434 1859 491 salvabitur.
1882 435 1965 489 Ad
1991 434 2133 488 banc
2160 437 2210 494 Α
2239 439 2322 485 ret
2343 471 2358 494 ,
2402 438 2460 484 et
2506 429 2622 484 huic
2666 428 2780 484 sola
2829 435 2886 484 et
2938 441 3070 482 vera
3105 435 3193 484 est
3234 428 3480 497 probatio
3520 435 3686 501 integri
3724 439 3760 490 ia

554 540 765 600 portam
810 528 1000 584 debilis
1023 526 1187 582 Israel
1221 527 1300 581 ire
1327 541 1436 580 non
1478 525 1685 591 valens,
1715 524 1870 596 legis,
1901 523 2136 594 prophe-

551 629 839 689 tarumque
866 618 1093 673 vocibus
1121 615 1365 681 all’ertur,
1390 625 1451 671 ut
1478 618 1548 673 ab
1586 615 2014 687 ingredientibus
2047 614 2134 668 in—

551 709 750 764 teriora
780 708 1062 777 sapientiae
1090 706 1214 762 fidei
1252 707 1534 762 audienda:
1561 708 1819 776 deposcat
1848 704 2133 771 auxilium,

547 797 642 868 qui
672 797 929 852 vaticinia
966 796 1306 860 futurorum,
1351 797 1506 864 quasi
1549 797 1618 850 ad
1665 804 1881 866 portam
1931 802 2140 865 ponunt

552 888 849 943 auditores.
880 887 989 942 Sed
1015 887 1168 942 Petri
1193 897 1276 941 est
1308 887 1364 940 in
1393 887 1649 957 templum
1695 887 2010 956 perducere,
2043 886 2136 941 cui

549 993 648 1049 pro
678 978 1024 1034 confessione
1067 976 1222 1044 forti,
1253 985 1309 1032 et
1351 992 1648 1047 cognomen
1676 987 1845 1047 petrze
1873 984 1928 1031 et
1957 976 2140 1031 claves

551 1069 676 1124 (εωιί
705 1077 834 1123 sunt
863 1067 1032 1122 datm.
1557 1078 1569 1091 '
2098 1076 2116 1092 ‘

624 1159 914 1230 Argentum
935 1167 987 1212 et
1028 1174 1219 1212 aurum
1255 1174 1359 1212 non
1391 1166 1466 1212 est
1511 1157 1662 1211 milii.
1692 1155 1895 1210 Habuit
1921 1156 2138 1225 quidem

549 1259 706 1307 vetus
750 1249 1160 1304 tabernaculum
1192 1247 1612 1317 iustiﬁcationes
1651 1246 1901 1311 cultura,
1926 1255 1982 1300 et
2010 1262 2140 1300 san-

547 1349 697 1396 ctum
724 1339 984 1396 maculare
1009 1354 1144 1394 auro
1167 1345 1501 1409 argentoque
1527 1335 1866 1399 distinctum,
1895 1335 1993 1389 sed
2026 1348 2141 1388 me-

551 1431 697 1491 tallis
738 1431 875 1500 legis
905 1429 1127 1497 sanguis
1171 1426 1446 1497 Evangelii
1503 1425 1795 1496 pretiosior
1823 1415 2054 1479 emicat.
2086 1431 2144 1476 et

548 1523 781 1594 populus
817 1521 936 1588 ille,
967 1521 1056 1589 qui
1107 1528 1234 1574 ante
1267 1529 1487 1573 auratos
1532 1528 1714 1588 postes
1757 1524 1937 1570 mente
1977 1515 2139 1570 debili

546 1613 814 1684 iacuerat,
859 1612 913 1666 in
951 1611 1169 1666 nomine
1205 1608 1450 1664 cruciﬁxi
1479 1609 1736 1670 salvatus,
1769 1605 2026 1676 templum
2057 1621 2141 1660 re-

551 1703 648 1774 gni
693 1703 929 1757 caelestis
977 1700 1278 1772 ingreditur
1305 1699 1493 1773 (Hebr.
1518 1700 1637 1770 vn).
1671 1697 1922 1768 Alioquin
1953 1699 2142 1752 beatus

551 1792 769 1858 Petrus,
797 1793 1062 1848 Dominici
1094 1806 1302 1846 memor
1327 1789 1604 1860 praecepti,
1631 1804 1737 1857 quo
1761 1788 1962 1842 dicitur
1990 1804 2004 1840 :
2033 1786 2142 1839 Νο-
2167 1783 2214 1843 Β
2242 1794 2460 1847 humani
2507 1795 2686 1850 meriti
2707 1837 2722 1859 ,
2763 1796 2860 1851 sed
2887 1796 3130 1850 muneris
3172 1812 3299 1852 esse
3335 1797 3518 1851 divini,
3548 1796 3688 1852 caute
3720 1811 3766 1850 ac
3848 1851 3849 1854 η

2243 1889 2543 1950 temperate
2566 1890 2623 1936 et
2649 1881 2882 1950 simplici
2912 1897 3044 1937 voce
3073 1883 3151 1936 ait
3175 1900 3189 1936 :
3223 1883 3464 1947 Domine,
3491 1893 3543 1936 tu
3569 1883 3654 1936 scis
3674 1883 3763 1952 quia
3848 1925 3849 1942 χ

551 1883 641 1939 lite
668 1885 934 1955 possidere
971 1899 1163 1936 aurum
1187 1891 1238 1935 et
1286 1891 1558 1950 argentum
1601 1877 1819 1951 (Matth.
1847 1877 1932 1948 ι),
1977 1892 2142 1946 pecu-

551 1974 701 2029 niam
731 1990 893 2044 quam
923 1974 994 2028 ad
1009 1973 1178 2042 pedes
1199 1970 1566 2040 apostolorum
1590 1969 1883 2038 ponebant,
1898 1983 2005 2023 non
2037 1967 2138 2022 sibi

555 2065 880 2128 recondere,
909 2064 1006 2118 sed
1035 2063 1104 2117 ad
1127 2076 1260 2117 usus
1283 2075 1604 2132 pauperum,
1633 2059 1726 2128 qui
1752 2074 1850 2116 sua
1879 2058 2142 2128 patrimo-

553 2156 647 2210 nia
678 2154 1030 2223 reliquerant,
1059 2167 1342 2207 reservem
1369 2150 1598 2204 solebat.

627 2244 699 2298 Et
727 2245 1050 2315 apprehensa
1076 2259 1236 2298 manu
1278 2241 1395 2310 ejus
1437 2238 1681 2303 dextera,
1712 2236 1950 2290 alleaasit
1988 2251 2137 2298 eum,

552 2344 662 2388 etc.
690 2334 861 2400 Quem
893 2335 1057 2389 verbo
1085 2333 1263 2402 erigit,
1305 2331 1451 2384 hunc
1479 2329 1644 2383 etiam
1671 2329 1893 2382 dextera
1923 2325 2141 2380 confor-

557 2432 656 2489 tat,
685 2425 812 2494 quia
842 2438 1022 2478 sermo
1055 2421 1320 2485 docentis,
1349 2421 1404 2474 in
1431 2419 1598 2472 corde
1622 2418 1930 2472 auditorum
1956 2415 2136 2469 minus

555 2515 730 2580 valet,
762 2515 808 2569 si
840 2529 950 2569 non
993 2514 1162 2568 etiam
1195 2510 1432 2580 propria:
1473 2508 1701 2563 actionis
1733 2506 2142 2562 commendetur

561 2605 844 2675 exemplis.

625 2695 698 2749 Et
727 2695 970 2750 miliens
991 2695 1128 2748 stetit
1149 2703 1198 2749 et
1227 2693 1528 2748 ambulabat
1555 2701 1604 2745 et
1633 2687 1845 2743 intravit
1880 2703 1998 2739 cum
2031 2685 2140 2740 illis

555 2787 613 2840 in
639 2785 907 2855 templum.
937 2786 1082 2842 Ordo
1109 2785 1457 2857 perfectionis
1481 2783 1748 2854 egregius,
1787 2780 1964 2850 primo
1991 2778 2142 2834 illum

555 2891 846 2948 resurgere
872 2878 964 2947 qui
989 2876 1255 2945 iacuerat,
1282 2874 1478 2932 deinde
1505 2874 1750 2944 arripere
1778 2873 2058 2936 virtutem,
2086 2877 2143 2928 et

554 2971 639 3026 sic
668 2972 820 3042 regni
841 2970 1068 3041 januam
1096 2989 1223 3028 cum
1248 2971 1506 3043 apostolis
1529 2971 1758 3025 intrare.

626 3062 697 3116 Et
725 3062 922 3134 impleti
971 3074 1094 3118 sunt
1131 3073 1342 3134 stupore
1388 3071 1438 3117 et
1481 3061 1699 3128 exstosi,
1725 3068 1832 3116 etc.
1885 3059 2142 3115 Exstasin

2239 523 2466 578 Domino
2517 523 2742 587 amoris,
2787 522 2833 577 si
2870 536 3001 592 erga
3044 519 3246 576 fratres
3311 522 3570 578 studueris
3619 541 3759 582 curaui

2237 613 2451 668 solliciti
2514 628 2772 668 exercere
2828 611 3047 667 laboris.
3101 611 3236 667 Nam
3294 612 3589 683 quicunque
3643 616 3759 675 fratri
3848 611 3849 632 ἶ

2236 718 2372 772 opus
2417 702 2657 773 pietatis,
2684 702 2829 771 quod
2865 701 3006 757 valet
3052 701 3385 770 impendere,
3423 705 3649 774 negligit,
3689 710 3761 762 mi-

2236 808 2340 849 nus
2385 792 2531 862 juste
2583 807 2643 847 se
2694 792 3032 847 conditorem
3087 793 3312 861 diligere
3359 797 3609 861 ostendit,
3647 800 3761 868 cujus

2237 883 2490 937 mandata
2534 883 2590 936 in
2635 883 2989 938 sustentanda
3033 883 3267 952 proximi
3317 886 3622 940 necessitate
3662 904 3759 944 con-

2238 975 2455 1029 temnit.

2308 1064 2449 1118 Dicit
2471 1065 2520 1118 ei
2545 1064 2737 1120 iterum
2758 1077 2777 1116 :
2803 1061 2987 1119 Simon
3011 1061 3261 1127 Joannis,
3289 1079 3436 1117 antas
3475 1065 3582 1118 nte?
3602 1076 3646 1120 at
3666 1067 3758 1121 ille:

2242 1153 2438 1218 Etiam,
2476 1154 2722 1219 Domine,
2748 1165 2806 1208 tu
2831 1155 2932 1208 scis
2960 1156 3086 1226 quia
3112 1172 3234 1209 amo
3263 1165 3332 1210 te.
3366 1156 3542 1212 Simon
3581 1175 3761 1229 namque

2246 1246 2528 1311 obediens,
2555 1245 2794 1302 Joannes
2825 1248 3028 1302 dicitur
3063 1248 3158 1302 Dei
3197 1249 3396 1319 gratia,
3417 1260 3470 1304 et
3503 1259 3690 1319 propter
3716 1268 3761 1305 ca

2242 1347 2388 1394 recte
2418 1340 2626 1409 primus
2671 1340 3069 1410 apostolorum,
3101 1355 3226 1395 cum
3275 1341 3343 1396 de
3387 1357 3562 1396 amore
3586 1359 3668 1397 suo
3703 1359 3762 1398 re-

2241 1433 2492 1500 quiritur,
2524 1431 2711 1486 Simon
2739 1432 2986 1498 Joannis,
3018 1433 3072 1488 id
3098 1442 3186 1488 est
3218 1433 3477 1490 obediens
3511 1435 3595 1490 Dei
3631 1439 3760 1506 gratia

2242 1530 2489 1586 vocatur,
2534 1530 2596 1575 ut
2648 1521 2852 1591 liquido
2899 1523 3111 1578 cunctis
3151 1525 3468 1580 ostendatur
3509 1527 3621 1590 hoc,
3657 1529 3761 1596 quod

2243 1612 2444 1682 majore
2471 1627 2584 1681 prae
2625 1613 2838 1669 caeteris
2865 1614 3172 1668 obedientia
3225 1614 3322 1668 Dei
3363 1615 3524 1685 jussis
3573 1616 3764 1685 obsequi-

2243 1712 2350 1767 tur,
2381 1705 2525 1772 quod
2555 1705 2855 1760 ardentiori
2876 1705 3030 1760 illum
3056 1706 3326 1760 charitate
3359 1706 3670 1776 amplectitur
3685 1721 3764 1759 non

2243 1985 2362 2026 amo
2387 1979 2462 2036 te,-
2499 1970 2642 2039 quod
2683 1981 2768 2026 est
2794 1980 2978 2041 aperte
3023 1971 3228 2036 dicere,
3257 1971 3382 2027 Scio
3408 1973 3528 2042 quia
3567 1980 3632 2037 te,
3655 1983 3703 2026 ut
3725 1981 3764 2024 tu

2243 2058 2438 2116 melius
2466 2061 2630 2124 nosti,
2657 2060 2871 2132 integro
2897 2063 3063 2118 corde
3092 2062 3282 2131 diligo,
3306 2079 3464 2133 quam
3491 2079 3607 2118 vero
3629 2072 3674 2118 te
3694 2063 3759 2116 alii

2241 2151 2489 2224 diligant,
2519 2152 2653 2208 mihi
2681 2153 2903 2222 quidem
2933 2153 3176 2225 ignotum
3196 2195 3212 2220 ,
3241 2156 3337 2211 sed
3365 2155 3458 2212 tibi
3485 2165 3603 2211 sunt
3623 2156 3764 2210 omnia

2241 2254 2392 2300 nota.

2314 2336 2666 2391 Contristatus
2689 2347 2764 2392 est
2801 2337 3012 2402 Petrus,
3045 2340 3172 2410 quia
3205 2340 3339 2394 dixit
3363 2341 3411 2394 ei
3441 2349 3515 2396 ter
3538 2356 3665 2394 ausas
3686 2339 3766 2392 me!

2241 2428 2310 2482 Et
2334 2429 2462 2483 dicit
2491 2431 2579 2483 ei:
2603 2430 2846 2495 Domine,
2879 2440 2939 2484 tu
2966 2433 3144 2485 omnia
3181 2433 3308 2496 scis,
3339 2443 3396 2486 tu
3421 2434 3518 2487 scis
3537 2433 3645 2503 quis
3676 2447 3763 2483 amo

2239 2527 2312 2582 te,
2341 2517 2467 2571 dicit
2495 2519 2541 2572 ei
2563 2535 2583 2573 :
2622 2516 2792 2574 Pasce
2821 2537 2984 2590 agnos
3015 2538 3176 2576 meos.
3223 2521 3448 2577 Provida
3493 2530 3654 2576 autem
3682 2521 3766 2590 pie-

2242 2617 2351 2664 tate
2381 2607 2642 2665 Dominus
2673 2611 2831 2666 tertio
2860 2611 3078 2666 Petrum
3111 2627 3180 2666 an
3209 2628 3270 2668 se
3298 2613 3482 2684 diligat
3505 2612 3762 2680 interrogat.

2240 2706 2301 2752 ut
2335 2699 2449 2766 ipsa
2495 2698 2637 2753 trina
2681 2699 3020 2756 confessione
3060 2703 3297 2769 vincula,
3327 2718 3446 2772 quze
3473 2702 3556 2757 ille
3593 2711 3662 2755 ter
3697 2715 3766 2753 ne

2241 2788 2417 2858 gando
2444 2787 2650 2858 ligavit,
2677 2789 2942 2854 absolvat,
2976 2799 3032 2846 et
3061 2792 3282 2861 quoties
3309 2793 3527 2848 territus
3551 2791 3655 2860 ejus
3674 2804 3766 2858 pas-

2240 2879 2414 2944 sione,
2441 2893 2547 2948 qua
2595 2879 2746 2934 illum
2789 2895 2953 2936 nosse
2997 2891 3331 2950 negaverat,
3383 2883 3532 2938 toties
3574 2891 3766 2936 resurre-

2241 2967 2423 3026 ctione
2448 2975 2688 3033 creatus,
2711 2968 2856 3037 quod
2883 2968 3033 3024 illum
3063 2979 3179 3026 toto
3205 2979 3353 3028 amet
3376 2971 3533 3028 corde
3566 2975 3763 3026 testatur.

2245 3057 2354 3114 Sed
2395 3059 2499 3114 hoc
2543 3058 2750 3128 pastori
2799 3067 2884 3116 est
2918 3058 3028 3116 ﬁxo
3071 3061 3240 3116 corde
3286 3063 3583 3126 tenendum,
3611 3068 3661 3114 ut
3695 3071 3767 3111 eos
3848 3113 3849 3120 η

558 3169 818 3224 pavorem
847 3154 998 3209 dicit.
1024 3153 1158 3208 Nam
1187 3153 1295 3208 alio
1325 3152 1486 3207 modo
1515 3151 1717 3206 dicitur
1735 3149 1993 3213 esstasis,
2024 3163 2148 3203 cum
2173 3138 2220 3202 C
2250 3151 2447 3219 quibus
2505 3159 2736 3220 praeest.
2791 3167 2899 3208 non
2944 3153 3102 3222 quasi
3150 3168 3282 3210 suos
3321 3154 3575 3225 proprios,
3613 3149 3691 3205 sed
3724 3155 3768 3200 ut

566 3259 743 3311 mens,
774 3259 881 3300 non
910 3258 1112 3315 pavore
1135 3245 1430 3310 alienatur,
1459 3243 1554 3299 sed
1583 3241 1764 3312 aliqua
1793 3241 2149 3310 inspiratione
2247 3238 2461 3294 Domini
2502 3241 2586 3295 sui
2620 3255 2842 3312 gregem
2880 3249 3118 3298 tractare
3161 3244 3490 3309 meminerit,
3508 3242 3646 3312 juxta
3666 3237 3767 3293 illud

560 3342 662 3389 aut
681 3335 1011 3389 revelatione
1040 3335 1359 3389 assumitur.

906 3439 1243 3479 BVANGBLIUI
1270 3436 1505 3486 ιοημιι,
1536 3435 1656 3475 CAP.
1686 3435 1813 3475 υιτ.

635 3534 654 3566 ι
691 3513 841 3570 Dixit
869 3513 1030 3570 Jesus
1074 3515 1276 3569 Petro:
1309 3514 1497 3568 Simon
1537 3511 1783 3576 Joannis,
1830 3509 2009 3581 diligis
2057 3525 2146 3566 me

562 3622 584 3655 ι
626 3603 748 3675 plus
782 3605 902 3659 his?
933 3605 1074 3659 Dicit
1111 3604 1162 3659 ei
1193 3621 1207 3656 :
1249 3603 1449 3668 Etiam,
1491 3601 1737 3667 Domine,
1781 3610 1838 3655 tu
1864 3601 1974 3656 scis
2015 3601 2145 3672 quia

559 3713 584 3746 s
631 3710 757 3750 amo
786 3704 858 3750 te.
903 3695 1043 3749 Dicit
1070 3695 1163 3749 ei:
1198 3695 1368 3749 Pasce
1395 3709 1562 3765 agnos
1591 3708 1761 3748 meos.
1799 3693 1942 3748 Dicit
1968 3693 2020 3748 ei
2047 3694 2143 3748 ite-

563 3801 583 3834 ε
631 3800 788 3838 rum:
822 3784 1009 3839 Simon
1037 3782 1279 3848 Joannis,
1309 3782 1487 3854 diligis
1515 3783 1636 3837 me?
1673 3781 1766 3836 Ait
1801 3782 1876 3836 illi
1903 3799 1916 3835 :
1942 3781 2138 3846 Etiam,

561 3891 584 3924 ι
627 3873 872 3937 Domine,
899 3881 954 3926 tu
981 3874 1089 3928 scis
1110 3873 1235 3943 quia
1262 3889 1386 3927 amo
1410 3881 1482 3928 te.
1511 3873 1654 3927 Dicit
1674 3873 1757 3927 ei:
1783 3873 1953 3928 Pasce
1975 3887 2144 3942 agnos

557 3981 582 4015 ς
627 3978 794 4018 meos.
829 3963 968 4017 Dicit
1011 3963 1063 4017 ei
1101 3963 1306 4018 tertio:
1341 3961 1532 4017 Simon
1561 3961 1807 4029 Joannis,
1840 3978 1992 4017 amas
2021 3962 2143 4017 me?

557 4071 582 4106 s
622 4055 691 4111 Et
737 4056 1090 4110 contristatus
1126 4065 1212 4110 est
1255 4055 1470 4121 Petrus,
1505 4057 1632 4126 quia
1661 4057 1798 4111 dixit
1839 4057 1891 4111 ei
1941 4056 2138 4110 tertio:

561 4165 581 4198 s
623 4145 758 4212 Quia
780 4161 932 4200 amas
956 4161 1062 4212 me,
1089 4155 1144 4201 et
1171 4147 1303 4202 dicit
1326 4147 1374 4200 ei
1402 4165 1415 4200 :
1441 4147 1688 4209 Domine,
1720 4155 1778 4200 tu
1801 4145 1983 4200 omnia
2010 4145 2140 4210 scis,

555 4255 579 4287 ‹
625 4245 678 4290 tu
709 4238 818 4291 scis
861 4237 984 4306 quia
1016 4251 1142 4292 amo
1177 4245 1248 4292 te.
1292 4237 1436 4292 Dicit
1479 4237 1566 4292 ei:
1603 4235 1774 4290 Pasce
1810 4250 1940 4290 oves
1969 4249 2138 4288 meas.

559 4347 581 4379 s
625 4328 819 4393 Amen,
853 4343 1010 4383 amen
1062 4330 1185 4384 dico
1215 4329 1332 4395 tibi,
1355 4345 1480 4384 cum
1502 4344 1654 4384 esses
1677 4329 1862 4398 iunior
1885 4329 2142 4399 cingehas

555 4435 580 4469 ε
627 4428 700 4484 te,
727 4427 784 4474 et
809 4420 1122 4475 artibulabas
1143 4421 1235 4476 ubi
1259 4421 1501 4484 volebas,
1524 4435 1648 4474 cum
1673 4427 1852 4472 autem
1873 4421 2136 4485 senueris,

557 4526 576 4558 ι
624 4509 883 4563 extendes
913 4525 1106 4563 manus
1135 4517 1276 4570 tuas,
1322 4516 1378 4562 et
1413 4508 1552 4562 alius
1581 4517 1636 4561 te
1665 4506 1862 4576 cinget,
1895 4515 1951 4562 et
1980 4508 2141 4563 ducet

551 4611 577 4646 ε
620 4612 728 4666 quo
774 4612 883 4651 non
925 4599 1026 4652 vis.
1095 4597 1210 4652 Hoc
1253 4607 1436 4651 autem
1483 4596 1624 4650 dixit
1667 4595 1985 4664 significans
2034 4613 2140 4666 qua

557 4705 579 4740 ι
624 4697 799 4743 morte
825 4689 1219 4744 clarificaturus
1245 4695 1392 4742 esset
1417 4686 1644 4740 Deum»

622 4777 778 4831 Dixit
799 4777 958 4831 Jesus
983 4775 1145 4831 Petro
1168 4791 1186 4829 :
1217 4776 1403 4832 Simon
1428 4775 1676 4840 Joannis,
1709 4775 1888 4845 diligis
1909 4794 1990 4831 me
2021 4778 2139 4850 plus

547 4867 678 4921 his?
719 4867 862 4921 Dicit
905 4866 952 4919 ei
975 4882 993 4919 :
1025 4864 1476 4928 Etiam,Donsiue,
1521 4873 1578 4917 tu
1613 4865 1718 4918 seis
1745 4867 1871 4934 quia
1903 4883 2023 4920 amo
2067 4878 2135 4924 te.

548 4956 818 5012 Virtutem
847 4954 1004 5011 nobis
1027 4953 1283 5024 perfectae
1310 4954 1619 5010 dilectionis
1647 4971 1887 5025 praesens
1916 4957 2129 5018 Domini

547 5052 727 5106 nostri
772 5049 1126 5120 interrogatio
1152 5046 1682 5118 ostendit,-perfecta
1724 5049 1868 5104 eni
1913 5050 2130 5108 dilectio

545 5148 656 5203 est,
685 5155 791 5210 qua
840 5139 1131 5196 Dominum
1157 5153 1225 5194 es
1273 5147 1387 5195 toto
1427 5139 1612 5205 corde,
1643 5147 1757 5195 tota
1784 5140 1985 5206 anima,
2015 5149 2130 5197 tota

431 5256 434 5259 -
550 5230 768 5294 virtute,
796 5229 1107 5300 proximum
1154 5235 1335 5283 autem
1384 5236 1638 5298 tanquam
1680 5244 1783 5285 nos
1829 5229 1978 5298 ipsos
2007 5230 2120 5285 dili-

546 5335 680 5391 gere
725 5319 1010 5389 iubemur,
1049 5327 1110 5375 et
1153 5327 1345 5374 neutra
1393 5320 1587 5374 harum
1637 5320 1853 5375 dilectio
1890 5321 2009 5375 sine
2046 5319 2128 5374 al-

549 5421 669 5466 tera
713 5411 886 5474 valet,
926 5417 1020 5465 aut
1063 5417 1154 5465 est
1199 5407 1473 5479 perfecta,
1509 5410 1638 5479 quia
1686 5425 1788 5466 nec
1832 5409 1974 5466 Deus
2001 5423 2130 5466 vere

547 5501 668 5557 sine
703 5501 971 5572 proximo,
1009 5515 1110 5556 nec
1145 5500 1266 5556 sine
1309 5501 1421 5557 Deo
1463 5515 1592 5556 vere
1631 5507 1814 5570 potest
1847 5501 2130 5570 proximus
2162 5536 2166 5540 -

550 5609 760 5738 "Dite;
789 5677 880 5739 ei}
910 5681 1077 5740 Pasce
1115 5698 1278 5756 agnos
1321 5697 1482 5737 meos.
1529 5680 1610 5736 Ac
1655 5681 1703 5736 si
1748 5688 1934 5751 aperte
1978 5680 2121 5738 dice--

2246 3328 2388 3396 quod
2429 3327 2593 3384 Petro
2621 3329 2819 3385 dicitur
2843 3348 2856 3384 :
2894 3328 2958 3385 Si
2987 3330 3165 3400 diligis
3203 3349 3307 3398 me,
3338 3349 3487 3402 pasce
3510 3347 3613 3386 om
3637 3342 3765 3382 meas.

2246 3416 2423 3482 leas,
2467 3417 2671 3486 inquit,
2703 3434 2810 3472 non
2851 3426 2994 3482 tuas,
3038 3433 3190 3475 meas
3234 3420 3334 3474 tibi
3379 3435 3502 3476 oves
3540 3429 3767 3473 commen-
3848 3416 3849 3476 l

2245 3509 2397 3565 datas
2435 3511 2565 3573 scio,
2597 3518 2653 3564 et
2696 3510 2796 3565 has
2837 3511 2992 3580 quasi
3043 3525 3193 3566 meas
3234 3527 3440 3582 regere,
3469 3512 3512 3566 si
3559 3524 3634 3564 me
3671 3519 3768 3576 per-

2244 3605 2385 3660 fecte
2425 3619 2581 3660 amas
2615 3605 2815 3669 recole,
2864 3614 2926 3660 ut
2969 3620 3146 3661 meam
3199 3606 3450 3662 videlicet
3475 3606 3528 3661 in
3571 3603 3642 3657 eis
3676 3599 3767 3669 glo-

2244 3697 2414 3760 riam,
2453 3710 2633 3751 meum
2681 3697 3010 3764 dominium,
3052 3712 3175 3752 mea
3220 3698 3373 3755 lucra
3414 3712 3518 3753 non
3559 3702 3640 3750 tua
3674 3702 3768 3760 Ρη

2242 3786 2361 3856 pria
2391 3800 2626 3854 queras.

2313 3874 2423 3944 (Ea:
2443 3873 2607 3944 vulg.)
2651 3873 2880 3930 Dilectio
2908 3875 3230 3945 ampliorem
3255 3892 3417 3948 quam
3444 3889 3588 3930 amor
3612 3869 3768 3925 retinet

2240 3967 2580 4036 qualitatem,
2605 3975 2662 4023 et
2690 3967 2812 4022 ideo
2839 3968 3050 4024 dicente
3079 3968 3310 4026 Domino
3337 3988 3349 4024 :
3374 3967 3549 4024 Simon
3567 3959 3765 4019 Joannis.

2241 4057 2418 4127 diligis
2446 4074 2549 4121 me,
2577 4073 2685 4112 non
2712 4073 2877 4113 ausus
2902 4069 2985 4114 est
3010 4058 3206 4114 Petrus
3237 4059 3392 4115 fateri
3436 4051 3704 4112 dilectionis
3723 4061 3767 4101 se

2240 4144 2444 4200 habere
2487 4160 2814 4209 mensuram,
2853 4147 2948 4201 sed
2997 4147 3276 4202 humiliter
3317 4145 3588 4217 profitetur
3621 4148 3766 4192 amare

2241 4253 2322 4294 se.
2357 4237 2615 4307 Superior
2645 4239 2793 4293 enim
2824 4239 2996 4293 amori
3025 4238 3244 4294 dilectio
3273 4238 3549 4309 reperitur.
3571 4229 3766 4294 Denique

2243 4327 2404 4381 tertia
2456 4327 2814 4396 appellatione
2869 4329 3126 4384 Dominus
3173 4329 3512 4397 interrogans
3555 4323 3763 4377 Petrum.

2241 4415 2368 4482 quia
2417 4430 2522 4468 non
2565 4416 2706 4470 sicut
2751 4417 3024 4484 prioribus
3069 4418 3276 4473 vicibus
3325 4419 3525 4474 duabus
3565 4411 3764 4466 dixerat.

2240 4506 2441 4576 diligis,
2479 4508 2573 4562 sed
2607 4525 2754 4562 amas
2787 4525 2902 4574 me,
2953 4510 3311 4565 contristatus
3354 4519 3435 4564 est
3477 4507 3665 4564 Petrus,
3691 4507 3764 4549 ουτ

2201 4597 2298 4650 .in
2346 4599 2506 4652 tertia
2549 4598 2976 4669 interrogatione
3029 4617 3139 4656 non
3198 4602 3434 4664 dixerit,
3473 4594 3633 4662 diligis
3673 4601 3762 4647 me.

2237 4689 2335 4743 sed
2373 4705 2526 4746 amas
2553 4706 2662 4756 me,
2690 4693 2835 4747 velut
2877 4691 2991 4760 jam
3020 4709 3125 4748 non
3166 4693 3234 4748 de
3261 4691 3472 4748 sublimi
3501 4686 3670 4744 ordine
3701 4677 3764 4732 div

2237 4778 2519 4846 lectionis,
2550 4781 2645 4836 sed
2700 4782 2770 4836 de
2812 4781 3072 4838 interiore
3111 4783 3322 4840 amoris
3362 4779 3529 4853 gratia
3569 4781 3763 4845 percun-

2236 4877 2436 4924 ctatus.

2307 4959 2474 5013 Amen
2508 4961 2812 5023 amen,dico
2856 4963 2967 5028 tibi,
3005 4981 3123 5018 cum
3166 4981 3302 5019 esses
3333 4962 3529 5034 junior,
3564 4949 3761 5022 cingebat

2231 5057 2302 5112 te,
2342 5058 2393 5102 et
2439 5049 2748 5106 ambulabas
2798 5053 2887 5107 ubi
2927 5054 3154 5121 volebam
3185 5071 3303 5109 cum
3343 5063 3512 5108 autem
3551 5039 3757 5102 senseris,

2230 5144 2512 5199 extendens
2553 5162 2743 5202 manus
2785 5157 2926 5213 tuas,
2976 5159 3027 5204 et
3073 5151 3212 5207 alius
3255 5161 3304 5205 te
3341 5151 3502 5219 cinget
3539 5153 3582 5198 et
3617 5141 3756 5196 ἄκεα,

2232 5252 2335 5308 quo
2371 5247 2428 5290 tu
2461 5240 2694 5294 non-eis.
2743 5240 2824 5296 Ac
2872 5242 2917 5296 si
2966 5251 3217 5313 patenter
3259 5239 3655 5306 dicatztluanta
3693 5241 3758 5281 me

2232 5329 2499 5386 claritate
2525 5332 2739 5402 diligas,
2768 5334 2897 5389 hinc
2938 5336 3230 5405 aliquando
3259 5333 3525 5406 probabis,
3550 5340 3658 5384 cum
3681 5331 3759 5391 PF?

2231 5418 2580 5487 Parvulorutn
2607 5436 2850 5478 nieorum
2872 5427 2980 5478 vita
3004 5426 3070 5479 ad
3092 5435 3320 5481 mortem
3345 5420 3589 5478 certando
3607 5420 3760 5484 μεῖνο-

2231 5510 2403 5575 neris,
2433 5517 2495 5564 ut
2522 5519 2578 5566 et
2610 5512 2688 5566 illi
2723 5513 2779 5567 in
2809 5529 3036 5586 corpore
3061 5517 3270 5586 possint
3305 5515 3505 5584 pariter
3539 5516 3590 5563 et
3613 5505 3758 5560 meum

2233 5595 2464 5662 salvari,
2496 5598 2614 5666 ipse
2641 5607 2913 5656 tormenta
2953 5603 3198 5673 corporis
3231 5601 3434 5666 omnia,
3461 5610 3574 5668 qua
3598 5591 3756 5646 adver-

2233 5687 2436 5741 sarium
2473 5687 2712 5761 inﬂigere
2740 5692 2890 5759 libet,
2925 5692 3048 5748 forti
3092 5692 3288 5748 mentis
3317 5686 3603 5747 constantia
3649 5675 3755 5735 ιοιο-

3843 83 3850 390 |
