3952 6420
181 321 288 377 589

1008 322 1525 379 COLLECTIONES
1558 323 1624 378 IN
1664 323 2039 383 EPISTOLAS
2080 328 2167 382 El‘
2210 330 2625 387 EVANGELIA.

3338 344 3446 399 δυο

181 436 352 490 rabis.
381 433 439 489 ln
464 434 779 490 extensione
802 435 944 488 enim
974 448 1226 488 manuum
1255 437 1572 503 po.~itiouem
1601 451 1769 489 mem-
1797 441 1841 497 Α
1873 438 1939 492 ad
1981 438 2321 508 supplicium.
2366 453 2419 496 et
2460 460 2583 500 cum
2629 447 2957 503 ducerentur
3000 449 3054 504 in
3095 451 3198 518 via,
3233 456 3445 522 rogavit

179 529 412 582 brorum
461 526 600 597 ejus,
657 542 760 596 qua
789 527 935 581 cruci
966 536 1083 581 erat
1113 526 1377 596 aptandus
1409 528 1663 582 insinuat.
1711 526 1768 580 in

178 621 459 674 cinctione
496 620 720 675 alterius
755 621 1152 690 impositionem
1183 620 1544 685 vinculorum,
1571 620 1769 689 quibus

178 727 208 764 a
236 719 592 780 persecutore
626 719 746 765 erat
769 711 1034 764 arcendus
1063 709 1336 779 exprimit.
1385 709 1440 763 In
1470 710 1630 763 ducto
1661 723 1768 778 quo

178 800 377 866 nollet,
405 801 576 870 ipsam
607 799 801 854 mortis
834 815 896 854 ac
924 799 1192 869 passionis
1226 799 1582 853 acerbitatem
1628 797 1770 853 indi-

179 899 291 954 cat,
326 907 491 962 quam
522 889 816 960 corporalis
845 890 961 960 ejus
991 889 1277 944 infirmitas
1303 891 1579 956 horrebat,
1611 889 1770 962 cujus

180 979 353 1033 animi
379 981 605 1034 firmitas
635 980 932 1050 spiritualis
965 981 1125 1035 etiam
1160 981 1386 1035 adversa
1425 997 1522 1049 pro
1548 983 1767 1038 domino

179 1065 475 1123 laetabatur
517 1076 713 1125 cuncta
759 1069 1018 1138 perferre.
1079 1069 1194 1123 Non
1242 1071 1387 1124 enim
1434 1071 1764 1126 voluntatem

179 1173 365 1217 suam.
399 1159 493 1214 sed
518 1157 847 1214 voluntatem
875 1161 1152 1228 quaerebat
1183 1157 1300 1226 ejus
1337 1161 1428 1230 qui
1463 1160 1610 1215 misit
1638 1177 1764 1216 eum

179 1246 455 1303 Christus.

256 1339 377 1394 Hoc
424 1349 596 1393 autem
636 1339 785 1401 dixit,
827 1339 1128 1409 signiﬁcans
1170 1355 1274 1410 qua
1314 1350 1478 1394 morte
1505 1341 1766 1410 clariﬁca-

179 1443 337 1486 turus
373 1441 502 1486 esset
524 1431 712 1486 Deum.
758 1431 1083 1487 Clarificavit
1127 1435 1324 1503 quippe
1355 1433 1549 1489 Petrus
1582 1443 1762 1490 morte

180 1539 283 1578 sua
338 1525 525 1588 Deum,
577 1522 794 1592 quando
841 1525 944 1578 hoc
995 1524 1195 1578 indicio
1239 1525 1450 1580 cunctis
1499 1536 1760 1594 quantum

179 1611 332 1666 Deus
365 1602 509 1666 esset
541 1611 816 1677 colendus,
853 1613 1222 1682 amandasque
1264 1615 1602 1679 monstravit,
1635 1616 1762 1670 dum

180 1704 303 1772 ipse
332 1705 458 1756 data
497 1703 714 1772 optione
754 1702 935 1757 mallet
969 1705 1148 1758 crucis
1187 1705 1369 1759 subire
1407 1711 1759 1770 tormentum,

180 1811 349 1865 quam
389 1812 417 1849 a
446 1796 682 1851 caelestis
710 1795 859 1850 verbi
890 1796 1272 1865 praedicatione
1311 1809 1544 1850 cessare.

522 1926 590 1982 IN
633 1927 878 1982 NATALI
921 1926 1164 1982 SANCTI
1200 1927 1425 1982 PETRI.

378 2057 572 2099 ιεοτιο
611 2059 824 2098 Αοτυυυ
864 2059 1266 2109 Δροετοιοιυι,
1306 2060 1424 2100 CAP.
1464 2061 1564 2101 XII.

262 2177 282 2206 s
329 2155 475 2213 Misit
501 2157 740 2214 Herodes
769 2175 862 2213 rex
886 2173 1099 2220 manus,
1128 2167 1186 2212 ut
1218 2159 1477 2230 afﬂigeret
1502 2163 1762 2229 quosdam

190 2269 210 2301 ι
257 2247 326 2304 de
341 2247 603 2304 Ecclesia.
629 2249 838 2306 Occidit
868 2259 1044 2304 autem
1067 2250 1325 2305 Iacobum
1349 2251 1575 2306 fratrem
1600 2252 1766 2307 Joan-

189 2358 208 2390 ι
256 2343 344 2394 nis
381 2339 575 2410 gladio.
626 2339 831 2395 Videns
874 2347 1054 2394 autem
1095 2341 1221 2410 quia
1256 2341 1497 2410 placeret
1537 2341 1758 2409 Judaais,

190 2449 211 2482 ι
259 2431 510 2500 apposuit
558 2430 962 2499 apprehendere
1008 2439 1061 2485 et
1095 2430 1336 2485 Petrum.
1373 2431 1546 2486 Erant
1581 2441 1761 2487 autem

192 2537 212 2576 ς
260 2519 379 2574 dics
411 2535 742 2590 azymorum.
774 2519 943 2587 Quem
971 2535 1092 2575 cum
1122 2522 1584 2592 apprehendisset,
1613 2523 1764 2578 misit

191 2629 212 2664 ι
256 2611 311 2665 in
350 2604 651 2676 carcerem,
692 2611 1017 2680 tradensque
1050 2621 1285 2682 quatuor
1312 2613 1762 2682 quaternionibus

192 2722 212 2754 s
259 2704 492 2758 militum
540 2706 604 2759 ad
653 2703 1101 2770 custodiendum,
1149 2703 1333 2760 volens
1386 2714 1511 2775 post
1559 2706 1761 2776 pascha

194 2811 214 2846 ι
260 2797 556 2865 producere
585 2810 708 2850 eum
735 2795 951 2866 populo.
1005 2795 1072 2850 Et
1095 2795 1288 2851 Petrus
1317 2796 1535 2866 quidem
1571 2811 1763 2852 serva-

194 2909 214 2940 s
260 2890 421 2944 batur
459 2889 512 2942 in
541 2903 777 2953 carcere,
811 2889 986 2944 oratio
1025 2896 1206 2944 autem
1237 2888 1398 2943 ﬁebat
1430 2888 1547 2943 sine
1583 2888 1766 2944 inter-

193 3000 214 3033 ι
257 2981 517 3036 missione
558 2980 627 3036 ab
654 2980 897 3038 Ecclesia
934 2982 1001 3036 ad
1029 2981 1198 3036 Deum
1227 2995 1328 3050 pro
1363 2995 1450 3036 eo.
1481 2978 1619 3036 Cum
1667 2995 1764 3036 au-

195 3092 213 3126 ι
263 3083 372 3130 tem
399 3073 760 3144 producturus
793 3089 915 3130 eum
946 3082 1092 3129 esset
1118 3072 1380 3153 Herodes,
1412 3073 1466 3128 in
1503 3073 1620 3144 ipsa
1660 3089 1762 3129 no-

194 3188 214 3222 s
260 3178 346 3224 cte
380 3141 501 3224 erat
527 3168 716 3223 Petrus
745 3168 1019 3224 dormiens
1059 3168 1201 3222 inter
1225 3150 1360 3222 duos
1388 3141 1607 3232 milites,
1643 3166 1761 3220 vin-
1791 3141 1834 3203 Ο

194 3281 214 3313 ι
257 3269 380 3316 ctus
417 3261 624 3315 duabus
675 3259 914 3324 catenis,
957 3265 1022 3315 et
1063 3258 1316 3313 custodes
1376 3265 1504 3311 ante
1557 3257 1760 3312 ostium

194 3368 214 3402 s
258 3349 636 3405 custodiebant
679 3363 975 3411 carcerem,
1029 3355 1082 3402 et
1131 3361 1258 3402 ecce
1296 3347 1516 3417 angelus
1544 3345 1760 3401 Domini

195 3458 214 3492 ι
260 3441 464 3503 astitit,
501 3447 557 3494 et
592 3439 771 3494 lumen
808 3437 1020 3494 refulsit
1055 3439 1112 3494 in
1151 3438 1456 3494 babitaculo
1501 3439 1757 3504 carceris,

195 3549 214 3582 ι
258 3545 625 3601 percussoque
669 3527 838 3585 latere
878 3529 1023 3584 Petri
1075 3531 1334 3584 excitavit
1373 3545 1498 3584 eum
1539 3530 1756 3585 dicens:

194 3640 215 3674 ι
263 3622 434 3693 Surge
460 3621 733 3676 velociter.
759 3621 825 3674 Et
855 3620 1167 3676 ceciderunt
1185 3627 1389 3675 calente
1409 3619 1478 3675 de
1509 3619 1761 3675 manibus

195 3731 216 3766 ο
260 3711 396 3781 ejus.
432 3711 575 3766 Dixit
601 3720 779 3767 autem
808 3710 1029 3782 angelus
1053 3711 1120 3766 ad
1148 3725 1271 3765 eum
1299 3727 1314 3764 :
1341 3710 1679 3781 Praecingere
1706 3719 1762 3766 et

193 3819 213 3852 ι
255 3799 426 3856 calcia
448 3809 498 3855 te
521 3800 722 3870 caligas
745 3809 883 3854 tuas.
917 3799 984 3852 Et
999 3798 1125 3853 fecit
1146 3799 1243 3854 sic.
1271 3798 1339 3852 Et
1357 3798 1492 3853 dixit
1511 3797 1620 3853 illi:
1643 3797 1763 3853 Cir-

195 3909 214 3942 ‹
260 3890 456 3945 cumda
496 3889 594 3946 tibi
631 3889 1010 3963 vestimentum
1042 3896 1227 3955 tuum,
1282 3895 1338 3943 et
1385 3903 1616 3958 sequere
1650 3903 1758 3944 me.

195 4001 215 4034 ο
258 3981 328 4036 Et
351 3982 536 4037 exiens
554 3981 878 4051 sequebatur
891 3996 1015 4046 eum
1045 3988 1099 4037 et
1117 3981 1392 4036 nesciebat
1420 3981 1546 4051 quia
1575 3993 1762 4036 verum

194 4089 214 4122 ι
260 4078 364 4136 est,
397 4069 538 4139 quod
558 4069 718 4125 ﬁebat
735 4085 834 4139 per
861 4068 1133 4141 angelum,
1163 4070 1467 4125 :cstimabat
1495 4079 1675 4124 autem
1704 4084 1763 4124 se

195 4178 214 4211 α
259 4161 435 4216 visum
461 4159 660 4215 videre.
706 4159 1070 4215 Transeuntes
1111 4166 1292 4214 autem
1321 4161 1554 4230 primam
1589 4167 1644 4215 et
1672 4175 1761 4214 se-

194 4268 214 4302 ι
261 4250 491 4306 cundam
519 4249 840 4315 custodiam,
864 4258 1131 4304 venerunt
1158 4250 1225 4304 ad
1254 4257 1466 4320 portam
1494 4250 1727 4305 ferream
1745 4292 1760 4317 ,

195 4360 216 4394 ι
261 4356 380 4410 quae
416 4341 564 4395 ducit
599 4340 666 4394 ad
695 4339 970 4395 civitatem
999 4355 1120 4409 quae
1158 4338 1300 4393 ultro
1325 4347 1511 4410 aperta
1549 4347 1633 4394 est
1658 4340 1758 4395 eis.

196 4451 216 4484 α
262 4433 328 4486 Et
349 4439 607 4487 exeuntes
629 4436 1008 4501 processerunt
1023 4431 1200 4484 vicum
1215 4444 1400 4483 unum.
1421 4429 1488 4483 Et
1505 4430 1762 4484 continuo

197 4545 216 4577 ι
255 4524 511 4581 discessit
545 4522 766 4594 angelus
801 4522 868 4576 ab
898 4536 981 4576 eo.
1020 4521 1088 4575 Et
1105 4521 1301 4576 Petrus
1327 4522 1395 4575 ad
1425 4535 1485 4575 se
1509 4535 1764 4576 reversus

197 4637 215 4669 ι
263 4617 400 4671 dixit
429 4632 442 4668 :
468 4612 624 4668 Nunc
660 4615 774 4669 scio
796 4627 945 4679 vere,
977 4613 1102 4682 quia
1133 4611 1281 4667 misit
1312 4610 1572 4666 Dominus
1599 4625 1762 4681 ange-

196 4728 214 4759 ι
260 4709 372 4762 lum
401 4691 581 4770 suum,
608 4711 664 4759 et
691 4704 885 4772 eripuit
923 4717 1009 4756 me
1045 4703 1114 4757 de
1139 4718 1300 4756 manu
1323 4701 1575 4765 Herodis,
1609 4708 1664 4756 et
1695 4699 1764 4754 de

195 4817 215 4851 ι
262 4797 409 4853 omni
439 4787 846 4865 exspectatione
872 4793 1044 4863 plebis
1071 4791 1398 4847 Iudaeorum.
1440 4809 1459 4843 ι

265 4887 412 4943 Misit
451 4884 685 4940 Herodes
727 4900 818 4938 rex
855 4900 1079 4948 manus,
1130 4892 1188 4936 ut
1225 4883 1467 4954 aﬁligeret
1507 4881 1765 4952 quosdam

190 4980 257 5034 de
279 4976 532 5032 Ecclesia.
583 4974 684 5047 (Ex
731 4973 1012 5044 Josepho.)
1075 4972 1230 5027 Hunc
1288 4971 1554 5027 Herodem
1602 4969 1765 5025 tertio

190 5071 402 5130 Claudii
431 5085 595 5134 anno,
625 5067 707 5124 sui
728 5081 858 5121 vero
877 5067 1032 5137 regni
1061 5065 1309 5135 septimo,
1336 5063 1406 5118 ab
1430 5062 1620 5134 angelo
1643 5076 1767 5133 per-

190 5175 432 5222 cussum,
464 5165 656 5213 narrat
678 5156 924 5211 historia.

265 5248 468 5303 Occidit
491 5255 663 5300 autem
677 5243 934 5298 Iacobum
956 5243 1176 5312 fratrem
1193 5241 1419 5298 Joannis
1438 5241 1638 5311 gladio,
1657 5250 1765 5297 etc.

193 5340 296 5412 (Ex
325 5334 516 5406 Beda.)
560 5334 638 5389 De
682 5334 784 5389 hoc
827 5332 1030 5388 Jacobo
1076 5331 1326 5388 Clemens
1372 5331 1770 5388 Alexandrinus

194 5427 475 5486 historiam
502 5424 792 5494 quamdam
817 5423 1032 5494 dignam
1058 5423 1319 5478 memoria
1348 5420 1535 5477 refert.
1557 5439 1578 5474 ι
1608 5422 1678 5478 Et
1703 5424 1768 5490 is,

193 5519 392 5590 inquit,
422 5517 514 5587 qui
544 5514 815 5570 obtulerat
849 5526 972 5587 eum
995 5512 1164 5582 judici
1209 5513 1277 5568 ad
1303 5513 1624 5582 martyrium
1653 5512 1770 5583 (Ja-

195 5611 391 5665 cobum
421 5603 652 5674 scilicet)
691 5610 868 5656 motus
910 5601 1074 5654 etiam
1121 5601 1254 5671 ipse,
1281 5600 1564 5656 confessus
1598 5609 1685 5656 est
1712 5615 1772 5656 se

199 5713 323 5754 esse
348 5693 741 5754 Christianum.’
767 5689 922 5746 Ducti
963 5696 1092 5744 sunt
1138 5696 1320 5745 autem
1355 5688 1534 5764 .ambo
1566 5691 1771 5763 pariter

1787 4485 1842 4544 D

1870 527 2159 593 Jacobum,
2195 532 2309 584 dari
2353 533 2452 586 sibi
2493 536 2896 604 remissionem;
2931 548 2987 594 at
3030 540 3117 597 ille
3153 559 3444 614 parumper

1870 618 2207 685 deliberans,
2239 621 2349 675 Pax
2389 623 2508 688 tibi,
2541 626 2750 696 inunt,
2783 639 2838 683 et
2867 632 3142 690 osculatus
3179 643 3264 690 est
3294 651 3439 701 eum,

1868 717 1923 764 et
1947 709 2022 763 ita
2051 712 2210 766 ambo
2244 712 2403 767 simul
2438 717 2614 784 capite
2641 718 2784 786 plexi
2811 730 2955 775 sunt.
2989 743 3008 776 ι

1941 799 2275 872 Tradensque
2328 813 2558 873 quatuor
2599 812 3026 878 quaternionibus
3073 816 3335 884 militum,
3387 828 3444 875 et

1868 889 2092 958 reliqua.
2153 890 2307 946 Sicut
2345 896 2591 950 centurio
2629 906 2868 964 centum,
2897 902 2972 955 ita
2999 908 3284 973 quaternio
3309 926 3442 978 qua-

1867 986 1989 1032 tuor
2014 981 2114 1034 sub
2139 996 2196 1035 se
2223 983 2422 1038 milites
2443 985 2698 1040 habebat.

1935 1065 2295 1141 Percussoque
2339 1071 2502 1128 latere
2528 1073 2675 1129 Petri
2713 1080 2956 1133 excitavit
2994 1098 3133 1146 eum,
3162 1092 3267 1139 etc.
3315 1086 3445 1141 Per-

1864 1164 2046 1218 cussio
2085 1165 2293 1231 lateris,
2324 1171 2765 1225 commemoratio
2802 1174 3070 1241 passionis
3099 1177 3301 1232 Christi
3338 1188 3441 1245 est,

1864 1258 1930 1312 de
1971 1257 2124 1327 cujus
2159 1259 2386 1316 vulnere
2442 1263 2588 1318 salus
2629 1274 2812 1320 nostra
2861 1269 3150 1337 proﬂuxit,
3188 1281 3244 1327 et
3288 1276 3446 1330 nobis

1863 1356 2077 1421 quoque
2119 1367 2496 1420 pressurarum
2533 1365 2723 1412 catena
2772 1363 3020 1428 retentis,
3055 1365 3164 1420 tale
3194 1366 3444 1424 solatium

1865 1442 1979 1512 ipse
2014 1445 2193 1499 reddit
2231 1447 2506 1516 apostolus
2531 1447 2742 1513 Petrus,
2772 1452 2996 1508 dicens:
3035 1453 3242 1510 Christo
3281 1459 3445 1527 igitur

1860 1549 2015 1603 passo
2036 1529 2090 1587 in
2112 1550 2288 1598 carne,
2313 1544 2360 1588 et
2388 1553 2473 1590 vos
2492 1539 2674 1593 eadem
2694 1542 3011 1610 cogitatione
3031 1547 3336 1601 armamini.

1932 1621 2264 1695 Prcecingere
2298 1635 2348 1680 et
2382 1626 2550 1682 calcia
2579 1640 2628 1683 te
2649 1631 2852 1702 caligas
2874 1643 3013 1689 tuas.
3055 1636 3124 1690 Et
3155 1637 3300 1706 fecit,
3334 1648 3440 1695 etc.

1860 1716 1929 1770 Et
1952 1717 2248 1786 prophetas
2286 1725 2342 1772 et
2377 1721 2651 1788 apostolos
2685 1722 2917 1794 cingulis
2951 1740 3079 1782 usos
3113 1727 3280 1783 fuisse
3307 1729 3444 1799 legi-

1788 1795 1835 1852 B
1864 1822 2002 1873 mus,
2037 1808 2191 1878 cujus
2240 1809 2344 1863 sibi
2369 1808 2566 1867 Petrus
2616 1812 2904 1883 ligamenta
2945 1827 3164 1887 propter
3210 1795 3444 1890 rigorem

1862 1899 2101 1953 carceris
2133 1900 2200 1954 ad
2226 1902 2415 1954 horam
2461 1901 2758 1967 laxaverat,
2789 1913 2849 1960 ut
2881 1908 3060 1962 tunica
3104 1908 3250 1963 circa
3280 1911 3446 1978 pedes

1863 1991 2118 2058 demissa,
2156 1990 2326 2064 frigus
2359 1994 2532 2048 noctis
2567 2003 2842 2066 utcunque
2881 2007 3231 2068 temperaret,
3262 2017 3447 2058 exem-

1860 2083 2008 2153 plum
2036 2084 2288 2152 praebens
2336 2083 2588 2149 infirmis,
2617 2086 2698 2142 vel
2728 2102 2852 2142 cum
2879 2090 3122 2146 molestia
3153 2092 3444 2162 corporali,

1862 2174 1947 2229 vel
1981 2174 2177 2244 injuria
2227 2181 2499 2231 tentemur
2527 2178 2784 2244 humana,
2831 2181 2993 2236 licere
3036 2183 3192 2238 nobis
3241 2185 3447 2254 aliquid

1861 2265 1930 2320 de
1976 2265 2148 2321 nostri
2193 2269 2456 2337 prepositi
2502 2269 2682 2340 rigore
2718 2268 2922 2326 laxare.
2965 2273 3030 2328 Et
3067 2276 3197 2344 quia
3241 2278 3446 2332 dictum

1861 2363 1980 2411 est:
2007 2355 2127 2410 Sint
2160 2355 2324 2411 lumbi
2356 2360 2513 2413 vestri
2532 2363 2798 2430 prwcincti
2825 2361 2980 2434 (Luc.
3009 2366 3132 2436 xu),
3163 2366 3447 2421 etcalciatt

1860 2453 2014 2525 pedes
2049 2456 2104 2509 in
2135 2458 2571 2527 praeparationem
2607 2457 2878 2530 Evangelii
2913 2463 3058 2530 pacis
3103 2459 3318 2532 (Ephes.
3343 2461 3441 2530 γι),

1862 2551 2213 2620 spiritualiter
2235 2553 2493 2608 virtutum
2525 2554 2782 2625 verbique
2805 2557 3131 2627 praedicandi
3161 2572 3442 2613 resumere

1855 2638 2111 2714 iubemur
2141 2641 2394 2714 insignia.

1941 2711 2205 2788 Perierunt
2231 2711 2301 2788 aid
2330 2743 2534 2806 portam
2560 2735 2806 2805 ferream,
2837 2753 2956 2807 qua:
2985 2737 3132 2792 ducit
3163 2737 3234 2791 ad
3261 2737 3446 2792 civita-

1861 2835 1963 2879 tem
1987 2866 2002 2890 ,
2042 2841 2160 2894 quae
2198 2823 2338 2878 ultro
2381 2835 2562 2895 aperta
2596 2834 2672 2879 est
2712 2826 2786 2881 eis
2810 2868 2826 2891 ,
2869 2836 2975 2883 etc.
3037 2827 3277 2899 Angusta
3335 2830 3448 2884 imo

1863 2915 2039 2971 ferrea
2065 2923 2185 2970 erat
2207 2923 2385 2986 porta,
2409 2931 2530 2986 qua:
2553 2917 2697 2972 ducit
2724 2919 2790 2971 ad
2813 2915 3112 2974 Jerusalem
3143 2919 3444 2985 cmlestem,

1861 3007 1957 3062 sed
1996 3007 2358 3076 apostolorum
2385 3009 2627 3077 vestigiis
2663 3009 2819 3063 nobis
2840 3008 2954 3078 jam
2987 3009 3128 3065 facta
3171 3019 3255 3066 est
3298 3027 3462 3067 mea»

1863 3094 2007 3161 bilis,
2032 3095 2121 3165 qui
2150 3096 2410 3168 sanguine
2437 3098 2656 3168 proprio
2681 3097 2916 3153 ferreum
2938 3099 3192 3155 vicerunt
3219 3101 3442 3167 ostium,

1866 3183 1932 3239 de
1962 3185 2062 3241 hoc
2084 3185 2320 3240 Arator:

1985 3293 2302 3361 lj‘errea_quid
2324 3298 2498 3361 mirum
2517 3297 2555 3345 si
2581 3296 2761 3361 cedunt
2781 3299 2899 3361 ostia
2926 3297 3094 3361 Petro,

1985 3355 2141 3427 Quem
2161 3355 2303 3427 Deus
2325 3359 2555 3427 mtuet-nere
2575 3360 2826 3427 custodem
2845 3360 3048 3420 deputat
3070 3355 3218 3427 aula,

1986 3419 2315 3478 Ecclesimque
2339 3432 2442 3467 suae
2466 3419 2649 3468 faciens
2673 3423 2894 3471 retinere
2915 3419 3170 3473 Cacumen.

1989 3480 2240 3530 Infernum
2265 3493 2502 3540 superare
2523 3481 2686 3541 jubet.

1933 3574 2003 3629 Et
2027 3573 2218 3629 Petrus
2249 3574 2319 3628 ad
2355 3591 2409 3629 se
2444 3590 2678 3630 reversus
2720 3574 2874 3629 dixit.
2911 3574 2968 3630 ld
2996 3583 3099 3642 est,
3139 3591 3169 3631 a
3201 3582 3445 3634 contem-

1862 3665 2115 3738 plationis
2142 3665 2376 3721 culmine
2409 3665 2474 3719 ad
2507 3665 2609 3719 hoc
2645 3679 2948 3737 regressus,
2977 3666 3122 3735 quod
3149 3665 3203 3721 in
3234 3667 3446 3724 intelle-

1863 3766 1954 3813 ctu
1989 3755 2262 3812 communi
2292 3765 2346 3811 et
2370 3755 2520 3825 prius
2543 3754 2664 3809 fuit.

1935 3845 2094 3901 Nunc
2114 3847 2222 3901 scio
2245 3862 2382 3908 vere,
2398 3845 2522 3916 quia
2547 3845 2686 3898 misit
2714 3843 2967 3898 Dominus
2988 3843 3242 3915 Angelum
3265 3863 3441 3914 suum,

1862 3948 1909 3994 et
1934 3939 2122 4009 eripuit
2156 3953 2238 3992 me
2268 3936 2332 3990 de
2365 3953 2524 3989 manu
2549 3934 2800 4000 Herodis,
2829 3942 2934 3988 etc.
2969 3934 3123 4001 Quod
3157 3938 3446 4006 unusquis-

1863 4045 1968 4100 que
2017 4037 2262 4084 nostrum
2304 4027 2502 4084 haheat
2546 4026 2815 4095 angelum,
2843 4033 2899 4081 et
2941 4025 2996 4080 in
3039 4026 3178 4081 libro
3205 4026 3442 4084 Pastoris

1863 4129 1919 4176 et
1957 4121 2010 4173 in
2042 4118 2226 4174 multis
2254 4124 2454 4173 sancta:
2479 4114 2773 4186 Scripturre
2807 4115 2940 4170 locis
2971 4116 3263 4170 invenitur.
3306 4117 3441 4172 Nam

1862 4219 1920 4267 et
1931 4209 2190 4265 Dominus
2215 4207 2280 4262 de
2298 4205 2569 4275 parvulis:
2587 4205 2795 4275 Angeli,
2823 4204 3017 4275 inquit.
3046 4222 3226 4258 eorum
3242 4222 3446 4276 semper

1863 4300 2036 4356 vident
2063 4297 2250 4369 faciem
2270 4296 2445 4352 Patris
2479 4296 2580 4350 mei
2621 4293 2837 4366 (Matth.
2863 4293 3042 4366 xvm).
3084 4293 3152 4347 Et
3183 4291 3352 4349 Iacob
3379 4297 3446 4350 de

1863 4404 1921 4445 se
1950 4387 2228 4457 loquitur:
2258 4383 2486 4455 Angelus
2526 4383 2616 4454 qui
2651 4383 2785 4436 eruit
2831 4398 2912 4435 me
2954 4381 3018 4435 de
3056 4384 3255 4437 cunctis
3291 4382 3445 4437 malis

1869 4477 2022 4552 (Gen.
2091 4476 2303 4549 ιινιιι).
2359 4474 2427 4530 Et
2472 4473 2564 4528 hic
2610 4471 2856 4545 discipuli
2905 4471 3156 4544 angelum
3216 4473 3444 4544 apostoli

1867 4569 2018 4632 Petri
2043 4567 2228 4624 venire
2254 4564 2566 4621 credebant.

2171 4694 2504 4735 EVANGELIU!
2547 4692 2829 4742 IATTBEI,
2867 4692 2986 4732 CAP.
3028 4693 3138 4732 XVI.

1946 4802 1967 4837 ι
2011 4782 2171 4840 Venit
2199 4779 2359 4838 Iesus
2393 4780 2447 4834 in
2475 4787 2662 4851 partes
2687 4778 2949 4836 Caesarea:
2975 4778 3229 4850 Philippi,
3266 4788 3322 4835 et
3362 4780 3445 4835 in-

1878 4894 1898 4928 ‹
1942 4873 2238 4946 terrogavit
2262 4871 2554 4942 discipulos
2593 4885 2723 4926 suos
2760 4870 2947 4925 dicens
2983 4885 2998 4922 :
3040 4869 3214 4936 Quem
3260 4870 3448 4926 dicunt

1853 4984 1897 5018 με
1941 4965 2191 5021 homines
2233 4959 2570 5018 esseFilium
2618 4959 2900 5015 hominis?
2940 4958 3013 5014 At
3053 4957 3130 5014 illi
3168 4960 3448 5025 dixerunt,

1877 5073 1898 5107 ε
1939 5054 2030 5109 alii
2085 5049 2350 5108 Joannem
2400 5050 2714 5119 Baptistam,
2768 5049 2859 5104 alii
2907 5060 3088 5104 autem
3117 5049 3310 5114 Eliam,
3351 5050 3446 5105 alii

1877 5163 1898 5198 ο
1942 5159 2073 5200 vero
2095 5141 2407 5205 Jeremiam,
2431 5151 2527 5196 aut
2553 5155 2722 5194 unum
2745 5155 2814 5194 ex
2834 5139 3134 5210 prophetis.
3176 5139 3317 5194 Dicit
3341 5139 3448 5193 illis

1878 5255 1901 5290 ι
1942 5234 2140 5292 Iesus:
2171 5231 2280 5287 Vos
2303 5239 2487 5285 autem
2514 5246 2677 5300 quem
2701 5245 2790 5286 me
2812 5244 2933 5284 esse
2961 5229 3185 5286 dicitis?
3213 5230 3448 5300 Respon-

1881 5345 1903 5379 s
1946 5325 2080 5381 deus
2117 5331 2298 5377 autem
2328 5320 2513 5375 Simon
2542 5319 2736 5375 Petrus
2761 5320 2938 5376 dixit:
2966 5319 3046 5374 Tu
3087 5335 3148 5376 es
3172 5319 3442 5383 Christus,

1880 5414 2090 5474 «Filius
2116 5411 2212 5468 Dei
2235 5411 2366 5465 vivi.
2397 5410 2750 5478 Respondeas
2795 5417 2976 5463 autem
3003 5407 3160 5465 Jesus
3188 5408 3327 5463 dixit
3356 5409 3441 5462 ei:

1880 5526 1902 5562 ο
1945 5507 2142 5562 Beatus
2190 5519 2253 5560 es
2287 5500 2474 5558 Simon
2501 5499 2752 5568 Bal-ioue,
2797 5501 2924 5568 quia
2971 5515 3098 5555 caro
3131 5508 3186 5555 et
3227 5499 3446 5569 sanguis

1883 5615 1903 5650 ε
1942 5612 2056 5652 non
2101 5593 2361 5650 revelavit
2399 5591 2520 5656 tibi,
2557 5591 2652 5647 sed
2686 5591 2848 5670 Pater
2886 5606 3038 5646 meus
3073 5590 3164 5659 qui
3208 5589 3262 5642 in
3292 5602 3358 5642 οι
3378 5588 3448 5643 lis

1881 5707 1905 5742 ι
1946 5696 2050 5745 est.
2096 5685 2166 5740 Et
2193 5698 2294 5755 ego
2329 5683 2450 5738 dico
2478 5681 2599 5749 tibi.
2627 5682 2755 5752 quia
2786 5689 2842 5736 tu
2869 5696 2929 5736 es
2957 5680 3163 5745 Petrus,
3193 5686 3250 5734 et
3283 5691 3448 5748 super
