3952 6448
529 310 628 369 891

1815 299 2169 356 SMARAGDI
2202 299 2492 355 ABBATlS

3679 303 3781 357 59‘!

533 444 556 482 ι
602 426 744 482 hanc
767 432 975 494 petram
1003 417 1276 474 aediﬁcabo
1305 415 1600 471 Ecclesiam
1627 431 1825 479 meam,
1852 424 1907 470 et
1932 423 2098 485 portze
2126 417 2175 476 Α
2201 413 2416 483 spondit
2441 431 2454 467 :
2480 411 2720 479 Domine,
2744 422 2799 466 tu
2824 415 2948 467 scis.
2989 412 3056 467 Et
3081 412 3268 469 volunt
3301 413 3636 486 scriptorum
3661 417 3786 471 vitio

531 534 553 570 ι
598 515 755 572 inferi
785 527 891 566 non
913 508 1277 582 praevalebunt
1301 507 1560 560 adversus
1585 521 1723 560 eam.
1749 506 1815 561 Et
1840 505 1937 559 tibi
1965 505 2102 560 dabo

530 623 551 659 ι
595 607 775 662 claves
815 600 968 673 regni
1007 598 1288 655 cmlorum.
1341 598 1406 652 Et
1449 596 1806 668 quodcunque
1848 595 2103 666 ligaveris

531 715 549 748 ι
596 708 759 764 super
790 685 1010 755 terrain,
1039 689 1140 744 erit
1178 688 1400 758 ligatum
1430 694 1485 742 et
1528 687 1580 739 in
1615 685 1784 740 cmlis.
1823 685 1890 739 Et
1927 684 2100 754 quod-

528 805 547 838 ι
590 799 804 854 cunque
843 781 1068 838 solveris
1089 795 1252 850 super
1298 787 1518 842 terram,
1549 777 1655 831 erit
1683 776 1916 830 solutum
1949 784 2007 830 et
2044 774 2099 828 in

527 896 545 929 ι
593 878 764 932 caelis.
812 894 834 929 s

600 966 749 1021 Venit
771 965 928 1018 Jesus
973 964 1027 1017 in
1061 972 1233 1034 partes
1255 959 1508 1016 Cwsarete
1531 955 1779 1028 Philippi.
1822 955 2100 1026 Philippus

522 1058 624 1111 iste
663 1064 747 1110 est
789 1053 956 1108 frater
978 1050 1226 1114 Herodis,
1259 1050 1324 1104 de
1361 1063 1468 1117 quo
1509 1061 1671 1116 supra
1703 1046 1956 1100 diximus.
1997 1045 2100 1100 Te-

521 1147 739 1201 trarcha
779 1145 1008 1199 lthurea:
1039 1149 1095 1197 et
1127 1139 1533 1196 Trachonitidis
1573 1138 1875 1209 regionum,
1915 1138 2005 1206 qui
2043 1137 2097 1193 in

519 1240 777 1294 honorem
807 1236 1006 1292 Tiberii
1033 1233 1266 1291 Czesaris
1293 1232 1620 1296 Caesaream,
1651 1247 1774 1301 quae
1813 1245 1956 1285 nunc
1991 1229 2098 1286 Pa-

519 1343 648 1384 ucas
673 1326 870 1383 dicitur
896 1324 1245 1396 appellatum,
1275 1332 1332 1379 et
1353 1331 1440 1379 est
1476 1323 1530 1377 in
1564 1322 1843 1392 provincia
1873 1321 2096 1377 Phoeni-

517 1434 616 1474 ωδ.

586 1508 654 1562 Et
680 1506 1032 1577 interrogabat
1055 1503 1341 1575 discipulos
1375 1520 1499 1560 suos
1540 1504 1717 1559 dicens
1746 1518 1765 1556 :
1803 1503 1972 1571 Quem
2013 1505 2096 1558 di-

513 1609 635 1653 cunt
655 1598 886 1652 homines
905 1595 1208 1652 esseFilium
1227 1595 1474 1651 hominis.
1492 1596 1591 1666 (Ex
1607 1595 1852 1667 Hieron.)
1875 1595 1992 1651 Non
2014 1595 2096 1650 di-

517 1688 616 1753 xit,
649 1702 809 1757 quem
836 1701 923 1742 me
947 1686 1135 1742 dicunt
1155 1699 1276 1742 esse
1299 1686 1570 1751 homines,
1601 1685 1890 1740 sedFilium
1925 1685 2094 1740 Itami-

2203 504 2576 574 depravatum,
2601 512 2660 557 ut
2685 518 2784 573 pro
2809 503 2916 558 Bar
2935 502 3164 569 Joanna,
3190 504 3294 560 hoc
3321 513 3426 564 est.
3454 503 3602 560 ﬁlius
3625 505 3785 561 Joan-

2201 594 2310 658 nis,
2360 594 2591 663 Barjona
2637 594 2899 664 scriptum
2947 594 3038 659 sit,
3093 609 3202 648 una
3255 595 3502 650 detracta
3556 596 3781 667 syllaba.

2199 679 2402 735 Joanna
2443 691 2622 735 autem
2668 682 3054 751 interpretatur
3074 681 3289 739 Domini
3338 685 3535 755 gratia,
3579 696 3783 740 utrum-

2199 786 2305 840 que
2339 781 2522 825 autem
2553 787 2748 826 nomen
2780 773 3007 842 mystice
3047 773 3273 846 intelligi
3310 783 3509 844 potest,
3543 777 3687 845 quod
3729 786 3785 830 et

2199 859 2448 915 columba
2483 861 2732 928 spiritum
2761 870 3008 916 sanctum
3050 870 3105 915 et
3138 863 3311 933 gratia
3342 862 3438 918 Dei
3472 863 3675 918 donum
3705 865 3778 918 si-

2200 949 2419 1022 gniﬁcet
2476 953 2774 1022 spirituale.
2823 952 2958 1008 Illud
3001 969 3214 1024 quoque
3262 957 3406 1024 quod
3454 955 3532 1009 ait
3585 972 3599 1007 :
3647 954 3777 1010 Caro

2198 1050 2248 1093 et
2287 1042 2503 1112 sanguis
2547 1058 2652 1096 non
2699 1042 2940 1097 reuelauit
2987 1045 3100 1110 tibi,
3133 1044 3439 1116 apostolica:
3479 1046 3774 1100 narrationi

2198 1145 2565 1205 comparatur,
2596 1137 2649 1191 in
2671 1152 2777 1206 qua
2806 1136 3207 1196 ait:_Continuo
3231 1155 3335 1192 non
3371 1139 3609 1208 acquievi
3640 1138 3780 1191 carni

2197 1237 2244 1279 e:
2267 1227 2512 1296 sanguini
2535 1225 2679 1296 (Gal.
2702 1226 2764 1297 ι),
2782 1243 2999 1282 carnem
3024 1227 3097 1281 ibi
3125 1235 3179 1282 et
3208 1227 3526 1296 sanguinem
3547 1225 3773 1288 Judmos,

2197 1325 2258 1370 ut
2283 1317 2367 1372 his
2391 1332 2604 1387 quoque
2639 1318 2739 1374 sub
2768 1317 2874 1372 alio
2900 1332 3062 1373 sensu
3103 1317 3527 1381 demonstretur,
3555 1317 3699 1387 quod
3731 1317 3775 1369 ei

2197 1425 2304 1464 non
2335 1425 2432 1480 per
2465 1410 2767 1465 doctrinam
2809 1409 3226 1474 pharisaeorum,
3249 1409 3344 1463 sed
3390 1423 3490 1478 per
3529 1407 3625 1462 Dei
3661 1423 3777 1479 gra-

2197 1501 2326 1555 tiam
2353 1500 2603 1557 Christus
2631 1499 2900 1556 DeiFilius
2929 1499 3198 1555 revelatus
3221 1501 3308 1555 sit.

2265 1589 2334 1643 Et
2355 1607 2447 1662 ego
2469 1590 2563 1644 tibi
2584 1591 2722 1645 dico.
2752 1589 2891 1658 Quid
2915 1599 2999 1646 est
3019 1591 3161 1661 quod
3186 1592 3292 1646 ait:
3315 1589 3384 1644 Et
3405 1606 3500 1662 ego
3522 1589 3643 1644 dico
3666 1591 3772 1654 tibi,

2195 1680 2321 1750 quia
2362 1689 2419 1735 tu
2458 1678 2589 1736 mihi
2627 1680 2831 1745 dixisti,
2873 1687 2930 1734 tu
2971 1695 3032 1736 es
3070 1679 3489 1736 CbristusFilius
3516 1679 3613 1734 Dei
3650 1681 3773 1746 vivi,

513 1781 614 1844 nis,
661 1795 730 1835 ne
755 1776 1028 1847 iactanter
1055 1781 1121 1834 de
1147 1793 1206 1833 se
1233 1792 1478 1847 quaerere
1510 1778 1801 1832 videretur.
1851 1777 1920 1831 Et
1965 1785 2092 1831 nota
2121 1759 2167 1819 Β
2193 1782 2250 1827 et
2276 1787 2376 1844 ego
2413 1772 2506 1827 tibi
2546 1787 2795 1828 sermone
2825 1787 3002 1836 casso,
3042 1781 3096 1826 et
3125 1770 3328 1826 nullum
3357 1787 3496 1842 opus
3520 1773 3772 1834 habente.

510 1871 656 1940 quod
693 1871 1015 1941 ubicumque
1043 1869 1304 1940 scriptum
1343 1876 1429 1923 est
1463 1869 1516 1923 in
1541 1868 1718 1923 Veteri
1747 1867 2094 1922 Testamento
2196 1862 2290 1916 sed
2317 1862 2438 1916 dico
2469 1861 2586 1926 tibi,
2613 1862 2740 1932 quia
2779 1877 2956 1916 meum
2989 1860 3191 1917 dixisse
3222 1859 3416 1916 fecisse
3451 1869 3558 1916 est.

488 1957 918 2024 Filiusltominis,
956 1959 1008 2012 in
1036 1957 1262 2014 Hebrteo
1290 1959 1526 2028 positum
1561 1959 1630 2013 sit
1673 1967 1793 2016 D‘m
1819 1966 1911 2044 in.
1953 1957 2094 2012 ﬁlius
2267 1952 2408 2020 Quia
2436 1963 2492 2007 tu
2525 1970 2579 2008 es
2606 1951 2809 2016 Petrus,
2851 1965 2898 2007 et
2924 1969 3079 2022 super
3101 1954 3236 2006 hanc
3271 1962 3474 2024 petram
3501 1953 3772 2021 a’diﬁcabo

510 2054 706 2109 Adam.
745 2051 986 2122 llludque
1030 2051 1175 2121 quod
1206 2051 1259 2106 in
1281 2049 1498 2106 Psalmo
1547 2049 1774 2120 legimus
1800 2066 1813 2102 :
1841 2047 1971 2103 Filii
1999 2048 2094 2102 Ιιο-
2197 2049 2488 2106 Ecclesium
2509 2066 2697 2104 meam.
2729 2049 2881 2104 Sient
2907 2050 3021 2119 ipse
3047 2049 3225 2104 lumen
3252 2049 3510 2119 apostolis
3531 2049 3770 2110 donavit.

509 2146 711 2199 minam
736 2183 752 2210 ,
800 2158 1065 2214 usquequo
1109 2143 1254 2214 graui
1307 2143 1484 2208 corde,
1528 2142 1581 2197 in
1629 2141 1852 2197 ﬂebrzeo
1897 2141 2096 2196 dicitur
2194 2149 2254 2195 ut
2282 2140 2465 2196 lumen
2494 2143 2680 2196 mundi
2707 2141 3062 2212 appellentur,
3093 2149 3284 2196 cetera
3313 2157 3432 2212 qum
3459 2157 3526 2196 ex
3556 2141 3773 2195 domino

509 2245 630 2294 mu
677 2243 794 2300 νιει,
845 2234 941 2289 lilii
973 2233 1165 2289 Adam.
1242 2233 1472 2290 Pulchre
1527 2243 1707 2289 autem
1759 2233 2088 2303 interrogat:
2193 2232 2370 2287 sortiti
2402 2232 2662 2287 vocabula
2699 2242 2849 2298 sunt,
2896 2233 2969 2287 ita
3000 2240 3054 2287 et
3085 2231 3316 2298 Simoni,
3360 2233 3449 2301 qui
3514 2233 3771 2290 credebat

512 2321 680 2388 Quem
705 2322 885 2378 dicunt
921 2338 1032 2377 esse
1057 2322 1291 2378 homines
1304 2320 1502 2376 Filium
1541 2322 1787 2386 hominis,
1829 2322 1955 2390 quia
1997 2320 2090 2390 qui
2192 2333 2402 2394 petram
2427 2322 2706 2378 Christum
2728 2365 2743 2389 ,
2777 2323 2921 2380 Petri
2962 2325 3184 2396 largitus
3213 2334 3299 2380 est
3331 2339 3548 2382 nomen.
3581 2322 3650 2378 At
3683 2342 3768 2381 se—

507 2412 617 2471 deF
621 2413 712 2468 ilio
741 2413 980 2470 hominis
1015 2412 1313 2482 loquuntur
1339 2411 1588 2467 homines
1633 2421 1780 2466 sunt.
1825 2409 1926 2477 Qui
1963 2427 2091 2465 vero
2190 2413 2424 2468 cundum
2459 2413 2829 2484 metaphoram
2856 2423 3040 2485 pctm,
3080 2423 3227 2470 recte
3256 2415 3453 2470 dicitur
3481 2417 3561 2482 ei,
3603 2418 3771 2472 aediﬁ-

509 2504 848 2558 divlnitatem
899 2501 1016 2572 ejus
1063 2501 1386 2573 intelligunt,
1436 2516 1543 2556 non
1591 2501 1860 2566 homines,
1893 2502 1987 2555 sed
2014 2499 2088 2554 dii

508 2593 869 2662 appellantur.

535 2736 538 2738 γ
579 2687 647 2740 At
693 2686 773 2741 illi
823 2687 1066 2741 dixerunt
1103 2705 1122 2744 :
1167 2683 1270 2738 Alii
1313 2682 1574 2738 Joannem
1622 2681 1945 2754 Baptistam,
1993 2680 2086 2735 alii

511 2775 712 2842 Etiam,
753 2777 845 2830 alii
886 2793 1006 2830 vero
1032 2775 1335 2842 Jeremiam,
1371 2784 1463 2828 aut
1508 2790 1668 2826 unum
1703 2790 1767 2826 ex
1801 2772 2082 2843 prophetis.

513 2866 676 2922 Miror
711 2867 972 2937 quosdam
1004 2866 1322 2935 interpretes
1359 2880 1553 2920 causas
1615 2878 1862 2918 errorum
1908 2863 2086 2934 inqui-

507 2973 630 3011 rere
667 2957 1002 3028 singulorum
1039 2965 1094 3011 et
1125 2955 1542 3026 disputationem
1587 2952 1957 3024 longissimam
2004 2961 2084 3008 te-

2190 2503 2325 2559 cabo
2355 2503 2652 2560 Ecclesiam
2687 2520 2862 2560 meam
2892 2520 3054 2576 super
3093 2513 3163 2560 te.

2259 2591 2366 2663 (Ea:
2391 2592 2713 2666 Fulgentio.)
2763 2593 2888 2651 Sive
2923 2610 3085 2666 super
3114 2595 3257 2651 hanc
3293 2603 3536 2666 petram,
3576 2596 3631 2650 id
3663 2607 3765 2662 est,

2189 2696 2354 2752 super
2390 2682 2566 2748 illum,
2597 2698 2757 2753 quem
2785 2671 2880 2740 ore
2908 2693 3002 2740 tuo
3025 2685 3305 2740 confessus
3337 2700 3397 2742 es
3433 2687 3651 2742 dicens:
3691 2686 3767 2740 Tu

2186 2787 2240 2826 es
2272 2771 2564 2830 ChristusF
2566 2775 2688 2830 ilius
2717 2775 2815 2830 Dei
2846 2777 2976 2841 vivi,
3021 2778 3136 2834 sive
3175 2791 3335 2849 super
3361 2778 3505 2834 hanc
3527 2787 3760 2850 petram,

2186 2879 2350 2936 super
2384 2869 2783 2926 confessionem
2818 2869 2989 2925 Petri.

2255 2956 2325 3012 Et
2367 2968 2534 3029 porta:
2578 2960 2734 3031 inferi
2779 2979 2885 3017 non
2931 2963 3282 3034 prmoalebunt
3329 2965 3576 3020 adversus
3625 2983 3759 3020 eam.

506 3063 652 3114 sere,
684 3062 850 3118 quare
880 3049 1156 3105 dominum
1184 3056 1430 3101 nostrum
1459 3042 1665 3108 Jesum,
1698 3044 1786 3097 alii
1816 3039 2080 3098 Joannem
2110 3107 2151 3126 η
2187 3047 2300 3120 Ego
2329 3058 2516 3119 portas
2549 3050 2705 3106 inferi
2731 3052 2859 3112 vitia
2888 3068 3014 3110 reor
3040 3063 3200 3124 atque
3227 3064 3468 3126 peccata,
3500 3055 3583 3109 vel
3616 3067 3764 3112 certe

504 3107 847 3208 putaverunt,
883 3137 974 3192 alii
1012 3137 1200 3201 Etiam,
1235 3136 1323 3190 alii
1349 3133 1661 3197 Jeremiam,
1693 3143 1787 3188 aut
1822 3149 1988 3188 unum
2013 3148 2078 3188 ex
2109 3107 2154 3168 C
2188 3107 2568 3195 hair-eiicomm
2619 3109 2912 3206 doctrinas,
2961 3158 3060 3213 per
3105 3107 3254 3214 ana;
3293 3107 3468 3200 illecti,
3515 3145 3765 3203 homines

502 3229 797 3298 prophetis,
829 3243 953 3283 cum
984 3228 1064 3282 sic
1099 3241 1284 3282 errare
1312 3225 1588 3296 potuerint
1623 3224 1675 3278 in
1705 3221 1818 3277 Elia
1848 3233 1902 3277 et
1925 3221 2080 3278 Jere-

507 3319 634 3382 mia,
664 3318 933 3388 quomodo
962 3316 1202 3371 Herodes
1244 3314 1447 3370 e.ravit
1489 3313 1544 3367 in
1581 3309 1815 3378 Joanne,
1863 3313 2078 3368 dicens:

508 3407 674 3471 Quem
702 3423 794 3476 ego
817 3405 1068 3459 decollari
1087 3403 1368 3466 Joannem,
1392 3404 1500 3473 ipse
1525 3404 1752 3456 surrexit
1783 3421 1814 3456 a
1839 3403 2078 3470 mortuis,

503 3509 551 3554 et
576 3501 789 3553 virtutes
825 3506 1109 3569 operantur
1131 3497 1187 3550 in
1218 3495 1308 3550 illo
1333 3495 1526 3568 (Marc.
1558 3500 1654 3567 γι).

589 3587 689 3643 Vos
722 3599 913 3650 autem,
938 3603 1088 3658 quem
1117 3603 1198 3639 me
1216 3586 1432 3640 dicitis?
1461 3584 1747 3657 Respondit
1771 3587 1955 3644 Simon
1979 3587 2080 3644 Pe-

398 3709 400 3711 >
503 3690 617 3733 trus
650 3694 668 3732 :
706 3675 783 3730 Tu
813 3695 866 3731 es
899 3673 1138 3730 Christus
1151 3671 1197 3728 F
1201 3675 1321 3730 ilius
1352 3674 1446 3729 Dei
1486 3678 1602 3730 vivi.
1640 3675 1881 3732 Prudens
1910 3677 2082 3734 lector

503 3769 741 3832 attende,
772 3767 913 3838 quod
944 3781 1009 3821 ex
1039 3767 1492 3836 consequentibus
1528 3774 1785 3837 textuque
1811 3767 2080 3823 sermonis

505 3855 734 3928 apostoli
776 3869 1115 3925 nequaquam
1144 3855 1421 3921 homines,
1462 3856 1555 3910 sed
1601 3857 1674 3910 dii
1719 3856 2075 3927 appellentur.

504 3949 640 4004 Cum
672 3947 814 4000 enim
845 3945 1069 4001 dixisset
1093 3962 1107 4000 ς
1135 3944 1298 4011 Quem
1322 3947 1499 4001 dicunt
1523 3946 1755 4001 homines
1779 3947 2080 4004 esseFilium

503 4023 1003 4108 hominis,subjecit
1031 4055 1044 4092 :
1085 4034 1183 4091 Vos
1213 4048 1405 4103 autem,
1428 4054 1579 4110 quem
1615 4053 1696 4092 me
1720 4053 1831 4092 esse
1869 4037 2083 4090 dicitis?

504 4133 611 4187 illis
651 4133 776 4202 quia
816 4130 1060 4186 homines
1097 4137 1250 4194 sunt,
1303 4129 1536 4183 humana
1575 4128 1938 4198 opinantibus,
1985 4141 2081 4182 vos

502 4223 593 4290 qui
621 4223 693 4276 dii
725 4224 880 4287 estis,
909 4237 1066 4291 quem
1111 4236 1197 4276 me
1225 4219 1586 4275 existimatis?
1629 4219 1823 4274 Petrus
1855 4233 1920 4273 ex
1957 4233 2081 4288 per-

502 4329 632 4366 sona
663 4313 903 4366 omnium
930 4311 1292 4381 apostolorum
1321 4310 1637 4380 proﬁtetur:
1662 4306 1740 4361 Tu
1763 4325 1815 4362 es
1839 4306 2079 4363 Christus

477 4403 762 4462 FiliusDei
793 4405 910 4458 vivi.
953 4403 1120 4458 Deum
1150 4403 1330 4456 vivum
1383 4401 1637 4471 appellat,
1685 4401 1752 4453 ad
1800 4414 2080 4469 compara-

504 4493 701 4546 tionem
739 4493 960 4547 deorum
991 4506 1198 4555 eorum,
1225 4491 1316 4559 qui
1348 4499 1604 4558 putantur
1629 4489 1723 4552 dii,
1755 4491 1848 4544 sed
1881 4491 2080 4544 mortui

502 4593 645 4647 sunt,
669 4582 984 4645 Saturnum,
1004 4580 1213 4644 Jovem,
1239 4579 1509 4643 Cererem,
1531 4579 1781 4631 Liberum
1807 4589 1862 4633 et
1885 4587 2080 4632 caetera

503 4673 766 4726 idolorum
798 4680 1051 4741 portenta
1088 4667 1421 4739 signiﬁcans.

573 4762 903 4832 Respondeas
926 4761 1104 4823 Jesus,
1141 4759 1274 4812 dixit
1297 4758 1345 4810 ei
1370 4773 1388 4810 :
1412 4757 1607 4811 Beatus
1644 4773 1721 4821 es,
1745 4756 1925 4811 Simon
1944 4755 2081 4812 Bar-

495 4853 654 4924 jona,
700 4852 824 4922 quia
870 4865 994 4902 caro
1041 4858 1090 4900 et
1131 4847 1344 4916 sanguis
1389 4863 1494 4900 non
1535 4845 1771 4902 reuelauit
1819 4846 1952 4911 tibi,
1989 4849 2079 4902 sed

490 4941 650 4996 Pater
683 4955 829 4993 meus
865 4939 955 5008 qui
991 4937 1045 4990 in
1083 4935 1222 4990 caelis
1258 4945 1352 4990 est.
1394 4935 1547 5002 Quod
1585 4951 1713 4990 caro
1757 4945 1813 4991 et
1859 4938 2074 5009 sanguis

505 5030 746 5085 revelare
783 5045 888 5084 non
918 5029 1122 5099 potuit,
1159 5028 1212 5082 id
1247 5035 1352 5093 est,
1386 5028 1628 5082 doctrina
1667 5030 1922 5096 humana,
1951 5029 2075 5102 Spi-

503 5119 640 5173 ritus
678 5119 850 5173 sancti
891 5119 1062 5191 gratia
1099 5117 1392 5172 revelatum
1432 5131 1536 5173 est.
1581 5119 1722 5191 Ergo
1757 5136 1824 5176 ex
1862 5121 2074 5178 confes-

504 5209 657 5263 sione
705 5215 930 5262 sortitur
975 5207 1290 5262 vocabulum
1314 5247 1330 5272 ,
1388 5209 1532 5276 quod
1579 5209 1960 5266 revelationem
2003 5224 2072 5265 ex

505 5297 707 5368 Spiritu
749 5307 935 5353 sancto
977 5297 1193 5362 habeat,
1240 5295 1392 5366 cujus
1439 5305 1496 5352 et
1536 5298 1677 5354 ﬁlius
1725 5299 2073 5369 appellandus

503 5390 592 5444 sit.
622 5387 901 5459 Siquidem
931 5387 1158 5454 Barjona
1203 5389 1256 5441 in
1281 5379 1465 5459 hngua
1494 5391 1679 5444 nostra
1719 5399 1899 5454 sonat,
1931 5389 2075 5456 ﬁlius

503 5479 782 5534 columbae.
811 5478 914 5532 Alii
958 5477 1272 5546 simpliciter
1301 5479 1576 5548 accipiunt
1608 5479 1750 5546 quod
1779 5478 1988 5543 Simon,
2019 5480 2074 5536 id

503 5580 585 5624 est
606 5571 818 5634 Petrus,
854 5569 992 5624 ﬁlius
1029 5570 1100 5624 sit
1125 5570 1376 5636 Joannis,
1412 5569 1567 5638 juxta
1596 5570 1819 5626 alterius
1848 5572 1949 5626 loci
1992 5573 2073 5627 in-

506 5661 920 5732 terrogatiOnem
950 5678 961 5714 :
988 5657 1166 5714 Simon
1216 5659 1463 5724 Joannis,
1491 5658 1667 5730 diligis
1703 5659 1826 5717 me?
1859 5662 1951 5731 qui
1984 5678 2070 5720 ree

2186 3229 2452 3285 ducuntur
2479 3230 2546 3285 ad
2576 3238 2859 3285 tartarum.
2892 3230 3060 3286 Nemo
3098 3233 3280 3303 itaque
3310 3243 3458 3296 putet
3491 3237 3558 3290 de
3586 3246 3765 3293 morte

2185 3320 2310 3386 dici,
2349 3321 2492 3392 quod
2534 3323 2759 3391 apostoli
2807 3324 3100 3378 conditioni
3147 3327 3338 3382 mortis
3379 3325 3604 3396 subjecti
3655 3344 3761 3384 non

2185 3409 2410 3476 fuerint,
2437 3427 2665 3481 quorum
2698 3416 2955 3485 martyria
2987 3416 3166 3472 videat
3193 3433 3501 3473 coruscare.

2259 3502 2325 3556 Et
2360 3503 2454 3556 tibi
2482 3502 2618 3557 dabo
2655 3503 2823 3559 claves
2863 3506 3006 3576 regni
3041 3509 3310 3574 caelorum,
3347 3520 3394 3563 et
3418 3510 3765 3585 quodcunque

2183 3593 2424 3664 ligaveris
2464 3612 2620 3666 super
2660 3605 2876 3663 terram,
2919 3599 3015 3652 erit
3059 3599 3277 3670 ligatum
3320 3611 3368 3656 et
3407 3605 3461 3656 in
3503 3605 3667 3671 cazlis,
3716 3620 3764 3661 et

2181 3685 2522 3756 quodcunque
2553 3686 2768 3742 solveris
2801 3705 2954 3760 super
2985 3700 3201 3758 terram,
3233 3693 3332 3745 erit
3360 3692 3588 3748 solutum
3624 3707 3671 3750 et
3711 3699 3761 3750 in

2183 3774 2342 3830 ctelis.
2392 3775 2556 3832 Istum
2600 3778 2776 3833 locum
2813 3781 3050 3852 episcopi
3097 3791 3152 3837 et
3185 3785 3488 3855 presbyteri
3532 3802 3638 3841 non
3674 3788 3762 3842 in-

2187 3866 2523 3937 telligentes,
2565 3869 2766 3940 aliquid
2804 3873 2907 3927 sibi
2947 3875 3012 3928 de
3045 3873 3441 3930 Pbarismorum
3479 3887 3764 3934 assumunt

2183 3959 2470 4028 supercilio
2492 4000 2508 4025 ,
2541 3969 2598 4014 ut
2633 3961 2716 4016 vel
2745 3963 3000 4018 damnent
3045 3965 3381 4031 innocentes,
3423 3967 3508 4022 vel
3552 3969 3765 4026 solvere

2183 4063 2240 4103 se
2265 4051 2455 4105 noxios
2481 4053 2829 4119 arbitrentur,
2854 4070 2977 4108 cum
3001 4057 3141 4125 apud
3167 4057 3334 4111 Deum
3360 4073 3464 4112 non
3493 4063 3761 4114 sententia

2184 4139 2547 4206 sacerdotum,
2591 4142 2905 4197 sedeorum
2943 4145 3051 4198 vita
3081 4154 3375 4214 quaeratur.
3424 4146 3680 4217 Legimus
3710 4151 3764 4204 in

2185 4229 2430 4285 Levitico
2461 4231 2526 4286 de
2558 4231 2806 4300 leprosis,
2839 4236 2926 4290 ubi
2960 4235 3240 4306 jubentur,
3284 4246 3344 4292 ut
3378 4242 3673 4296 ostendant
3705 4259 3765 4298 se

2184 4319 2573 4385 sacerdotibus,
2604 4333 2660 4376 et
2703 4324 2748 4376 si
2778 4324 2980 4395 lepram
3019 4327 3327 4394 habuerint,
3355 4337 3486 4384 tunc
3518 4347 3549 4385 a
3580 4348 3766 4387 sacer-

2183 4411 2308 4466 dote
2337 4411 2596 4467 immundi
2623 4413 2757 4469 ﬁant
2775 4415 2962 4487 (Leuit.
2996 4419 3130 4486 ιη),
3177 4434 3282 4474 non
3319 4421 3463 4490 quod
3509 4425 3763 4478 sacerdo-

2186 4508 2266 4554 tes
2295 4500 2536 4570 leprosos
2562 4511 2617 4557 et
2647 4505 2951 4562 immundos
2980 4507 3203 4574 faciant,
3233 4511 3328 4564 sed
3357 4512 3499 4580 quod
3529 4512 3766 4567 habeant

2183 4591 2428 4644 notitiam
2464 4593 2661 4662 leprosi
2695 4603 2750 4648 et
2792 4611 2898 4650 non
2946 4597 3164 4668 leprosi,
3207 4609 3264 4655 et
3305 4603 3516 4670 possint
3552 4604 3762 4657 discer-

2183 4693 2331 4743 nere,
2380 4683 2471 4752 qui
2520 4685 2750 4740 mundus
2779 4687 2940 4755 quive
2989 4689 3296 4746 immundus
3343 4692 3430 4745 sit.
3479 4693 3762 4760 Quomodo

2181 4785 2312 4841 ergo
2348 4772 2419 4826 ibi
2446 4773 2716 4844 leprosum
2743 4779 2995 4834 sacerdos
3025 4784 3282 4835 mundum
3313 4783 3394 4837 vel
3420 4785 3760 4840 immundum

2180 4859 2334 4929 iacit,
2373 4864 2452 4919 sic
2479 4873 2534 4918 et
2570 4865 2658 4920 hic
2686 4867 2873 4938 alligat
2896 4870 2980 4924 vel
3018 4871 3178 4926 solvit
3215 4873 3499 4942 episcopus
3525 4885 3583 4930 et
3607 4891 3762 4946 pres-

2177 4953 2353 5023 byter,
2393 4969 2500 5010 non
2535 4970 2631 5010 eos
2657 4958 2746 5026 qui
2787 4959 3026 5016 insontes
3053 4971 3178 5018 sunt
3207 4964 3290 5018 vel
3320 4965 3491 5030 noxii,
3538 4967 3636 5021 sed
3665 4980 3762 5037 pro

2175 5039 2351 5097 cilicio
2379 5057 2498 5107 suo,
2525 5060 2646 5100 cum
2673 5057 3018 5116 peccatorum
3055 5051 3288 5108 audierit
3312 5055 3628 5123 varietates,
3660 5057 3761 5110 scit

2174 5130 2267 5198 qui
2300 5129 2544 5202 ligandus
2570 5136 2662 5202 sit,
2685 5137 2777 5206 qui
2803 5139 3117 5196 solvendus.

2508 5283 2575 5339 IN
2622 5287 2864 5343 VIGILIA
2904 5290 3147 5347 SANCTI
3193 5294 3419 5351 PAULI.

2179 5411 2374 5454 ιεοτιο
2405 5413 2673 5454 εριδτοιε
2712 5417 2867 5457 ΒΕΔἸΊ
2909 5421 3061 5460 PAULI
3102 5422 3357 5462 APOSTOLI
3393 5423 3460 5461 AD
3493 5423 3760 5475 ελωτλε,

2860 5490 2976 5528 CAP.
3020 5489 3056 5527 ι.
3293 5507 3296 5509 λ

2256 5593 2275 5626 ι
2319 5575 2515 5631 Notum
2563 5578 2708 5635 enim
2761 5583 2912 5637 vobis
2975 5583 3111 5639 iacio
3162 5585 3552 5658 Evangelium,
3614 5586 3765 5658 quod

2185 5683 2206 5718 ι
2251 5666 2674 5736 evangelizatum
2705 5680 2787 5727 est
2822 5687 2852 5724 a
2883 5688 2987 5738 me,
3016 5675 3268 5742 quoniam
3299 5692 3405 5732 non
3449 5688 3762 5734 esLsecun-
