3952 6438
146 275 258 332 593

995 267 1509 331 COLLECTIONES
1540 270 1610 326 IN
1648 265 2027 328 EPISTULAS
2063 273 2143 328 E'l
2191 270 2605 330 EVANGELIA.

3296 272 3401 330 391

154 403 177 437 ι
224 386 355 442 dum
405 383 704 443 hominem.
740 383 928 456 Neque
963 385 1109 440 enim
1150 399 1249 454 ego
1287 384 1355 439 ab
1384 382 1602 438 homine
1637 397 1733 437 ac-
1762 384 1813 444 Α
1837 380 2126 452 Evangelia
2152 384 2246 438 Dei
2274 399 2396 440 esse
2417 400 2477 440 se
2506 382 2714 450 scribit,
2744 394 2800 441 et
2832 384 3092 443 leremias
3116 396 3405 459 antequam

154 493 177 528 ι
225 477 345 548 cepi
385 475 549 542 illud,
597 490 775 545 neque
820 474 1016 539 didici,
1066 475 1162 529 sed
1208 488 1308 543 per
1353 473 1734 527 revelationem

156 584 178 619 α
224 565 355 622 Jesu
378 565 604 621 Christi.
628 565 870 620 Audistis
893 564 1037 619 enim
1065 563 1531 618 conversationem
1560 577 1736 617 meam

156 672 178 706 ι
227 653 518 723 aliquando
560 651 616 707 in
651 648 952 716 Judaismo,
998 649 1126 721 quia
1169 663 1332 719 supra
1367 649 1585 704 modum
1614 664 1739 718 per-

153 761 177 794 s
232 742 502 811 sequebar
546 738 839 795 Ecclesiam
881 738 1004 804 Dei,
1052 746 1109 794 et
1153 738 1524 810 expugnabam
1568 736 1736 803 illam,

155 854 178 886 ι
229 844 287 892 et
317 833 673 907 proﬁciebam
712 832 767 888 in
797 828 1075 887 Judaismo
1110 846 1272 899 supra
1312 828 1509 883 multos
1539 836 1738 883 coaeta-

158 944 179 976 s
228 941 365 982 neos
402 940 571 990 meos,
604 923 658 978 in
686 937 883 995 genere
911 937 1033 977 meo
1062 920 1425 976 abundantius
1458 920 1741 975 aemulator

162 1035 182 1068 ι
229 1017 474 1072 existens
520 1021 869 1091 paternarum
908 1027 1151 1066 mearum
1195 1009 1563 1065 traditionum.
1606 1007 1738 1064 Cum

161 1130 182 1162 ι
230 1118 415 1165 autem
460 1107 667 1179 placuit
722 1105 772 1162 ei
829 1104 920 1175 qui
964 1120 1053 1160 me
1107 1104 1410 1175 segregavit
1461 1103 1531 1158 ab
1571 1101 1741 1157 ubera

162 1220 183 1251 ι
230 1201 426 1256 matris
476 1214 642 1264 meae,
693 1204 748 1253 et
793 1196 1008 1252 vocavit
1050 1210 1151 1266 per
1196 1195 1425 1266 gratiam
1469 1208 1645 1259 suam,
1682 1200 1743 1247 ut

162 1309 183 1340 ‹
230 1285 715 1344 revdaretFilium
763 1302 923 1343 suum
983 1286 1040 1340 in
1091 1301 1200 1350 me,
1251 1293 1313 1339 ut
1362 1285 1739 1339 annuntiarem

163 1401 183 1432 ι
230 1382 386 1436 illum
425 1381 569 1435 inter
611 1386 818 1450 gentes,
858 1379 1117 1434 continua
1153 1393 1263 1432 non
1307 1377 1549 1447 acquievi
1591 1376 1740 1432 carni

163 1491 183 1522 ι
231 1480 291 1526 et
332 1470 601 1541 sanguini,
649 1485 824 1539 neque
846 1469 968 1525 veni
1002 1465 1428 1537 Hierosolymam
1476 1464 1544 1521 ad
1592 1473 1744 1520 ante-

164 1582 187 1616 s
233 1579 482 1620 cessares
528 1577 679 1617 meas
722 1560 1018 1631 apostolos,
1078 1560 1173 1615 sed
1219 1559 1328 1614 abii
1374 1559 1430 1613 in
1463 1557 1741 1622 Arabiam,

162 1672 186 1705 ι
232 1662 290 1709 et
325 1653 525 1708 iterum
560 1666 811 1706 reversus
858 1665 976 1704 sum
1005 1649 1355 1712 Damascum,
1401 1644 1595 1702 deinde
1618 1646 1738 1701 veni

1835 472 2162 526 [armaretur
2204 472 2259 526 in
2313 481 2490 539 utero,
2548 482 2709 530 notus
2752 476 2891 541 Deo,
2937 478 3411 550 sanctiﬁcatusquc

1833 560 2148 632 perhibetur
2175 562 2308 635 (Jer.
2333 563 2394 634 l).
2423 563 2549 620 Sive
2572 574 2784 620 uterum
2815 568 3005 623 matris
3030 567 3203 640 legem
3228 568 3414 641 dicere

1834 666 2142 720 possumus,
2180 667 2301 722 quae
2337 651 2557 708 Christo
2592 655 2811 721 gravida
2853 664 2987 711 erat.
3031 657 3078 713 A
3111 656 3265 726 cujus
3290 674 3414 716 car-

1836 738 1945 795 nali
1997 740 2341 797 observantia
2399 752 2708 813 separatum
2758 759 2816 800 se
2864 746 2996 802 dicit
3038 763 3138 815 per
3180 751 3410 821 gratiam

1837 831 2059 886 Christi.
2092 827 2208 887 Non
2238 839 2322 887 est
2347 840 2527 888 autem
2570 832 2753 904 Ipsum
2777 836 3215 895 reuelaretlt'ibitm
3257 859 3410 897 suum

1837 924 1894 977 in
1926 940 2026 988 me,
2069 940 2133 980 ac
2169 925 2214 980 si
2255 925 2460 982 diceret
2491 945 2503 981 :
2535 925 2821 984 Revelaret
2859 930 2990 986 mihi
3010 931 3201 989 Filium
3231 951 3408 991 suum.

1838 1009 1935 1069 Cui
1970 1011 2115 1068 enim
2142 1014 2272 1086 quid
2304 1015 2597 1084 revelatur,
2625 1020 2750 1075 huic
2780 1020 2910 1076 illud
2962 1030 3143 1093 potest
3186 1026 3412 1081 revelari

1838 1105 1984 1173 quod
2018 1114 2144 1161 ante
2180 1107 2235 1161 in
2272 1122 2339 1163 eo
2377 1122 2486 1163 non
2524 1117 2660 1164 erat.
2709 1109 2767 1164 lo
2808 1126 2915 1180 quo
2949 1127 3080 1167 vero
3121 1114 3412 1175 revelatur.

1842 1191 1969 1246 illud
2021 1194 2311 1259 revelatur,
2363 1197 2506 1266 quod
2551 1198 2705 1267 prius
2754 1198 2855 1253 fuit
2899 1201 2953 1255 in
2998 1216 3084 1266 eo,
3132 1212 3188 1257 et
3230 1212 3414 1274 postea

1841 1282 2138 1339 revelatum
2165 1292 2268 1342 est.
2302 1285 2491 1342 Simile
2515 1296 2600 1342 est
2625 1288 2753 1343 illud
2784 1290 2837 1343 in
2863 1290 3183 1361 Evangelia:
3210 1291 3419 1346 Medius
3453 1307 3459 1313 '

1839 1384 1940 1428 stat
1958 1391 2110 1445 quem
2141 1393 2229 1430 vos
2262 1377 2490 1431 nescitis.
2533 1376 2600 1431 Et
2627 1376 2752 1432 alibi
2787 1396 2799 1432 :
2832 1375 2964 1432 Erat
2997 1381 3090 1433 lux
3119 1396 3269 1444 vera,
3299 1398 3418 1451 qua:

1840 1462 2104 1518 illuminat
2159 1480 2363 1520 omnem
2408 1467 2670 1520 hominem
2722 1467 3004 1521 venientem
3043 1469 3099 1521 in
3143 1468 3414 1523 mundum.

1842 1554 1922 1608 Ex
1961 1570 2068 1624 quo
2101 1556 2444 1625 perspicuum
2485 1554 2545 1608 ﬁt
2581 1564 2775 1609 natura
2813 1556 3063 1611 omnibus
3107 1554 3203 1611 Dei
3244 1557 3421 1612 inesse

1843 1646 2113 1700 notitiam.
2135 1644 2244 1701 Nec
2271 1661 2595 1716 quemquam
2626 1646 2743 1701 sine
2767 1645 2987 1702 Christo
3021 1644 3191 1711 nasci,
3227 1654 3284 1701 et
3312 1662 3418 1702 non

164 1763 184 1795 ι
232 1743 662 1814 Hierosolymam
687 1742 874 1796 videre
897 1738 1212 1804 Petrum,et
1246 1736 1419 1792 mansi
1457 1736 1597 1806 apud
1618 1752 1741 1791 eum
1768 1720 1816 1780 Β
1843 1735 2043 1789 habere
2068 1735 2311 1804 germina
2345 1735 2399 1788 in
2431 1750 2489 1789 se
2518 1734 2795 1804 sapientia:
2829 1742 2884 1789 et
2912 1733 3158 1803 justitiaa,
3187 1736 3421 1806 reliqua-

163 1853 184 1885 ε
233 1833 429 1889 diebus
456 1830 786 1902 quindecim,
813 1827 979 1883 alium
1019 1833 1197 1882 autem
1229 1825 1596 1897 apostolorum
1631 1824 1741 1878 vidi

165 1942 186 1974 ο
236 1922 540 1985 neminem,
593 1919 697 1973 nisi
740 1915 1000 1972 Jacobum
1052 1911 1295 1969 fratrem'
1325 1912 1570 1979 Domini,
1623 1926 1742 1981 quia:

167 2034 187 2066 σ
235 2025 418 2069 autem
467 2012 665 2077 scribo,
712 2024 838 2065 ecce
885 2023 1071 2063 coram
1122 2006 1253 2069 Deo,
1292 2004 1416 2073 quia
1451 2020 1559 2058 non
1594 2019 1743 2057 meno

166 2124 187 2156 ι
238 2106 362 2161 tior.
410 2121 430 2154 ι

237 2187 437 2247 Notum
496 2189 637 2245 vobis
682 2189 820 2259 facio
865 2186 1239 2256 Evangelium,
1287 2183 1427 2255 quod
1486 2179 1744 2251 evangeli—

161 2294 343 2338 zatum
367 2290 441 2335 est
469 2299 500 2335 a
528 2297 626 2345 me,
648 2280 897 2351 quoniam
927 2293 1029 2332 non
1050 2287 1123 2331 est
1151 2275 1434 2331 secundum
1460 2274 1740 2327 hominem.

164 2376 351 2446 Neque
382 2390 473 2443 ego
505 2371 569 2427 ab
593 2373 808 2426 nomine
846 2370 1022 2442 accepi
1051 2368 1208 2435 illud,
1244 2384 1405 2438 neque
1438 2365 1623 2431 didici,
1654 2365 1744 2419 sed

159 2484 258 2540 per
277 2467 639 2521 reuelationem
657 2464 788 2520 Iesu
816 2462 1036 2519 Christi.
1078 2464 1316 2519 Verbum
1352 2465 1525 2534 ipsum
1551 2464 1747 2520 ἀποκα-

160 2558 390 2630 λύψεως,
436 2556 489 2611 id
529 2564 643 2621 est,
679 2553 1049 2616 revelationis,
1102 2553 1317 2625 proprie
1339 2553 1746 2621 Scripturarum

160 2656 271 2711 est,
303 2654 359 2699 et
383 2661 412 2699 a
440 2644 585 2699 nullo
610 2644 933 2715 sapientium
964 2642 1147 2698 seculi
1176 2643 1316 2713 apud
1342 2641 1561 2698 Graecos
1588 2659 1749 2698 usur-

163 2744 375 2807 patum,
422 2736 525 2790 hoc
569 2743 672 2799 est,
722 2732 1101 2789 revelationem
1151 2732 1297 2787 illam
1342 2733 1540 2805 signat,
1583 2748 1746 2805 quam

162 2828 306 2883 vidit
331 2841 450 2881 cum
478 2825 799 2881 Damascum
835 2823 1039 2879 vadens
1086 2823 1141 2878 in
1186 2824 1382 2880 itinere
1409 2823 1614 2880 Christi
1657 2841 1750 2880 vo-

163 2931 287 2971 cem
319 2915 515 2969 meruit
544 2916 751 2982 audire,
784 2923 840 2970 et
866 2915 1084 2971 ementis
1109 2914 1298 2977 oculis,
1330 2929 1520 2971 verum
1566 2915 1747 2972 lumen

166 3005 355 3060 mundi
395 3005 621 3060 intuitus
651 3013 756 3061 est.
805 3005 862 3060 Si
895 3006 1040 3061 enim
1067 3003 1420 3075 Evangelium
1448 3002 1599 3060 Pauli
1637 2990 1747 3062 non

1843 1841 2072 1896 rumque
2099 1826 2383 1880 virtutum.

1912 1916 2067 1973 Unde
2102 1916 2255 1972 multi
2286 1917 2492 1986 absque
2520 1914 2623 1971 ﬁde
2665 1925 2721 1970 et
2768 1916 3060 1988 Evangelia
3086 1917 3308 1983 Christi,
3339 1915 3422 1974 vel

1842 2007 2113 2077 sapienter
2157 2004 2361 2061 faciant
2387 2006 2586 2075 aliqua,
2618 2005 2703 2060 vel
2749 2014 2953 2072 sancte,
3000 2015 3061 2060 ut
3103 2005 3421 2075 parentibus

1842 2100 2231 2167 obsequantur,
2258 2105 2312 2152 et
2339 2105 2402 2152 ut
2441 2097 2588 2166 inopi
2631 2111 2849 2151 manum
2873 2097 3170 2168 porrigant,
3199 2113 3305 2152 non
3330 2112 3426 2167 op-

1841 2190 2081 2260 primant
2109 2190 2337 2252 vicinos,
2368 2205 2475 2245 non
2512 2190 2684 2244 aliena
2710 2189 2944 2258 rapiant.
2976 2189 3164 2246 Potest
3184 2200 3240 2246 et
3268 2190 3428 2246 aliter

1844 2280 2017 2348 accipi
2068 2281 2125 2334 in
2171 2280 2376 2334 Paulo:
2406 2279 2502 2335 Dei
2550 2279 2691 2334 ﬁlius
2721 2280 3018 2339 revelatur.
3050 2280 3192 2350 quod
3228 2282 3426 2350 praedi—-

1844 2378 2002 2423 cante
2022 2368 2132 2435 illo,
2148 2369 2364 2440 agnitus
2384 2370 2457 2423 sit
2475 2368 2743 2441 gentibus,
2757 2382 2919 2438 quem
2939 2377 3065 2424 ante
3087 2370 3420 2425 nesciebant.

1915 2458 2175 2513 Continuo
2214 2476 2319 2514 non
2344 2460 2575 2530 acquievi
2604 2460 2751 2513 carni
2777 2468 2826 2512 et
2863 2460 3129 2527 sanguini.
3182 2459 3330 2523 Sive,
3365 2471 3428 2515 ut

1845 2549 1901 2603 in
1947 2547 2137 2604 Graeco
2180 2548 2374 2605 melius
2427 2549 2678 2614 habetur,
2724 2551 2784 2603 οὐ
2831 2551 3218 2622 προσωιθὲμην
3270 2554 3428 2625 σαρκὶ

1844 2644 1925 2696 καὶ
1950 2642 2150 2713 αἵματι.
2184 2638 2302 2695 Non
2331 2639 2560 2695 contulit
2588 2640 2749 2709 plane
2777 2638 2977 2694 Paulus
3000 2649 3123 2710 post
3152 2640 3432 2695 revelatio«

1846 2750 1971 2790 nem
2018 2733 2223 2790 Christi
2274 2750 2399 2790 cum
2445 2748 2609 2788 carne
2661 2742 2716 2788 et
2763 2733 3049 2802 sanguine,
3087 2735 3213 2803 quia
3262 2733 3432 2789 noluit

1847 2826 2170 2895 margaritas
2202 2824 2468 2894 projicere
2497 2833 2624 2879 ante
2652 2838 2867 2892 porcos,
2891 2838 2992 2878 nec
3024 2823 3155 2877 dare
3182 2831 3430 2878 sanctum

1848 2916 2091 2972 canibus.
2140 2918 2273 2973 Vide
2319 2916 2448 2986 quid
2490 2917 2556 2971 de
2598 2914 2973 2985 peccatoribus
3000 2914 3263 2983 scriptum
3305 2913 3417 2969 sit:

1852 3006 1978 3061 Non
1997 3006 2318 3078 permanebit
2336 3007 2548 3077 spiritus
2566 3021 2712 3059 meus
2739 3005 2795 3058 in
2824 3003 3117 3059 hominibus
3143 3003 3280 3068 istis,
3304 3005 3432 3074 quia

165 3103 256 3150 est
296 3096 588 3151 secundum
608 3094 906 3160 hominem,
939 3111 1116 3166 neque
1164 3066 1251 3151 abv
1275 3096 1494 3151 homine
1536 3098 1747 3168 accepit
1774 3066 1820 3128 Ο
1850 3113 1974 3151 caro
1997 3066 2130 3151 'sunt
2162 3095 2315 3169 (Gen.
2347 3066 2447 3168 vt).
2499 3096 2634 3151 Cum
2668 3094 2885 3159 talibus,
2932 3093 3025 3164 qui
3058 3108 3187 3150 caro
3215 3066 3274 3148 et
3297 3066 3458 3174 san--

168 3186 302 3242 illud
348 3196 440 3241 aut
463 3187 667 3253 didicit,
700 3189 794 3243 sed
821 3204 920 3260 per
946 3189 1330 3244 revelationem
1361 3188 1489 3245 Jesu
1522 3189 1746 3257 Christi,

170 3293 281 3332 non
336 3286 420 3332 est
472 3279 657 3349 utique
712 3278 874 3334 homo
925 3277 1084 3335 Jesus
1139 3280 1409 3347 Christus,
1445 3282 1537 3351 qui
1580 3279 1750 3338 Paula

170 3369 524 3439 Evangelium
562 3369 840 3435 revelavit,
886 3372 1030 3441 quod
1060 3372 1251 3426 si’non
1280 3379 1366 3426 est
1401 3373 1584 3440 homo,
1622 3388 1750 3428 con‘

170 3469 464 3530 sequenter
486 3463 629 3517 Deus
650 3470 751 3517 est.
779 3463 895 3518 Non
923 3464 1067 3534 quod
1090 3465 1364 3518 hominem
1391 3472 1747 3534 assumptum,

171 3553 271 3609 sed
321 3568 426 3622 quo
463 3560 670 3607 tantum
713 3553 985 3608 hominem
1048 3570 1360 3609 renuamus.
1413 3553 1561 3609 Inter
1608 3556 1755 3610 acci-

171 3655 305 3714 pere
344 3650 526 3707 lautem
573 3651 630 3697 et
669 3643 878 3699 discere
914 3645 1029 3701 hoc
1071 3644 1318 3709 interest,
1368 3646 1511 3713 quod
1557 3647 1754 3717 accipit

172 3749 276 3806 per
304 3735 485 3799 alium,
519 3735 608 3804 qui
640 3735 875 3805 primum
907 3729 1235 3801 insinuatur,
1272 3744 1333 3789 ut
1357 3737 1423 3791 ad
1451 3733 1611 3791 ﬁdem
1640 3737 1755 3806 ejus

175 3826 498 3889 adducatur,
537 3833 596 3879 ut
632 3826 818 3881 credat
860 3841 988 3880 vera
1036 3840 1156 3880 esse
1203 3842 1323 3896 qum
1359 3829 1561 3898 scripta
1609 3836 1752 3893 sunt,

177 3918 343 3974 discit
376 3924 554 3972 autem
592 3917 660 3982 is,
690 3918 780 3987 qui
819 3933 884 3971 ea
922 3933 1039 3986 quae
1071 3933 1168 3988 per
1195 3920 1481 3990 mnigmata
1518 3929 1574 3976 et
1598 3938 1757 3992 para-

176 4010 333 4064 bolas
370 4008 593 4080 ﬁgurata
631 4018 776 4075 sunt,
807 4010 1088 4080 explanata
1134 4020 1189 4066 et
1224 4022 1412 4082 aperta
1455 4015 1754 4086 cognoscit,

179 4110 238 4154 et
274 4116 379 4155 non
412 4100 628 4155 homine
666 4100 959 4167 revelante,
1001 4102 1095 4158 sed
1123 4102 1340 4159 Christo
1374 4105 1465 4175 qui
1503 4105 1759 4160 revelavit

182 4192 370 4247 Paulo.

255 4282 489 4337 Audistis
518 4284 653 4337 enim
690 4286 1131 4339 conversationem
1174 4302 1341 4340 meam
1380 4283 1664 4358 aliquando
1706 4288 1760 4341 in

1847 3194 1970 3266 guis
1991 3201 2172 3273 erant,
2200 3209 2308 3249 non
2337 3192 2563 3249 contulit
2581 3192 2871 3262 Apostolus
2896 3190 3267 3263 Evangelium,
3290 3190 3433 3263 quod

1848 3287 1901 3343 ei
1946 3286 2125 3341 fuerat
2160 3286 2475 3352 revelatum,
2508 3286 2602 3342 sed
2646 3284 2906 3355 paulatim
2953 3299 3046 3340 eos
3089 3284 3157 3339 de
3187 3299 3354 3340 carne
3380 3296 3435 3341 et

1852 3378 2114 3450 sanguine
2141 3377 2305 3433 vertit
2333 3377 2387 3432 in
2432 3377 2703 3448 spiritum,
2735 3383 2793 3430 et
2831 3384 2960 3431 tunc
2984 3374 3202 3429 demum
3226 3375 3306 3431 eis
3345 3391 3437 3432 oc-

1852 3464 1998 3523 culta
2022 3468 2295 3540 Evangelii
2324 3477 2663 3523 sacramenta
2690 3466 2981 3522 commisit.

1930 3560 2112 3632 Neque
2141 3561 2254 3615 ueni
2284 3558 2728 3630 Hierosolymam,
2750 3567 2857 3614 etc.
2887 3558 3026 3627 Quid
3056 3557 3188 3614 mihi
3217 3558 3440 3630 prodest

1855 3651 1960 3707 ista
2001 3650 2212 3722 religio,
2251 3650 2296 3705 si
2343 3650 2540 3722 legam,
2573 3649 2717 3720 quod
2748 3649 2948 3705 Paulus
2986 3658 3109 3721 post
3157 3649 3440 3705 revelatio—

1852 3757 1975 3797 nem
2002 3740 2207 3797 Christi
2235 3741 2419 3798 statim
2439 3740 2564 3795 ierit
2587 3741 2640 3795 in
2653 3740 2929 3805 Arabiam,
2952 3738 3092 3794 etde
3112 3741 3309 3795 Arabia
3338 3741 3440 3794 Da-

1854 3849 2097 3889 mascum
2120 3832 2285 3889 fuerit
2311 3848 2586 3897 reversus,
2613 3847 2713 3886 nec
2735 3832 2902 3887 sciam
2926 3832 3054 3902 quid
3076 3832 3148 3885 ibi
3178 3831 3442 3901 gesserit?

1855 3924 2043 3979 Exitus
2068 3939 2133 3979 ac
2157 3925 2366 3979 reditus
2391 3923 2483 3978 dat
2510 3922 2641 3977 mihi
2684 3922 3023 3976 occasionem
3051 3920 3260 3976 altioris
3285 3919 3443 3976 intel-

1856 4017 2108 4088 ligentiae.
2140 4014 2340 4070 Arabia
2379 4029 2501 4084 quae
2541 4014 2933 4083 interpretatur
2971 4011 3192 4066 humilis
3218 4019 3275 4066 et
3299 4011 3444 4067 occi-

1858 4109 1986 4172 dua,
2012 4114 2169 4162 vetus
2195 4104 2465 4177 signiﬁcat
2498 4111 2902 4164 testamentum.
2938 4102 3135 4157 Statim
3176 4104 3360 4172 itaque
3381 4112 3442 4157 ut

1859 4198 2087 4254 credidit
2107 4197 2328 4263 Paulus,
2368 4196 2435 4250 ad
2462 4195 2658 4266 legem,
2690 4194 2757 4248 ad
2784 4192 3095 4262 prophetas,
3123 4192 3191 4245 ad
3229 4190 3442 4245 Veteris

1862 4286 2195 4342 Testamenti
2229 4284 2341 4353 jam
2380 4284 2434 4338 in
2477 4283 2701 4337 occidua
2741 4280 2902 4349 positi
2949 4289 3286 4335 sacramenta
3315 4295 3445 4335 con-

182 4375 488 4440 Judaismo,
518 4376 642 4446 quia
670 4392 829 4446 supra
860 4376 1073 4430 modum
1104 4376 1444 4448 persequebar
1474 4378 1760 4433 Ecclesiam
1787 4410 1839 4470 D
1863 4392 2076 4442 versus,
2098 4376 2347 4447 quaesivit
2376 4374 2432 4429 in
2453 4374 2535 4428 eis
2558 4372 2856 4435 Christum,
2878 4384 3039 4440 quem
3062 4368 3251 4437 jussus
3271 4369 3448 4426 fuerat

184 4464 308 4530 Dei,
332 4473 381 4519 et
409 4463 791 4535 expugnabam,
820 4473 924 4520 etc.
978 4464 1146 4533 Quam
1196 4466 1413 4537 elegans
1456 4469 1763 4524 observatio
1787 4461 1830 4470 ⁷
1866 4469 1923 4524 in
1946 4467 2197 4540 gentibus
2225 4466 2542 4536 prmdicare,
2591 4471 2649 4519 et
2697 4470 2913 4532 reperto
2943 4461 3055 4527 illo,
3104 4476 3212 4516 non
3251 4470 3337 4517 est
3371 4462 3446 4518 ibi

186 4554 505 4627 pondusque
534 4553 819 4609 verborum
845 4570 857 4607 :
884 4555 1143 4621 Audistis,
1171 4556 1367 4626 inquit,
1399 4560 1763 4615 conversatio-

189 4662 315 4701 nem
351 4662 456 4700 nan
495 4653 705 4716 gratam
741 4644 1029 4715 aliquando
1063 4663 1168 4702 non
1200 4648 1358 4703 modo
1388 4649 1440 4703 in
1468 4647 1763 4716 Judaismo,

189 4753 299 4793 non
348 4737 400 4791 in
426 4736 543 4805 lege
584 4737 702 4802 Dei,
731 4753 892 4807 supra
925 4737 1139 4791 modum
1181 4742 1547 4809 persequebar
1584 4742 1768 4797 Eccle-

192 4832 330 4884 siam
364 4828 483 4892 Dei,
515 4843 620 4883 non
669 4837 729 4883 ut
783 4829 983 4883 czeteri.
1039 4827 1175 4883 Hinc
1217 4845 1434 4900 quoque
1481 4832 1769 4887 admiratio

192 4920 460 4983 nascitur,
492 4920 635 4989 quod
674 4935 780 4973 non
821 4919 1189 4989 unusquisque
1218 4921 1285 4975 de
1326 4922 1411 4976 his
1450 4922 1542 4992 qui
1580 4922 1772 4977 leviter

192 5009 660 5081 persequebantur
688 5007 985 5062 Ecclesiam
1015 5008 1128 5072 Dei,
1158 5009 1250 5062 sed
1292 5009 1380 5063 illo
1404 5011 1496 5080 qui
1548 5019 1774 5065 caeteros

196 5100 250 5155 in
301 5099 677 5169 persecutione
718 5097 1003 5160 vincebat,
1033 5114 1328 5155 conversus
1358 5103 1424 5156 ad
1468 5102 1629 5157 ﬁdem
1672 5101 1774 5166 sit,

196 5190 501 5248 Ecclesiam
519 5190 703 5244 dicens
720 5189 836 5256 Dei,
854 5189 937 5243 vel
962 5190 1133 5257 ipsum
1161 5189 1431 5245 Christum
1458 5191 1626 5247 Deum
1656 5208 1778 5248 esse

197 5276 490 5351 signiﬁcat,
510 5278 590 5333 vel
621 5278 859 5348 ejusdem
887 5279 978 5333 Dei
1006 5294 1123 5333 esse
1147 5279 1464 5346 Ecclesiam,
1490 5281 1580 5350 qui
1607 5297 1777 5351 quon-

199 5373 325 5427 dam
356 5370 489 5441 legis
516 5370 673 5424 dator
700 5369 817 5423 fuit.

274 5458 407 5513 Cum
449 5469 621 5513 autem
655 5458 850 5529 placuit
884 5459 952 5521 ei,
986 5458 1075 5526 qui
1107 5474 1186 5511 me
1220 5459 1503 5528 segregavit
1538 5461 1601 5514 ab
1632 5471 1778 5516 utero

204 5551 392 5605 matris
426 5565 571 5609 mem,
605 5561 654 5603 et
682 5549 878 5601 vocavit
907 5562 1019 5617 per,
1056 5555 1162 5600 etc.
1210 5546 1328 5602 Non
1371 5549 1539 5603 solum
1585 5550 1638 5603 in
1677 5552 1779 5605 hoc

206 5639 352 5706 loco,
404 5637 498 5692 sed
549 5645 604 5692 et
656 5638 723 5691 ad
767 5635 1040 5690 Romanos
1086 5633 1283 5691 Paulus
1329 5644 1669 5707 segregatum
1725 5639 1778 5693 in

388 5719 402 5732 ’
489 5735 762 5794 Parant.
805 5728 930 5795 Cll.

1867 4556 2069 4611 diutius
2110 4562 2500 4618 commoratus,
2546 4553 2642 4608 sed
2688 4567 2936 4606 reversus
2978 4559 3062 4605 est
3102 4552 3443 4613 Damascum,

1869 4647 1972 4702 hoc
2008 4655 2091 4702 est
2133 4647 2199 4701 ad
2232 4646 2545 4716 sanguinem
2575 4652 2630 4699 et
2668 4644 2736 4698 ad
2767 4643 3074 4713 passionem
3122 4642 3344 4706 Christi,
3392 4652 3449 4698 et

1870 4740 1994 4794 inde
2016 4739 2329 4810 prophetica
2378 4738 2608 4791 lectione
2654 4735 2901 4790 ﬁrmatus
2931 4734 3108 4804 pergit
3135 4733 3449 4807 Hierosolye-

1872 4846 2039 4895 mam,
2066 4830 2240 4885 locum
2273 4829 2496 4884 visionis
2539 4836 2593 4883 et
2638 4826 2810 4897 pacis,
2855 4841 2959 4880 non
3011 4835 3119 4880 tam
3161 4826 3455 4884 disciturus

1875 4920 2077 4991 aliquid
2128 4919 2195 4974 de
2250 4917 2532 4989 apostolis,
2579 4931 2742 4986 quam
2790 4930 2912 4969 cum
2958 4915 3039 4970 eis
3083 4914 3451 4986 Evangelium.

1876 5010 2019 5080 quod
2046 5010 2328 5073 docuerat,
2357 5008 2671 5063 collaturus.

1950 5100 2148 5155 Deinde
2185 5108 2299 5169 post
2336 5098 2619 5152 triennium
2662 5097 2776 5152 ueni
2824 5096 3241 5168 Hierosolymam
3286 5098 3457 5153 uidere

1886 5192 2117 5246 Petrum.
2149 5190 2267 5243 Non
2310 5198 2370 5242 ut
2394 5187 2604 5254 oculos,
2633 5202 2800 5257 genas
2827 5188 3143 5257 vultumque
3171 5186 3290 5257 ejus
3319 5186 3459 5259 aspi-

1883 5288 2049 5342 ceret,
2100 5286 2277 5331 utrum
2323 5277 2646 5331 macileutns
2690 5293 2756 5331 an
2794 5277 3029 5347 pinguis,
3073 5277 3283 5331 adunco
3326 5290 3458 5331 naso

1884 5376 2029 5423 esset
2052 5384 2118 5420 an
2152 5374 2318 5429 recto,
2350 5374 2406 5420 et
2432 5374 2616 5419 utrum
2649 5365 2879 5421 frontem
2912 5362 3134 5421 vestiret
3172 5379 3349 5429 coma,
3388 5379 3457 5418 an

1886 5458 1970 5528 (ut
1994 5457 2240 5511 Clemens
2265 5456 2318 5510 in
2346 5454 2583 5525 periodis
2621 5455 2739 5525 ejus
2765 5453 2951 5526 refert)
2986 5455 3248 5510 calvitiem
3289 5454 3457 5507 habe-

1886 5558 1969 5603 rct
1995 5549 2045 5602 in
2075 5548 2271 5616 capite,
2319 5562 2421 5601 nec
2454 5554 2584 5615 puto
2611 5546 2922 5615 apostolica
2945 5545 3125 5601 fuisse
3153 5542 3457 5612 gravitatis,

1888 5654 1941 5698 ut
1988 5651 2107 5713 post
2142 5649 2347 5697 tantam
2389 5640 2607 5695 triennii
2648 5640 3095 5711 praeparationem
3135 5632 3336 5703 aliquid
3363 5635 3460 5689 hu-
