3952 6414
476 297 593 356 395

1768 284 2117 341 SMARAGDI
2157 282 2443 340 ABBATlS

3640 285 3749 343 396

493 422 711 467 manum
758 405 811 461 in
850 403 1016 459 Petro
1059 401 1291 458 voluerit
1335 398 1598 472 aspicere,
1641 397 1735 454 sed
1778 398 1864 453 his
1891 398 2060 454 oculis
2088 396 2139 458 Α
2168 413 2186 448 ι
2221 396 2276 451 in
2306 394 2595 465 discipulos
2617 392 2853 460 Domini,
2880 391 3111 449 accessit
3142 394 3206 447 ad
3228 392 3531 463 principem
3560 407 3749 451 sacer-

493 499 700 569 aspexit
729 510 850 550 eum
878 495 1074 563 quibus
1101 501 1156 548 et
1196 492 1356 547 modo
1401 492 1454 546 in
1492 491 1747 561 Epistolis
1778 492 1888 546 suis
1919 491 2065 546 vide-

492 595 601 652 tur,
635 586 720 641 his
746 583 918 640 oculis
960 583 1159 638 Paulus
1196 583 1330 637 vidit
1381 580 1643 651 Cepham,
1698 579 1894 651 quibus
1922 595 2065 634 nunc

490 690 522 731 a
566 675 918 747 prudentibus
963 674 1269 744 quibusque
1316 672 1513 727 Paulus
1558 671 1674 741 ipse
1714 669 2059 740 conspicitur.

489 767 624 823 Nam
650 774 705 821 et
728 766 873 835 quod
898 765 1049 820 visus
1069 765 1140 819 sit
1160 764 1239 819 ire
1262 760 1690 832 Hierosolymam
1710 759 1776 813 ad
1806 761 1907 814 hoc
1929 759 2059 829 ipse,

488 867 550 914 ut
590 858 800 913 videret
836 855 1171 927 Apostolum,
1207 870 1315 909 non
1349 853 1587 907 discendi
1638 851 1835 917 studio,
1878 851 1969 920 qui
2010 857 2064 904 et

489 952 605 1022 ipse
633 949 883 1005 eumdem
928 946 1328 1018 praedicationis
1374 945 1599 999 haberet
1626 952 1921 1007 auctorem,
1970 942 2063 996 sed

488 1041 715 1097 honoris
739 1039 906 1109 priori
934 1036 1176 1107 apostolo
1199 1034 1493 1091 deferendi.

562 1131 631 1185 Et
656 1130 827 1183 mansi
856 1128 997 1199 apud
1025 1144 1143 1182 eum
1198 1125 1378 1179 diebus
1407 1122 1719 1194 quindecim.
1759 1121 1875 1177 Non
1906 1138 2065 1194 gran-

493 1222 544 1277 di
582 1219 810 1290 indiguit
853 1217 1187 1287 magisterio,
1227 1216 1318 1285 qui
1365 1222 1517 1268 tanto
1562 1229 1619 1268 se
1666 1212 1734 1266 ad
1777 1211 2066 1267 videndum

489 1309 707 1366 Petrum
736 1317 975 1378 tempore
1005 1306 1349 1377 praeparavit.
1380 1304 1446 1358 Et
1470 1303 1598 1358 licet
1621 1303 1941 1373 quibusdam
1973 1317 2065 1355 su-

489 1398 751 1471 perﬂuum
779 1398 1026 1452 videatur
1053 1410 1307 1450 numeros
1343 1410 1556 1465 quoque
1581 1394 1668 1464 qui
1701 1394 1751 1447 in
1784 1391 2067 1463 scripturis

491 1495 616 1545 sunt
645 1485 955 1551 observare,
982 1493 1159 1540 tamen
1190 1500 1297 1539 non
1324 1483 1525 1553 absque
1558 1498 1616 1538 re
1653 1483 1889 1537 arbitror
1910 1482 2066 1552 quin-

490 1579 666 1634 decim
705 1580 839 1644 dies,
870 1577 1067 1648 quibus
1111 1576 1252 1646 apud
1296 1575 1515 1630 Petrum
1557 1574 1754 1629 Paulus
1783 1573 2062 1638 habitavit,

490 1671 705 1740 plenam
728 1668 1033 1739 signiﬁcare
1056 1662 1373 1732 'scientiam,
1415 1672 1949 1735 consummatamque
1972 1664 2067 1719 do-

2167 505 2186 539 c
2222 487 2424 550 dotum,
2454 494 2509 542 et
2549 485 2702 556 petiit
2727 486 2796 540 ab
2832 500 2897 540 eo
2927 484 3183 555 epistolas
3223 484 3277 538 in
3316 484 3649 541 Damascum
3678 489 3747 542 ad

2166 596 2185 630 ι
2222 592 2542 649 synagogas,
2575 585 2635 630 ut
2662 576 2707 630 si
2752 591 2889 647 quos
2933 575 3231 631 invenisset
3273 576 3434 646 hujus
3466 578 3569 631 vias
3597 578 3750 635 viros

2166 687 2184 720 ι
2215 684 2279 723 ac
2304 669 2579 733 mulieres,
2611 667 2820 721 vinctos
2853 666 3175 737 perduceret
3200 666 3255 721 in
3286 664 3653 722 Hierusalem.
3680 669 3748 724 Et

2166 783 2185 816 ι
2218 762 2342 819 eum
2367 764 2472 818 iter
2497 762 2720 826 faceret,
2761 759 2987 830 contigit
3021 768 3081 814 ut
3127 760 3590 830 appr0pinquaret
3636 760 3744 815 Da-

2167 872 2185 904 α
2216 868 2417 908 masco.
2452 851 2521 907 Et
2567 851 2745 907 subito
2780 847 3136 905 circumfulsit
3176 864 3301 904 eum
3330 850 3421 903 lux
3470 850 3538 905 de
3579 851 3743 905 caelo.

2167 967 2185 1000 ι
2219 949 2286 1004 Et
2312 949 2510 1004 cadens
2541 948 2594 1003 in
2624 958 2826 1004 terram
2850 947 3053 1001 audivit
3080 962 3268 1004 vocem
3290 948 3562 1003 dicentem
3592 948 3699 1004 sibi
3730 968 3744 1005 :

2169 1059 2186 1091 ι
2223 1040 2404 1106 Saule,
2455 1040 2615 1096 Saule
2657 1040 2785 1109 quid
2836 1052 2923 1093 me
2964 1038 3351 1108 persequeris?
3402 1037 3507 1105 Qui
3558 1039 3696 1094 dixit
3726 1059 3743 1093 :

2169 1152 2187 1183 ι
2222 1131 2353 1199 Quis
2393 1147 2469 1193 es,
2505 1132 2774 1186 Domine?
2808 1129 2872 1183 Et
2914 1129 3037 1183 ille:
3066 1128 3178 1199 Ego
3218 1144 3335 1183 sum
3372 1127 3552 1193 Jesus,
3585 1146 3746 1199 quem

2169 1240 2187 1272 ι
2220 1230 2274 1275 tu
2305 1219 2647 1291 persequeris
2681 1238 2694 1273 :
2727 1219 2921 1273 durum
2964 1228 3050 1273 est
3092 1218 3188 1273 tibi
3237 1226 3427 1272 contra
3467 1219 3746 1272 stimulum

2169 1328 2188 1361 ι
2221 1310 2522 1364 calcitrarc.
2570 1308 2635 1362 Et
2673 1316 2908 1363 tremens
2936 1324 2999 1364 ac
3028 1318 3252 1377 stupens
3293 1308 3465 1363 dixit:
3496 1309 3765 1373 Domine,

2170 1420 2188 1453 ι
2221 1402 2352 1472 quid
2390 1388 2477 1456 me
2502 1401 2585 1455 vis
2626 1399 2844 1455 facere?
2878 1399 2946 1454 Et
2974 1399 3236 1454 Dominus
3272 1398 3338 1453 ad
3366 1416 3490 1456 eum
3519 1417 3532 1449 :
3577 1397 3750 1470 Surge

2170 1510 2189 1542 ε
2218 1500 2272 1547 et
2297 1491 2579 1560 ingredere
2605 1491 2898 1551 civitatem,
2931 1498 2987 1544 et
3027 1489 3099 1544 ibi
3148 1489 3360 1544 dicetur
3383 1490 3500 1554 tibi,
3536 1490 3667 1560 quid
3699 1498 3750 1543 te

2170 1600 2191 1632 ι
2221 1588 2468 1651 oporteat
2492 1579 2712 1635 facere?
2748 1580 2857 1635 Viri
2886 1588 3067 1635 autem
3107 1579 3184 1635 illi
3230 1579 3320 1649 qui
3349 1580 3751 1634 comitabantur

2172 1690 2193 1723 ι
2229 1686 2352 1725 cum
2381 1670 2496 1736 illo,
2530 1669 2747 1724 stabant
2766 1666 3076 1740 stupefacti,
3106 1668 3387 1723 audientes
3411 1668 3634 1737 quidem
3656 1684 3753 1722 vo-

490 1762 742 1826 ctrinam,
774 1759 1037 1829 siquidem
1067 1758 1372 1829 quindecim
1401 1764 1529 1811 sunt
1558 1757 1799 1811 carmina
1830 1757 1882 1811 in
1920 1755 2066 1809 Psal-
2095 1734 2141 1793 B
2174 1780 2193 1812 ‹
2223 1776 2363 1825 cem,
2395 1760 2669 1814 neminem
2720 1767 2900 1814 autem
2940 1760 3206 1814 videntes.
3260 1758 3512 1813 Surrexit
3564 1766 3751 1813 autem

490 1852 645 1915 terio,
675 1860 729 1906 et
757 1850 1065 1920 quindecim
1110 1850 1310 1921 gradus
1354 1864 1450 1918 per
1489 1864 1625 1917 quos
1669 1848 1735 1903 ad
1765 1848 2064 1902 canendum

488 1940 600 1995 Deo
630 1942 685 1996 in
717 1941 870 1995 atriis
897 1941 1013 2011 ejus
1036 1939 1439 1994 consistendum
1455 1936 1636 2006 justus
1658 1938 1922 1992 ascendit.

560 2031 735 2086 Alium
762 2040 934 2085 autem
964 2028 1320 2101 apostolorum
1356 2029 1464 2083 vidi
1510 2030 1785 2093 neminem,
1832 2028 1933 2081 nisi
1969 2026 2068 2081 Ja—

491 2123 672 2176 cobum
714 2120 933 2190 fratrem
977 2119 1210 2174 Domini.
1260 2119 1329 2173 Et
1374 2119 1555 2173 eteteri
1600 2116 1828 2187 apostoli
1870 2117 2068 2171 fratres

490 2209 704 2264 Domini
726 2208 995 2274 dicuntur,
1027 2208 1167 2263 sicut
1193 2207 1249 2262 in
1283 2206 1609 2277 Evangelia:
1654 2203 1817 2271 Vade,
1845 2205 1929 2259 dic
1957 2205 2070 2274 fra-

490 2302 655 2356 tribus
681 2302 830 2361 meis,
856 2301 985 2353 vado
1026 2299 1095 2353 ad
1126 2299 1339 2355 Patrem
1383 2315 1555 2351 meum
1589 2306 1636 2352 et
1666 2298 1736 2351 ad
1750 2298 1958 2353 Patrem
1986 2313 2069 2350 re-

488 2402 657 2447 strum
702 2389 885 2463 (loan.
912 2389 1056 2462 ult.).
1088 2388 1196 2444 Sed
1221 2388 1489 2459 quomodo
1527 2385 1734 2452 Job,.et
1770 2387 1950 2441 caateri
1975 2401 2069 2456 pa-

490 2482 744 2537 triarchae
790 2480 920 2535 dicti
963 2487 1089 2535 sunt
1133 2479 1348 2549 quidem
1392 2477 1580 2533 famuli
1630 2477 1744 2543 Dei,
1772 2478 1866 2532 sed
1912 2478 2067 2547 quasi

490 2574 739 2646 egregius
768 2572 986 2644 quidem
1034 2571 1264 2642 Moyses,
1306 2578 1366 2625 ut
1395 2570 1723 2626 scriberetur
1749 2568 1813 2625 de
1848 2583 1932 2632 eo,
1972 2569 2067 2623 sed

491 2680 601 2719 non
639 2664 778 2718 sicut
815 2662 1025 2732 Moyses
1072 2660 1303 2715 famulus
1333 2675 1508 2725 meus,
1540 2661 1618 2715 sic
1654 2669 1710 2713 et
1752 2659 1943 2714 beatus
1978 2655 2067 2711 Ja-

490 2755 660 2811 cobus
690 2751 998 2823 specialiter
1044 2749 1214 2804 frater
1258 2758 1480 2819 propter
1526 2749 1771 2819 egregios
1810 2762 1989 2802 mores
2014 2755 2069 2802 et

490 2842 963 2913 incomparabilem
992 2841 1149 2897 ﬁdem
1179 2841 1606 2910 sapientiamque
1653 2856 1759 2895 non
1802 2838 2067 2894 modicam

488 2933 785 3005 appellatus
811 2941 893 2987 est
916 2930 1127 2987 Domini
1156 2930 1343 2994 frater,
1379 2939 1435 2984 et
1461 2930 1603 2999 quod
1630 2929 1837 2998 primus
1875 2928 1925 2983 ei
1966 2927 2067 2982 Ec-

488 3027 665 3081 clesia:
693 3023 989 3096 praefuerit,
1020 3039 1140 3093 qua:
1188 3022 1365 3092 prima
1394 3021 1448 3074 in
1479 3020 1695 3075 Christo
1740 3019 1971 3073 credens
1998 3033 2061 3073 ex

487 3116 687 3173 Judmis
716 3114 891 3170 fuerat
919 3122 1266 3185 congregata.

558 3208 711 3275 Quod
738 3215 919 3260 autem
961 3204 1202 3273 exceptis
1246 3201 1526 3256 duodecim
1563 3199 1779 3269 quidam
1808 3207 2071 3253 vocentur

486 3299 735 3371 apostoli,
767 3297 899 3351 illud
928 3296 982 3349 in
1008 3309 1170 3349 causa
1197 3302 1301 3359 est,
1327 3308 1519 3346 omnes
1547 3291 1639 3361 qui
1678 3290 1963 3343 Dominum
1992 3290 2071 3342 vi-

486 3391 700 3453 derant,
727 3397 781 3443 et
806 3402 930 3441 eum
954 3394 1140 3455 postea
1181 3382 1570 3453 prmdicabant,
1599 3380 1763 3434 fuisse
1802 3380 2069 3450 apostolos

486 3479 800 3551 appellatos,
839 3485 900 3532 ut
946 3475 1080 3529 illud
1121 3473 1190 3528 ad
1236 3471 1545 3528 Corinthios
1580 3471 1857 3535 scribitur,
1917 3469 2068 3525 Visus

488 3583 564 3628 est
589 3571 695 3624 illis
722 3568 983 3632 undecim,
1022 3566 1209 3620 deinde
1253 3565 1391 3618 risus
1434 3572 1584 3616 estet
1614 3561 1837 3626 Iacobo,
1881 3561 2069 3616 deinde

491 3661 741 3735 apostolis
764 3658 1021 3714 omnibus.
1075 3656 1210 3711 Nam
1253 3663 1307 3710 et
1332 3654 1422 3709 alii
1450 3655 1518 3710 ab
1543 3654 1626 3709 his
1652 3670 1785 3724 quos
1811 3654 2069 3708 Dominus

488 3756 726 3827 elegerat
762 3750 997 3807 ordinati
1042 3756 1167 3804 sunt
1210 3746 1461 3816 apostoli,
1495 3746 1634 3801 sicut
1662 3744 1727 3799 ad
1759 3745 2068 3815 Philippen-

488 3861 577 3901 ses
605 3844 715 3898 ait:
749 3838 1112 3896 Necessarium
1150 3838 1439 3892 existimavi
1480 3835 1897 3907 Epaphroditum
1926 3852 2069 3889 com-

488 3936 775 3992 militonem
811 3947 1003 3997 meum,
1050 3939 1273 3984 vestrum
1318 3938 1490 3982 autem
1534 3926 1826 3997 apostolum
1865 3928 2067 3979 mittere

487 4028 558 4083 ad
579 4044 667 4082 vos
696 4023 914 4099 (Philip.
939 4024 1021 4095 ii).
1068 4021 1137 4077 Et
1183 4020 1250 4075 ad
1280 4018 1590 4075 Corinthios
1615 4020 1680 4075 de
1707 4018 1907 4073 talibus
1934 4017 2069 4072 scri-

486 4122 671 4177 bitur:
720 4117 842 4174 Sive
881 4114 1102 4186 apostoli
1139 4112 1496 4167 Ecclesiarum
1535 4113 1591 4165 in
1636 4110 1808 4181 gloria
1845 4107 1943 4163 Dei
1976 4106 2061 4181 (II

488 4211 611 4266 Cor.
643 4208 781 4280 vni).
818 4206 958 4262 Silas
981 4196 1447 4277 quoque'etludas
1470 4201 1538 4257 ab
1557 4201 1813 4272 apostolis
1841 4199 2064 4270 apostoli

489 4302 750 4357 nominati
777 4307 920 4354 sunt.

562 4389 693 4455 Quae
720 4397 893 4441 autem
918 4385 1085 4441 scribo
1114 4384 1277 4448 vobis,
1298 4398 1413 4436 ecce
1439 4397 1616 4436 coram
1638 4379 1769 4443 Deo,
1794 4379 1932 4451 quod
1961 4396 2063 4433 non

490 4480 725 4534 mentior.
780 4476 906 4532 Sive
948 4474 1265 4544 simpliciter
1302 4462 1687 4541 accipiendum,
1720 4479 1779 4523 ut
1803 4470 1891 4531 sit,
1943 4484 2064 4539 qua:

490 4568 667 4623 scribo
704 4565 854 4621 vobis
882 4580 1009 4619 vera
1034 4570 1181 4627 sunt,
1220 4568 1275 4613 et
1309 4561 1419 4614 Deo
1461 4568 1595 4613 teste
1624 4558 1905 4623 conﬁrmo,
1936 4560 2062 4628 quia

490 4659 637 4716 nulla
681 4666 797 4713 arte
835 4658 1146 4719 verborum,
1184 4651 1331 4707 nullo
1373 4658 1500 4705 sunt
1544 4649 1720 4704 fucata
1757 4650 2057 4715 mendacio,

489 4751 603 4806 sive
631 4749 809 4813 altius,
839 4756 897 4802 ut
920 4746 1146 4816 legatur,
1177 4757 1299 4811 qua:
1341 4740 1523 4795 scribo
1548 4740 1701 4793 vobis
1728 4754 1910 4793 coram
1954 4741 2062 4795 Deo

490 4850 636 4905 sunt,
674 4839 727 4895 id
759 4849 861 4904 est,
889 4837 986 4892 Dei
1027 4836 1187 4905 digna
1224 4840 1534 4901 conspectu,
1567 4831 1693 4900 quia
1722 4831 1930 4886 scilicet
1955 4848 2059 4887 non

490 4930 743 4994 mentior,
791 4936 846 4983 et
891 4925 1159 4996 quomodo
1211 4922 1352 4976 oculi
1398 4922 1608 4976 Domini
1659 4937 1820 4992 super
1860 4921 2057 4989 justos,

488 5019 685 5074 avertit
709 5025 890 5071 autem
931 5014 1122 5068 faciem
1157 5026 1309 5067 suam
1337 5026 1369 5065 a
1415 5021 1702 5081 conspectu
1751 5013 2055 5083 impiorum,

490 5108 568 5165 ita
592 5120 735 5160 nunc
782 5118 865 5167 ea,
900 5117 1019 5172 quae
1064 5103 1375 5157 scribuntur
1421 5115 1599 5156 coram
1646 5103 1755 5158 Deo
1782 5113 1929 5169 sunt,
1973 5121 2060 5161 me

489 5213 599 5253 non
631 5193 941 5255 mentiente,
972 5192 1065 5262 qui
1109 5192 1308 5258 scribo,
1353 5207 1472 5262 quae
1499 5207 1606 5248 non
1652 5204 1835 5249 essent
1873 5212 2057 5251 coram

490 5282 724 5338 Domino
746 5283 789 5335 si
814 5283 1091 5336 mentirer.

844 5415 908 5469 lN
938 5416 1191 5471 NATALI
1215 5416 1455 5473 SANCTI
1483 5419 1706 5474 PAULI.

698 5545 711 5552 ’
729 5544 923 5583 ιεετιο
948 5543 1159 5584 ΔϐτυιῖΙ
1185 5546 1585 5595 Αῐιοετοιοιιυη,
1608 5546 1726 5584 CAP.
1754 5546 1827 5583 IX.

567 5659 587 5694 ι
623 5640 815 5697 Saulus
840 5651 1018 5696 autem
1048 5643 1220 5699 albue
1266 5646 1477 5713 spirans
1512 5642 1775 5696 minarum
1810 5652 1859 5696 et
1903 5646 2061 5700 «edis

2094 3082 2137 3143 C

2090 4437 2140 4495 Ι)

2172 1871 2190 1903 ι
2226 1851 2419 1907 Saulus
2444 1852 2511 1906 de
2549 1859 2717 1915 terra,
2763 1849 3073 1920 apertisque
3113 1847 3283 1903 oculis
3324 1848 3459 1903 nihil
3504 1846 3750 1902 videbat.

2171 1962 2190 1995 ι
2226 1942 2309 1997 Ad
2337 1956 2529 1995 manus
2569 1950 2750 1996 autem
2798 1941 2948 1996 illurn
2996 1939 3296 2002 trahentes,
3333 1938 3753 1993 introduxerunt

2171 2052 2190 2085 ι
2218 2033 2565 2087 Damascum.
2619 2030 2687 2085 Et
2724 2037 2843 2085 erat
2868 2030 3039 2085 tribus
3082 2030 3270 2084 diebus
3302 2044 3408 2083 non
3435 2028 3651 2091 videns,
3697 2040 3753 2083 et

2172 2138 2191 2171 ι
2224 2135 2332 2175 non
2362 2119 2710 2173 manducavit
2747 2133 2924 2188 neque
2954 2118 3107 2173 bibit.
3145 2118 3278 2171 Erat
3306 2125 3486 2171 autem
3520 2118 3748 2187 quidam

2171 2228 2191 2261 ‹
2224 2210 2517 2280 discipulus
2548 2209 2817 2275 Damasci,
2856 2210 3071 2263 nomine
3106 2208 3365 2262 Ananias.
3406 2207 3474 2261 Et
3501 2208 3638 2262 dixit
3682 2209 3750 2262 ad

2173 2324 2192 2356 ο
2227 2304 2374 2360 illum
2402 2303 2456 2356 in
2480 2305 2599 2357 visu
2630 2301 2888 2356 Dominus
2918 2319 2931 2355 :
2956 2301 3185 2355 Anania.
3218 2300 3289 2353 At
3322 2299 3410 2354 ille
3441 2300 3518 2354 ait
3544 2318 3558 2353 :
3604 2300 3749 2355 Ecce

2173 2416 2191 2448 ι
2227 2412 2348 2467 ego,
2380 2396 2620 2451 Domine.
2652 2396 2717 2450 Et
2743 2394 3002 2449 Dominus
3026 2394 3092 2449 ad
3120 2409 3242 2450 eum
3270 2408 3285 2448 :
3316 2392 3489 2464 Surge
3518 2400 3575 2447 et
3613 2393 3752 2448 vade

2174 2504 2192 2537 ι
2230 2488 2285 2541 in
2330 2486 2526 2549 vicum,
2571 2485 2663 2555 qui
2694 2484 3147 2561 vecaturllectus,
3182 2490 3237 2536 et
3263 2497 3443 2551 qurere
3488 2482 3540 2535 in
3587 2482 3751 2536 domo

2173 2595 2192 2628 ι
2229 2575 2378 2631 Judaz
2425 2574 2648 2629 Saulum
2691 2574 2926 2639 nomine,
3009 2571 3355 2638 Tarsensem,
3425 2586 3552 2627 ecce
3602 2571 3749 2626 enim

2173 2687 2191 2722 σ
2224 2677 2363 2724 orat.
2397 2667 2464 2723 Et
2509 2666 2644 2721 vidit
2685 2666 2862 2721 virum
2894 2664 3161 2720 Ananiam
3205 2666 3423 2719 nomine
3469 2665 3749 2720 introeun-

2172 2778 2192 2810 ι
2225 2767 2333 2813 tem
2359 2765 2413 2813 et
2445 2758 2809 2826 imponentem
2838 2756 2940 2811 sibi
2957 2771 3186 2822 manus,
3211 2764 3272 2810 ut
3295 2756 3470 2810 visum
3497 2756 3746 2828 recipiat,

2173 2866 2191 2899 ι
2225 2846 2520 2918 Respondit
2545 2855 2724 2901 autem
2752 2844 3027 2900 Ananiae:
3058 2844 3301 2910 Domine,
3340 2845 3517 2899 audivi
3543 2861 3575 2898 a
3606 2844 3749 2899 mul-

2173 2956 2191 2989 ι
2224 2938 2292 2992 tis
2314 2936 2381 2992 de
2408 2936 2525 2993 viro
2550 2935 2675 3002 hoc,
2706 2943 2906 3005 quanta
2934 2934 3072 2989 mala
3102 2934 3292 2989 fecerit
3319 2936 3519 2989 sanctis
3556 2935 3663 2989 tuis
3694 2935 3752 2989 in

2173 3047 2192 3082 ι
2231 3028 2586 3084 Hierusalem.
2617 3029 2682 3082 Et
2703 3028 2791 3082 hic
2820 3036 3142 3097 potestatem
3168 3027 3330 3082 habet
3356 3043 3387 3080 a
3414 3014 3753 3098 principibus

2170 3141 2193 3173 ‹
2227 3121 2566 3178 sacerdotum
2601 3120 2850 3192 alligandi
2902 3136 3090 3177 omnes
3131 3120 3222 3189 qui
3258 3120 3509 3174 invocant
3550 3135 3751 3176 nomen

2174 3234 2192 3265 ι
2233 3224 2404 3268 tuum.
2432 3212 2581 3267 Dixit
2609 3221 2785 3266 autem
2813 3212 2879 3267 ad
2907 3227 3031 3267 eum
3070 3211 3331 3266 Dominus
3355 3230 3367 3264 :
3414 3209 3581 3277 Vade,
3609 3226 3750 3279 quo-

2168 3326 2193 3359 ‹
2230 3307 2376 3361 niam
2403 3320 2499 3359 vas
2525 3303 2807 3361 electionis
2827 3313 2912 3358 Cal.
2941 3304 3071 3359 mihi
3100 3305 3222 3371 iste,
3247 3312 3307 3361 ut
3339 3312 3518 3375 portet
3544 3319 3750 3361 nomen

2173 3415 2192 3447 ‹
2224 3411 2401 3451 meum
2443 3410 2626 3449 coram
2669 3393 2916 3464 gentibus
2957 3403 3012 3449 et
3052 3396 3271 3464 regibus
3315 3402 3370 3447 et
3412 3394 3534 3449 ﬁliis
3560 3393 3748 3449 Israel.

2173 3505 2193 3537 ‹
2228 3487 2338 3557 Ego
2362 3485 2506 3539 enim
2540 3484 2819 3539 ostendam
2869 3484 2965 3551 illi,
2997 3495 3195 3554 quanta
3228 3493 3477 3555 Oporteat
3500 3499 3625 3539 eum
3648 3499 3752 3554 pro

2173 3594 2192 3626 ι
2228 3575 2442 3630 nomine
2466 3590 2586 3630 meo
2611 3575 2743 3645 pati.
2770 3574 2839 3629 Et
2870 3574 3005 3630 abiit
3044 3574 3300 3639 Ananiae,
3346 3584 3401 3629 et
3429 3575 3669 3630 introivit
3692 3576 3750 3631 in

2171 3684 2192 3717 ‹
2227 3665 2465 3732 domum,
2494 3674 2548 3720 ct
2576 3666 2858 3735 imponens
2884 3667 2933 3719 ei
2958 3682 3171 3730 manus,
3215 3665 3392 3720 dixit:
3435 3664 3600 3721 Saule
3632 3665 3747 3720 fra-

2172 3776 2191 3809 s
2232 3766 2329 3821 ter,
2357 3757 2617 3815 Dominus
2635 3756 2799 3811 Jesus
2844 3757 2990 3811 misit
3019 3773 3124 3822 me,
3155 3757 3247 3827 qui
3275 3755 3522 3825 apparuit
3564 3757 3660 3811 tibi
3694 3757 3748 3811 in

2171 3865 2190 3899 ‹
2224 3848 2312 3901 via
2356 3863 2461 3916 qua
2487 3847 2760 3910 veniebas,
2806 3856 2866 3901 ut
2912 3847 3096 3901 videas
3141 3855 3195 3901 et
3232 3846 3504 3917 implearis
3537 3845 3749 3916 Spiritu

2172 3957 2191 3990 ι
2229 3947 2437 3994 sancto.
2494 3937 2563 3992 Et
2603 3937 2888 3992 confestim
2940 3938 3253 3993 ceciderunt
3298 3937 3366 3992 ab
3411 3936 3584 3991 oculis
3632 3936 3750 4006 ejus

2172 4047 2191 4078 ι
2227 4036 2484 4098 tanquam
2532 4043 2790 4097 squamas,
2836 4037 2891 4083 et
2928 4028 3103 4082 visum
3146 4027 3369 4097 recepit.
3413 4027 3481 4081 Et
3519 4042 3750 4099 surgens

2171 4138 2190 4170 ι
2220 4120 2527 4191 baptizatus
2567 4127 2672 4178 est.
2721 4128 2777 4172 et
2816 4134 2939 4173 cum
2969 4119 3266 4189 accepisset
3304 4117 3483 4173 cibum
3529 4118 3748 4173 confor-

2170 4228 2187 4259 ι
2224 4216 2375 4263 tatus
2400 4217 2503 4263 est.
2530 4228 2548 4259 ι

2237 4298 2433 4354 Saulus
2463 4309 2637 4352 autem
2662 4298 2833 4351 adhuc
2898 4298 3105 4368 spirans
3145 4297 3402 4351 minarum
3427 4306 3476 4351 et
3501 4298 3662 4352 credis
3690 4298 3744 4351 in

2165 4390 2448 4461 discipulos
2502 4390 2729 4444 Domini.
2776 4389 2872 4460 (Ex
2912 4389 3098 4462 Beda.)
3152 4387 3454 4443 Prtesentes
3496 4390 3746 4445 videlicet

2166 4482 2401 4537 cmdibus
2426 4480 2682 4547 alliciens,
2708 4491 2762 4535 et
2785 4482 2947 4536 minis
2975 4482 3255 4537 deterrens
3280 4480 3552 4535 absentes.

2236 4572 2420 4637 Saule,
2454 4569 2632 4636 Saule,
2661 4573 2787 4644 quid
2808 4590 2888 4627 me
2910 4572 3271 4643 persequeris?
3301 4570 3417 4626 Non
3452 4572 3590 4626 dixit
3613 4572 3741 4642 quid

2162 4662 2503 4731 persequeris
2529 4665 2771 4717 membra
2801 4679 2940 4730 mea,
2968 4664 3079 4728 sed,
3111 4666 3237 4736 quid
3265 4682 3345 4719 me
3377 4668 3700 4739 persequeris
3718 4669 3745 4720 .’

2163 4752 2287 4821 quia
2316 4753 2430 4822 ipse
2459 4753 2511 4807 in
2551 4769 2778 4823 corpore
2810 4770 2930 4821 suo,
2971 4755 3112 4824 quod
3146 4767 3230 4811 est
3257 4756 3521 4824 Ecclesia,
3566 4759 3743 4813 adhuc

2160 4844 2366 4913 patitur
2392 4844 2624 4915 iniquos,
2661 4845 2794 4900 etin
2819 4845 2973 4916 cujus
3004 4847 3167 4901 etiam
3192 4848 3449 4903 membris
3478 4850 3739 4905 beneﬁcia

2162 4932 2379 4997 collata,
2417 4932 2517 4988 sibi
2563 4932 2704 4988 facta
2734 4948 2855 4989 esse
2882 4935 3184 5001 denuntiat,
3217 4953 3339 4991 cum
3367 4938 3443 4993 ait
3472 4956 3485 4992 :
3528 4938 3738 4993 Esuriri

2161 5031 2209 5076 et
2234 5021 2451 5075 dedistis
2502 5022 2631 5074 milii
2673 5024 2990 5077 manducare
3034 5023 3249 5095 (Matth.
3277 5026 3429 5097 xxv),
3477 5037 3533 5081 et
3578 5044 3738 5099 expo-

2161 5111 2338 5166 nendo
2370 5109 2665 5179 subjunxit,
2692 5110 2944 5180 Quandiu
2993 5114 3085 5168 uni
3115 5131 3182 5169 ex
3228 5115 3467 5170 minimis
3503 5119 3640 5172 meis
3665 5118 3739 5172 fe-

2162 5199 2332 5254 cistis.
2364 5198 2479 5269 Ego
2502 5216 2617 5253 sum
2642 5217 2790 5272 quem
2817 5211 2873 5255 tu
2908 5206 3247 5275 persequeris.
3285 5205 3403 5260 Non
3436 5207 3594 5270 dixit,
3628 5208 3738 5280 Ego

2164 5302 2282 5343 sum
2318 5287 2483 5353 Deus,
2513 5303 2612 5359 ego
2653 5305 2772 5344 sum
2818 5291 2913 5345 Dei
2942 5291 3103 5357 ﬁlius,
3140 5294 3234 5348 sed
3278 5293 3622 5363 humilitatis,
3654 5299 3734 5352 in-

2162 5377 2297 5445 quit,
2327 5392 2462 5432 mete
2484 5377 2696 5432 inﬁrma
2721 5380 2955 5448 suscipe,
2984 5389 3039 5434 et
3069 5390 3170 5435 tuae
3194 5383 3460 5452 superbiae
3485 5400 3737 5455 squamas

2161 5470 2384 5537 depone.

2235 5556 2341 5612 Sed
2386 5574 2541 5629 surge
2583 5569 2631 5613 et
2678 5562 2944 5630 ingredere
2989 5563 3269 5628 civitatem,
3315 5572 3366 5617 et
3394 5563 3602 5620 dicetur
3634 5552 3737 5622 tibi

2160 5647 2285 5718 quid
2308 5658 2356 5702 te
2377 5659 2609 5719 aporteat
2638 5650 2832 5718 facere,
2862 5660 2965 5706 etc.
2995 5651 3108 5706 Non
3131 5651 3384 5708 continuo
3411 5670 3532 5725 qua:
3558 5665 3733 5713 essent
