3952 6434
242 342 351 397 597

1081 340 1603 398 COLLECTIONES
1626 341 1708 398 ‘lN
1732 341 2121 405 ‘EPlSTQLAS
2148 344 2244 399 ἘΤ
2283 345 2691 402 EVANGELIA.

3392 350 3496 414 τιθῦ

233 453 485 510 facienda
517 452 856 518 monstravit,
899 452 999 509 sed
1031 454 1087 509 in
1118 455 1338 509 civitate
1365 456 1707 525 postmodum
1736 457 1815 510 fa-
1844 459 1893 515 Α
1988 452 2096 524 (Ex
2128 455 2373 527 August.)
2414 457 2512 512 llic
2538 458 2793 513 discimus
2821 475 2943 514 cum
2968 461 3084 517 suis
3111 459 3390 532 discipulis
3407 464 3497 536 ξιιμ

232 542 430 599 cienda
462 543 805 611 praemonuit,
851 551 912 596 ut
957 550 1107 599 tanto
1134 552 1261 615 post
1294 544 1351 598 in
1392 545 1549 601 bonis
1588 538 1814 601 solidius

234 644 433 702 staret,
460 644 663 706 quanto
702 637 855 711 prius
890 636 1132 696 funditus
1174 654 1395 696 eversus
1418 656 1449 695 a
1474 641 1704 713 pristino
1731 657 1819 697 er-

234 740 364 780 rore
383 726 687 781 cecidisset.
833 796 838 802 δ

310 815 518 887 Apertis
555 816 718 872 oculis
762 818 896 873 nihil
947 819 1169 887 videbat,
1217 828 1269 876 et
1317 821 1416 877 rel.
1467 821 1816 894 Nequaquam

234 896 505 977 potuisset
547 909 686 963 bene
731 923 920 966 rursus
956 910 1161 976 videre,
1193 912 1299 966 nisi
1342 913 1491 982 prius
1516 922 1818 970 excaecatus

231 996 446 1051 fuisset.
476 996 620 1051 Bene
641 998 913 1067 propriam
937 992 1276 1070 sapientiam,
1305 1016 1425 1071 qua:
1444 1004 1813 1072 perturbatur,

232 1084 551 1149 excludens,
575 1085 698 1139 ﬁdei
728 1100 945 1156 semper
970 1095 1165 1142 cuncta
1195 1089 1580 1147 committeret.

306 1174 377 1228 Et
398 1184 511 1230 erat
548 1175 713 1229 tribus
736 1176 916 1231 diebus
946 1194 1051 1232 non
1091 1179 1286 1244 videns,
1317 1188 1423 1234 etc.
1457 1179 1594 1248 Quia
1636 1181 1816 1236 Domi—

231 1282 366 1321 num
396 1282 503 1322 non
536 1267 847 1323 crediderat
892 1269 1054 1323 tertia
1093 1270 1181 1325 die
1223 1280 1455 1326 mortem
1486 1273 1815 1343 resurgendo

228 1356 452 1421 vicisse,
493 1372 592 1412 suo
630 1358 742 1427 jam
791 1358 1077 1414 instruitur
1120 1362 1386 1431 exemplo,
1426 1363 1518 1431 qui
1560 1362 1815 1425 tenebras

230 1447 535 1511 triduanas,
560 1447 678 1503 luce
702 1464 940 1517 reversa,
972 1460 1224 1507 mutaret.
1354 1517 1363 1526 .

304 1534 420 1605 Ego
460 1537 596 1590 enim
630 1538 899 1592 ostendam
939 1538 1279 1610 illi,.quanta
1304 1552 1534 1612 oporteat
1576 1559 1692 1598 eum
1717 1560 1812 1613 pro

228 1626 441 1681 nomine
472 1643 585 1681 meo
611 1629 743 1698 pati,
788 1637 843 1684 et
882 1630 981 1685 rel.
1013 1630 1129 1686 Non
1168 1631 1346 1696 debet,
1378 1635 1573 1703 inquit,
1620 1636 1812 1690 timere

226 1716 384 1786 quasi
426 1727 755 1787 persecutor,
787 1720 880 1776 sed
919 1721 1097 1790 potius
1141 1723 1297 1791 quasi
1346 1723 1512 1778 frater
1538 1725 1807 1794 amplecti,

1918 546 2221 604 dicaturum
2268 545 2471 604 lesum.
2522 549 2672 605 Unde
2718 559 2774 605 et
2821 551 2948 606 alibi
2993 550 3194 608 Judaeis
3223 553 3398 613 dixit:
3432 555 3497 615 Si

1917 654 2040 710 ergo
2063 639 2119 693 in
2144 638 2430 694 Beelzebub
2466 641 2619 710 cjicio
2660 642 2944 708 dwmonia,
2982 643 3082 713 lilii
3115 647 3270 700 vestri
3306 648 3361 702 in
3391 665 3493 718 quo

1916 728 2135 798 ejiciunt
2158 730 2183 781 ?
2209 728 2325 783 ideo
2364 730 2463 800 ipsi
2498 731 2704 799 judices
2731 733 2887 787 vestri
2922 744 3074 788 erunt
3113 736 3328 807 (Matth.
3356 738 3489 811 xu).

1917 819 2029 876 Nec
2055 821 2312 891 quoniam
2359 837 2523 891 super
2566 822 2848 880 duodecim
2880 826 3033 880 sedes
3066 844 3313 885 sessuros
3348 845 3493 897 esse,

1916 922 2013 969 aut
2059 914 2344 970 duodecim
2379 914 2525 971 solos
2563 915 2809 975 homines
2845 932 2968 975 cum
3019 919 3108 975 illo
3153 920 3496 992 judicaturos

1914 1015 2107 1076 putare
2136 1008 2472 1065 deberemus.
2515 1008 2856 1067 Duodenario
2881 1013 3079 1083 quippe
3121 1031 3346 1072 numero
3373 1022 3492 1077 uni~

1915 1111 2072 1153 versa
2098 1097 2342 1167 quaedam
2372 1098 2670 1170 signiﬁcata
2696 1108 2780 1157 est
2800 1100 3156 1169 judicantium
3185 1106 3489 1175 multitudo,

1913 1198 2136 1259 propter
2180 1190 2314 1244 duas
2360 1201 2544 1261 partes
2609 1193 2941 1260 septenarii,
2999 1210 3105 1263 quo
3154 1197 3490 1268 signiﬁcatur

1913 1278 2229 1349 plerumque
2252 1281 2596 1346 universitas,
2624 1298 2745 1351 qua:
2771 1284 2889 1339 duae
2934 1295 3139 1355 partes,
3174 1288 3224 1343 id
3248 1299 3352 1355 est,
3384 1293 3486 1350 tria

1911 1379 2225 1441 aequatuor,
2268 1371 2438 1425 altera
2479 1386 2578 1441 per
2613 1372 2838 1426 alteram
2875 1384 3083 1442 partem
3124 1378 3488 1448 multiplicate

1917 1463 2194 1518 duodecim
2214 1461 2434 1517 faciunt.
2463 1462 2595 1516 Nam
2617 1471 2670 1516 et
2695 1473 2926 1542 quatuor
2947 1474 3052 1532 ter,
3089 1477 3145 1522 et
3168 1471 3274 1525 tria
3296 1482 3488 1540 quater

1912 1553 2193 1609 duodecim
2243 1561 2388 1608 sunt.
2430 1552 2681 1622 Alioquin
2724 1556 2977 1625 quoniam
3020 1559 3073 1612 in
3122 1559 3299 1616 locum
3337 1561 3486 1619 Judze

1913 1643 2190 1701 traditoris
2235 1644 2537 1715 apostolum
2581 1644 2836 1700 Mathiam
2884 1647 3113 1717 legimus
3154 1652 3482 1720 ordinatum,

1912 1736 2187 1807 apostolus
2230 1735 2447 1802 Paulus,
2488 1737 2581 1806 qui
2627 1737 2745 1807 plus
2772 1738 2877 1794 illis
2919 1742 3171 1798 omnibus
3199 1744 3483 1812 laboravit,

224 1804 357 1873 quia
381 1806 591 1861 diversa
617 1821 737 1877 qute
766 1809 968 1865 sanctis
988 1809 1244 1870 intulerat
1269 1821 1548 1881 promptus
1575 1824 1658 1869 est
1689 1831 1809 1871 sus-
1837 1822 1885 1882 B
1912 1804 2001 1879 ubi
2023 1825 2091 1881 ad
2113 1825 2460 1894 judicandum
2490 1804 2675 1880 sedeat
2700 1843 2808 1884 non
2848 1829 3087 1897 habebit,
3116 1834 3206 1902 qui
3249 1804 3485 1906 profecto

226 1893 402 1950 tinerc
424 1911 548 1955 cum
575 1899 796 1955 sanctis.

298 1984 371 2039 Et
418 1987 688 2057 confestim
734 1988 1031 2044 ceciderunt
1086 1993 1151 2046 ab
1186 1992 1351 2047 oculis
1390 1995 1504 2063 ejus
1557 2005 1810 2068 tanquam

222 2090 480 2143 squanue,
516 2084 619 2133 etc.
651 2076 913 2134 Draconis
938 2095 1097 2135 omne
1122 2096 1321 2152 corpus
1348 2083 1546 2139 dicitur
1568 2088 1808 2157 squamis

220 2177 347 2219 esse
375 2174 706 2224 contextum.
736 2167 871 2234 Quia
899 2184 1029 2242 ergo
1067 2168 1236 2227 Judaei
1264 2182 1543 2242 serpentes
1573 2186 1630 2231 et
1652 2179 1804 2248 geni-

222 2256 371 2310 mina
400 2267 526 2313 sunt
550 2257 855 2328 viperarum
891 2262 1089 2327 vocati,
1124 2263 1247 2332 quia
1283 2264 1494 2321 illorum
1522 2268 1805 2336 perﬁdiam

221 2346 553 2412 seetabatur,
596 2350 750 2418 quasi
792 2351 930 2419 pelle
955 2354 1260 2422 serpentina
1300 2356 1487 2417 oculos
1511 2360 1689 2417 cordis
1710 2364 1805 2417 ob-

221 2445 452 2502 texerat,
481 2439 576 2493 sed
618 2440 935 2497 cadentibus
970 2443 1071 2499 sub
1112 2460 1275 2500 manu
1315 2446 1539 2504 Ananize
1582 2451 1651 2507 ab
1687 2452 1803 2521 ejus

218 2526 395 2583 oculis
439 2531 698 2598 squamis,
745 2540 1080 2588 monstratur
1128 2534 1184 2589 in
1216 2533 1374 2601 facie,
1424 2540 1568 2607 quod
1614 2556 1799 2596 verum

217 2618 402 2676 lumen
420 2619 531 2691 jam
558 2623 751 2697 recipit
774 2623 829 2678 in
856 2636 1058 2685 mente.

538 2727 875 2773 επλκϐειιωι
908 2731 1185 2783 ΙΛττΕιΕΙ,
1220 2734 1343 2774 CAP.
1371 2736 1483 2776 III.

293 2818 314 2851 ι
354 2800 506 2857 Tunc
536 2805 865 2872 respondens
889 2805 1099 2873 Petrus,
1123 2809 1259 2864 dixit
1284 2811 1335 2865 ei
1361 2830 1374 2865 :
1421 2812 1561 2869 Ecce
1588 2830 1687 2873 nos
1712 2833 1800 2874 re—

220 2905 240 2939 ς
274 2887 533 2960 liquimus
557 2893 761 2959 omnia,
805 2903 861 2949 et
912 2896 1082 2951 secuti
1126 2912 1312 2954 sumus
1341 2906 1393 2954 te
1431 2918 1444 2954 :
1496 2902 1625 2970 quid
1666 2920 1797 2977 ergo

220 2997 243 3031 ι
277 2980 384 3034 erit
407 2980 606 3041 nobis?
631 2979 790 3039 Iesus
810 2992 990 3039 autem
1020 2984 1157 3040 dixit
1184 2985 1287 3042 illis
1312 3004 1325 3041 :
1356 2986 1529 3045 Amen
1559 2991 1680 3049 dico
1703 3009 1799 3049 vo-

219 3087 242 3122 ε
269 3070 380 3135 bis,
411 3072 554 3140 quod
579 3086 677 3127 vos
721 3074 814 3142 qui
833 3074 1004 3133 secuti
1023 3077 1155 3132 estis
1176 3093 1263 3133 me
1288 3077 1341 3135 in
1365 3083 1793 3151 regeneratione,

1901 1929 2034 1973 cum
2080 1914 2200 1969 aliis
2243 1916 2445 1969 sanctis
2489 1915 2558 1969 ad
2603 1932 2884 1972 numerum
2927 1920 3168 1989 judicum
3214 1940 3273 1979 se
3315 1929 3481 1996 perti-

1909 2022 2039 2062 nere
2063 2007 2396 2061 demonstrat
2423 2022 2545 2061 cum
2575 2007 2733 2062 dicit:
2774 2008 3000 2069 Nescitis
3020 2014 3142 2083 quia
3162 2015 3373 2084 angelos
3392 2019 3483 2086 ju-

1905 2098 2195 2153 dicabimus
2239 2096 2292 2170 (l
2322 2094 2451 2151 .Cor.
2478 2098 2576 2168 vi),
2605 2096 2670 2151 de
2694 2097 2826 2168 ipsis
2852 2115 3063 2169 quoque
3091 2089 3397 2177 judicandis
3430 2108 3483 2163 in

1906 2191 2009 2245 hoc
2037 2203 2261 2244 numero
2285 2189 2615 2244 duodenario
2642 2190 2835 2246 similis
2854 2207 3017 2247 causa
3046 2204 3149 2250 est.
3180 2196 3297 2254 Non
3341 2201 3484 2261 enim

1904 2280 2033 2350 quia
2061 2280 2264 2334 dictum
2291 2288 2397 2346 est,
2442 2281 2737 2348 iudicantes
2778 2283 3053 2343 duodecim
3092 2288 3261 2343 tribus
3290 2290 3480 2356 Israel,

1903 2368 2078 2423 tribus
2103 2368 2253 2436 Levi,
2294 2385 2416 2441 quae
2451 2372 2610 2425 tertia
2651 2372 2859 2431 decima
2880 2383 2965 2429 est
2993 2378 3062 2431 ab
3088 2379 3167 2435 eis
3190 2378 3482 2449 iudicanda

1903 2475 2010 2521 non
2027 2462 2151 2526 erit,
2170 2470 2263 2515 aut
2284 2461 2624 2521 solumillum
2646 2464 2924 2535 populum,
2946 2482 3055 2528 non
3080 2484 3201 2524 cum
3217 2486 3282 2531 eo
3297 2483 3484 2543 gentes

1900 2559 2127 2607 caeteras
2167 2551 2509 2627 judicabunt.
2563 2554 2717 2623 Quod
2770 2566 2953 2611 autem
2986 2558 3081 2624 ait,
3130 2561 3184 2614 in
3213 2578 3484 2634 regenera.

1899 2646 2059 2708 tione,
2094 2644 2280 2713 procul
2324 2645 2486 2701 dubio
2536 2654 2875 2704 mortuorum
2905 2655 3358 2719 resurrectionem
3391 2673 3485 2713 no,

1899 2735 2045 2789 mine
2072 2734 2241 2789 voluit
2282 2737 2709 2806 regenerationis
2752 2739 2997 2811 intelligi,
3024 2743 3126 2807 sic
3163 2746 3308 2801 enim
3352 2764 3481 2804 caro

1898 2834 2080 2883 nostra
2116 2827 2523 2897 regenerabitur
2561 2844 2658 2898 per
2693 2829 3175 2902 incorruptionem,
3222 2842 3481 2907 quemad-

1898 2918 2115 2973 modum
2146 2926 2230 2972 est
2250 2919 2429 2973 anima
2454 2928 2643 2974 nostra
2670 2931 2983 2991 regenerata
3012 2940 3111 2994 per
3129 2912 3311 2989 (idem.
3339 2931 3479 2998 Quid

1896 3025 2026 3080 ergo
2054 3009 2121 3064 de
2161 3009 2330 3072 Paulo
2375 3010 2658 3069 dicemus?
2709 3011 2959 3085 Nunquid
2999 3020 3195 3076 tertius
3238 3021 3479 3079 decimus

1891 3098 2195 3169 iudicabit?
2228 3098 2507 3166 Quomodo
2551 3100 2605 3154 in
2630 3109 2847 3157 centum
2883 3108 3272 3184 quinquaginta
3306 3112 3478 3169 tribus

218 3178 241 3214 ι
271 3176 398 3218 cum
421 3162 621 3221 sederit
643 3163 785 3220 ﬁlius
812 3166 1046 3223 hominis
1075 3168 1130 3223 in
1164 3171 1292 3225 sede
1332 3171 1633 3242 maiestatis
1658 3191 1790 3242 suae,

1900 3190 2137 3261 piscibus
2148 3191 2422 3260 ingentem
2436 3206 2722 3255 numerum
2735 3178 3066 3264 sanctorum,
3081 3207 3137 3253 et
3157 3200 3210 3255 in
3236 3202 3475 3272 quinque

218 3269 238 3302 ι
267 3253 525 3308 sedebitis
559 3261 612 3308 et
635 3269 730 3309 vos
757 3270 921 3324 super
959 3259 1115 3312 sedes
1155 3258 1458 3327 duodecim,
1487 3262 1794 3331 iudicantes

217 3361 238 3394 ι
274 3343 560 3415 duodecim
592 3345 762 3401 tribus
781 3345 966 3404 Israel.
995 3348 1064 3402 Et
1083 3351 1262 3405 omnis
1281 3353 1373 3421 qui
1402 3353 1684 3425 reliquerit
1704 3357 1796 3414 do-

217 3450 237 3482 s
265 3447 415 3487 mum
443 3431 527 3486 vel
554 3431 751 3488 fratres
779 3443 873 3488 aut
914 3450 1152 3503 sorores,
1179 3447 1273 3492 aut
1311 3448 1523 3509 patrem
1550 3451 1645 3498 aut
1671 3460 1791 3500 ma-

215 3538 236 3572 t
280 3529 420 3575 trem
463 3529 557 3576 aut
601 3537 826 3578 uxorem
873 3532 968 3579 aut
1018 3525 1159 3581 ﬁlios
1202 3536 1294 3582 aut
1344 3544 1522 3599 agros,
1574 3543 1795 3605 propter

214 3628 236 3662 ι
272 3625 467 3665 nomen
505 3626 705 3676 meum,
749 3614 1058 3684 centuplum
1087 3617 1318 3689 accipiet
1342 3628 1399 3673 et
1428 3621 1594 3676 vitam
1634 3631 1792 3679 teter—

216 3724 241 3752 s
269 3716 398 3757 nam
418 3700 766 3770 possidebit.»

284 3789 430 3845 Tunc
451 3791 766 3861 respondens
786 3790 980 3849 Petrus
1004 3795 1139 3849 dixit
1168 3797 1216 3850 ei
1235 3811 1254 3848 :
1306 3798 1443 3857 Ecce
1468 3820 1561 3858 nos
1582 3805 1793 3877 reliqui-

210 3899 326 3938 mus
349 3884 524 3938 omnia
543 3892 590 3938 et
615 3886 779 3938 secuti
825 3901 1006 3941 sumus
1026 3896 1077 3941 te
1110 3901 1130 3938 :
1173 3890 1300 3959 quid
1326 3908 1448 3963 ergo
1475 3897 1573 3949 erit
1600 3899 1747 3952 nobis
1767 3901 1792 3952 ?

206 3975 311 4047 (Es
351 3974 593 4047 Hieron.)
619 3974 850 4031 Grandis
893 3975 1117 4034 ﬁducia!
1145 3979 1339 4037 Petrus
1373 3985 1611 4053 piscator
1649 3997 1785 4050 erat,

205 4067 360 4121 dives
396 4082 504 4121 non
542 4065 737 4131 fuerat,
774 4067 925 4123 cibos
952 4083 1116 4124 manu
1160 4079 1218 4125 et
1240 4081 1357 4128 arte
1400 4076 1694 4145 quaerebat,
1735 4088 1792 4135 et

206 4166 390 4211 tamen
418 4156 654 4226 loquitur
678 4159 1027 4225 conﬁdenter,
1076 4161 1378 4232 reliquimus
1427 4169 1622 4223 omnia.
1660 4169 1789 4226 Om-

205 4247 295 4302 nia
319 4247 464 4301 enim
491 4247 764 4319 relinquit,
790 4249 885 4319 qui
924 4250 1256 4307 voluntatem
1304 4255 1534 4311 habendi
1561 4259 1780 4314 deserit.

206 4334 315 4391 Sed
339 4336 467 4405 quia
496 4352 602 4391 non
630 4336 827 4392 sullicit
852 4346 1063 4393 tantum
1087 4340 1411 4412 relinquere,
1435 4343 1616 4418 jungit
1642 4350 1784 4419 quod

200 4427 500 4499 perfectum
528 4438 630 4495 est,
661 4439 717 4484 et
751 4430 923 4485 secuti
946 4446 1131 4487 sumus
1160 4440 1234 4499 te,
1264 4432 1488 4491 fecimus
1514 4438 1657 4506 quod
1670 4439 1785 4513 jus-

199 4520 341 4583 sisti,
374 4520 502 4589 quid
524 4520 687 4590 igitur
709 4520 861 4576 dabis
889 4521 1141 4590 praemii?

271 4612 427 4668 Jesus
453 4623 629 4668 autem
663 4614 796 4668 dixit
816 4613 923 4668 illis
945 4629 965 4668 :
993 4615 1156 4672 Amen
1178 4616 1296 4671 dico
1320 4618 1481 4685 vobis,
1507 4618 1648 4691 quod
1672 4638 1781 4687 eos,

196 4705 290 4774 qui
317 4705 479 4757 secuti
501 4704 622 4759 estis
644 4721 725 4758 me
750 4705 807 4758 in
833 4707 1238 4775 regeneratione,
1266 4726 1383 4762 cum
1411 4710 1601 4764 sederit
1617 4710 1781 4767 Filius

197 4791 446 4857 hominis,
463 4792 519 4845 in
538 4792 656 4846 sede
682 4792 971 4862 majestatis
999 4811 1134 4862 suae,
1176 4797 1418 4853 sedebitis
1458 4816 1616 4870 super
1634 4803 1780 4858 sedes

196 4877 475 4931 duodecim
496 4878 797 4948 judicantes
824 4881 1096 4937 duodecim
1125 4884 1291 4945 tribus
1320 4885 1511 4941 Israel.
1558 4888 1678 4945 Non
1700 4890 1781 4949 di-

195 4967 301 5031 xit,
331 4966 424 5036 qui
450 4968 743 5039 reliquistis
763 4969 967 5034 omnia,
994 4970 1097 5025 hoc
1128 4973 1272 5027 enim
1299 4983 1355 5029 et
1381 4975 1632 5035 Socrates
1653 4979 1781 5034 fecit

192 5055 571 5126 philosophus,
620 5065 676 5111 et
723 5058 878 5113 multi
916 5058 1008 5114 alii
1036 5060 1254 5117 divitias
1293 5073 1777 5136 contempserunt:

193 5144 314 5210 sed,
338 5148 426 5215 qui
470 5148 633 5201 secuti
672 5148 794 5201 estis
838 5164 938 5215 me,
970 5150 1115 5220 quod
1156 5154 1375 5223 proprie
1414 5158 1778 5227 apostolorum

191 5243 277 5288 est
315 5243 478 5304 atque
507 5237 862 5302 credentium,
894 5239 949 5292 in
980 5244 1389 5310 regeneratione
1425 5262 1547 5299 cum
1578 5248 1780 5302 sederit

191 5324 338 5379 ﬁlius
383 5326 617 5381 hominis
661 5328 715 5382 in
764 5329 890 5385 sede
941 5332 1237 5402 maiestatis
1265 5351 1392 5398 sum,
1446 5339 1661 5406 quando
1711 5356 1779 5399 ex

193 5415 428 5469 mortuis
454 5416 520 5469 de
549 5416 895 5484 corruptione
936 5432 1218 5490 resurgent
1263 5423 1581 5493 incorrupti,
1626 5429 1778 5483 sedc-

190 5505 323 5559 bitis
375 5512 433 5558 et
481 5519 578 5559 vos
632 5505 689 5559 in
734 5505 883 5562 soliis
927 5506 1308 5578 iudicantium,
1357 5516 1778 5573 condcmnantes

190 5593 478 5648 duodecim
506 5592 678 5647 tribus
721 5591 904 5660 Israel,
935 5595 1062 5665 quia
1090 5598 1241 5655 vobis
1284 5603 1627 5657 credentibus
1658 5619 1774 5658 cre-

190 5685 321 5743 dere
348 5682 656 5738 noluerunt.

1897 3279 2194 3350 virginibus
2227 3281 2645 3336 innumerabiles
2670 3284 2922 3356 virgines,
2947 3291 3217 3356 quomodo
3247 3293 3301 3347 in
3324 3296 3477 3364 quin.

1895 3387 2001 3442 que
2047 3371 2307 3428 fratribus
2357 3374 2500 3429 illius
2546 3377 2639 3446 qui
2688 3379 3042 3447 torquebatur
3086 3385 3231 3451 apud
3274 3385 3476 3442 inferos

1894 3462 2062 3517 millia
2088 3463 2268 3534 populi
2310 3462 2617 3521 Judteorum
2648 3474 2703 3521 et
2743 3477 2951 3537 septem
2998 3472 3163 3526 millia
3209 3476 3472 3542 virorum,

1895 3553 1962 3607 de
1987 3553 2182 3624 quibus
2214 3554 2342 3608 Elia:
2391 3556 2609 3621 dicitur,
2649 3556 2815 3611 millia
2844 3560 3088 3628 millium,
3134 3566 3215 3621 sic
3257 3568 3313 3621 in
3344 3570 3474 3623 duo-

1895 3644 2068 3698 decim
2095 3644 2312 3699 sedibus
2342 3661 2448 3699 uon
2496 3646 2774 3701 duodecim
2808 3648 3072 3717 homines,
3118 3656 3213 3710 sed
3248 3673 3475 3729 magnus

1896 3748 2155 3793 numerus
2204 3735 2588 3803 perfecturum.
2640 3735 2799 3791 Orbts
2845 3741 2986 3794 enim
3036 3752 3304 3799 terrarum
3344 3764 3474 3816 qua-

1895 3832 2017 3879 tuor
2039 3825 2334 3897 designatis
2363 3830 2609 3898 partibus
2637 3832 2962 3893 continetur.
2995 3834 3075 3889 Ab
3107 3835 3193 3892 bis
3226 3841 3475 3896 omnibus

1893 3915 2135 3984 partibus
2161 3928 2386 3973 vocatur
2417 3921 2472 3974 in
2521 3922 2781 3987 trinitate,
2821 3925 3076 3993 quoniam
3112 3937 3196 3983 ter
3223 3934 3472 4000 quaterni

1891 4006 2173 4062 duodecim
2201 4008 2358 4073 ﬁunt,
2386 4011 2683 4078 perfectum
2710 4030 2990 4071 numerum
3014 4019 3300 4089 signiﬁcat.
3330 4024 3473 4079 Duo~

1891 4096 2065 4150 decim
2093 4112 2224 4168 ergo
2251 4099 2425 4153 tribus
2449 4100 2633 4169 lsracl,
2667 4112 2810 4160 totus
2852 4107 3015 4161 Israel
3063 4111 3348 4167 duodecim
3374 4117 3470 4170 tri-

1890 4192 1990 4249 bus
2011 4203 2156 4258 sunt,
2189 4195 2328 4249 sicut
2348 4198 2493 4249 enim
2512 4195 2807 4265 judicaturi
2832 4216 2899 4255 ex
2925 4212 3037 4257 toto
3063 4206 3276 4270 mundo,
3310 4209 3390 4263 sic
3415 4218 3470 4269 et

1884 4286 2158 4356 iudicandi
2192 4303 2259 4343 ex
2285 4296 2397 4344 toto
2422 4289 2620 4344 mundo
2646 4301 2827 4346 erunt.

1961 4417 2029 4472 Et
2052 4420 2219 4474 omnis
2245 4421 2333 4492 qui
2362 4420 2628 4491 reliquerit
2667 4425 2880 4482 domum
2926 4428 3003 4483 vel
3041 4429 3233 4499 fratres
3260 4446 3351 4489 aut
3381 4453 3465 4491 so.

1809 4517 1861 4576 D
1888 4527 2029 4566 rores
2056 4520 2148 4565 aut
2172 4521 2371 4577 patrem
2412 4522 2504 4567 aut
2548 4524 2766 4570 matrem
2804 4529 2896 4572 aut
2933 4535 3150 4577 uxorem
3196 4536 3287 4579 aut
3324 4527 3463 4598 ﬁlios

1886 4612 1979 4657 aut
1999 4619 2173 4673 agros,
2204 4613 2415 4674 propter
2444 4620 2629 4660 nomen
2668 4623 2862 4674 meum,
2909 4612 3207 4684 centuplum
3246 4619 3463 4688 accipiet

1884 4703 1931 4747 et
1956 4694 2112 4749 vitam
2134 4705 2384 4749 a'ternam
2408 4697 2705 4765 possidebit.
2732 4699 2829 4770 (Ex
2854 4699 3043 4773 Beda.)
3072 4702 3275 4764 Sensus
3303 4709 3467 4779 igitur

1885 4784 1986 4840 iste
2017 4796 2139 4840 est:
2174 4784 2275 4861 Qui
2314 4795 2536 4856 propter
2584 4788 2932 4860 Evangelium
2978 4792 3180 4850 Christi
3218 4800 3459 4858 carnalia

1884 4876 2181 4946 reliquerit,
2231 4879 2496 4948 spiritalia
2535 4881 2676 4935 bona
2723 4883 2964 4953 recipiet,
3013 4900 3131 4953 quae
3185 4904 3465 4961 compara-

1884 4967 2030 5022 tione
2069 4977 2126 5021 et
2153 4971 2349 5024 merito
2397 4972 2479 5026 sui
2526 4973 2601 5026 ita
2630 4984 2808 5039 erunt,
2850 4977 3003 5045 quasi
3038 4994 3207 5047 parvo
3235 4998 3462 5041 numero
3519 4967 3529 4975 ’

1885 5060 2230 5115 eentenarius
2266 5079 2523 5118 numerus
2568 5076 2932 5143 comparetur,
2978 5070 3105 5143 quia
3142 5072 3396 5127 nimirum
3426 5091 3455 5129 a

1886 5146 2141 5202 fratribus
2173 5158 2335 5220 atque
2360 5153 2700 5207 consortibus
2727 5155 2987 5223 propositi
3016 5157 3126 5221 sui,
3155 5160 3247 5230 qui
3276 5161 3324 5215 ei
3353 5162 3462 5230 spi—

1884 5238 2063 5293 rituali
2088 5238 2296 5307 glutino
2320 5241 2668 5312 colligantur,
2718 5246 2885 5300 multo
2910 5248 3115 5317 gratior
3149 5259 3253 5315 est,
3295 5251 3457 5306 etiam

1881 5339 1935 5384 et
1959 5330 2142 5409 in.hac
2163 5331 2270 5384 vita
2293 5331 2459 5401 recipi
2488 5341 2541 5386 et
2561 5335 2913 5401 charitatem;
2942 5336 3059 5408 lege
3075 5338 3211 5395 Acta
3229 5340 3452 5409 Apostm

1882 5402 2269 5486 loruneruia
2298 5422 2648 5485 multitudinis
2668 5425 2992 5481 credentium
3030 5439 3142 5482 erat
3170 5446 3260 5483 cor
3287 5445 3449 5481 unum

1884 5518 1931 5562 et
1958 5510 2134 5563 anima
2155 5526 2279 5575 una,
2307 5520 2355 5565 et
2375 5522 2521 5565 erant
2552 5511 2655 5566 illis
2678 5515 2853 5567 omnia
2875 5517 3171 5569 communia
3197 5515 3336 5590 (Act.
3355 5520 3452 5588 tv).

1882 5597 2173 5667 Nullusque
2208 5616 2372 5670 egens
2400 5611 2519 5656 erat
2558 5602 2703 5657 inter
2724 5616 2817 5657 eos
2841 5605 2934 5673 qui
2969 5619 3066 5660 sua
3094 5620 3192 5673 pro
3227 5605 3456 5662 Domino

1885 5692 2234 5763 reliquerant,
2267 5689 2331 5743 de
2353 5691 2547 5761 quibus
2571 5702 2623 5747 et
2672 5692 2958 5764 Apostolus
2992 5696 3065 5751 ait
3118 5714 3129 5749 :
3185 5694 3455 5769 Tanquam
