3952 6420
440 341 545 395 39‘.)

1739 317 2016 374 SMARAC
2026 317 2089 371 Di
2131 314 2416 370 ABBATIS

3598 298 3698 356 400

440 457 569 515 nihil
592 456 831 508 habentes
860 458 906 504 et
945 447 1118 502 omnia
1146 442 1484 516 possidentes.
1518 436 1705 491 Potest
1729 451 1859 490 sane
1886 435 2009 497 hoc,
2044 436 2090 493 Α
2117 440 2217 492 est,
2251 430 2321 483 ibi
2357 429 2423 482 de
2458 434 2628 480 morte
2659 427 2947 477 tractatur.
2980 417 3094 473 Nec
3127 413 3482 471 conveniebat
3515 425 3576 470 ut
3618 416 3699 473 di-

436 548 579 619 quod
607 545 681 599 ait
708 562 721 596 :
747 540 986 609 Accipiet
1005 509 1227 597 centies,
1257 540 1463 587 tantum
1503 542 1646 582 nunc
1685 526 1739 579 in
1772 532 2013 591 tempore
2114 533 2297 579 ceret:
2323 521 2639 590 Quicunque
2666 515 2926 587 baptizati
2953 525 3143 568 sumus
3170 511 3226 565 in
3255 510 3474 564 nomine
3495 509 3698 575 Patris,

439 600 561 702 hoc,
593 637 781 691 domos
809 638 864 685 et
890 629 1085 684 fratres
1115 634 1170 681 et
1212 637 1427 679 sorores
1457 628 1512 675 et
1539 626 1739 674 matres
1778 622 1834 669 et
1875 613 2015 666 ﬁlios
2115 618 2198 671 vel
2224 617 2278 670 in
2305 615 2522 671 nomine
2550 610 2785 684 Spiritus
2814 606 3005 670 sancti,
3040 604 3095 658 in
3120 611 3297 659 morte
3333 600 3507 671 ipsius
3524 601 3703 671 hami.

438 735 494 781 et
536 738 694 793 agros
738 735 863 777 cum
910 712 1374 788 persecutionibus
1420 724 1517 780 per
1567 704 2016 778 signiﬁcationem

438 815 599 870 altius
626 809 872 879 intelligi.
906 804 1263 862 Centenarius
1289 801 1488 871 quippe
1512 811 1771 852 numerus
1795 795 1860 849 de
1884 793 2017 847 laeva

440 904 737 960 translatus
778 902 835 956 in
868 899 1167 961 dexteram,
1200 894 1328 948 licet
1355 890 1600 945 eamdem
1645 887 1844 943 inﬂexu
1887 883 2020 955 digi-

441 1007 621 1052 torum
645 994 894 1048 videatur
936 997 1121 1043 tenere
1167 984 1415 1054 ﬁguram,
1444 995 1607 1051 quam
1642 979 1908 1034 habuerat
1930 974 2021 1029 de-

440 1090 631 1145 narius
656 1087 709 1141 in
752 1085 906 1148 larva,
934 1081 1157 1135 nimium
1185 1086 1368 1131 tamen
1396 1071 1717 1143 quantitatis
1752 1068 2021 1138 magnitu-

444 1180 569 1234 dine
594 1173 971 1247 supercrescit,
995 1169 1120 1239 quia
1149 1166 1399 1222 videlicet
1430 1177 1639 1225 omnes,
1679 1160 1772 1230 qui
1801 1166 2023 1228 propter

446 1280 670 1337 regnum
727 1263 845 1326 Dei,
880 1267 935 1315 et
981 1254 1295 1327 temporalia
1339 1259 1578 1322 sperant,
1615 1251 1778 1304 etiam
1828 1249 1881 1302 in
1920 1248 2024 1302 hac

444 1357 554 1411 vita
577 1348 1039 1425 persccutionibus
1070 1344 1403 1415 plenissima,
1433 1340 1673 1411 ejusdem
1718 1337 1868 1408 regni
1896 1352 2025 1407 gau-

443 1448 593 1504 dium
638 1443 743 1498 ﬁde
789 1448 939 1496 certa
982 1438 1286 1509 degustant,
1341 1442 1502 1502 atque
1548 1432 1601 1485 in
1625 1427 2027 1499 exspectatione

443 1536 633 1612 patriae
679 1531 938 1595 caalestis,
981 1544 1102 1599 qum
1145 1525 1268 1596 jure
1314 1524 1365 1579 in
1404 1523 1625 1577 dextera
1668 1519 2025 1589 signiﬁcatur,

446 1608 685 1683 omnium
734 1624 937 1694 pariter
981 1621 1273 1674 electorum
1324 1611 1693 1669 sincerissima
1744 1608 2028 1664 dilectione

448 1720 719 1773 fruuntur.

621 1822 1037 1883 IIEBDOMADA
1075 1821 1164 1876 Vll
1192 1817 1367 1875 POST
1396 1810 1821 1871 PENTECOST.

449 1938 639 1981 LECTIO
667 1932 937 1974 EPISTOLJE
988 1928 1146 1969 BEATI
1177 1927 1333 1966 PAULI
1380 1920 1636 1963 APOSTOLI
1675 1920 1742 1958 AD
1767 1916 2026 1963 ROMANOS,

1115 1997 1231 2037 CAP.
1276 1995 1349 2032 γι.

527 2102 543 2133 ι
578 2081 894 2148 Quicunque
935 2071 1193 2143 baptizati
1238 2082 1426 2125 sumus
1452 2067 1505 2120 in
1543 2064 1761 2120 Christo
1801 2060 1949 2124 lesu,
1977 2059 2032 2113 in

458 2195 475 2226 ο
519 2179 692 2227 morte
745 2168 914 2239 ipsius
964 2160 1220 2232 baptizati
1266 2173 1472 2213 sumus.
1528 2152 1841 2223 Consepulti
1889 2150 2032 2205 enim

459 2283 476 2314 ι
512 2278 697 2318 sumus
721 2274 843 2313 cum
870 2255 961 2310 illo
1000 2268 1096 2324 per
1137 2249 1468 2319 baptismum
1507 2246 1562 2299 in
1596 2245 1792 2307 morte,
1822 2250 1881 2295 ut
1905 2256 2036 2310 quo-

460 2375 477 2406 c
511 2351 670 2408 modo
691 2348 939 2405 Christus
963 2341 1203 2398 surrexit
1229 2355 1258 2393 a
1279 2336 1509 2393 mortuis
1536 2350 1633 2405 per
1669 2332 1895 2403 gloriam
1944 2345 2059 2399 per

463 2466 479 2496 ι
518 2445 635 2509 tris,
655 2442 729 2497 ita
754 2448 809 2493 et
832 2451 931 2492 nos
953 2435 1006 2490 in
1028 2432 1267 2488 novitate
1289 2429 1411 2483 vita:
1438 2425 1789 2480 ambulemus.
1812 2422 1869 2476 Si
1891 2422 2037 2477 enim

463 2555 480 2587 ι
513 2528 861 2601 complantati
893 2524 1021 2580 facti
1071 2537 1258 2578 sumus
1302 2515 1637 2574 similitudini
1684 2513 1873 2568 mortis
1898 2511 2034 2581 ejus,

463 2646 481 2677 ι
512 2621 671 2680 simul
700 2627 756 2674 et
781 2612 1196 2673 resurrectionis
1224 2610 1446 2666 erimus.
1494 2606 1609 2661 Hoc
1636 2606 1884 2669 scientes,
1912 2603 2038 2672 quia

378 2724 381 2727 ‘
464 2736 483 2768 ι
521 2723 675 2770 vetus
697 2713 858 2767 homo
883 2716 1067 2764 noster
1091 2704 1250 2760 simul
1275 2699 1565 2757 cruciﬁxus
1593 2708 1695 2761 est,
1726 2706 1781 2752 ut
1803 2698 2042 2752 destrua-

466 2825 484 2857 ι
525 2812 613 2860 tur
642 2816 837 2870 corpus
862 2797 1091 2869 peccati,
1133 2802 1190 2849 ut
1226 2793 1364 2848 ultra
1412 2806 1518 2845 non
1568 2789 1869 2845 serviamus
1916 2801 2043 2856 pec-

464 2917 484 2953 s
520 2906 664 2956 cato.
696 2894 796 2962 Qui
820 2891 966 2948 enim
997 2894 1243 2944 mortuus
1268 2891 1369 2948 est,
1413 2881 1739 2951 justiﬁcatus
1764 2888 1847 2935 est
1868 2894 1897 2932 a
1926 2894 2044 2948 pec-

468 3010 488 3043 s
522 2999 664 3046 cato.
711 2987 768 3041 Si
794 2992 971 3040 autem
1018 2978 1216 3035 mortui
1244 2991 1429 3032 sumus
1454 2989 1575 3029 cum
1605 2971 1840 3035 Christo,
1871 2969 2045 3025 credi—

467 3100 484 3133 ι
520 3096 659 3143 mus,
689 3076 816 3147 quia
849 3070 1010 3130 simul
1036 3070 1203 3125 etiam
1227 3068 1472 3121 vivemus
1494 3080 1617 3120 cum
1660 3062 1784 3127 illo,
1812 3061 2045 3116 scientes

470 3192 486 3223 ι
518 3171 662 3242 quod
688 3168 938 3225 Christus
966 3176 1258 3232 resurgens
1283 3175 1313 3213 a
1357 3157 1608 3219 mortuis,
1634 3154 1747 3224 jam
1789 3168 1895 3207 non
1931 3167 2044 3206 mo-
2071 3129 2115 3189 C

470 3280 487 3312 ι
519 3262 676 3325 ritur,
708 3274 852 3313 mors
891 3255 967 3309 illi
993 3253 1131 3308 ultra
1159 3265 1266 3305 non
1288 3247 1681 3304 dominabitur.
1714 3244 1866 3311 Quod
1900 3242 2045 3296 enim

462 3374 488 3424 Δι
520 3359 765 3408 mortuus
812 3355 897 3403 est
949 3352 1191 3415 peccato,
1242 3338 1411 3395 semel
1460 3345 1705 3391 mortuus
1741 3343 1844 3388 est.
1897 3333 2049 3400 Quod

475 3464 491 3494 ι
527 3450 708 3498 autem
756 3438 906 3502 vivit,
944 3434 1080 3489 vivit
1125 3433 1253 3486 Deo.
1304 3430 1379 3483 Ila
1408 3436 1465 3482 et
1502 3441 1599 3479 vos
1627 3424 1931 3479 existimate
1957 3438 2051 3476 vos

473 3555 490 3586 ι
523 3541 763 3589 mortuos
784 3527 1001 3598 quidem
1017 3537 1136 3578 esse
1154 3527 1391 3591 peccato,
1408 3518 1650 3571 viventes
1664 3522 1841 3568 autem
1863 3513 1972 3568 Deo
1995 3514 2048 3568 in

399 3699 403 3702 ξ
473 3646 491 3677 ι
523 3623 739 3680 Christo
759 3617 886 3673 Iesu
913 3613 1139 3670 Domine
1169 3618 1372 3664 nostro.
1396 3628 1413 3657 ι

540 3713 847 3779 Quicunque
894 3703 1139 3776 buptizati
1192 3715 1371 3753 sumus
1423 3699 1478 3751 in
1535 3696 1740 3750 Christo
1800 3695 1950 3759 Iesu,
1998 3696 2053 3749 iu

469 3814 636 3859 morte
668 3800 828 3871 ipsius
853 3794 1102 3867 baptizati
1130 3808 1329 3846 smnus.
1381 3790 1481 3861 (Ex
1512 3789 1759 3859 Hieron.)
1790 3788 2056 3856 Prmcepit

470 3891 780 3965 Apostolus,
814 3897 873 3943 ut
902 3887 1028 3957 quia
1072 3892 1293 3954 propter
1323 3896 1421 3936 nos
1445 3881 1692 3935 Christus
1735 3889 1977 3933 murtuus
2002 3886 2057 3933 et

471 3984 714 4055 sepultus
739 3988 843 4046 est,
870 3986 925 4033 et
969 3974 1284 4037 resurrexit,
1331 3988 1428 4026 nos
1453 3986 1667 4042 quoque
1692 3969 1761 4025 ad
1788 3969 2058 4039 passionis

472 4094 583 4136 sua:
612 4072 1040 4133 similitudinem,
1070 4068 1369 4122 voluntates
1391 4073 1446 4119 et
1482 4064 1805 4133 cupiditates
1844 4070 2058 4116 nostras

471 4166 870 4238 cruciﬁgamus,
894 4170 950 4216 et
969 4160 1024 4214 in
1052 4158 1374 4227 baptismate
1403 4155 1721 4225 mysterium
1747 4152 1936 4207 mortis
1970 4168 2056 4207 se-

474 4259 700 4334 pultura:
738 4265 792 4311 et
818 4249 1230 4308 resurrectionis
1257 4247 1375 4317 ejus
1400 4246 1688 4300 imitemur.

545 4348 651 4421 (Ea:
680 4344 852 4417 Orig.)
883 4342 1016 4398 Mori
1063 4340 1212 4411 prius
1250 4344 1461 4407 oportet
1498 4345 1744 4405 peccato,
1790 4344 1850 4390 ut
1887 4334 2061 4404 possis

475 4440 689 4511 sepeliri
712 4452 834 4492 cum
853 4434 1086 4496 Christo,
1103 4438 1317 4484 mortuo
1339 4427 1481 4481 enim
1505 4428 1779 4497 sepultura
1801 4426 2054 4496 debetur;

480 4547 636 4587 nemo
662 4529 807 4585 enim
831 4527 987 4581 vivus
1018 4522 1275 4591 sepelitur
1318 4519 1604 4590 aliquando
1633 4538 1644 4573 :
1678 4520 1722 4573 si
1745 4519 1891 4573 enim
1922 4518 2059 4572 vivis

480 4621 655 4675 adhuc
680 4621 923 4688 peccato,
952 4609 1270 4679 consepeliri
1301 4625 1404 4664 non
1434 4617 1587 4679 potes
1611 4608 1846 4667 Christo,
1881 4621 1981 4660 nec
2003 4607 2057 4660 in

480 4727 620 4768 novo
647 4708 764 4777 ejus
803 4706 1052 4775 sepulcro
1076 4702 1344 4757 collocari.
1383 4703 1548 4758 Vetus
1588 4702 1734 4756 enim
1753 4700 1916 4755 homo
1938 4706 2060 4753 tuus

483 4803 635 4869 vivit,
677 4807 732 4854 et
769 4799 888 4853 ideo
919 4810 1021 4849 non
1050 4802 1201 4864 potes
1242 4795 1296 4848 in
1326 4794 1564 4848 novitate
1594 4791 1718 4843 vitae
1759 4788 2058 4842 ambulare.

433 4932 446 4943 .
483 4894 622 4961 Quid
644 4900 743 4955 cst,
778 4889 919 4958 quod
940 4903 1061 4943 cum
1092 4887 1203 4957 ipse
1229 4886 1493 4941 Dominus
1536 4882 1741 4938 dixerit
1762 4880 2060 4949 discipulis,

483 4994 545 5040 ut
559 4981 893 5052 baptizarent
913 4993 1099 5033 omnes
1118 4985 1303 5047 gentes
1329 4977 1383 5030 in
1405 4974 1623 5028 nomine
1642 4970 1821 5025 Patris
1849 4978 1903 5025 et
1930 4970 2066 5032 Filii,

486 5085 542 5131 et
562 5072 796 5146 Spiritus
827 5070 1018 5135 sancti,
1050 5068 1337 5138 Apostolus
1380 5065 1548 5120 solius
1576 5060 1781 5116 Christi
1806 5061 1859 5114 in
1898 5061 2070 5131 bapti-

487 5182 606 5225 smo
631 5178 825 5221 nomen
853 5160 1116 5218 assumit?
1140 5159 1242 5213 nisi
1272 5157 1413 5224 quod
1442 5155 1494 5207 in
1523 5152 1773 5222 praesenti
1794 5152 1929 5216 loco,
1962 5168 2071 5206 non

489 5267 600 5312 tam
621 5254 957 5325 baptismatis
974 5250 1256 5309 rationem,
1280 5259 1440 5312 quam
1466 5243 1655 5296 mortis
1676 5241 1875 5297 Christi
1899 5242 2072 5297 discu-

489 5358 605 5404 tere
655 5345 922 5415 cupiebat.
971 5341 1052 5395 Ad
1097 5336 1248 5403 cujus
1297 5334 1719 5401 similitudinem,
1763 5336 1927 5390 etiam
1970 5350 2070 5390 nos

491 5438 747 5495 suaderet
795 5435 935 5489 mori
985 5429 1181 5487 debere
1209 5433 1431 5495 peccato
1468 5434 1521 5481 et
1560 5425 1879 5495 consepeliri
1919 5425 2073 5480 Chri-

493 5537 595 5586 sto.
626 5528 695 5583 Et
714 5542 824 5581 non
856 5529 975 5579 erat
1002 5520 1191 5588 utique
1213 5517 1558 5579 conveniens,
1589 5524 1650 5570 ut
1685 5518 1777 5571 ubi
1808 5517 1873 5571 de
1899 5526 2072 5571 morte

498 5622 731 5684 dicebat,
752 5618 839 5673 vel
859 5619 1074 5673 Patrem
1098 5611 1401 5666 nominaret
1417 5612 1503 5665 vel
1547 5611 1773 5666 Siritum
1800 5620 2066 5666 sanctum.

504 5711 733 5769 Verbum
761 5709 903 5763 enim
948 5720 1075 5762 caro
1123 5704 1318 5758 factum
1366 5714 1466 5770 est,
1500 5715 1554 5759 et
1596 5705 1788 5759 merito
1820 5704 1909 5758 ubi
1948 5720 2074 5760 caro

2119 707 2222 761 zati
2249 719 2457 761 sumus.

2189 794 2493 867 Consepulti
2514 794 2653 849 enim
2686 806 2866 846 sumus
2894 803 3012 843 cum
3038 784 3246 842 Christo
3271 801 3364 856 per
3384 783 3702 855 baptismum

2120 893 2176 944 in
2205 897 2388 944 morte.
2433 887 2490 941 Si
2528 883 2826 954 eonsepulti
2870 896 3056 936 sumus
3082 893 3209 934 cum
3237 876 3476 942 Christo,
3506 890 3704 932 secun-

2121 981 2245 1036 dum
2286 994 2351 1033 ea
2388 993 2509 1049 quae
2550 975 2799 1051 superius
2847 971 3098 1035 diximus,
3151 969 3205 1024 id
3248 976 3353 1032 est,
3399 968 3695 1023 secundum

2121 1071 2266 1141 quod
2308 1069 2506 1125 mortui
2553 1081 2742 1123 sumus
2778 1070 3020 1134 peccato,
3074 1068 3470 1130 consequenter
3512 1059 3703 1129 utique

2122 1170 2438 1233 resurgente
2472 1160 2686 1216 Christo
2718 1174 2749 1214 a
2779 1157 3028 1220 mortuis,
3069 1163 3127 1211 et
3169 1170 3270 1210 nos
3306 1168 3432 1210 cum
3466 1153 3585 1222 ipso
3630 1153 3704 1208 si-

2122 1254 2235 1309 mul
2263 1266 2668 1323 eonsurgemus,
2696 1256 2751 1304 et
2790 1248 2880 1303 illo
2920 1246 3246 1302 ascendente
3271 1245 3339 1299 ad
3360 1243 3547 1305 caios,
3575 1258 3700 1298 cum

2125 1346 2242 1417 ipso
2271 1344 2431 1401 simul
2456 1343 2828 1404 ascendemus,
2855 1347 2910 1394 et
2937 1339 3157 1393 sedente
3187 1337 3303 1406 ipso
3328 1336 3395 1390 ad
3417 1333 3702 1390 dexteram

2125 1436 2319 1507 patris,
2349 1450 2472 1491 cum
2507 1434 2624 1502 ipso
2661 1431 2819 1487 simul
2854 1430 2908 1484 in
2955 1426 3271 1484 cmlestibus
3315 1425 3509 1481 sedere
3555 1424 3704 1480 dice-

2127 1544 2270 1593 mur,
2302 1527 2442 1582 sicut
2462 1524 2589 1579 alibi
2618 1523 2731 1594 ipse
2766 1519 3036 1592 apostolus
3069 1518 3181 1573 ait:
3209 1516 3348 1583 Quia
3389 1517 3703 1571 concitavit

2129 1635 2222 1673 nos
2277 1615 2509 1680 Christo,
2570 1612 2829 1683 simulque
2884 1610 3004 1679 fecit
3065 1608 3243 1663 sedere
3300 1609 3357 1661 in
3415 1605 3707 1660 caelestibus

2133 1707 2344 1779 (Ephes.
2371 1703 2460 1776 11).

2056 1782 2105 1839 Β
2202 1796 2271 1851 Ut
2293 1795 2551 1867 quomodo
2571 1793 2818 1857 surrexit,
2852 1799 2957 1847 etc.
2991 1789 3213 1845 Novitas
3239 1795 3423 1843 autem
3449 1786 3575 1840 vita)
3603 1792 3709 1847 est,

2130 1886 2221 1941 ubi
2248 1894 2487 1940 veterem
2514 1884 2787 1939 hominem
2814 1897 2936 1937 cum
2966 1880 3176 1935 actibus
3202 1877 3315 1934 suis
3338 1874 3711 1946 deposuimus,

2131 1986 2187 2032 et
2230 1976 2504 2031 induimus
2545 1989 2765 2038 novum,
2810 1972 2903 2043 qui
2951 1969 3246 2026 secundum
3276 1968 3448 2021 Deum
3494 1970 3714 2020 creatus

2129 2077 2232 2134 est,
2272 2076 2327 2121 et
2364 2067 2455 2137 qui
2492 2074 2782 2121 renovatur
2826 2064 2882 2119 in
2930 2061 3203 2133 agnitione
3241 2058 3362 2123 Dei,
3411 2056 3713 2112 secundum

2130 2162 2421 2233 imaginem
2466 2157 2582 2227 ejus
2621 2157 2713 2227 qui
2758 2154 2964 2211 creavit
3010 2167 3155 2208 eum.
3214 2149 3350 2203 Nam
3384 2154 3439 2203 et
3466 2148 3511 2201 si
3544 2146 3591 2200 is
3624 2144 3716 2215 qui

2133 2254 2262 2323 foris
2280 2253 2434 2306 homo
2460 2258 2655 2314 noster,
2683 2247 2858 2317 inquit
2883 2242 3191 2315 Apostolus,
3223 2239 3600 2307 corrumpitur,
3624 2236 3716 2290 sed

2132 2343 2221 2414 qui
2251 2344 2390 2396 intus
2419 2349 2515 2406 est,
2553 2346 2831 2392 renovatur
2865 2335 2929 2389 de
2963 2334 3047 2387 die
3079 2334 3133 2386 in
3173 2332 3311 2384 diem
3344 2328 3433 2400 (II
3460 2325 3589 2381 Cor.
3612 2325 3717 2395 Iv).

2133 2436 2348 2490 Intuere
2398 2449 2491 2489 eos
2539 2430 2633 2501 qui
2681 2430 2733 2484 in
2775 2427 2876 2483 ﬁde
2919 2423 3228 2496 proﬁciunt,
3273 2430 3330 2475 et
3369 2419 3615 2491 quotidie
3665 2418 3723 2472 in

2135 2524 2423 2579 virtutibus
2460 2521 2796 2582 enitescunt,
2834 2513 3107 2587 quomodo
3149 2524 3363 2581 semper
3396 2508 3554 2563 bonis
3590 2521 3723 2576 ope-

2137 2616 2287 2670 ribus
2320 2612 2579 2681 adjiciunt
2605 2609 2847 2672 meliora,
2880 2616 2937 2663 et
2959 2604 3203 2661 honestis
3227 2601 3543 2658 honestiora
3584 2614 3722 2655 con-

2138 2695 2743 2778 quiruntur,'quomodo
2772 2701 2828 2754 in
2860 2697 3159 2759 intellectu,
3194 2695 3248 2749 in
3283 2692 3511 2749 scientia
3542 2698 3600 2745 et
3626 2704 3721 2744 sa-

2140 2798 2340 2869 pientia
2376 2803 2650 2859 crescunt,
2681 2801 2736 2847 et
2764 2789 3020 2858 intelligis
3050 2802 3145 2844 eos
3166 2785 3409 2856 quotidie
3448 2781 3720 2837 innovari.

2138 2892 2198 2945 In
2229 2888 2469 2945 novitate
2498 2901 2625 2957 ergo
2651 2885 2777 2940 vita:
2812 2881 3166 2941 ambulemus,
3211 2876 3566 2933 ostendentes
3598 2887 3727 2928 nos-

2143 2981 2399 3050 metipsos
2423 2979 2490 3041 ei,
2517 2993 2608 3047 qut
2638 2991 2737 3030 nos
2764 2988 2888 3030 cum
2910 2971 3127 3028 Christo
3153 2967 3453 3029 suscitavit,
3482 2964 3732 3035 quotidie

2145 3086 2337 3136 novos,
2365 3078 2437 3131 et,
2456 3077 2518 3123 ut
2545 3068 2619 3122 ita
2649 3066 2903 3128 dixerim,
2931 3061 3288 3133 pulchriores,
3322 3057 3571 3112 decorem
3606 3054 3730 3109 vul-

2148 3172 2234 3218 tus
2264 3162 2435 3217 noszri
2471 3161 2525 3215 in
2560 3158 2797 3221 Christo,
2826 3164 3083 3222 tanquam
3121 3151 3177 3204 in
3217 3146 3434 3218 speculo
3470 3146 3734 3215 colligen-

2150 3262 2250 3317 tes,
2299 3252 2389 3321 qui
2425 3263 2651 3320 surgens
2696 3261 2726 3300 a
2772 3243 3000 3299 mortuis
3033 3241 3101 3295 ab
3136 3237 3439 3294 humilitate
3485 3242 3733 3300 terrena,

2150 3345 2215 3399 ad
2252 3342 2478 3413 gloriam
2518 3346 2754 3409 paternae
2793 3330 3093 3404 majestatis
3128 3327 3395 3390 ascendit,
3430 3333 3487 3379 ut
3519 3323 3734 3378 videant

2150 3412 2304 3507 opera
2330 3442 2506 3487 nostra
2533 3435 2686 3493 bona,
2709 3436 2757 3481 et
2780 3424 3067 3497 gloriﬁcent
3091 3428 3292 3492 patrem
3314 3425 3543 3471 nostrum
3564 3414 3653 3485 qui
3668 3412 3737 3468 ἔτι

2152 3526 2292 3580 caelis
2315 3533 2388 3578 est
2412 3520 2626 3593 (Matth.
2650 3535 2682 3573 v
2706 3519 2748 3589 ),
2775 3524 2829 3571 et
2854 3516 2938 3569 sic
2968 3513 3164 3568 merito
3192 3508 3411 3564 Christo
3443 3518 3735 3561 consurre-

2153 3618 2297 3671 xisse
2322 3629 2420 3685 per
2443 3612 2668 3684 gloriam
2695 3607 2869 3662 Patris
2903 3606 3165 3660 dicemur.

2226 3705 2284 3761 Si
2327 3705 2463 3759 enim
2504 3698 2862 3771 complantati,
2904 3705 3007 3751 etc.
3058 3692 3232 3748 Veluti
3279 3688 3504 3758 alicujus
3538 3686 3740 3757 planta!

2154 3796 2365 3853 arboris
2381 3793 2617 3850 ostendit
2638 3798 2868 3846 mortem
2880 3787 3105 3851 Christi,
3119 3785 3205 3840 cui
3228 3798 3327 3839 nos
3342 3780 3740 3851 complantatos

2155 3890 2270 3945 vult
2296 3903 2437 3951 esse,
2464 3895 2524 3941 ut
2556 3898 2717 3939 succo
2742 3880 2940 3936 radicis
2964 3878 3101 3946 ejus,
3128 3876 3280 3930 radix
3305 3885 3521 3944 quoque
3545 3876 3740 3924 nostra

2157 3979 2473 4048 suscipiens,
2503 3974 2766 4046 producat
2792 3985 2976 4025 ramos
2996 3967 3247 4037 justitize,
3278 3974 3333 4020 et
3368 3962 3580 4017 fructus
3607 3958 3741 4014 eﬁ‘e-

2158 4079 2245 4126 rat
2269 4071 2413 4125 vittc.
2445 4067 2691 4123 Christus
2720 4080 2847 4133 ergo
2870 4062 2961 4133 qui
2997 4068 3080 4115 est
3101 4059 3196 4113 Dei
3221 4058 3398 4111 virtus
3424 4062 3480 4110 et
3504 4052 3600 4107 Dei
3648 4066 3738 4105 sa-

2158 4160 2379 4231 pientia,
2399 4159 2511 4228 ipse
2548 4164 2633 4209 est
2665 4154 2828 4208 arbor
2851 4151 2997 4213 vitae,
3025 4148 3111 4203 cui
3138 4161 3236 4201 nos
3257 4140 3612 4212 cornplantaui
3641 4139 3742 4192 dc-

2159 4230 2367 4314 bemus,
2414 4256 2469 4302 et
2513 4262 2652 4300 novo
2701 4242 2933 4312 quodam
2985 4247 3147 4307 atque
3194 4232 3413 4290 amabili
3440 4230 3535 4284 Dei
3575 4230 3739 4291 dono,

2162 4357 2309 4397 mors
2356 4340 2499 4393 illius
2540 4336 2695 4391 nobis
2736 4334 2859 4387 vita:
2889 4331 3050 4384 arbor
3079 4325 3325 4382 cllicitur.
3375 4323 3518 4377 Bene
3556 4328 3742 4373 autem

2163 4431 2452 4504 Apostolus
2477 4444 2583 4483 non
2609 4427 2779 4481 dixit:
2808 4423 2868 4478 Si
2890 4422 3027 4475 enim
3048 4414 3388 4487 complantati
3410 4412 3538 4482 facti
3560 4425 3747 4463 sumus

2164 4523 2325 4579 morti
2357 4522 2492 4591 ejus,
2527 4518 2621 4573 sed
2649 4510 2983 4571 similitudini
3015 4508 3199 4562 mortis
3238 4505 3373 4575 ejus.
3404 4503 3586 4572 «Ipsam
3622 4499 3746 4568 qui-

2167 4619 2287 4670 dem
2334 4619 2584 4669 mortem,
2628 4621 2734 4675 qua
2789 4602 2946 4657 Jesus
2992 4606 3235 4653 mortuus
3270 4603 3355 4650 est
3392 4599 3640 4663 peccato,
3684 4597 3749 4643 ut

2167 4709 2446 4775 peccatum
2491 4699 2712 4754 omnino
2761 4711 2865 4750 non
2916 4692 3123 4747 fecerit.
3172 4689 3283 4743 Nos
3324 4701 3429 4741 non
3455 4696 3748 4755 possumus

2169 4795 2328 4859 mori,
2361 4802 2421 4847 ut
2457 4790 2679 4846 omnino
2726 4787 3029 4841 nesciamus
3070 4790 3370 4852 peceatum.
3420 4774 3747 4832 Similitudi-

2172 4902 2295 4941 nem
2330 4893 2511 4938 tamen
2547 4879 2749 4935 habere
2785 4889 3092 4947 possumus,
3119 4882 3180 4927 ut
3208 4871 3480 4926 imitantes
3518 4882 3665 4930 eum,
3691 4878 3748 4922 et

2172 4973 2398 5044 vestigia
2425 4970 2540 5039 ejus
2570 4975 2875 5039 sequentes,
2908 4964 3277 5019 abstineamus
3306 4974 3403 5014 nos
3444 4973 3474 5011 a
3500 4964 3742 5027 peccato.

2173 5067 2285 5120 Hoc
2312 5072 2395 5119 est
2418 5078 2568 5134 ergo,
2596 5061 2740 5131 quod
2774 5059 3014 5129 recipere
3050 5063 3230 5127 potest
3251 5055 3486 5108 humana
3525 5058 3744 5110 natura,

2173 5166 2231 5211 ut
2262 5156 2315 5210 in
2337 5152 2742 5209 similitudinem
2770 5149 2961 5204 mortis
2988 5145 3103 5214 ejus
3130 5146 3244 5209 ﬁat,
3272 5144 3397 5199 dum
3428 5142 3603 5210 ipsum
3630 5140 3747 5193 imi-

2172 5248 2335 5302 tando
2369 5262 2475 5301 non
2512 5251 2720 5315 peccat.
2763 5242 2895 5296 Nam
2934 5240 3152 5295 omnino
3190 5254 3256 5293 ex
3298 5237 3507 5304 integro
3536 5232 3747 5289 nescire

2170 5346 2488 5408 peccatum,
2539 5335 2705 5390 solius
2755 5342 2838 5388 est
2885 5331 3106 5387 Christi.
3159 5330 3328 5400 igitur
3394 5321 3744 5395 complantari

2172 5446 2270 5485 nos
2298 5430 2413 5484 vult
2454 5428 2645 5483 mortis
2687 5425 2803 5494 ejus
2828 5422 3189 5486 similitudini,
3214 5435 3320 5492 qua
3352 5424 3577 5488 peccato
3606 5429 3746 5470 mor-

2174 5528 2296 5575 tuus
2315 5526 2398 5572 est
2421 5516 2607 5581 semel,
2622 5525 2681 5569 ut
2700 5515 2968 5584 possimus
2989 5520 3044 5567 et
3062 5506 3447 5566 resurrectioui
3483 5504 3601 5574 ejus
3630 5515 3747 5556 esse

2173 5610 2539 5681 complantati.
2590 5607 2672 5661 Ad
2707 5614 2999 5673 utrumque
3057 5602 3202 5658 enim
3251 5596 3545 5653 subaudire
3591 5595 3741 5650 debet

2174 5700 2522 5773 complantati
2559 5709 2613 5755 et
2641 5698 2834 5754 mortis
2871 5706 2925 5751 et
2954 5689 3385 5750 resurrectionis.
