3952 6416
261 287 365 344 401

1093 283 1608 344 COLLECTIONES
1641 282 1706 338 ΙΝ
1747 280 2124 339 EPISTOLAS
2160 282 2249 338 ΕΤ
2288 281 2698 339 EVANGELIA.

3415 279 3523 335 40:).

244 424 253 429 ·
340 403 459 459 Hoc
487 401 729 469 scientes,
763 401 889 473 quia
919 410 1066 457 vetus
1099 403 1252 456 homo
1289 411 1462 457 noster
1496 398 1653 454 simul
1672 399 1844 451 cruci-
1871 396 1922 456 Α
1947 391 2061 449 Hoc
2109 402 2211 459 est,
2258 395 2525 450 alienatus
2577 401 2660 450 est
2707 409 2738 448 a
2782 400 3005 463 peccato
3034 409 3048 458 ;
3083 398 3334 447 mortuus
3380 393 3527 447 enim

268 495 411 564 ﬁxus
447 504 542 549 est.
593 495 755 552 Vetus
803 503 986 549 autem
1031 495 1194 549 homo
1240 501 1424 549 noster
1470 490 1848 560 intelligendus

266 593 374 651 est,
424 586 536 640 vita
582 585 752 656 prior,
799 600 963 655 quam
994 584 1248 639 duximus
1294 585 1347 638 in
1388 581 1649 653 peccatis,
1696 578 1849 648 cujus

268 676 432 730 tinem
458 683 517 730 et
553 676 829 730 interitum
868 677 1157 746 quemdam
1184 673 1431 740 facimus,
1457 673 1549 728 ubi
1576 668 1849 743 receperi-

266 780 394 820 mus
439 765 495 820 in
543 765 700 821 nobis
746 765 908 820 ﬁdem
949 767 1125 821 crucis
1168 763 1392 830 Ch‘risti,
1434 778 1533 834 per
1573 777 1736 833 quam
1773 762 1848 816 ita

269 856 568 910 destruitur
606 871 802 926 cerpus
840 856 1069 926 peccati,
1112 863 1173 910 ut
1208 855 1449 910 membra
1487 861 1699 917 nostra,
1730 867 1850 923 quae

268 944 585 1000 serviebant
612 954 854 1015 peccato,
882 944 1025 1000 ultra
1054 946 1103 1000 ei
1132 960 1238 1000 non
1266 944 1529 1009 serviant,
1558 944 1653 999 sed
1678 944 1810 999 Deo.

345 1033 414 1089 Ut
428 1035 731 1090 destruatur
750 1052 936 1106 corpus
955 1038 1174 1106 peccati,
1197 1043 1256 1090 ut
1277 1034 1418 1089 ultra
1440 1050 1544 1088 non
1562 1036 1851 1090 serviamus

268 1136 504 1195 peccato.
531 1126 632 1197 (Ex
655 1124 838 1197 Orig.)
876 1126 1194 1196 Diligentius
1222 1126 1539 1181 intuendum
1576 1134 1678 1191 est,
1717 1140 1852 1196 quo-

270 1221 436 1275 modo
464 1220 662 1274 dixerit
695 1235 881 1290 corpus
914 1220 1132 1290 peccati,
1167 1220 1222 1273 in
1250 1233 1359 1289 quo
1392 1218 1585 1288 duplex
1621 1219 1736 1274 dari
1764 1219 1849 1274 vi-

271 1311 437 1365 detur
482 1311 803 1377 intellectus,
829 1310 915 1365 vel
942 1311 1069 1381 quia
1119 1319 1362 1365 nostrum
1413 1324 1612 1380 corpus
1640 1310 1850 1379 peccati

272 1416 396 1456 esse
439 1401 637 1456 dixerit
667 1416 884 1471 corpus,
928 1401 1016 1456 vel
1062 1401 1187 1471 quia
1236 1402 1440 1470 peccati
1491 1401 1659 1471 ipsius
1704 1401 1850 1457 dicat

273 1508 398 1548 esse
438 1493 713 1562 proprium
759 1491 976 1562 aliquod
1023 1505 1240 1559 corpus,
1272 1491 1414 1560 quod
1461 1490 1848 1546 destruendum

272 1584 348 1637 sit
396 1584 479 1638 his
501 1582 592 1651 qui
624 1597 731 1636 non
756 1580 955 1637 debent
980 1581 1119 1635 ultra
1158 1580 1364 1636 servire
1410 1588 1650 1651 peccato.
1713 1580 1849 1648 Quia

271 1690 405 1745 ergo
425 1682 649 1742 uterque
686 1688 875 1728 sensus
899 1673 952 1727 in
982 1672 1101 1727 loco
1133 1671 1345 1726 admitti
1372 1678 1570 1742 potest,
1603 1673 1668 1728 de
1701 1679 1852 1726 utro-

271 1781 383 1834 que
407 1763 547 1834 quod
583 1764 739 1819 nobis
772 1764 1020 1817 videatur
1045 1762 1384 1831 exponimus.
1415 1760 1626 1815 Etenim
1653 1760 1699 1815 si
1729 1775 1855 1831 pro-

270 1856 452 1924 prium
482 1870 676 1924 corpus
712 1868 976 1925 ponamus
1013 1867 1133 1908 esse
1162 1852 1388 1921 peccati,
1416 1851 1686 1905 videbitur
1710 1852 1854 1920 quod

268 1946 418 2000 sicut
449 1946 517 2000 de
551 1946 636 2000 his
666 1945 756 2014 qui
804 1945 856 1998 in
897 1958 1095 1998 novum
1124 1942 1396 1997 hominem
1439 1941 1669 2009 reparati
1704 1948 1852 2007 sunt,

274 2036 480 2089 dictum
507 2046 610 2100 est,
638 2036 765 2104 quia
796 2032 898 2089 Vos
929 2035 1052 2088 estis
1085 2049 1274 2103 corpus
1297 2030 1512 2096 Christi,
1549 2040 1597 2085 et
1623 2032 1853 2086 membra

272 2142 339 2180 ea:
372 2134 520 2196 parte
551 2124 604 2197 (Ι
625 2124 748 2181 Cor.
776 2124 899 2197 xu),
942 2126 1017 2179 ita
1056 2131 1112 2180 et
1148 2123 1216 2179 de
1251 2124 1338 2178 his
1367 2123 1461 2193 qui
1488 2130 1726 2179 veterem
1758 2126 1857 2179 ho-

274 2218 476 2273 minem
521 2217 762 2273 nondum
810 2218 1199 2273 cruciﬁxerunt
1231 2217 1337 2273 dici
1365 2231 1524 2288 posse
1575 2217 1717 2289 quod
1749 2217 1858 2272 sint

273 2321 472 2377 corpus
495 2309 701 2378 peccati
728 2316 783 2362 et
810 2308 1052 2363 membra
1078 2307 1219 2378 ejus,
1244 2305 1399 2376 cujus
1425 2316 1589 2379 caput
1612 2309 1857 2378 corporis

271 2399 349 2452 sit
373 2398 640 2465 diabolus,
668 2400 808 2454 sicut
834 2398 1084 2455 Christus
1111 2407 1273 2469 caput
1293 2408 1380 2455 est
1404 2401 1651 2470 corporis
1679 2400 1853 2456 eccle-

272 2489 499 2555 siarum,
532 2505 639 2545 non
685 2490 935 2545 habentis
969 2491 1237 2545 maculam
1280 2500 1374 2545 aut
1402 2506 1590 2562 rugam
1635 2482 1850 2563 (Ephcs.

275 2578 375 2649 tv).
417 2578 649 2634 Possunt
670 2588 850 2635 autem
872 2582 1137 2648 membra,
1172 2597 1239 2637 ex
1269 2583 1467 2652 quibus
1491 2598 1689 2653 corpus
1714 2585 1857 2640 istud

273 2671 485 2740 peccati
516 2681 728 2728 constat
758 2673 849 2727 illa
872 2673 1066 2739 videri,
1094 2688 1215 2744 quae
1246 2675 1494 2743 superius
1521 2676 1859 2732 enumeravit

273 2762 566 2833 Apostolus
607 2765 848 2820 membra
884 2779 1005 2822 esse
1035 2780 1199 2837 super
1230 2775 1453 2832 terram,
1483 2767 1585 2823 hoc
1613 2777 1717 2833 est.
1748 2768 1858 2825 for-

276 2852 623 2920 nicationem,
652 2855 1069 2923 immunditiam,
1108 2856 1519 2929 impudicitiam,
1548 2859 1853 2926 avaritiam,

275 2944 695 3010 contentionem,
732 2946 890 3012 iram,
921 2947 1096 3015 dolos,
1126 2949 1295 3013 rixas,
1326 2948 1713 3017 dissensiones,
1742 2951 1857 3006 ha:-

276 3050 449 3101 reses,
495 3038 771 3105 invidiam,
824 3041 1250 3096 comessationes
1298 3048 1355 3096 et
1394 3042 1481 3096 his
1519 3042 1738 3109 similia,
1787 3058 1857 3099 ex

279 3128 477 3197 quibus
501 3130 751 3186 omnibus
785 3132 1045 3188 membris
1073 3133 1233 3205 digne
1273 3134 1472 3189 dicitur
1494 3150 1691 3206 corpus
1732 3151 1857 3191 con-

279 3226 427 3272 stare
455 3221 685 3289 peccati,
724 3229 778 3276 ct
805 3223 909 3278 hoc
945 3238 1143 3294 corpus
1167 3225 1369 3281 veteris
1410 3225 1646 3282 hominis
1680 3227 1861 3299 appel-

282 3308 414 3376 lari,
438 3314 578 3381 quod
609 3314 655 3369 si
682 3315 804 3386 quis
824 3332 922 3386 per
947 3333 1164 3374 crucem
1195 3317 1395 3375 Christi
1425 3320 1689 3390 destruat,
1715 3330 1771 3377 et
1804 3322 1860 3378 in

282 3417 480 3458 novum
517 3405 811 3474 hominem,
839 3410 932 3479 qui
976 3410 1271 3467 secundum
1309 3413 1477 3467 Deum
1520 3422 1736 3469 creatus
1778 3423 1865 3471 est

280 3505 644 3553 eomnmtetur
670 3540 685 3566 ,
734 3500 873 3555 ultra
919 3518 1024 3557 non
1080 3503 1292 3558 dicetur
1343 3505 1549 3561 servire
1600 3515 1858 3576 peccato,

280 3586 368 3641 cui
396 3587 513 3642 sine
549 3589 711 3646 dubio
745 3591 933 3658 servit,
967 3592 1137 3649 donec
1169 3594 1329 3649 alicui
1369 3610 1556 3651 eorum
1597 3596 1857 3668 subjacet,

279 3692 402 3747 qua:
445 3694 605 3750 supra
653 3685 1001 3752 exposuimus
1054 3687 1298 3743 membra
1350 3702 1470 3744 esse
1516 3690 1748 3758 peccati.
1803 3690 1864 3746 Si

280 3781 411 3824 vero
453 3770 622 3842 magis
651 3788 847 3844 corpus
881 3784 1128 3831 nostrum
1162 3778 1264 3833 hoc
1291 3779 1493 3835 dixisse
1536 3781 1867 3854 intelligatur

279 3860 569 3929 Apostolus
604 3880 800 3936 corpus
831 3869 1059 3936 peccati,
1095 3872 1390 3926 secundum
1433 3872 1580 3928 illam
1623 3873 1868 3945 proiecto

281 3952 579 4021 accipietur
606 3956 1037 4028 intelligentiam,
1071 3976 1178 4031 qua
1205 3969 1261 4017 et
1289 3962 1458 4018 David
1481 3962 1549 4018 de
1574 3964 1866 4033 semetipso

281 4043 414 4098 dicit
458 4063 470 4098 :
516 4044 655 4111 Quia
697 4049 753 4102 in
783 4044 1150 4120 iniquitatibus
1198 4064 1474 4124 conceptus
1513 4057 1666 4121 sum,
1718 4064 1768 4109 et
1811 4057 1867 4109 in

279 4139 505 4207 peccatis
539 4143 770 4213 concepit
803 4159 885 4204 me
913 4154 1085 4199 mater
1125 4162 1242 4200 mea
1289 4143 1463 4218 (Psal.
1492 4146 1566 4218 ι).
1610 4145 1717 4203 Pro
1755 4162 1864 4217 quo

282 4239 504 4299 peccato
539 4243 594 4287 et
621 4235 856 4291 Ecclesia
898 4237 966 4293 ab
988 4236 1250 4307 Apostolo
1293 4237 1640 4293 traditionem
1678 4240 1864 4296 susce-

282 4319 364 4389 pit
386 4320 548 4376 etiam
577 4325 819 4392 parvulis
844 4327 1175 4396 baptismum
1206 4329 1358 4383 dare.

356 4410 464 4480 (Ea:
492 4412 749 4489 Primus.)
789 4417 915 4473 Sive
949 4428 1007 4475 ut
1041 4420 1352 4477 destruatur
1398 4438 1596 4494 corpus
1631 4424 1862 4493 peccati,
1889 4438 1942 4499 D

284 4504 388 4560 hoc
407 4514 510 4573 est,
526 4517 586 4563 ut
611 4526 717 4566 non
742 4526 810 4567 ex
832 4520 1005 4582 parte,
1030 4513 1126 4569 sed
1150 4513 1330 4569 omnia
1345 4513 1475 4569 vitia
1496 4515 1864 4584 destruantur,

285 4600 412 4668 quia
456 4617 620 4657 unum
664 4603 855 4660 vitium
892 4605 1198 4662 membrum
1244 4614 1327 4662 est
1368 4606 1612 4680 peccati,
1671 4622 1866 4677 corpus

284 4708 416 4748 vero
456 4704 539 4750 est
576 4698 898 4754 universitas
941 4699 1283 4767 delictorum,
1317 4717 1550 4772 quorum
1590 4702 1868 4774 plenitudo

286 4793 372 4840 est
422 4787 683 4859 originale
742 4799 1044 4860 peccatum.
1104 4790 1353 4847 Christus
1403 4801 1584 4848 autem
1643 4809 1751 4849 non
1797 4808 1867 4848 ex

286 4884 460 4945 parte,
510 4879 604 4934 sed
654 4880 865 4952 integer
910 4892 994 4938 est
1036 4882 1352 4949 cruciﬁxus,
1400 4891 1460 4939 ut
1505 4899 1606 4940 nos
1638 4897 1706 4939 ex
1753 4891 1866 4940 toto

288 4966 586 5022 moriamur
619 4980 862 5041 peccato,
900 4980 955 5028 et
991 4973 1234 5028 vivamus
1259 4974 1392 5039 Deo,
1431 4974 1545 5029 sive
1572 4981 1634 5028 ut
1667 4989 1865 5044 corpus

288 5066 534 5113 nostrum
562 5061 872 5117 destruatur
905 5078 935 5116 a
964 5063 1226 5117 servitute
1248 5063 1477 5133 peccati,
1509 5071 1564 5119 et
1587 5061 1682 5117 ﬁat
1698 5062 1865 5132 justi-

289 5147 381 5203 tiaa
421 5150 769 5222 mancipium,
819 5154 961 5223 quod
1007 5153 1216 5209 solebat
1260 5169 1381 5210 esse
1428 5154 1629 5211 delicti.
1682 5153 1866 5213 Omnis

287 5240 425 5294 enim
444 5243 533 5313 qui
554 5242 679 5312 facit
697 5255 988 5315 peccatum,
1007 5262 1183 5301 servus
1203 5255 1277 5301 est
1294 5247 1493 5317 peccati
1517 5245 1697 5320 (Joan.
1722 5246 1862 5320 vm).

291 5327 422 5386 Sive
449 5348 644 5404 corpus
668 5336 875 5406 peccati
918 5336 1238 5407 intelligitur
1270 5337 1337 5403 is,
1376 5336 1469 5407 qui
1507 5337 1686 5392 adhuc
1711 5347 1866 5392 extra

291 5421 619 5491 baptismum
674 5425 921 5493 originali
979 5427 1227 5482 subditus
1276 5436 1359 5481 est
1418 5427 1749 5493 conditioni,
1814 5438 1869 5483 et

293 5515 529 5569 nomium
554 5517 662 5570 ulla
689 5518 813 5572 vitm
841 5520 1073 5574 suscepit
1106 5520 1287 5583 initia,
1317 5520 1407 5574 sed
1433 5535 1495 5574 ex
1527 5528 1640 5574 toto
1663 5520 1868 5577 alienus

296 5611 380 5657 est
410 5621 438 5657 a
468 5605 658 5661 salute.

366 5694 469 5761 Qui
509 5701 643 5752 cnim
686 5708 918 5752 mortuus
958 5708 1050 5764 cst,
1089 5698 1410 5767 justi/iratus
1451 5710 1525 5755 est
1571 5718 1600 5755 α
1637 5709 1864 5771 peccato.

1946 486 2169 540 omnino
2199 500 2306 542 non
2331 493 2540 556 peccat.
2584 485 2700 551 Vel,
2734 486 2875 541 sicut
2899 483 3110 556 punisti
3145 484 3524 556 sumus,.prit‘>

1948 578 2025 632 ris
2051 577 2178 636 vita:
2200 577 2478 633 erroribus
2503 584 2777 643 mortuus,
2812 578 3100 632 innovatus
3141 576 3196 631 in
3225 574 3443 633 Christo
3468 582 3528 634 et

1947 668 2250 723 membrum
2283 667 2405 735 ejus
2433 666 2678 733 effectus,
2704 667 3156 737 concupiscentiis
3180 675 3237 723 et
3258 664 3527 737 passioni-

1947 757 2050 811 bus
2085 755 2429 811 contradicit.

2019 846 2082 903 Si
2109 848 2249 902 enim
2274 849 2469 903 mortui
2494 865 2676 903 sumus
2704 865 2823 903 cum
2849 848 3077 913 Christo,
3109 851 3369 905 credimus
3398 851 3527 922 quia

1947 936 2106 993 simul
2136 947 2186 992 et
2207 938 2326 1008 jam
2356 938 2580 993 vivemus
2612 954 2732 992 cunt
2761 936 2989 992 Christo.
3041 937 3145 1009 (Ex
3169 938 3344 1010 Orig.)
3383 938 3528 995 Prte-
3570 1002 3575 1009 _

1948 1026 2090 1082 senti
2113 1041 2366 1083 sermone
2386 1026 2678 1098 Apostolus
2706 1026 3107 1083 conclusionem
3132 1014 3528 1083 facitomnium

1949 1134 2070 1190 qua:
2095 1121 2152 1175 in
2176 1120 2545 1191 superioribus
2568 1127 2969 1185 construxerat,
2998 1128 3054 1175 et
3073 1118 3207 1175 dicit
3230 1138 3242 1173 :
3268 1118 3327 1174 Si
3348 1128 3528 1175 autem

1950 1213 2148 1267 mortui
2194 1227 2381 1268 sumus
2420 1226 2545 1267 cum
2577 1211 2793 1267 Christo
2812 1251 2828 1277 ,
2872 1225 2972 1281 per
2997 1212 3115 1266 haec
3154 1208 3362 1265 scilicet
3409 1223 3530 1279 qua:

1950 1305 2199 1375 superius
2231 1304 2567 1360 ostendimus
2606 1303 2881 1360 credimus
2920 1310 2976 1359 et
3029 1302 3156 1372 quia
3184 1300 3532 1357 convivemus

1949 1394 2019 1450 ei.
2062 1393 2182 1449 Non
2208 1394 2387 1449 dixit:
2416 1402 2471 1450 et
2511 1394 2870 1460 conviximus,
2911 1394 3052 1449 sicut
3091 1393 3230 1447 dixit
3272 1410 3286 1446 :
3331 1394 3530 1446 mortui

1951 1501 2157 1550 sumus,
2194 1485 2325 1541 sed:
2354 1485 2722 1551 convivemus,
2759 1492 2821 1539 ut
2846 1484 3119 1548 ostendat,
3145 1482 3274 1553 quia
3301 1496 3448 1538 mors
3475 1482 3531 1536 in

1948 1576 2202 1647 praesenti
2224 1583 2501 1646 operatur,
2523 1575 2634 1629 vita
2658 1581 2840 1629 autem
2867 1574 2927 1629 in
2947 1573 3148 1638 futuro,
3175 1581 3304 1628 tunc
3326 1571 3533 1629 scilicet

1950 1680 2075 1720 cum
2099 1665 2349 1722 Christus
2375 1663 2757 1722 manifestatus
2780 1664 2968 1730 fuerit,
2993 1666 3084 1735 qui
3105 1671 3191 1719 est
3212 1666 3321 1718 vita
3344 1670 3530 1719 nostra

1953 1754 2269 1811 abscondita
2294 1757 2351 1810 in
2374 1756 2507 1811 Deo.
2573 1804 2577 1809 .

1940 1876 1945 1879 λ
2020 1845 2254 1901 Scientes
2283 1846 2424 1917 quod
2447 1844 2688 1901 Christus
2726 1863 2943 1918 surgens
2974 1864 3006 1901 a
3027 1845 3247 1900 mortuis
3278 1845 3397 1914 jam
3429 1860 3534 1897 non

1951 1938 2193 1991 moritur.
2235 1937 2443 2007 Duplex
2492 1937 2814 2008 intelligitur
2860 1936 3218 2001 resurrectio,
3271 1950 3383 1989 una
3425 1949 3534 2004 qua

1954 2037 2134 2085 mente
2178 2037 2237 2084 et
2270 2028 2375 2083 ﬁde
2414 2043 2539 2083 cum
2579 2027 2795 2084 Christo
2832 2045 2864 2083 a
2896 2028 3130 2084 terrenis
3176 2026 3532 2098 resurgimus,

1952 2129 2013 2175 ut
2068 2121 2310 2177 coelestia
2364 2122 2690 2192 cogitemus,
2748 2120 2961 2190 aliaque
3005 2118 3271 2191 generalis
3317 2118 3421 2173 erit
3475 2119 3530 2172 in

1953 2229 2137 2280 carne,
2180 2214 2295 2270 haec
2340 2214 2395 2268 in
2444 2215 2681 2270 secundo
2726 2214 2851 2279 erit,
2882 2213 2973 2268 illa
3019 2213 3072 2268 in
3109 2212 3285 2282 primo
3317 2208 3530 2265 Domini

1954 2306 2057 2363 fuit
2098 2308 2330 2366 adventu
2358 2350 2374 2376 ,
2422 2308 2625 2365 idcirco
2673 2308 2919 2365 absoluta
2973 2306 3244 2363 sententia
3297 2304 3539 2361 deﬁnivit

1953 2399 2260 2470 Apostolus,
2297 2398 2441 2469 quod
2468 2397 2717 2455 Christus
2748 2397 2860 2469 jam
2885 2413 2992 2454 non
3028 2403 3358 2462 moreretur,
3389 2404 3449 2450 ut
3474 2404 3529 2450 et

1954 2491 2011 2546 hi
2040 2492 2139 2560 qui.
2169 2491 2459 2546 convivent
2484 2492 2558 2558 ei,
2586 2492 2654 2547 de
2680 2491 2984 2547 aeternitate
3008 2490 3134 2545 vita:
3161 2489 3343 2544 securi
3365 2488 3498 2543 sint.

2028 2582 2173 2637 Mors
2197 2581 2277 2637 illi
2298 2582 2440 2637 ultra
2460 2600 2564 2637 non
2587 2582 2965 2637 dominabitur.
2995 2580 3181 2636 Potest
3206 2589 3389 2635 autem
3419 2580 3540 2649 quis

1956 2674 2390 2744 compendiosius
2416 2674 2469 2727 in
2497 2674 2584 2729 his
2608 2674 2809 2739 dicere,
2841 2672 2967 2743 quia
3001 2673 3091 2727 hic
3126 2680 3357 2728 mortem
3394 2686 3540 2726 com:

1956 2776 2174 2816 munem
2218 2762 2359 2817 hanc
2402 2762 2533 2817 dicit
2578 2770 2634 2818 et
2681 2755 2934 2829 mediam,
2981 2778 3088 2832 qua
3138 2771 3383 2818 mortuus
3431 2772 3538 2826 est,

1958 2854 2109 2929 sicut)
2148 2854 2291 2909 idem
2337 2853 2627 2924 Apostolus
2683 2854 2822 2910 dixit
2868 2854 3166 2910 secundum
3221 2854 3538 2924 scripturas,

1957 2955 2013 3003 et
2057 2947 2192 3003 nihil
2238 2948 2529 3003 absurdum
2576 2947 2770 3013 videri,
2814 2947 2860 3003 si
2910 2947 2957 3002 is
2984 2947 3075 3016 qui
3123 2946 3353 3001 formam
3398 2947 3540 3000 servi

1913 3090 1929 3112 ,
1961 3047 2292 3109 susceperat,
2333 3038 2669 3094 dominatum
2704 3037 2991 3109 pertulerit
3029 3037 3239 3100 mortis,
3269 3052 3389 3105 quae
3424 3037 3542 3091 sine

1886 3098 1931 3151 α
1962 3098 2136 3185 dubio-
2155 3098 2464 3185 dominatur
2502 3098 2757 3185 omnibus
2801 3129 2894 3198 qui
2934 3128 2991 3182 in
3029 3142 3194 3183 carne
3226 3098 3406 3198 positi,
3443 3128 3545 3183 sub

1962 3221 2146 3276 servili
2175 3220 2349 3277 forma
2382 3228 2696 3275 censentur.
2725 3218 2879 3275 Alius
2926 3232 3059 3274 vero
3097 3217 3190 3289 qui
3231 3215 3546 3286 profundio-

1965 3330 2081 3369 rem
2109 3314 2165 3368 in
2200 3314 2287 3370 his
2311 3312 2462 3368 Pauli
2498 3327 2717 3368 sensum
2748 3313 2803 3369 in
2827 3312 3027 3366 virtute
3065 3310 3287 3380 spiritus
3318 3318 3544 3365 contue-

1960 3413 2070 3472 tur,
2121 3406 2295 3462 dicit:
2342 3404 2478 3472 Quia
2528 3419 2679 3460 mors
2724 3404 2832 3468 hic,
2891 3403 2959 3458 de
2994 3417 3102 3472 qua
3136 3401 3347 3457 dixerat
3403 3400 3547 3470 quod

1960 3493 2103 3555 ultra
2124 3512 2227 3549 non
2245 3493 2604 3549 dominabitur
2631 3492 2874 3558 Christo,
2899 3490 2990 3547 ille
3023 3492 3140 3562 ipse
3168 3489 3548 3562 intelligendus

1962 3593 2046 3641 est
2086 3585 2413 3642 novissimus
2459 3584 2739 3649 inimicus,
2796 3584 2890 3654 qui
2938 3582 3167 3655 ﬁguram
3207 3581 3397 3637 habuit
3441 3582 3549 3635 ceti

1964 3676 2127 3744 illius,
2170 3677 2261 3747 qui
2314 3676 2673 3733 absorhuerat
2717 3674 2944 3742 Jonam,
2988 3676 3043 3730 in
3086 3689 3249 3747 quam
3293 3682 3546 3740 mortem,

1964 3776 2225 3838 tanquam
2252 3766 2420 3825 Jonas
2457 3769 2513 3824 in
2534 3775 2725 3824 ventre
2754 3768 2860 3823 ceti
2901 3767 3178 3838 ingressus
3207 3773 3309 3831 est,
3342 3766 3395 3821 in
3424 3781 3549 3821 eum

1965 3858 2175 3915 scilicet
2216 3859 2415 3926 locum,
2445 3875 2607 3930 quem
2644 3859 2883 3915 salvator
2922 3859 3036 3929 ipse
3062 3874 3158 3914 cor
3186 3867 3345 3914 terrm
3370 3860 3549 3914 nomi-

1965 3949 2135 4015 navit,
2164 3949 2218 4003 in
2256 3964 2365 4018 quo
2392 3956 2505 4004 tres
2534 3950 2649 4005 dies
2677 3957 2734 4004 et
2767 3958 2878 4004 tres
2915 3957 3101 4004 noctes
3129 3948 3374 4019 exemplo
3401 3948 3550 4005 Jonas

1966 4037 2208 4091 futurum
2245 4051 2367 4092 esse
2387 4036 2579 4094 Filium
2614 4037 2852 4093 hominis
2891 4037 3023 4092 dicit
3066 4036 3280 4109 (Matth.
3316 4037 3438 4108 xu),
3489 4046 3548 4092 ut

1966 4142 2062 4183 eos
2086 4127 2177 4196 qui
2207 4126 2339 4182 inibi
2376 4142 2407 4181 a
2440 4136 2618 4182 morte
2657 4128 3060 4192 detinebantur,
3093 4128 3375 4193 eximeret,
3406 4129 3549 4184 unde

1967 4225 2115 4272 recte
2143 4216 2430 4285 Apostolus
2479 4217 2532 4270 in
2560 4218 2813 4286 prtesenti
2862 4215 2984 4271 loco
3027 4207 3208 4271 dicit':
3254 4216 3381 4286 quia
3408 4232 3547 4271 mors

1965 4309 2017 4363 ei
2064 4308 2202 4362 ultra
2246 4324 2351 4362 non
2390 4307 2765 4362 dominabitur.
2828 4306 2949 4363 Non
3003 4308 3147 4363 enim
3208 4306 3348 4362 ultra
3401 4309 3550 4364 dabit

1967 4399 2316 4469 semetipsum
2346 4398 2401 4452 in
2423 4397 2847 4453 dominationem
2881 4398 3117 4468 tyranni,
3147 4413 3321 4468 neque
3348 4400 3545 4454 itermn

1967 4492 2243 4548 exinaniet
2262 4500 2349 4557 se,
2379 4499 2440 4545 ut
2478 4489 2707 4545 formam
2739 4490 2882 4545 servi
2919 4490 3169 4559 accipiat,
3195 4497 3252 4544 et
3291 4488 3387 4544 ﬁat
3424 4489 3549 4546 obe-

1969 4583 2124 4640 diens
2150 4597 2324 4653 usque
2374 4582 2441 4637 ad
2475 4588 2705 4636 mortem
2751 4578 2972 4651 (Philip.
3000 4578 3083 4651 ιι),
3132 4595 3200 4634 ne
3246 4580 3459 4633 rursum
3490 4580 3546 4634 in

1968 4675 2142 4730 forma
2174 4674 2338 4741 servi,
2376 4673 2623 4744 quamvis
2649 4671 2944 4737 voluntate,
2985 4680 3042 4727 ct
3078 4688 3185 4726 non
3221 4672 3549 4729 necessitate

1968 4770 2177 4840 positus
2204 4809 2219 4835 ,
2272 4766 2693 4823 dominationem
2740 4773 2948 4821 tantum
2989 4766 3203 4837 tyranni
3252 4766 3549 4836 mortisque

1970 4861 2229 4930 patiatur,
2266 4867 2322 4915 et
2359 4860 2464 4914 hoc
2500 4866 2585 4913 est
2622 4857 2767 4927 quod
2812 4856 2888 4912 ait
2914 4872 2933 4911 :
2959 4854 3113 4921 Quod
3133 4857 3271 4911 enim
3309 4866 3547 4912 mortuus

1970 4963 2045 5008 est
2066 4961 2295 5024 peccato,
2320 4960 2556 5006 mortuus
2581 4959 2655 5005 est
2676 4948 2853 5004 semel.

2044 5062 2197 5129 Quod
2223 5070 2396 5115 autem
2417 5061 2558 5125 vivit,
2583 5060 2701 5114 vivit
2718 5057 2849 5113 Deo.
2880 5057 3089 5114 Viverc'
3103 5069 3282 5115 autem
3308 5059 3437 5124 Deo,
3473 5059 3546 5113 ita

1972 5153 2375 5225 intelligendum
2418 5160 2519 5216 est,
2553 5151 2707 5220 quasi
2738 5150 2949 5221 expleto
2976 5167 3061 5217 eo,
3096 5152 3253 5222 quod
3288 5152 3341 5206 in
3371 5150 3546 5206 forma

1973 5244 2067 5299 Dei
2089 5243 2316 5313 positus,
2344 5240 2641 5295 exinanivit
2673 5240 3040 5311 semetipsum,
3071 5250 3126 5295 et
3154 5241 3377 5297 formam
3405 5241 3548 5296 servi

1971 5332 2201 5401 accepit,
2239 5338 2295 5385 et
2331 5328 2507 5384 factus
2551 5337 2635 5383 est
2669 5329 2928 5384 obediens
2968 5346 3140 5399 usque
3187 5330 3252 5385 ad
3295 5340 3543 5396 mortem,

1971 5438 2185 5478 rursum
2208 5428 2525 5494 permaneat
2552 5418 2604 5474 in
2643 5420 2816 5476 forma
2845 5421 2964 5487 Dei,
3003 5430 3165 5492 atque
3202 5421 3421 5490 :equalis
3447 5437 3546 5491 pa-

1973 5514 2065 5579 tri,
2096 5514 2237 5568 unde
2268 5513 2463 5567 merito
2501 5512 2554 5567 in
2591 5514 3043 5582 consequentibus
3071 5515 3242 5582 ponit,
3273 5514 3344 5568 ita
3374 5522 3428 5571 et
3451 5530 3548 5573 vos

1972 5606 2307 5670 existimate,
2343 5620 2438 5658 vos
2476 5605 2689 5673 quidem
2733 5614 3135 5669 mortuoscsse
3175 5613 3419 5672 peccato,
3463 5607 3548 5663 vi-

1974 5707 2164 5754 ventes
2204 5704 2384 5751 autem
2429 5697 2535 5751 Deo
2580 5697 2632 5751 in
2664 5696 2881 5751 Christo
2913 5694 3035 5749 Jcsu
3070 5695 3295 5750 Domino
3341 5710 3547 5767 nostro,
