3952 6440
453 278 555 344 405

1733 279 2086 336 SMARAGDI
2122 277 2414 336 ABBATIS

3602 277 3705 333 ‘04

450 420 560 477 quo
603 405 811 463 scilicet
852 392 1153 459 imitatione
1192 398 1392 456 Christi
1438 404 1662 470 peccato
1698 394 2021 459 moriamur,
2049 397 2103 456 Α
2196 392 2309 465 Ego
2349 403 2525 450 autem
2563 396 2681 450 dico
2720 395 2881 452 vobis.
2925 394 2985 450 1d
3020 402 3136 460 est,
3169 408 3273 466 ego
3313 406 3493 450 novus
3525 391 3709 460 homo,

454 497 611 554 alieni
640 498 710 553 ah
746 508 814 551 eo
850 492 1047 559 eﬁ‘ecti,
1085 500 1141 548 et
1170 492 1282 547 Deo
1307 492 1554 547 vivamus
1575 489 1864 559 iungentes
1904 501 2026 552 nos,
2126 485 2281 540 vobis
2303 487 2459 542 novis
2481 500 2621 541 nova
2652 486 2864 557 loquor.

452 597 507 644 et
529 602 671 642 unus
695 600 818 641 cum
842 585 961 654 ipso
981 584 1205 654 spiritus
1232 582 1382 638 facti.

519 676 608 732 fta
639 685 690 730 et
719 691 805 730 vos
839 675 1155 739 existimate,
1195 681 1301 729 etc.
1344 668 1449 740 Qui
1477 671 1623 727 enim
1669 670 1871 741 cogitat
1908 683 2026 723 mo-

449 767 679 820 riturum
722 779 780 819 se
820 778 941 818 esse
974 777 1083 818 non
1125 771 1348 833 peccat,
1395 761 1549 817 verbi
1597 761 1803 831 gratia,
1850 760 1897 814 si
1942 773 2030 813 me

448 855 880 925 concupiscentia
922 853 1166 908 mulieris
1206 854 1393 915 trahit,
1436 853 1482 907 si
1520 852 1752 922 argenti,
1798 850 1844 904 si
1888 850 2025 914 auri,

390 1005 398 1015 ο
447 948 494 1000 si
538 946 762 1015 przedia,
810 945 856 1000 si
903 945 1171 1015 cupiditas
1211 944 1405 1013 pulset,
1448 953 1505 999 et
1538 959 1734 1013 ponam
1771 944 1825 997 iu
1867 943 2029 997 corde

448 1050 593 1102 meo,
643 1038 790 1106 quod
838 1044 1084 1092 mortuus
1134 1051 1255 1091 sum
1299 1036 1356 1090 in
1400 1036 2029 1105 Christo,exstinguetur

449 1126 706 1180 continuo
750 1125 1185 1195 concupiscentia
1214 1133 1269 1179 et
1298 1123 1581 1196 eﬁ‘ugatur,
1611 1133 1891 1194 peccatum
1928 1138 2027 1178 ex-

450 1214 762 1283 stinguitur,
801 1213 954 1268 furor
980 1224 1180 1279 cessat,
1228 1215 1330 1280 ira,
1360 1214 1543 1270 odium
1588 1214 1947 1284 conquiescit,
1975 1220 2030 1267 et

449 1305 553 1359 hoc
596 1304 758 1358 modo
806 1304 928 1373 quis
973 1305 1112 1359 mori
1162 1304 1434 1359 invenitur
1476 1313 1698 1374 peccato
1750 1312 1805 1357 et
1846 1303 2029 1358 vivere

450 1396 577 1448 Deo.
625 1392 768 1459 Quid
816 1403 899 1447 est
944 1394 1106 1459 aliud,
1154 1396 1298 1464 quod
1347 1395 1521 1450 dicit:
1558 1393 1793 1448 Viventes
1820 1393 1927 1447 Deo
1971 1394 2028 1445 in

446 1484 656 1539 Christo
677 1482 829 1550 Iesu,
859 1486 965 1541 nisi
993 1487 1178 1541 vivere
1211 1488 1264 1541 in
1295 1488 1583 1558 sapientia,
1613 1488 1665 1541 in
1687 1486 1940 1554 ,justitia,
1972 1487 2026 1540 in

460 1592 613 1645 pace,
646 1577 701 1631 in
725 1576 1176 1643 sanctiﬁcatione,
1205 1593 1326 1647 qua:
1351 1579 1534 1632 omnia
1562 1578 1813 1633 Christus
1838 1578 1958 1631 est?

517 1667 628 1738 (Ea:
658 1666 915 1741 Primos.)
963 1667 1088 1724 Sive
1133 1670 1440 1724 existimate
1482 1684 1578 1723 vos
1622 1677 1864 1723 mortuos
1903 1682 2025 1722 esse

448 1766 688 1825 peccato,
713 1759 765 1813 id
796 1767 901 1824 est,
930 1760 1069 1814 sicut
1096 1768 1256 1828 caput
1283 1769 1523 1813 vestrum
1553 1759 1721 1814 semel
1762 1768 1846 1813 est
1874 1774 2022 1813 mor-
2052 1741 2099 1801 Β

447 1855 621 1913 tuum,
651 1849 729 1903 sic
747 1856 801 1902 et
820 1862 921 1903 vos
932 1849 1175 1904 membra
1200 1846 1690 1911 illius-eﬁ‘ectivitae,
1713 1848 1828 1917 ejus
1847 1862 2029 1901 exem-

445 1936 531 2004 pla
561 1938 878 2001 sectamini,
905 1946 967 1992 ut
989 1938 1125 1992 nihil
1154 1938 1316 1992 morti
1358 1937 1588 1992 ulterius
1622 1937 1883 2000 debeatis,
1924 1938 2026 1991 hoc

443 2032 549 2089 est,
575 2032 635 2079 ut
661 2026 717 2080 in
742 2026 897 2081 vobis
913 2025 1092 2081 locum
1120 2041 1268 2081 mors
1289 2026 1545 2082 sectanda
1571 2044 1677 2082 non
1708 2027 1916 2081 habeat.
1932 2026 2026 2081 ille

443 2121 626 2168 autem
674 2115 809 2170 vivit
853 2115 985 2180 Deo,
1035 2117 1128 2185 qui
1173 2116 1377 2173 Christi
1426 2119 1654 2189 vestigia
1700 2119 2023 2181 humilitate,

444 2205 892 2273 sanctiﬁcatione,
913 2208 1133 2277 pietate,
1157 2217 1415 2264 sectatur.

777 2354 1114 2395 EVANGELIUM
1155 2355 1437 2408 IIATTIIEI,
1478 2358 1596 2397 CAP.
1638 2350 1690 2395 i7.

519 2488 537 2521 ι
569 2472 739 2527 Amen
767 2490 923 2530 amen
950 2477 1071 2532 dico
1094 2478 1271 2543 vobis,
1302 2479 1405 2534 nisi
1434 2479 1789 2535 abundaverit
1813 2477 2021 2548 justitia

450 2586 467 2612 α
516 2576 694 2620 vestra
724 2568 846 2637 plus
867 2584 1030 2637 quam
1054 2570 1367 2626 Scribarum
1399 2580 1453 2627 et
1476 2572 2019 2636 Pharismorummon

452 2672 470 2703 ι
518 2657 793 2713 intrabitis
834 2659 890 2713 in
918 2676 1143 2730 regnum
1184 2662 1466 2717 cmlorum.
1500 2663 1741 2718 Audistis
1783 2664 1910 2733 quia
1937 2663 2021 2717 di-

450 2760 477 2798 r
515 2758 662 2804 ctum
694 2759 779 2805 est
803 2752 1041 2822 antiquis
1067 2772 1080 2808 :
1110 2753 1224 2810 Non
1255 2755 1487 2810 occides.
1522 2755 1622 2822 Qui
1660 2764 1838 2810 autem
1869 2758 2015 2811 occi-

450 2850 477 2889 ο
512 2840 674 2905 derit,
720 2857 845 2897 reus
887 2844 994 2899 erit
1043 2846 1266 2915 judicio.
1310 2846 1421 2916 Ego
1470 2857 1648 2901 autem
1692 2848 1814 2902 dico
1845 2849 2017 2913 vobis,

449 2948 467 2980 σ
511 2931 640 3001 quia
666 2934 842 2989 omnis
870 2935 961 3005 qui
993 2937 1249 2992 irascitur
1288 2938 1446 2993 fratri
1481 2954 1599 3002 suo,
1641 2954 1766 2993 reus
1792 2940 1898 2994 erit
1927 2939 2018 3007 ju-

446 3032 467 3069 t
512 3021 676 3076 dicio.
721 3020 838 3090 Qui
868 3034 1048 3080 autem
1088 3026 1284 3083 dixerit
1331 3025 1484 3082 fratri
1529 3043 1628 3082 suo
1671 3029 1854 3094 racha,
1895 3044 2021 3085 reus

446 3128 465 3161 ι
510 3110 615 3166 erit
656 3112 906 3169 concilio.
950 3114 1052 3183 Qui
1097 3126 1276 3173 autem
1323 3118 1522 3173 dixerit
1559 3118 1727 3184 fatue,
1757 3134 1885 3175 reus
1916 3121 2023 3175 erit

449 3214 478 3251 ι’
510 3202 769 3271 gehennae
795 3205 953 3276 ignis.
984 3206 1041 3262 Si
1063 3223 1192 3279 ergo
1211 3208 1377 3264 oﬁ‘ers
1411 3225 1605 3264 muuus
1636 3218 1787 3264 tuum
1828 3211 1896 3266 ad
1937 3210 2019 3264 al-

448 3307 477 3342 r
515 3301 651 3360 tare,
695 3302 751 3348 et
795 3296 869 3351 ibi
920 3300 1234 3355 recordatus
1279 3300 1472 3365 fueris,
1512 3302 1641 3370 quia
1683 3300 1857 3358 frater
1896 3311 2021 3358 tuus

449 3395 476 3432 ί
512 3383 673 3437 habet
719 3384 922 3455 aliquid
963 3388 1251 3444 adversum
1296 3399 1366 3452 te,
1418 3389 1660 3459 relinque
1703 3391 1776 3445 ibi
1826 3407 2021 3447 munus

449 3494 465 3518 ς
515 3480 666 3527 tuum
696 3481 825 3529 ante
853 3475 1046 3542 altare,
1074 3485 1129 3530 et
1154 3478 1291 3534 vade
1319 3480 1472 3547 prius
1498 3481 1835 3537 reconciliari
1863 3483 2018 3539 fratri

450 3579 467 3608 ‹
516 3570 629 3615 ιυο.
662 3562 731 3617 Et
760 3572 888 3619 tunc
912 3566 1136 3621 veniens
1171 3566 1369 3623 oﬁ‘eres
1397 3585 1595 3625 munus
1632 3580 1803 3625 tuum.
1851 3592 1872 3625 ι

515 3654 679 3708 Amen
718 3671 871 3710 auten
914 3656 1030 3710 dico
1077 3658 1239 3723 vobis,
1289 3661 1394 3714 uisi
1430 3661 1774 3716 abundaverit
1806 3663 2021 3733 justitia

446 3752 630 3809 tc'stra,
675 3743 795 3815 plus
822 3761 998 3816 quam,
1043 3755 1148 3803 etc.
1179 3746 1278 3821 (Ex
1303 3749 1556 3821 August.)
1601 3752 1714 3809 Hoc
1761 3762 1867 3821 est,
1914 3756 2019 3813 nisi

447 3848 551 3886 non
583 3832 758 3888 solum
794 3834 884 3888 illa
921 3837 1141 3892 minima
1182 3840 1317 3909 legis
1340 3850 1607 3912 praecepta
1647 3844 2018 3914 impleveritis,

444 3939 565 3991 quae
604 3924 863 3980 inchoant
901 3928 1196 3997 hominem,
1238 3933 1331 3987 sed
1356 3934 1520 3989 etiam
1563 3935 1687 4001 ista,
1720 3953 1841 4007 qua:
1871 3954 1901 3994 a
1934 3954 2022 3994 me

446 4013 736 4081 .-.dduntur,
767 4018 859 4086 qui
888 4034 994 4074 non
1023 4022 1142 4076 veni
1171 4023 1382 4080 solvere
1420 4024 1613 4096 legem,
1644 4028 1736 4082 sed
1772 4029 2019 4098 implere,

449 4119 553 4158 non
589 4104 863 4161 intrabitis
905 4108 961 4163 in
1002 4126 1224 4182 regnum
1267 4115 1548 4171 cmlorum.
1590 4115 1804 4172 Justilia
1832 4118 2021 4175 Phari-

445 4210 674 4250 s1corum
704 4205 809 4261 est,
841 4206 900 4252 ut
926 4216 1033 4254 non
1064 4202 1335 4267 occidant,
1361 4204 1572 4272 justitia
1598 4221 1787 4260 eorum
1817 4210 1907 4277 qui
1940 4212 2023 4265 iu-

448 4285 637 4340 traturi
681 4294 808 4341 sunt
847 4287 901 4341 in
947 4305 1174 4360 regnum
1202 4292 1297 4346 Dei
1337 4304 1436 4359 est,
1473 4304 1533 4349 ut
1566 4312 1674 4351 non
1713 4298 2023 4354 irascantur

448 4376 563 4429 sine
590 4392 775 4430 causa.
837 4376 1115 4436 Minimum
1146 4393 1231 4437 est
1254 4399 1383 4454 ergo
1422 4401 1529 4440 non
1561 4388 1825 4452 occidere,
1851 4398 1906 4443 et
1928 4391 2019 4458 qui

446 4471 572 4525 illud
596 4473 839 4540 solverit,
868 4476 1125 4532 minimus
1152 4479 1432 4535 vocabitur
1460 4480 1514 4534 in
1542 4497 1708 4551 regno
1733 4483 2015 4539 caelorum.

445 4564 547 4629 Qui
572 4574 753 4622 autem
783 4566 917 4622 illud
956 4568 1283 4639 impleverit,
1313 4587 1421 4626 non
1450 4573 1684 4637 occidat,
1714 4589 1820 4628 non
1848 4575 2021 4629 conti-

444 4672 552 4711 nuo
594 4673 825 4728 magnus
866 4659 991 4725 erit,
1029 4668 1084 4715 et
1126 4661 1349 4718 idoneus
1394 4680 1557 4734 regno
1599 4664 1885 4730 caelorum,
1926 4665 2021 4720 sed

446 4756 627 4804 tamen
661 4750 906 4805 ascendit
937 4751 1167 4822 aliquem
1196 4756 1442 4826 gradum.
1471 4756 1791 4811 Perﬁcictur
1817 4765 2017 4821 autem.

445 4839 493 4893 si
540 4854 649 4893 nou
706 4840 959 4896 irascitur
1002 4845 1120 4900 sine
1171 4861 1333 4901 causa
1360 4888 1374 4912 ,
1432 4848 1575 4916 quod
1621 4848 1665 4902 si
1711 4847 2017 4916 perfecerit,

449 4928 620 4984 multo
660 4930 919 4986 remotior
955 4934 1060 4988 erit
1099 4936 1167 4990 ab
1200 4937 1512 4992 homicidio.
1542 4935 1882 5007 Quapropter
1930 4940 2021 5009 qui

448 5022 607 5076 docet
634 5030 693 5076 ut
726 5040 831 5087 non
868 5024 1186 5091 irascamur,
1225 5043 1330 5083 non
1365 5026 1526 5080 solvit
1563 5027 1757 5097 legem,
1788 5044 1855 5083 ne
1881 5030 2024 5084 occi-

451 5119 661 5186 damus,
698 5120 791 5174 sed
830 5121 1012 5191 implet
1035 5123 1237 5191 potius,
1267 5129 1329 5175 ut
1365 5128 1420 5175 et
1449 5120 1596 5182 foris,
1627 5121 1751 5176 dum
1800 5137 1904 5178 non
1933 5138 2024 5178 oo-

449 5212 699 5278 cidimus,
731 5220 785 5267 et
818 5213 870 5267 in
907 5214 1088 5276 corde,
1122 5213 1250 5267 dum
1286 5224 1392 5263 non
1420 5209 1725 5276 irascimur,
1767 5212 2022 5268 innocen-

450 5305 581 5358 tiam
608 5306 995 5361 custodiamus.

518 5396 774 5462 Audistis,
810 5399 935 5469 quia
977 5394 1180 5446 dictum
1215 5399 1292 5444 est
1328 5393 1599 5463 antiquis:
1634 5393 1756 5449 Non
1798 5397 2019 5451 occides.

454 5486 555 5554 Qui
600 5502 773 5544 autem
822 5487 1097 5549 occiderit,
1149 5502 1268 5539 reus
1303 5486 1400 5538 erit
1428 5487 1653 5557 judicio.
1698 5488 1759 5543 ln
1787 5489 1903 5560 lege
1930 5505 2026 5544 au-

452 5584 559 5631 tem
589 5579 956 5647 judicabatur,
996 5583 1055 5629 ut
1094 5584 1146 5630 et
1186 5575 1277 5646 qui
1319 5577 1613 5644 occidebat,
1644 5587 1697 5633 et
1729 5579 1840 5648 ipse
1882 5581 2026 5635 occi-

452 5672 685 5724 deretnr.

2047 3079 2092 3142 C

2199 576 2339 642 Quia
2371 576 2536 631 omnis
2564 579 2653 647 qui
2691 576 2942 631 irascitur
2968 576 3127 646 fratri
3159 592 3287 641 suo,
3327 591 3450 630 reus
3488 576 3589 631 erit
3617 576 3713 645 ju-

2126 667 2284 720 dicio.
2320 664 2422 737 (Ex
2450 665 2702 736 August.)
2745 665 3048 722 Videndum
3072 673 3178 730 est,
3202 673 3466 735 quantum
3495 666 3711 722 intersit

2127 756 2271 811 inter
2292 755 2559 824 justitiam
2590 757 2986 812 Pharisaaorum
3016 764 3075 811 et
3099 756 3561 820 Christianorum,
3586 772 3710 826 qua:

2127 845 2422 900 introducit
2465 845 2522 900 in
2567 859 2792 915 regnum
2838 845 3121 900 cmlorum.
3174 842 3253 912 lbi
3302 847 3451 900 enim
3497 846 3705 901 occisia

2128 949 2278 989 reum
2309 934 2439 989 facit
2457 933 2684 1002 judicio.
2722 932 2825 989 Hic
2850 941 3029 989 autem
3058 934 3140 988 ira
3168 932 3707 1001 reumnihilominus

2128 1023 2260 1079 facit
2278 1023 2503 1092 judicio.

2197 1114 2301 1181 Qui
2335 1125 2507 1170 autem
2540 1115 2733 1170 dixerit
2765 1115 2921 1185 [ηυνξ
2958 1132 3056 1170 suo
3089 1116 3269 1179 raeha,
3296 1131 3417 1169 reus
3446 1114 3546 1167 erit
3585 1130 3708 1169 cott-

2126 1207 2267 1261 cilio.
2304 1207 2405 1278 (Ex
2433 1205 2677 1278 Hieron.)
2710 1206 2825 1262 Hoc
2857 1208 3078 1261 verbum
3110 1206 3328 1276 proprie
3354 1204 3703 1260 Hebraeorum

2125 1308 2229 1363 est,
2259 1310 2379 1384 ΠΡἾ
2402 1299 2587 1354 Racha
2627 1301 2769 1356 enim
2810 1300 3011 1355 dicitur
3040 1300 3207 1364 κενὸς,
3242 1299 3345 1353 hoc
3379 1305 3485 1362 est,
3531 1298 3707 1353 inanis

2124 1397 2181 1443 et
2222 1405 2469 1454 vacuus,
2527 1405 2688 1459 quem
2718 1405 2841 1444 .nos
2890 1406 3175 1459 possumus
3226 1389 3447 1459 vulgata
3508 1388 3700 1456 injuria

2123 1480 2315 1551 absque
2357 1482 2562 1534 cerebro
2603 1496 2935 1550 nuncupare.
2997 1480 3055 1534 Si
3106 1481 3173 1534 de
3227 1479 3407 1534 otioso
3455 1494 3706 1534 sermone

2126 1574 2386 1628 reddituri
2422 1591 2607 1629 sumus
2646 1576 2935 1637 rationem,
2965 1580 3169 1644 quanto
3207 1573 3378 1642 magis
3411 1573 3480 1626 de
3517 1580 3705 1625 contu-

2125 1664 2327 1718 melia?
2366 1664 2471 1718 Sed
2510 1673 2565 1718 et
2599 1666 2875 1733 signantcr
2913 1664 3149 1727 additur,
3188 1665 3278 1733 qui
3310 1662 3505 1717 dixerit
3550 1662 3709 1729 fratri

2124 1772 2222 1810 suo
2255 1757 2433 1809 rae/ta.
2478 1756 2671 1810 Frater
2706 1757 2847 1811 enim
2885 1764 3072 1811 noster
3112 1754 3291 1808 nullus
3333 1764 3438 1818 est,
3471 1755 3579 1808 nisi
3616 1753 3707 1823 qui

2125 1847 2372 1902 eumdem
2402 1848 2680 1902 nobiscum
2703 1848 2865 1901 habet
2890 1857 3132 1917 patrem;
3160 1862 3283 1901 cum
3302 1862 3433 1917 ergo
3454 1846 3711 1901 similiter

2124 1937 2313 1991 credat
2352 1938 2407 1991 in
2452 1936 2643 2000 Deum,
2681 1946 2736 1992 et
2773 1938 3046 1992 Christum
3088 1936 3185 1992 Dei
3230 1937 3442 1992 noverit
3491 1936 3712 2006 sapien-

2127 2026 2276 2091 tiam,
2304 2042 2408 2095 qua
2438 2028 2643 2081 ratione
2672 2027 2916 2101 stultitia:
2939 2027 3116 2098 elogio
3149 2028 3391 2083 denotari
3422 2028 3643 2096 potest?

2194 2114 2302 2186 (Ea:
2319 2114 2565 2184 August.)
2612 2114 2749 2182 Quid
2793 2116 3021 2170 interest
3044 2117 3185 2171 inter
3206 2132 3357 2171 reum
3379 2115 3622 2185 judicio,
3653 2123 3713 2172 et

2124 2221 2274 2261 reum
2299 2206 2548 2270 concilio,
2572 2213 2627 2261 et
2652 2221 2801 2260 reum
2826 2206 3081 2276 gehennae
3116 2207 3291 2276 ignis?
3312 2206 3448 2260 Nam
3473 2207 3580 2262 hoc
3609 2220 3714 2276 p0-

2122 2309 2380 2352 stremum
2403 2298 2777 2368 gravissimum
2800 2308 2976 2364 sonat,
2994 2302 3315 2355 etadmnnet
3329 2300 3532 2370 gradus
3548 2316 3715 2369 quos-

2122 2390 2244 2443 dam
2265 2388 2437 2444 factos
2466 2405 2496 2443 a
2515 2390 2805 2445 levioribus
2835 2391 2901 2444 ad
2928 2392 3198 2461 graviora,
3223 2391 3397 2447 donec
3424 2392 3494 2446 ad
3508 2392 3715 2462 gehen—

2122 2493 2245 2535 nam
2270 2481 2410 2550 ignis
2434 2482 2740 2536 veniretur:
2767 2490 2819 2535 et
2853 2482 2972 2537 ideo
3000 2483 3046 2536 si
3075 2482 3248 2537 levius
3271 2490 3379 2547 est,
3405 2498 3562 2538 reum
3584 2498 3713 2538 esse

2114 2570 2336 2640 judicio,
2355 2586 2515 2640 quam
2536 2586 2656 2626 esse
2676 2586 2825 2625 reum
2846 2571 3100 2637 concilio,
3125 2572 3255 2627 item
3277 2571 3453 2626 levius
3472 2580 3559 2626 est
3585 2586 3731 2627 esse‘

2121 2677 2275 2716 reum
2297 2662 2550 2728 concilio,
2573 2678 2735 2732 quam
2768 2680 2918 2719 reum
2948 2678 3067 2719 esse
3089 2665 3348 2734 gehennze
3371 2664 3534 2734 ignis,
3547 2680 3729 2735 ονομ-

2121 2762 2200 2808 tet
2224 2752 2395 2807 levius
2421 2768 2542 2807 esse
2592 2752 2922 2823 intelligatur
2970 2754 3129 2808 irasci
3158 2753 3275 2808 sine
3322 2768 3486 2809 causa
3525 2753 3710 2817 fratri,

2120 2856 2281 2916 quam
2323 2843 2504 2899 dicere
2542 2846 2739 2908 racha,
2786 2853 2841 2900 et
2875 2860 3086 2907 rursus,
3124 2843 3297 2898 levius
3344 2860 3466 2900 esse
3513 2844 3710 2903 racba.

2121 2947 2284 3004 quam
2319 2933 2502 2989 dicere
2539 2931 2708 2989 fatue.
2744 2933 2863 2988 Non
2901 2935 3049 2990 enim
3090 2941 3271 2988 reatus
3319 2933 3434 3002 ipse
3479 2933 3715 2989 haberet

2121 3024 2352 3095 gradus,
2392 3023 2497 3079 nisi
2535 3025 2802 3095 gradatim
2847 3024 3012 3080 etiam
3056 3030 3277 3094 peccata
3314 3037 3716 3080 commemora-

2124 3120 2332 3168 rentur.
2362 3111 2548 3169 Racba
2573 3114 2720 3168 enim
2744 3113 3032 3169 obscurum
3055 3122 3159 3179 est,
3189 3113 3316 3183 quia
3343 3127 3444 3168 nec
3456 3112 3727 3170 Gracuth

2122 3212 2207 3260 est
2235 3219 2336 3260 nec
2360 3203 2636 3270 Latinum,
2668 3205 2910 3260 nonnulli
2960 3213 3142 3261 autem
3171 3205 3237 3260 de
3265 3203 3456 3261 Graeco
3486 3205 3727 3262 trahere

2122 3292 2409 3349 voluerunt
2435 3291 2552 3361 ejus
2576 3293 3107 3364 interpretationem,
3129 3301 3387 3365 putantes
3411 3311 3728 3364 pannosum

2123 3384 2251 3446 dici,
2281 3383 2468 3439 Grmce
2502 3384 2646 3438 enim
2677 3398 2909 3451 pannus,
2943 3384 3139 3439 rachus
3168 3385 3388 3439 dicitur.
3438 3384 3710 3439 Probabi-

2122 3474 2227 3529 lius
2273 3481 2453 3529 autem
2504 3474 2705 3529 dicitur
2746 3487 2934 3528 vocem
2973 3490 3114 3539 esse,
3159 3489 3265 3530 non
3310 3474 3709 3544 signiﬁcantem

2122 3560 2324 3632 aliquid
2361 3562 2526 3625 aliud,
2557 3562 2661 3616 nisi
2698 3563 3032 3632 indignantis
3071 3562 3239 3617 animi
3283 3572 3487 3617 motum
3523 3565 3713 3635 expri-

2121 3659 2377 3716 mentem,
2416 3660 2478 3706 ut
2512 3661 2637 3706 sunt
2669 3652 2810 3721 apud
2843 3653 3229 3723 grammaticos
3272 3638 3706 3724 interjéctiones,

2122 3764 2248 3807 cum
2287 3752 2486 3807 dicitur
2526 3767 2556 3805 a
2594 3752 2825 3815 dolente,
2865 3752 2987 3816 heu,
3026 3752 3110 3807 vel
3140 3753 3210 3808 ab
3240 3752 3532 3819 irascente,
3559 3754 3707 3819 hem,

2122 3858 2242 3914 quze
2267 3858 2428 3900 voces
2460 3860 2797 3915 quarumque
2827 3846 3132 3918 linguarum
3160 3856 3285 3903 sunt
3308 3850 3575 3918 propria,
3604 3864 3709 3904 nec

2126 3934 2179 3987 in
2221 3933 2380 3988 aliam
2422 3934 2656 4005 linguam
2703 3933 2859 3990 facile
2890 3936 3323 4004 transferuntur;
3363 3952 3485 4007 qua:
3539 3955 3723 3995 causa-

2124 4024 2309 4093 utique
2338 4026 2516 4094 coegit
2552 4032 2661 4079 tam
2689 4025 2935 4082 Graecum
2965 4026 3337 4098 interpretem,
3367 4044 3530 4099 quam
3557 4028 3708 4084 Lati-

2122 4131 2251 4170 num
2276 4129 2462 4169 vocem
2495 4116 2666 4184 ipsam
2686 4132 2909 4184 ponere,
2933 4133 3055 4172 cum
3081 4117 3349 4187 quomodo
3379 4132 3498 4172 eam
3538 4118 3711 4172 inter-

2123 4215 2446 4275 pretaretur,
2468 4222 2572 4260 non
2598 4208 2883 4262 inveniret.
2901 4207 3113 4264 Gradus
3138 4209 3320 4278 itaque
3349 4217 3475 4263 sunt
3501 4209 3554 4263 in
3587 4209 3727 4263 istis'

2123 4297 2382 4365 peccatis,
2412 4305 2471 4350 ut
2497 4297 2671 4367 primo
2693 4298 2919 4367 quisque
2949 4299 3239 4362 irascatur,
3268 4306 3322 4351 et
3350 4313 3471 4354 eum
3500 4306 3706 4353 motum

2130 4389 2360 4443 retineat
2396 4390 2557 4443 corde
2591 4398 2931 4459 conceptum.
2977 4390 3097 4445 iam
3125 4390 3169 4444 si
3196 4390 3489 4444 extorserit
3515 4405 3706 4445 vocem

2130 4482 2477 4552 indignantis,
2522 4481 2634 4549 ipsa
2672 4482 2963 4537 commotio
3012 4497 3119 4536 non
3166 4481 3559 4549 signiﬁcantem
3609 4482 3708 4536 ali-

2130 4573 2280 4642 quid,
2341 4572 2435 4626 sed
2477 4572 2626 4627 ilium
2674 4573 2839 4628 animi
2889 4581 3092 4627 motum
3139 4574 3253 4642 ipsa
3305 4574 3587 4644 eruptione
3630 4582 3706 4627 ted

2130 4671 2360 4719 stantem
2426 4680 2530 4737 qua
2578 4665 2804 4720 feriatur
2850 4665 2940 4721 ille
2980 4666 3066 4722 cui
3104 4666 3411 4730 irascimur,
3456 4665 3579 4736 plus
3624 4675 3709 4720 est

2129 4757 2315 4826 utique
2360 4771 2518 4825 quam
2573 4758 2617 4811 si
2665 4774 2892 4827 surgens
2942 4758 3020 4812 ira
3080 4758 3295 4812 silentio
3340 4765 3700 4827 premeretur.

2132 4846 2188 4902 Si
2233 4864 2362 4903 vero
2397 4865 2500 4903 non
2549 4849 2720 4903 solum
2768 4866 2870 4903 vox
2918 4849 3249 4922 indignantis
3292 4848 3562 4911 audiatur,
3610 4848 3704 4902 sed

2124 4940 2287 4995 etiam
2328 4939 2552 4993 verbum
2601 4940 2744 5010 quod
2778 4937 2892 5008 jam
2941 4948 3145 4993 certam
3194 4938 3311 5007 ejus
3355 4939 3705 5008 vituperatio-

2127 5046 2271 5093 nem,
2324 5029 2378 5085 in
2429 5045 2591 5100 quem
2638 5029 2934 5099 profertur,
2983 5031 3224 5101 designet
3278 5038 3334 5084 et
3375 5037 3548 5091 notct,
3585 5028 3704 5098 quis

2127 5120 2338 5176 dubitet
2374 5120 2605 5190 amplius
2647 5121 2751 5177 hoc
2802 5138 2942 5187 esse,
2988 5138 3150 5192 quam
3194 5122 3239 5175 si
3276 5118 3424 5175 solus
3461 5119 3705 5189 indigna-

2127 5214 2292 5268 tionis
2341 5228 2505 5268 souus
2540 5214 2827 5269 ederetur?
2869 5214 3055 5284 Itaque
3102 5214 3155 5267 in
3186 5214 3362 5285 primo
3396 5228 3564 5267 unum
3599 5219 3703 5268 est.

2133 5305 2185 5360 id
2210 5314 2315 5370 est,
2353 5305 2430 5359 ira
2472 5304 2607 5369 sola,
2636 5304 2692 5357 in
2730 5304 2965 5359 secundo
2995 5304 3117 5367 duo,
3147 5312 3204 5359 et
3237 5304 3319 5359 ira
3355 5311 3412 5357 et
3436 5318 3562 5365 vox,
3590 5315 3706 5369 quae

2132 5399 2269 5452 iram
2299 5397 2588 5470 signiﬁcat,
2615 5405 2670 5453 et
2707 5398 2762 5451 in
2792 5413 2924 5452 voce
2959 5396 3073 5467 ipsa
3104 5403 3265 5451 certae.
3295 5392 3713 5464 vituperationis

2132 5488 2566 5558 cxpressioNrde
2580 5502 2723 5541 nunc
2749 5487 2911 5541 etiam
2932 5494 3044 5540 tres
3064 5495 3243 5540 reatus
3265 5483 3453 5552 judicii
3470 5481 3704 5544 concilii,

2131 5581 2391 5650 gehenute
2436 5579 2593 5649 ignis.
2626 5578 2759 5632 Nam
2798 5578 3001 5648 judicio
3030 5577 3205 5631 adhuc
3225 5575 3526 5631 defensioni
3550 5574 3707 5628 datur

2132 5671 2297 5726 locus.
2332 5670 2388 5724 In
2418 5671 2645 5724 concilio
2683 5678 2860 5724 autem
2889 5685 3193 5739 quanquam
3226 5678 3279 5723 et
3299 5666 3567 5737 judicium
3590 5680 3706 5722 esse
