3952 6468
244 310 367 367 ρι’ξδ

1095 303 1608 361 COLLECTION‘ES
1639 306 1706 359 IN
1748 305 2123 365 EPISTOLAS
2154 310 2243 367 ET
2280 312 2690 373 EVANGELIA.
2760 281 2766 286 ’

3402 323 3508 381 806

243 423 455 487 soleat,
492 427 675 476 tamen
713 418 840 491 quia
880 418 1142 474 interesse
1172 419 1376 489 aliquid
1401 420 1505 476 hoc
1528 418 1647 475 loco
1679 416 1838 473 fateri
1866 420 1919 480 Α
1948 436 1967 470 ι
2011 419 2147 475 Nam
2181 421 2306 480 finis
2347 425 2559 483 illorum
2600 442 2749 484 mors
2791 436 2895 485 est.
2937 429 3091 489 Nunc
3128 447 3260 488 vero
3299 433 3511 492 liberati

246 514 411 582 Cogit-
449 511 563 580 ipsa
608 507 899 572 distinctio,
945 507 1190 562 videatur
1236 507 1304 563 ad
1349 508 1637 563 concilium
1668 508 1838 578 perti-

249 622 392 660 nere
427 605 712 660 sententite
747 601 1000 673 prolatio,
1026 601 1242 671 quando
1280 617 1385 656 non
1407 601 1520 670 jam
1551 618 1672 657 eum
1717 602 1835 674 ipso

251 716 356 754 ιεο
382 698 585 768 agitur,
616 704 796 750 utrum
826 694 1163 749 damnandus
1198 693 1289 758 sit,
1326 693 1420 749 sed
1464 694 1605 750 inter
1631 710 1713 760 se,
1741 694 1834 766 qui

242 788 519 859 indicant,
564 785 866 847 conferunt,
910 798 1018 853 quo
1068 782 1329 852 supplicio
1376 784 1620 838 damnari
1674 800 1835 854 opor-

251 887 390 941 teat,
424 893 585 948 quem
627 882 839 931 constat
861 890 980 930 esse
1008 874 1391 929 damnandum.
1425 872 1681 929 Gehenna
1703 890 1833 931 vero

250 973 422 1043 ignis,
466 980 567 1026 nec
615 967 1014 1024 damnationem
1053 965 1219 1020 habet
1265 965 1515 1030 dubiam,
1567 966 1707 1020 sicut
1744 963 1831 1035 jn-

249 1064 485 1127 dicium,
527 1075 629 1115 nec
668 1058 905 1113 damnati
948 1072 1191 1126 poenam,
1233 1056 1375 1111 sicut
1419 1056 1728 1122 concilium,
1775 1056 1828 1111 in

246 1155 502 1225 gehenna
541 1151 844 1221 veroiignis
878 1156 1026 1204 certa
1061 1158 1146 1204 est
1181 1156 1236 1204 et
1261 1149 1554 1214 damnatio,
1590 1158 1646 1204 et
1668 1163 1829 1219 poma

246 1245 523 1302 damnati.

325 1335 583 1390 Cebenna
626 1349 821 1389 nomen
861 1332 1216 1403 compositum
1257 1338 1358 1396 est,
1387 1342 1500 1391 om
1534 1339 1647 1393 κνᾷ.
1700 1330 1822 1388 Fuit

242 1425 399 1481 enim
429 1424 583 1478 vallis
608 1422 840 1479 filiorum
868 1422 1059 1477 Ennon
1094 1421 1244 1491 juxta
1273 1420 1591 1485 Jerusalem,
1634 1422 1689 1476 in
1719 1437 1823 1492 qua

244 1515 422 1569 multa
439 1515 659 1584 jacuere
684 1513 948 1568 cadavera
976 1520 1329 1577 mortuorum,
1364 1511 1505 1566 unde
1531 1520 1585 1566 et
1612 1511 1823 1566 interno

242 1606 509 1675 gehennte
534 1602 785 1673 congruit
807 1617 1024 1657 nomen.

1943 528 1963 561 ‹
2006 526 2038 565 a
2070 520 2316 583 peccato,
2343 518 2487 572 servi
2512 526 2691 574 autem
2723 520 2851 576 facti
2879 520 3010 589 Deo,
3041 522 3253 580 habetis
3277 523 3514 583 fructum

1942 616 1960 649 ς
2004 608 2244 655 vestrum
2292 601 2346 656 in
2397 605 2912 674 sanctiﬁcationem,
2964 608 3301 669 ﬁnem'vcro
3347 615 3515 670 vitam

1939 707 1958 740 ι
2002 697 2281 745 aeternam.
2341 692 2617 763 Stipendia
2672 698 2815 751 enim
2855 701 3065 769 peccati
3110 718 3284 766 mors,
3338 705 3513 774 gratia

1938 797 1957 830 ε
2001 787 2183 836 autem
2210 783 2306 839 Dei
2352 784 2463 839 vita
2506 793 2733 853 acterna,
2778 789 2832 843 in
2859 789 3077 847 Christo
3119 791 3245 849 Iesu
3282 794 3523 851 Domino:

1937 889 1956 922 1
2000 880 2208 927 ηοειΐο.
2259 892 2281 926 ἱ

2003 958 2309 1015 Humanum
2332 961 2448 1016 dico
2477 973 2687 1035 propter
2710 966 3069 1036 inﬁrmztatem
3098 971 3271 1026 carnis
3301 983 3519 1030 vestrm.

1929 1053 2077 1110 Sicut
2096 1056 2232 1110 enim
2255 1056 2560 1112 exhibuistis
2593 1060 2822 1113 membra
2856 1070 3021 1115 vestra
3045 1063 3235 1118 servire
3275 1066 3506 1121 immun—

1927 1146 2072 1201 dititc
2111 1155 2159 1202 et
2197 1148 2466 1218 iniquitati
2496 1150 2565 1203 ad
2606 1150 2953 1222 iniquitatem,
2996 1154 3071 1207 ita
3102 1171 3240 1209 nunc
3278 1157 3509 1214 exhibete

1924 1239 2156 1293 membra
2201 1250 2367 1295 vestra
2411 1243 2606 1296 servire
2643 1243 2871 1312 justitia:
2913 1244 2966 1297 in
3014 1247 3504 1315 sancti/irationem.

1926 1327 2027 1400 (Ex
2056 1330 2230 1402 Orig.)
2256 1330 2522 1386 Pudorcm
2553 1334 2840 1403 quemdam
2867 1349 2966 1404 per
2991 1335 3111 1391 hmo
3148 1338 3341 1392 incutit
3359 1338 3508 1409 Ape-

1923 1418 2093 1474 stolus
2127 1420 2486 1486 auditoribus,
2517 1430 2577 1476 ut
2599 1423 2702 1478 hoc
2736 1423 2929 1480 saltem
2956 1425 3258 1496 dependant
3281 1428 3506 1498 justitire

1923 1515 1979 1562 ct
2013 1508 2448 1575 sanctificationi,
2481 1509 2625 1580 quod
2653 1511 2805 1581 prius
2841 1512 3214 1579 immunditiae,
3247 1515 3503 1585 iniquita-

1924 1597 2071 1668 tique
2119 1597 2447 1653 detulerunt.
2525 1598 2661 1666 Quid
2710 1616 2839 1672 ergo
2884 1610 2995 1657 tam
3031 1602 3324 1658 humanum
3351 1644 3367 1671 ,
3400 1607 3504 1663 hoe

324 1695 382 1750 Si
418 1712 537 1765 ergo
578 1695 736 1763 o/fers
776 1710 965 1747 munus
995 1702 1141 1746 tuum
1178 1701 1314 1751 ante.
1338 1691 1527 1757 altare,
1555 1702 1604 1746 et
1638 1692 1710 1746 ibi
1742 1708 1823 1747 re-
1847 1760 1886 1765 _
1919 1692 2025 1750 est,
2063 1686 2191 1757 quid
2222 1694 2329 1741 tam
2360 1686 2497 1754 leve,
2529 1687 2657 1758 quid
2707 1699 2815 1744 tam
2859 1692 2977 1747 sine
3024 1706 3209 1761 onere,
3258 1702 3313 1748 et
3357 1695 3501 1765 quod

241 1760 497 1840 cordatus
522 1760 707 1855 {ue-ris,
738 1785 863 1856 quia
891 1784 1057 1853 frater
1081 1793 1200 1838 tuus
1227 1783 1377 1838 habet
1408 1782 1608 1853 aliquid
1636 1784 1820 1838 adver-
1846 1760 1894 1820 Β
1921 1776 2065 1830 nulla
2127 1792 2351 1847 prorsus
2403 1780 2577 1848 possit
2630 1781 2810 1836 carnis
2867 1782 3157 1856 infirmitas
3198 1760 3504 1842 excusare?

243 1894 365 1931 sum
390 1886 459 1941 te,
488 1877 717 1948 relinque
746 1876 816 1930 ibi
844 1891 1033 1929 munus
1061 1883 1209 1929 tuum
1237 1884 1356 1929 ante
1378 1873 1564 1939 altare,
1581 1884 1686 1930 etc.
1718 1874 1820 1945 (Ex

1920 1867 2088 1923 multo
2127 1869 2271 1925 enim
2314 1870 2564 1941 amplius,
2603 1882 2657 1927 ει
2686 1873 2856 1929 multo
2898 1874 3158 1931 intentius
3186 1877 3500 1934 honoranda

244 1967 497 2038 llieron.)
538 1966 655 2022 Non
699 1967 853 2030 dixit,
900 1965 945 2021 si
990 1973 1049 2019 tu
1098 1965 1265 2020 habes
1299 1965 1502 2035 aliquid
1536 1967 1821 2021 adversum
1912 1959 2125 2029 iustitia
2153 1970 2254 2017 est.
2288 1962 2396 2018 Sed
2423 1980 2542 2036 ego,
2574 1965 2766 2035 inquit,
2798 1967 3034 2023 humane
3063 1976 3120 2024 et
3141 1969 3499 2025 communiter

242 2056 473 2112 fratrem
511 2064 681 2119 tuum,
718 2055 811 2110 sed
849 2055 894 2110 si
936 2054 1105 2108 frater
1136 2064 1260 2109 tuus
1290 2054 1452 2109 habet
1492 2054 1691 2124 aliquid
1720 2054 1818 2110 ad-

242 2163 465 2203 versum
496 2154 567 2212 te,
601 2155 661 2201 ut
687 2144 877 2201 durior
901 2143 1358 2199 reconciliationis
1385 2143 1480 2199 tibi
1515 2144 1821 2214 imponatur

242 2240 563 2294 necessitas.
613 2237 859 2305 Quandiu
890 2251 1021 2307 ergo
1059 2235 1208 2291 illum
1234 2235 1453 2305 placare
1495 2250 1601 2289 non
1629 2250 1819 2304 possu-

240 2346 391 2394 mus,
420 2329 604 2385 nescio
625 2344 692 2383 an
717 2334 1109 2397 consequenter
1144 2342 1367 2381 munera
1402 2336 1586 2381 nostra
1618 2325 1816 2381 olfcra-

244 2436 369 2474 mus
395 2418 529 2473 Deo.

317 2511 483 2565 Docet
521 2509 705 2578 utique
743 2524 867 2563 eum
890 2508 979 2578 qui
1021 2508 1073 2562 in
1098 2507 1318 2563 fratrem
1351 2507 1685 2577 impacilicus
1707 2515 1812 2574 est,

242 2600 399 2669 pacis
423 2599 652 2653 hostiam
672 2597 818 2666 juste
845 2598 1075 2653 Domino
1101 2596 1294 2654 olferre
1320 2613 1426 2653 non
1454 2612 1635 2668 posse.

318 2687 426 2757 (Ex
461 2686 707 2757 August.)
741 2686 798 2742 Si
835 2687 890 2741 in
922 2695 1155 2742 mentem
1182 2687 1409 2751 venerit,
1443 2688 1586 2758 quod
1613 2687 1816 2758 aliquid

243 2779 443 2834 habeat
466 2778 750 2834 adversum
778 2793 878 2833 nos
907 2778 1096 2843 frater,
1124 2779 1176 2834 id
1205 2786 1310 2844 est,
1337 2779 1386 2832 si
1429 2794 1531 2834 nos
1556 2794 1680 2835 eum
1714 2780 1815 2835 ali-

240 2883 353 2938 quo
396 2868 662 2934 laesimus,
698 2876 829 2924 tunc
859 2869 1005 2925 enim
1050 2869 1167 2939 ipse
1201 2868 1363 2924 habet
1397 2868 1656 2925 adversus
1693 2885 1812 2937 nos,

243 2976 372 3016 nam
400 2975 498 3016 nos
526 2961 784 3017 habemus
813 2960 1100 3017 adversum
1130 2960 1302 3026 illum,
1333 2959 1379 3015 si
1407 2960 1500 3016 ille
1528 2976 1627 3016 nos
1653 2961 1812 3027 laesit,

243 3053 339 3107 ubi
364 3067 469 3107 non
497 3067 631 3122 opus
655 3059 739 3107 est
772 3066 1000 3122 pergere
1036 3051 1106 3106 ad
1133 3050 1647 3108 reconciliationem.
1693 3050 1811 3109 Non

242 3145 389 3198 einim
426 3113 637 3198 veniam
674 3113 973 3213 posiulavbis
1011 3143 1080 3198 ab
1110 3158 1197 3209 eo,
1233 3142 1324 3213 qui
1362 3142 1460 3198 tibi
1486 3141 1619 3198 fecit
1674 3143 1815 3214 inju-
1839 3113 1884 3177 Ο

244 3238 406 3301 riam,
439 3236 534 3291 sed
574 3244 781 3291 tantum
814 3236 1064 3302 dimittis,
1094 3237 1239 3292 sicut
1272 3237 1369 3292 tibi
1406 3252 1438 3292 a
1469 3237 1696 3293 Domino
1730 3238 1815 3295 di-

243 3327 388 3380 mitti
422 3326 605 3396 cupis,
645 3327 788 3396 quod
817 3327 932 3396 ipse
959 3328 1319 3382 commiseris.
1362 3327 1699 3400 Pergendum
1730 3337 1817 3386 est

240 3433 371 3490 ergo
400 3418 468 3472 ad
497 3418 987 3474 reconciliationem
1009 3460 1024 3484 ,
1066 3435 1193 3475 cum
1227 3420 1284 3476 in
1316 3429 1552 3476 mentem
1581 3421 1808 3485 venerit,

242 3512 386 3580 quod
421 3526 518 3566 nos
548 3510 689 3567 forte
725 3509 948 3567 fratrem
989 3511 1043 3566 in
1073 3511 1252 3582 aliquo
1286 3511 1543 3569 lmsimus.
1579 3513 1813 3584 Pergen-

239 3601 370 3654 dum
423 3608 603 3656 autem
654 3616 762 3657 non
814 3601 1039 3672 pedibus
1092 3602 1372 3671 corporis,
1436 3603 1531 3658 sed
1576 3604 1813 3659 motibus

241 3691 428 3756 animi,
474 3699 535 3746 ut
582 3700 634 3746 te
679 3691 870 3747 humili
919 3691 1114 3746 all'cetu
1158 3700 1471 3761 prosternas
1523 3692 1701 3759 fratri,
1745 3695 1813 3750 ad

238 3796 403 3853 quem
444 3782 608 3837 chara
652 3782 980 3854 cogitatione
1036 3783 1372 3850 cucurreris,
1421 3785 1474 3839 in
1518 3786 1835 3855 conspectu'

240 3873 377 3943 ejus,
408 3872 493 3928 cui
520 3887 715 3928 munus
743 3872 1023 3928 oblaturus
1049 3887 1128 3929 es.
1171 3872 1520 3943 Spiritaliter,
1553 3876 1811 3944 templum

241 3971 488 4019 nostrum
534 3963 758 4020 interior
803 3964 965 4020 homo
1003 3972 1113 4029 εει,
1167 3964 1340 4021 altare
1385 3965 1540 4032 fides,
1590 3982 1809 4033 munus,

241 4057 544 4127 prophetia,
579 4057 843 4123 doctrina,
886 4060 1078 4124 oratio,
1110 4060 1356 4131 hymnus,
1388 4061 1647 4131 psalmus,
1680 4069 1735 4117 et
1763 4061 1810 4117 si

240 4149 371 4217 quid
409 4149 514 4203 tale
541 4149 686 4205 aliud
721 4151 1044 4221 spiritalium
1075 4152 1340 4208 donorum
1379 4153 1582 4222 aliquid
1621 4168 1813 4209 occur-

243 4241 395 4295 rerit.
425 4241 503 4296 Ita
547 4242 689 4296 enim
738 4243 900 4298 etiam
944 4244 991 4298 si
1035 4258 1272 4314 praesens
1316 4244 1405 4310 sit,
1452 4245 1656 4313 poteris
1684 4261 1811 4301 eum

244 4350 349 4388 non
391 4336 640 4392 simulato
676 4339 855 4393 animo
900 4338 1067 4393 lenire
1103 4345 1264 4409 atque
1304 4339 1358 4393 in
1397 4340 1626 4410 gratiam
1656 4354 1811 4397 revo-

244 4442 389 4492 care,
428 4429 636 4483 veniam
676 4431 1013 4501 postulando,
1058 4431 1103 4486 si
1141 4430 1245 4486 hoc
1284 4431 1435 4501 prius
1481 4446 1665 4486 coram
1699 4432 1811 4487 Deo

243 4519 459 4586 feceris,
488 4536 716 4592 pergens
755 4523 823 4578 ad
848 4538 973 4577 eum
1008 4538 1114 4578 non
1157 4523 1313 4595 pigro
1352 4531 1502 4578 motu
1537 4523 1806 4593 corporis,

244 4613 338 4668 sed
387 4621 443 4668 et
487 4613 768 4669 celerrimo
829 4614 1135 4669 dilectionis
1198 4614 1421 4681 all‘ectu,
1473 4622 1636 4685 atque
1685 4615 1812 4671 inde

244 4706 487 4770 veniens,
533 4705 588 4759 id
626 4714 730 4772 εει,
776 4706 1128 4762 intentionem
1177 4722 1442 4764 revocans
1472 4708 1542 4763 ad
1586 4708 1639 4763 id
1668 4708 1812 4779 quod

245 4809 403 4866 agere
429 4809 691 4865 cmperas,
723 4794 918 4852 oll'eres
940 4811 1136 4850 munus
1172 4805 1344 4851 tuum.

409 4926 826 4986 HEBDOMADA
863 4927 976 4984 Vill
1009 4926 1183 4984 POST
1218 4927 1642 4985 PENTECOST.

248 5055 436 5096 LECTIO
471 5054 630 5094 ΒΕΑΊΊ
669 5054 829 5095 PAULI
868 5054 1126 5095 ΑΡοετοιι
1163 5056 1232 5094 ΑΙ)
1270 5055 1537 5107 ROHANOS,
1576 5056 1696 5096 CAP.
1736 5057 1811 5096 Vl.

323 5171 340 5202 ι
388 5152 690 5207 Humanum
719 5153 841 5207 dico
866 5159 1087 5223 propter
1115 5151 1484 5208 infirmitatem
1514 5153 1696 5208 carnis
1721 5167 1815 5209 ve-

252 5260 272 5294 ‹
315 5250 460 5297 strac.
493 5240 647 5296 Sicut
678 5243 822 5296 enim
852 5242 1177 5297 exhibuistis
1208 5244 1449 5297 membra
1474 5250 1655 5297 vestra
1693 5258 1814 5300 ser-

253 5349 272 5382 c
314 5331 426 5384 vire
464 5330 817 5386 immunditize
857 5338 912 5386 et
947 5330 1219 5400 iniquitati
1248 5332 1318 5386 ad
1345 5330 1707 5399 iniquitatem,
1735 5332 1812 5387 ita

250 5443 279 5473 ι
314 5436 458 5475 nunc
490 5420 740 5475 exhibete
768 5422 1010 5475 membra
1046 5429 1227 5476 vestra
1264 5422 1473 5477 servire
1491 5421 1716 5489 justitia:
1756 5424 1812 5479 in

249 5530 271 5563 ι
311 5510 814 5566 sanetilicalionem.
861 5510 997 5566 Cum
1020 5512 1164 5566 enim
1193 5514 1336 5568 servi
1366 5512 1561 5568 essetis
1581 5515 1809 5581 peccati,

246 5619 267 5653 ι
309 5600 466 5657 liberi
503 5600 679 5655 fuistis
709 5598 955 5669 justitize.
988 5600 1158 5667 Quem
1196 5618 1326 5675 ergo
1355 5602 1590 5659 fructum
1627 5603 1816 5661 habui-

250 5710 277 5745 ι
306 5695 404 5751 stis
467 5702 594 5746 tunc
647 5692 701 5745 in
745 5691 882 5756 illis,
929 5693 982 5745 in
1030 5693 1226 5760 quibus
1273 5712 1414 5751 nunc
1458 5694 1813 5753 erubescitis?

1919 2068 2043 2123 ago,
2071 2054 2261 2109 eadem
2290 2056 2522 2124 postulo,
2566 2057 2760 2113 similia
2794 2045 3012 2129 requiro
3040 2078 3054 2114 :
3080 2062 3279 2117 dudum
3311 2079 3497 2119 curre-

1917 2147 2052 2202 bant
2086 2148 2253 2217 pedes
2287 2148 2454 2203 vestri
2486 2150 2554 2205 ad
2597 2150 2901 2208 dmmonum
2947 2153 3166 2224 templa,
3196 2171 3341 2211 nunc
3378 2171 3500 2210 cur—
3592 2172 3595 2175 λ

1920 2247 2043 2293 rant
2080 2239 2149 2294 ad
2186 2240 2485 2295 Ecclesiam
2529 2242 2644 2309 Dei,
2687 2245 2981 2302 currebant
3019 2248 3171 2318 prius
3212 2248 3280 2303 ad
3330 2248 3499 2304 ellun-

1917 2330 2172 2397 dendum,
2198 2347 2343 2409 nunc
2386 2333 2452 2387 ad
2483 2334 2821 2391 liberandum
2868 2339 3187 2407 sanguinem
3234 2348 3489 2405 currant;

1915 2423 2379 2491 protendebantur
2416 2425 2566 2495 prius
2604 2442 2819 2493 manus,
2860 2436 2920 2483 ut
2964 2429 3139 2484 aliena
3175 2430 3493 2502 diriperent,

1916 2526 2059 2567 nunc
2098 2514 2512 2582 protendantur,
2544 2523 2605 2569 ut
2641 2514 2859 2587 propria
2902 2516 3218 2589 largiantur.
3252 2518 3494 2575 Circum-

1915 2601 2218 2671 spiciebant
2241 2603 2393 2672 prius
2417 2604 2560 2659 oculi
2583 2606 2864 2661 mulierem
2890 2607 2956 2662 ad
2983 2608 3493 2679 concupiscendum,

1915 2707 2059 2747 nunc
2101 2693 2540 2765 circumspiciant
2565 2710 2864 2767 pauperes,
2912 2697 3137 2765 debiles,
3183 2714 3381 2769 egenos
3425 2702 3492 2755 ad

1915 2781 2307 2837 miserandum.
2352 2782 2528 2840 Aures
2563 2784 2971 2842 delectabantur
3008 2788 3192 2861 auditu
3232 2805 3372 2845 vano
3408 2790 3493 2845 vel

1914 2873 2180 2930 bonorum
2219 2874 2681 2947 derogationibus,
2709 2894 2853 2933 nunc
2886 2887 3270 2934 convertantur
3297 2880 3366 2935 ad
3392 2894 3493 2935 au-

1915 2964 2172 3020 diendum
2194 2967 2422 3022 verbum
2448 2967 2564 3032 Dei,
2594 2968 2665 3023 ad
2699 2966 3132 3040 explanationem
3170 2967 3304 3040 legis
3344 2976 3399 3025 et
3425 2971 3493 3024 ad

1915 3056 2229 3127 capiendam
2257 3057 2534 3127 sapientia:
2568 3056 2927 3129 disciplinam.
2969 3058 3282 3130 Linguaque
3307 3059 3487 3114 convi-

1917 3151 2035 3217 ciis,
2067 3150 2373 3207 maledictis
2405 3160 2460 3208 et
2495 3152 2840 3222 turpiloquiis
2870 3160 3085 3206 assueta
3114 3159 3229 3217 est,
3267 3166 3491 3206 convcr-

1915 3249 2062 3297 tatur
2113 3258 2258 3298 nunc
2303 3242 2373 3297 ad
2416 3243 2842 3309 benedicendum
2888 3241 3194 3308 Dominum,
3244 3242 3297 3297 in
3339 3242 3488 3297 omni

1915 3341 2157 3403 tempore
2182 3348 2488 3389 sermonem
2517 3350 2709 3389 sanum
2737 3331 2982 3404 proferat
3012 3342 3066 3388 et
3094 3334 3399 3398 honestum,
3432 3342 3491 3386 ut

1915 3423 2006 3479 det
2033 3423 2259 3494 gratiam
2291 3423 2657 3480 audientibus.

1986 3513 2095 3586 (Ea:
2121 3511 2378 3587 Primos.)
2407 3514 2713 3570 Humanum
2740 3515 2856 3570 dico
2896 3525 3107 3587 propter
3133 3514 3491 3586 inﬁrmitatem

1912 3606 2088 3660 carnis
2112 3615 2311 3670 vestrm,
2335 3604 2451 3666 'hoc
2476 3614 2561 3662 est
2588 3605 2795 3675 majora
2841 3606 3058 3676 quidem
3083 3605 3300 3674 exigere
3328 3620 3359 3659 a
3398 3619 3492 3659 vo-

1911 3694 1996 3750 bis
2020 3709 2121 3765 pro
2146 3694 2343 3751 divinat
2380 3697 2657 3751 servitutis
2692 3695 3048 3751 retributione
3092 3695 3364 3760 deberem,
3396 3694 3490 3750 sed

1911 3783 2281 3839 conscendens
2302 3792 2357 3838 et
2385 3792 2692 3856 temperans
2724 3774 3027 3840 inﬁrmitati
3058 3791 3252 3839 vestra:
3271 3824 3285 3850 ,
3306 3784 3492 3839 buma-

1911 3888 1980 3927 na
2010 3883 2064 3928 et
2110 3874 2390 3944 possibilia
2449 3876 2684 3947 prazdico
2738 3885 2901 3948 atque
2947 3877 3187 3942 suadeo,
3238 3883 3298 3931 ut
3353 3876 3492 3932 sicut

1911 3966 2144 4039 prompti
2184 3965 2363 4021 fuistis
2384 3967 2451 4021 ad
2479 3967 2732 4021 sectanda
2777 3966 2938 4020 noxia
2984 3973 3146 4035 atque
3193 3965 3488 4033 contraria,

1912 4057 1984 4125 ita
2005 4057 2213 4112 alacres
2235 4058 2355 4111 sitis
2375 4057 2441 4112 ad
2465 4072 2549 4123 ea,
2581 4072 2700 4127 quae
2726 4057 2875 4111 utilia
2900 4064 2957 4111 et
2983 4056 3140 4113 saluti
3168 4058 3342 4113 amica
3364 4067 3491 4113 sunt

1911 4148 2237 4219 peragenda.

1981 4238 2113 4294 Cum
2142 4240 2280 4294 enim
2313 4240 2449 4293 servi
2496 4240 2677 4294 essetis
2704 4238 2926 4309 peccati,
2952 4237 3105 4292 liberi
3139 4237 3312 4307 fuistis
3327 4238 3491 4307 justi-

1911 4331 2017 4385 tite.
2047 4330 2182 4385 Cum
2215 4344 2342 4399 ergo
2365 4329 2487 4400 quis
2520 4336 2744 4399 peccato
2767 4330 2953 4397 servit,
2975 4328 3202 4397 iustitia:
3222 4328 3361 4384 liber
3383 4337 3485 4394 est,

1912 4424 2015 4480 hoc
2059 4432 2164 4489 est,
2217 4423 2424 4481 alienus
2480 4430 2562 4478 est
2616 4437 2646 4477 a
2692 4420 2924 4492 justitia.
2953 4419 3051 4474 llic
3079 4420 3223 4475 enim
3254 4420 3487 4475 liberum

1916 4517 2146 4572 alienum
2191 4514 2343 4580 dicit,
2395 4524 2450 4570 et
2477 4522 2627 4571 recte
2669 4513 2905 4584 quidem,
2930 4528 3087 4569 nemo
3117 4511 3260 4568 enim
3309 4521 3490 4584 potest

1916 4607 2076 4663 simul
2100 4617 2156 4663 ct
2180 4615 2403 4677 peccato
2429 4607 2636 4662 servire
2659 4613 2713 4661 et
2725 4604 2968 4675 iustitiae,
3009 4612 3069 4660 ut
3104 4603 3270 4660 illud:
3318 4602 3487 4660 Nemo

1915 4709 2079 4771 potest
2118 4699 2319 4753 duobus
2348 4699 2575 4754 dominis
2619 4697 2985 4755 servireJllud
3022 4712 3151 4753 sane
3195 4697 3486 4754 notandum

1917 4798 2003 4846 est
2025 4804 2143 4845 esse
2173 4795 2229 4845 et
2253 4788 2559 4845 libertatem
2580 4787 2899 4860 culpabilem
2927 4796 2982 4844 et
3013 4786 3331 4843 laudabilem
3372 4802 3489 4843 ser-

1921 4882 2166 4936 vitutem.
2218 4879 2354 4935 Nam
2393 4880 2627 4943 liberum
2668 4894 2792 4937 esse
2838 4878 3086 4951 justitiaa,
3126 4877 3332 4933 crimen
3381 4886 3485 4934 est.

1916 4971 2145 5027 Servum
2169 4985 2296 5028 vero
2319 4988 2441 5029 esse
2487 4971 2730 5040 iustitia},
2762 4969 3051 5027 laudabile.
3108 4969 3263 5037 Quod
3304 4976 3486 5024 autem

1912 5066 2062 5129 dicit,
2088 5080 2302 5120 servum
2345 5064 2569 5134 iustitia:
2598 5063 2740 5130 ﬁeri,
2776 5061 2936 5118 simul
2986 5061 3244 5132 intelligo,
3302 5066 3358 5115 ct
3401 5075 3486 5115 sa-

1912 5155 2128 5225 pientia:
2175 5163 2233 5210 et
2272 5154 2457 5224 pietati
2504 5162 2558 5208 et
2583 5153 2880 5223 pudicitiaz,
2922 5160 2979 5208 et
3004 5150 3283 5207 -omnihus
3321 5148 3485 5204 simul

1911 5227 2219 5307 virtutibus.
2256 5240 2407 5296 Sicut
2433 5257 2463 5296 e
2492 5242 2768 5298 contrario
2794 5242 2885 5312 qui
2917 5241 3126 5313 peccati
3159 5254 3350 5296 servus
3373 5245 3479 5305 est,

1914 5330 2075 5387 simul
2107 5346 2166 5386 et
2202 5332 2657 5401 concupiscentia:
2687 5331 2862 5397 make,
2907 5341 2963 5387 et
2988 5331 3082 5386 iras
3109 5339 3164 5385 et
3212 5328 3382 5384 furori
3425 5335 3481 5383 ει

1914 5421 2261 5492 impudicitiae
2277 5429 2331 5474 et
2354 5422 2556 5492 rapinae
2570 5429 2626 5478 et
2649 5422 2899 5477 omnibus
2926 5420 3084 5476 simul
3113 5420 3260 5475 vitiis
3284 5432 3349 5472 ac
3368 5431 3480 5473 sce-

1912 5511 2114 5567 leribus
2144 5512 2329 5566 servit.
3065 5524 3069 5529 '

1984 5601 2149 5668 Quem
2173 5618 2295 5673 ergo
2320 5602 2551 5671 fructum
2580 5601 2834 5656 habuistis
2877 5612 3019 5667 tunc,
3053 5615 3105 5651 ra
3130 5596 3316 5667 quibus
3349 5609 3486 5649 nunc

1914 5694 2232 5761 erubescitis,
2261 5711 2380 5749 nam
2403 5693 2523 5762 ﬁnis
2554 5692 2762 5747 illorum
2795 5676 2933 5746 utor:
2980 5700 3071 5744 est.
3108 5686 3204 5758 (Ex
3230 5681 3486 5755 Primas.)
