3952 6422
223 332 335 391 409

1040 342 1586 401 COLLECTIONES
1622 343 1692 399 lN
1731 341 2112 402 EPISTOLAS
2150 347 2240 404 ar
2279 350 2694 411 EVANGELIA.

3384 365 3498 426 ιω

222 447 610 517 conjunctione
634 454 916 518 cdlicessa,
938 470 1035 526 per
1062 455 1250 511 illicita
1277 472 1386 513 non
1430 457 1653 512 erravit.
1702 456 1807 511 Alii
1834 460 1889 519 Α
1910 456 2132 512 voluerit
2154 459 2300 528 ﬁlius
2333 464 2561 520 revelare
2604 466 2823 539 (Matth.
2850 471 2945 544 χι),
2970 473 3100 543 quid
3150 474 3255 531 nisi
3289 491 3487 548 panem

218 552 357 594 vero
380 550 508 610 post
548 544 732 598 carnis
761 542 989 615 ﬂagitia,
1016 546 1107 601 alii
1130 557 1256 617 post
1302 546 1438 602 falsa
1474 547 1806 613 testimonia,

1910 546 2034 641 vita:
2057 550 2213 641 nobis
2237 566 2333 622 per
2364 569 2425 610 se
2448 558 2801 627 aperiendum
2823 566 3183 621 monstravit?
3202 546 3309 625 Ad_
3333 569 3488 641 cujus

222 627 319 682 alii
343 636 465 699 post
491 622 636 685 facta
662 630 826 697 furta,
855 631 945 686 alii
975 641 1097 702 post
1144 634 1324 690 illatas
1375 635 1675 699 violentias,
1717 634 1811 690 alii
1909 636 2170 731 intei'iora
2234 622 2524 710 cernenda,
2549 662 2645 717 per
2680 650 2928 720 nosipsos
2956 665 3246 724 penetrare
3260 622 3498 731 "nequiv-

221 730 348 791 post
373 731 686 794 perpetrata
710 725 1000 781 homicidia
1042 728 1111 782 ad
1134 728 1513 798 paenitentiam
1557 729 1809 795 redeunt,

223 821 390 882 atque
413 813 481 868 ad
508 815 895 886 omnipotentis
921 815 1016 871 Dei
1066 817 1349 872 servitium
1392 827 1806 874 convertuntur.

223 901 293 958 lli
346 902 600 959 videlicet
651 906 717 959 ad
770 905 1060 960 Dominum
1102 907 1173 962 de
1214 907 1512 980 longinquo
1559 910 1805 965 veniunt.

225 992 441 1060 Quanto
464 993 610 1049 cnim
642 994 872 1064 quisque
916 995 1037 1064 plus
1065 995 1119 1049 in
1170 1011 1339 1066 pravo
1366 1012 1530 1068 opere
1578 998 1804 1064 erravit,

223 1092 377 1140 tanto
404 1085 472 1141 ab
497 1086 869 1157 omnipotente
899 1087 1128 1142 Domino
1153 1088 1367 1157 longius
1394 1089 1639 1143 recessit.
1666 1084 1808 1144 Den-

223 1188 319 1235 tur
373 1178 538 1249 igitur
583 1177 838 1234 alimenta
888 1180 989 1246 eis,
1038 1179 1201 1235 etiam
1250 1181 1343 1250 qui
1394 1181 1462 1235 de
1514 1180 1808 1253 longinquo

220 1269 468 1334 veniunt,
501 1271 627 1340 quia
661 1270 939 1325 conversis
971 1269 1368 1339 peccatoribus,
1401 1269 1661 1326 doctrinae
1689 1286 1810 1327 san-

220 1369 327 1417 cta:
361 1361 465 1417 cibi
496 1361 769 1431 praebendi
799 1370 948 1427 sunt,
979 1368 1041 1416 ut
1066 1362 1123 1418 in
1143 1360 1315 1417 Deum
1340 1361 1486 1417 vires
1526 1354 1805 1432 reparent,

222 1469 365 1523 quas
392 1452 446 1507 in
477 1450 693 1523 ﬁagitiis
740 1453 1062 1508 amiserunt.
1107 1452 1242 1508 ltem
1289 1451 1463 1509 Judzei
1497 1454 1807 1525 quicunque

220 1547 279 1599 in
307 1543 523 1601 Christo
551 1544 918 1610 crediderunt,
957 1545 1022 1601 de
1052 1560 1218 1615 prope
1242 1545 1310 1600 ad
1333 1544 1483 1599 illum
1517 1554 1803 1611 venerunt,

218 1636 351 1706 quia
384 1635 518 1706 legis
541 1643 598 1690 et
633 1636 1024 1705 prophetarum
1072 1643 1229 1690 erant
1278 1634 1475 1691 litteris
1512 1636 1689 1691 cdocti
1739 1636 1806 1694 de

217 1726 335 1783 illo.
391 1727 685 1783 Credentes
728 1741 858 1782 vero
909 1741 977 1780 ex
1004 1726 1255 1796 gentibus
1291 1725 1359 1780 de
1414 1724 1570 1797 longe
1615 1725 1804 1797 utique

1907 727 2104 816 vimus.
2118 728 2218 785 Cui
2239 740 2428 787 contra
2452 732 2721 805 PrOpheta
2739 738 3104 799 miserabilem
3126 727 3486 816 quorumdam

1908 813 2108 872 famem
2133 818 2420 889 deplorans
2447 823 2524 876 ait
2550 841 2565 877 :
2600 821 2822 880 Parvuli
2856 832 3115 898 petierunt
3143 813 3356 905 panem,
3395 855 3491 894 nec

1906 916 2018 960 erat
2055 909 2146 979 qui
2192 909 2456 981 frangeret
2481 913 2577 967 eis.
2603 913 2756 981 Quod
2786 926 2869 972 est
2893 919 3013 975 aliis
3058 924 3235 980 verbis
3259 928 3440 983 dicere
3469 946 3484 984 :

1906 996 2113 1053 lndocti
2142 1002 2477 1069 quaesierunt
2501 1005 2760 1074 pabulum
2780 1010 2934 1065 verbi
2948 1012 3179 1080 Dei,nec
3204 1027 3342 1085 erat,
3369 1035 3489 1077 ma-

1906 1089 2093 1160 gistris
2122 1090 2519 1158 deﬁcientibus,
2565 1095 2660 1164 qui
2688 1096 2769 1153 eis
2811 1100 3098 1171 scripturae
3148 1120 3347 1163 arcana
3392 1125 3490 1180 pa-

1905 1179 2187 1236 tefaceret.
2218 1181 2472 1252 Acceptis
2512 1193 2696 1241 autem
2726 1188 2795 1243 ad
2840 1188 3198 1263 frangendum
3235 1179 3489 1267 panibus,

1906 1270 2168 1327 Dominus
2191 1274 2396 1343 gratias
2425 1274 2557 1345 agit,
2590 1284 2650 1329 ut
2687 1285 2744 1331 et
2771 1277 2888 1348 ipse
2914 1290 3179 1349 quantum
3205 1284 3274 1340 de
3313 1287 3489 1344 salute

1905 1361 2121 1430 generis
2168 1361 2389 1417 humani
2451 1364 2793 1435 congaudeat
2844 1369 3117 1438 ostendat,
3162 1379 3217 1426 et
3267 1388 3367 1429 nos
3419 1375 3489 1431 ad

1906 1451 2141 1522 agendas
2169 1466 2387 1521 semper
2427 1451 2537 1508 Deo
2572 1454 2773 1525 gratias
2807 1455 3083 1525 informet,
3112 1476 3238 1516 cum
3266 1464 3349 1517 vel
3373 1472 3486 1520 ter-

1907 1554 2040 1595 rcno
2094 1555 2234 1608 pane
2284 1556 2503 1595 carnem
2558 1542 2643 1597 vel
2703 1544 2940 1599 animam
2991 1546 3200 1604 caelesti
3252 1565 3487 1623 superna

1904 1630 2078 1702 gratia
2105 1630 2367 1701 largiente
2393 1632 2684 1689 reﬁcimus.

1978 1720 2047 1775 Et
2069 1721 2325 1776 habebant
2345 1723 2623 1792 pisciculos
2664 1742 2883 1795 paucos,
2927 1740 2976 1784 et
3018 1731 3157 1801 ipsos
3201 1733 3486 1801 benedixit,

217 1827 487 1875 venerunt
528 1818 596 1873 ad
623 1817 922 1882 Christum,
958 1817 1084 1887 quia
1121 1815 1282 1871 nullis
1317 1815 1635 1886 paginarum
1682 1832 1808 1872 san-
1831 1812 1881 1872 B
1907 1822 1956 1868 et
1967 1813 2131 1884 jussit
2159 1815 2373 1884 apponi.
2410 1812 2467 1868 Si
2493 1814 2546 1867 in
2576 1818 2807 1886 panibus
2832 1828 3037 1890 septem
3066 1821 3345 1895 Scriptura
3382 1826 3490 1883 No-

217 1919 434 1967 ctarum
490 1908 838 1965 monimentis
887 1909 954 1964 dc
1009 1906 1127 1977 ejus
1188 1914 1347 1962 erant
1404 1907 1509 1963 ﬁde
1568 1922 1804 1978 prtemo-

219 2001 347 2056 niti.

296 2087 363 2142 Et
393 2087 768 2158 responderunt
794 2088 841 2142 ei
875 2086 1122 2156 discipuli
1147 2088 1231 2142 sui
1254 2100 1275 2139 :
1302 2083 1453 2140 Unde
1478 2085 1603 2139 istos
1616 2084 1803 2154 poterit

217 2181 337 2255 quis
363 2179 446 2233 hic
469 2188 713 2233 saturare
736 2178 960 2249 panibus
986 2179 1043 2232 in
1065 2176 1394 2231 solitudine?
1417 2174 1485 2229 Et
1514 2176 1807 2244 interroga-

219 2273 292 2327 vit
317 2288 403 2326 eos
449 2288 467 2325 :
512 2269 651 2337 Quot
689 2285 850 2341 panes
903 2268 1145 2323 habetis?
1193 2266 1298 2333 Qui
1347 2266 1592 2320 dixerunt
1638 2277 1658 2317 :
1705 2263 1805 2319 Se-

218 2374 378 2435 ptem.
408 2361 553 2417 Bene
588 2369 795 2431 septem
824 2375 994 2431 panes
1015 2358 1070 2414 in
1120 2357 1427 2414 ministerio
1455 2355 1590 2412 Novi
1615 2355 1803 2411 Testa-

219 2455 392 2510 menti
420 2462 713 2525 ponuntur,
742 2452 795 2506 in
839 2467 946 2522 quo
978 2450 1335 2522 septiformis-
1362 2450 1538 2520 gratia
1575 2448 1803 2518 spiritus

218 2545 391 2601 sancti
420 2542 631 2613 plenius
654 2541 901 2597 lidelibus
920 2540 1134 2595 cunctis
1159 2547 1214 2594 et
1240 2538 1509 2595 credenda
1530 2536 1804 2593 revelatur

218 2644 277 2691 et
303 2634 509 2690 credita
536 2633 712 2688 datur.
744 2619 930 2701 Neque
954 2629 1243 2686 hordeacei
1269 2628 1435 2684 fuisse
1474 2627 1800 2699 produntur,

219 2726 365 2781 sicut
413 2723 492 2779 illi
541 2721 800 2793 quinque,
832 2720 901 2776 de
936 2721 1134 2791 quibus
1168 2720 1409 2790 quinque
1447 2725 1574 2774 sunt
1624 2717 1801 2774 homi-

220 2828 351 2872 num
381 2813 549 2870 millia
577 2821 839 2879 saturata,
872 2827 942 2868 ne
986 2813 1187 2868 iterum
1224 2811 1365 2867 sicut
1391 2810 1445 2865 in
1488 2810 1607 2883 lege
1641 2809 1806 2865 vitale

222 2908 418 2963 anima:
460 2906 776 2965 alimentum
818 2904 1192 2975 corporalibus
1252 2904 1609 2960 sacramentis
1651 2904 1806 2960 obte-

220 3007 439 3071 geretur
458 3037 474 3066 ,
501 2996 689 3053 hordei
729 2996 930 3052 etenim
970 2994 1203 3052 medulla
1251 2995 1601 3051 tenacissima
1648 2995 1805 3066 palea

221 3092 445 3163 tegitur.

294 3184 365 3239 Et
414 3183 679 3254 praecepit,
719 3188 827 3238 etc.
886 3179 1064 3253 Supra
1116 3182 1173 3237 in
1222 3180 1517 3237 refectione
1565 3180 1806 3251 quinque

221 3291 420 3350 panum
443 3274 599 3330 turba
620 3288 782 3344 supra
827 3272 1009 3329 fenum
1037 3273 1211 3329 viride
1229 3271 1623 3329 discumbebat.
1646 3271 1804 3330 Nunc

220 3366 314 3424 ubi
340 3373 545 3435 septem
565 3363 797 3435 panibus
827 3362 1119 3418 reﬁcienda
1146 3372 1251 3430 est,
1274 3378 1438 3435 supra
1465 3371 1670 3419 terram
1693 3364 1808 3421 dis-

219 3458 474 3514 cumbere
495 3456 824 3528 praecipitur,
839 3456 967 3526 quia
991 3472 1090 3527 per
1111 3457 1439 3527 scripturam
1464 3456 1597 3529 legis
1621 3459 1805 3515 carnis

221 3549 491 3606 desideria
536 3548 750 3604 calcare
803 3556 859 3603 et
898 3548 1259 3619 comprimere
1305 3547 1581 3618 jubemur.
1619 3547 1803 3605 Omnis

220 3640 359 3695 enim
382 3655 505 3692 caro
535 3638 735 3709 fenum,
760 3646 808 3692 et
831 3637 999 3692 omnis
1042 3636 1213 3710 gloria
1242 3638 1358 3708 ejus
1407 3648 1659 3710 tanquam
1703 3641 1805 3710 ﬂos

223 3730 333 3799 [eui
382 3726 564 3799 (Isaite
609 3727 719 3799 st).
769 3726 827 3782 ln
857 3725 1005 3783 Novo
1035 3736 1217 3783 autem
1246 3728 1596 3785 Testamento
1632 3729 1805 3801 ipsam

220 3834 441 3891 quoque
462 3829 661 3875 terram
686 3835 749 3875 ac
770 3818 1057 3876 facultates
1082 3821 1406 3891 temporales
1430 3823 1807 3896 derelinquere

222 3911 587 3982 praecipimur,
616 3911 702 3966 vel
749 3919 899 3968 certe
928 3912 1053 3982 quia
1081 3927 1258 3979 mons,
1290 3914 1343 3969 in
1386 3930 1495 3984 quo
1525 3916 1685 3973 turba
1713 3917 1806 3973 do-

227 4004 440 4059 minicis
472 4006 701 4074 panibus
730 4006 1105 4073 reﬁciebatur,
1134 4005 1497 4075 altitudinem,
1541 4018 1603 4064 nt
1643 4025 1806 4081 supra

227 4099 484 4164 diximus,
541 4098 900 4169 redemptoris
944 4107 1120 4156 DOSll‘l
1173 4100 1474 4172 signiﬁcat,
1523 4101 1599 4158 ibi
1643 4118 1807 4174 super

228 4188 434 4254 fenum,
467 4189 555 4245 hic
591 4205 753 4260 super
797 4200 998 4246 terram
1024 4191 1283 4247 reﬁcitur.
1308 4191 1385 4247 lbi
1412 4194 1559 4248 cnim
1592 4194 1809 4250 celsitu-

228 4278 301 4332 do
325 4277 528 4334 Christi
560 4289 782 4350 propter
803 4269 1063 4337 carnalcs‘
1100 4282 1350 4338 homines
1389 4292 1444 4338 et
1470 4282 1807 4342 llierusalem

234 4378 505 4426 terrenam
532 4373 737 4427 carnali
761 4387 856 4442 spe
878 4381 933 4428 et
959 4373 1227 4429 desiderio
1259 4374 1475 4443 tegitur.
1503 4374 1603 4431 llic
1628 4384 1811 4433 autem

1901 1905 1955 1959 vi
1978 1903 2313 1959 Testamenti
2345 1905 2683 1975 designatur,
2711 1907 2767 1963 in
2790 1909 2946 1979 cujus
2974 1913 3205 1969 lectione
3241 1931 3340 1984 per
3363 1931 3491 1988 gra-

1903 1995 2033 2049 tiam
2056 1996 2231 2050 sancti
2252 1993 2487 2064 Spiritus
2507 1997 2754 2054 internas
2772 2001 3036 2056 mentium
3062 2002 3249 2072 epulas
3281 2005 3492 2064 inveni-

1900 2099 2046 2150 mus,
2092 2085 2223 2155 quid
2266 2085 2322 2140 in
2375 2088 2677 2158 pisciculis,
2736 2104 2874 2159 quos
2909 2088 3236 2147 benedicens
3284 2094 3492 2164 pariter

1900 2173 2181 2241 Dominus,
2230 2177 2403 2233 turbae
2450 2178 2615 2248 jussit
2642 2180 2874 2251 apponi?
2920 2178 3150 2238 Sanctos
3195 2185 3494 2255 accipimus

1901 2261 2046 2319 illius
2094 2266 2377 2335 temporis,
2426 2284 2534 2337 quo
2584 2269 2773 2324 eadem
2802 2278 2887 2324 est
2931 2271 3150 2327 condita
3182 2271 3489 2345 Scriptura,

1901 2357 1986 2413 vel
2010 2373 2240 2429 quorum
2271 2360 2387 2431 ipsa
2412 2361 2695 2434 Scriptura
2723 2362 2904 2429 ﬁdem,
2937 2365 3107 2420 vitam
3131 2373 3186 2422 et
3204 2370 3491 2437 passiones

1903 2449 2163 2517 continet,
2197 2452 2290 2521 qui
2326 2452 2395 2508 de
2439 2452 2766 2509 turbulentis
2803 2453 2966 2523 hujus
3010 2456 3193 2512 saeculi
3236 2456 3493 2516 ﬂuctibus

1902 2545 2097 2615 erepti,
2137 2560 2202 2600 ac
2241 2546 2425 2601 divina
2476 2547 2856 2603 benedictione
2885 2551 3209 2617 consecrati,
3239 2550 3494 2608 refectio-

1903 2651 2028 2691 nem
2055 2638 2211 2693 nobis
2240 2637 2533 2706 internam,
2559 2655 2629 2695 ne
2660 2639 2715 2694 in
2757 2640 2917 2710 hujus
2942 2641 3129 2697 mundi
3158 2644 3494 2701 transeuntis

1903 2741 2139 2782 excursu
2165 2728 2501 2796 deﬁciamus,
2532 2729 2781 2800 exempla
2803 2746 2916 2787 sua:
2951 2730 3038 2786 vel
3066 2733 3189 2789 vitae
3232 2734 3319 2789 vel
3345 2749 3495 2791 mor-

1907 2815 1977 2871 tis
2014 2818 2315 2887 prtebuere.

1973 2905 2045 2961 Et
2085 2908 2532 2965 manducaverunt
2560 2920 2609 2965 et
2648 2911 2878 2966 saturati
2902 2921 3042 2968 sunt.
3067 2911 3395 2970 Manducant
3425 2915 3496 2972 de

1904 2999 2137 3072 panibus
2178 2999 2392 3056 Domini
2443 3017 2508 3057 ac
2558 3002 2822 3073 piscibus,
2878 3011 2935 3058 et
2988 3010 3343 3072 saturantur,
3400 3006 3496 3077 qui

1908 3090 2191 3149 audientes
2223 3092 2390 3148 verba
2442 3093 2559 3160 Dei,
2590 3100 2646 3148 et
2672 3094 2921 3165 exempla
2950 3094 3245 3163 intuentes,
3279 3096 3347 3153 ad
3367 3113 3497 3169 pro-

1909 3179 2114 3237 fectum
2169 3182 2293 3237 vitae
2324 3183 2688 3238 corrcctioris
2733 3198 2832 3253 per
2878 3184 2995 3239 haec
3038 3184 3269 3240 excitari
3329 3195 3498 3258 atque

1907 3291 2195 3348 assurgere
2239 3275 2516 3341 festinant,
2580 3276 2778 3345 quibus
2834 3286 3021 3348 aperte
3068 3277 3318 3348 congruit
3365 3277 3498 3336 illud

1907 3365 2211 3422 Psalmista:
2242 3385 2255 3421 :
2282 3365 2453 3420 Edent
2473 3382 2725 3437 pauperes
2755 3376 2804 3421 et
2850 3367 3232 3423 saturabuntur
3282 3379 3332 3425 et
3379 3369 3497 3425 lau-

1907 3458 2108 3514 dabunt
2140 3457 2333 3523 Deum,
2360 3465 2465 3511 etc.
2506 3454 2680 3528 (Psal.
2706 3457 2844 3529 xxi).

1978 3549 2052 3605 Et
2072 3548 2395 3605 sustulerunt
2420 3547 2561 3620 quod
2581 3559 2854 3620 supererat
2881 3550 2946 3605 de
2970 3550 3280 3622 fragmentis
3302 3563 3496 3623 septem

1907 3653 2132 3716 sportas.
2185 3642 2339 3709 Quod
2387 3644 2559 3698 turbis
2610 3644 2868 3700 saturatis
2933 3657 3219 3716 supererat
3262 3649 3495 3719 apostoli

1909 3733 2198 3790 sustollunt
2225 3741 2281 3788 et
2308 3741 2513 3803 septem
2558 3744 2773 3805 sportas
2804 3734 3049 3804 implent,
3076 3737 3202 3806 quia
3250 3747 3378 3793 sunt
3414 3740 3500 3796 ειη

1908 3825 2050 3880 tiora
2074 3823 2424 3896 perfectionis
2452 3832 2744 3895 praecepta,
2770 3828 2854 3880 vel
2878 3827 3061 3895 potius
3084 3828 3501 3886 exbortamenta

1908 3924 1966 3970 et
1991 3915 2238 3981 consilia,
2266 3930 2386 3984 qua:
2415 3914 2685 3986 generalis
2719 3914 2957 3971 ﬁdelium
2981 3917 3271 3974 multitudo
3312 3921 3502 3989 nequit

1911 4005 2176 4060 servando
2207 4012 2262 4059 et
2294 4003 2567 4074 implendo
2608 4004 2874 4076 attingere
2893 4046 2908 4070 ,
2931 4021 3166 4075 quorum
3210 4011 3495 4067 exsecutio

1912 4098 2031 4154 illos
2058 4097 2279 4167 proprie
2302 4096 2539 4167 respicit,
2568 4096 2660 4167 qui
2686 4096 2893 4165 majore
2916 4098 3090 4152 sancti
3121 4098 3345 4167 spiritus
3374 4118 3498 4172 gra-

1913 4189 1988 4243 tia
2039 4188 2253 4257 plenius
2297 4186 2606 4257 generalem
2658 4185 2839 4255 populi
2872 4185 2967 4240 Dei
3019 4190 3493 4247 conversationem

1913 4278 2113 4333 mentis
2139 4286 2301 4346 atque
2325 4276 2507 4346 aperis
2536 4276 2867 4330 sublimitate
2897 4278 3306 4335 transcendunt.
3350 4281 3498 4350 Qua-

1912 4368 2056 4424 libus
2075 4367 2273 4423 dicitur
2297 4384 2310 4420 :
2339 4365 2400 4421 Si
2425 4367 2499 4420 vis
2518 4365 2778 4436 perfectus
2802 4383 2932 4436 esse,
2960 4368 3110 4438 uade,
3140 4371 3303 4427 vende
3320 4375 3500 4432 omnia

235 4469 440 4517 remota
467 4463 611 4517 omni
637 4464 927 4533 cupiditate
956 4464 1182 4531 carnali,
1210 4466 1466 4522 convivas
1514 4466 1655 4522 Novi
1706 4467 1809 4525 Te-
1837 4505 1891 4566 D
1915 4476 2032 4533 qua:
2058 4459 2237 4566 hflbef.
2267 4466 2374 4513 εἰει
2412 4457 2626 4529 (ΜαηΙιο
2661 4457 2797 4566 Χωρ-

234 4553 511 4619 stamenti,
547 4554 661 4624 spei
692 4555 1061 4624 permanentis
1098 4554 1523 4624 ﬁrmamentum,
1550 4566 1809 4630 tanquam

236 4641 405 4710 ipsius
436 4643 635 4699 montis
678 4643 921 4699 soliditas
964 4644 1110 4701 nullo
1160 4646 1286 4705 fcno
1316 4649 1639 4720 interposito
1683 4666 1812 4707 con-

233 4731 460 4787 tinebat.

305 4823 375 4878 Et
423 4824 677 4892 accipiens
697 4837 889 4897 septem
915 4846 1099 4900 panes,
1130 4832 1330 4902 gratias
1353 4851 1533 4905 agens,
1581 4836 1735 4907 fregit
1765 4846 1813 4892 et

234 4915 393 4970 dabat
440 4911 709 4987 discipulis
742 4917 875 4986 suis,
898 4929 953 4973 ut
979 4933 1316 4991 apponerent,
1344 4934 1394 4978 et
1431 4936 1814 4995 proposuerunt

234 5006 421 5062 turbw.
453 5006 713 5063 Dominus
738 5009 1009 5079 accipiens
1032 5027 1220 5081 panes,
1239 5013 1401 5069 dabat
1427 5014 1726 5086 discipulis,
1755 5026 1815 5071 ut

238 5100 340 5169 ipsi
401 5112 653 5171 acceptos
708 5101 880 5157 turba:
933 5112 1285 5174 apponerent,
1345 5106 1472 5177 quia
1523 5107 1819 5178 spiritualis

236 5192 377 5247 dona
406 5192 648 5249 scientiae
692 5194 937 5249 tribuens
978 5194 1256 5263 apostolis,
1293 5212 1390 5266 per
1428 5212 1615 5252 eorum
1658 5198 1819 5254 mini-

234 5284 463 5339 sterium
487 5282 656 5339 voluit
683 5285 930 5340 ecclesia:
968 5301 1077 5341 sua:
1105 5301 1204 5357 per
1242 5287 1431 5341 orbem
1458 5288 1584 5365 vita:
1612 5290 1817 5345 cibaria

233 5375 507 5433 distribui.
542 5374 695 5443 Quod
734 5384 916 5431 autem
944 5375 1105 5448 fregit
1149 5392 1339 5447 panes,
1371 5392 1509 5448 quos
1537 5378 1818 5450 discipulis

237 5468 413 5532 daret,
460 5466 795 5538 apertionem
825 5466 1075 5537 designat
1102 5478 1593 5535 sacramentorum,
1620 5470 1818 5539 quibus

238 5557 306 5613 ad
356 5565 673 5628 perpetuam
729 5556 956 5611 salutem
1014 5558 1331 5613 nutriendus
1384 5568 1499 5613 erat
1565 5560 1814 5615 mundus.

238 5650 375 5705 Cum
417 5651 565 5705 enim
593 5649 668 5704 ait
710 5650 822 5719 ipse
855 5650 1149 5705 Dominus:
1182 5650 1250 5704 Et
1284 5668 1432 5707 nemo
1468 5652 1607 5706 novit
1647 5651 1820 5720 [ilium

243 5741 342 5795 nisi
368 5752 539 5811 pater,
570 5750 952 5813 ncqucpatrcm
991 5740 1105 5813 quis
1132 5742 1288 5811 norit,
1332 5741 1430 5797 nisi
1465 5741 1607 5812 [ilius
1643 5753 1690 5798 ct
1737 5745 1821 5799 cui

1985 4548 2139 4605 Unde
2189 4548 2327 4604 bene
2382 4555 2615 4617 sportze,
2666 4549 2865 4618 quibus
2909 4550 3315 4609 dominicorum
3369 4565 3503 4615 sunt

1912 4640 2131 4697 condita
2177 4638 2481 4711 fragmenta
2528 4639 2808 4707 ciborum,
2844 4650 3069 4712 propter
3127 4645 3500 4715 septiformem

1913 4734 2137 4802 spiritus
2190 4731 2421 4802 gratiam
2450 4739 2657 4801 septem
2707 4729 2875 4787 fuisse
2919 4745 3311 4790 memorantur.
3363 4736 3501 4794 Nam

1915 4825 2042 4894 quia
2065 4833 2265 4895 Sporue
2282 4822 2449 4893 junco
2474 4832 2530 4877 et
2552 4822 2856 4893 palmarum
2891 4823 3036 4880 foliis
3057 4824 3235 4882 solent
3261 4829 3500 4896 contexi,

1919 4918 2114 4973 merito
2140 4917 2195 4971 in
2222 4924 2532 4997 sanctorum
2558 4916 2954 4987 signiﬁcatione
2978 4927 3271 4989 ponuntur.
3297 4918 3503 4978 Juncus

1919 5009 2118 5079 quippe
2145 5022 2307 5077 super
2353 5022 2521 5077 aquas
2574 5007 2726 5062 nasci
2775 5010 3074 5064 consuevit.
3126 5009 3315 5066 Palma
3371 5027 3505 5069 vero

1917 5099 2198 5154 victricem
2259 5106 2419 5152 ornat
2472 5112 2724 5165 manum,
2778 5107 2833 5153 et
2883 5100 3099 5170 junceis
3150 5102 3299 5157 vasis
3354 5112 3506 5160 recte

1920 5196 2305 5259 comparantur
2348 5187 2525 5254 electi,
2559 5203 2682 5243 cum
2735 5189 2973 5245 radicem
3023 5192 3220 5257 cordis,
3265 5207 3336 5247 ne
3362 5191 3505 5249 forte

1923 5286 1991 5340 ab
2031 5299 2217 5339 amore
2272 5283 2596 5339 aeternitatis
2634 5294 2877 5352 arescat,
2909 5288 2964 5340 in
3014 5287 3132 5356 ipso
3182 5288 3309 5344 vitae
3356 5287 3507 5344 fonte

1926 5377 2209 5431 collocant.
2261 5375 2663 5431 Assimulantur
2704 5386 2760 5432 et
2809 5379 2891 5434 eis
2939 5380 3058 5449 quin
3084 5380 3153 5434 de
3200 5380 3505 5449 palmarum

1926 5477 2053 5523 sunt
2082 5467 2224 5523 foliis
2256 5475 2528 5532 contexta,
2561 5483 2685 5523 cum
2729 5469 2854 5524 inde
2883 5471 3131 5525 festivam
3151 5478 3371 5524 aeternae
3418 5483 3498 5525 re-

1927 5559 2237 5615 tributionis
2265 5558 2578 5615 memoriam
2602 5575 2739 5629 puro
2782 5562 2942 5616 corde
2965 5562 3204 5615 retinent
3233 5576 3248 5623 ;
3288 5569 3344 5613 ct
3366 5561 3508 5617 bene

1931 5655 2086 5710 turba
2114 5653 2361 5723 quamvis
2401 5652 2659 5724 reliquias
2709 5654 2963 5708 dominici
3005 5651 3216 5720 prandii
3262 5666 3369 5706 non
3418 5667 3509 5708 cav

1930 5751 2105 5820 pcret,
2130 5742 2487 5800 manducasse
2529 5751 2706 5799 tamen
2729 5749 2783 5799 οι
2820 5750 3061 5799 saturata
3087 5754 3205 5798 0656
3232 5749 3507 5805 narratur.
