3952 6416
491 323 593 381 Hi

1796 301 2150 360 SMARAGDI
2186 296 2477 355 ABBATIS

3652 295 3759 351 ιη

493 433 622 503 quia
651 434 776 487 sunt
799 422 1070 491 nonnulli,
1110 419 1203 491 qui
1245 417 1349 473 etsi
1388 417 1569 473 omnia
1603 431 1703 472 sua
1749 415 2055 486 relinquere
2081 415 2135 475 Α
2229 409 2702 503 Quicunqueuenim
2750 408 2937 503 spiritu
2972 406 3070 462 Dei
3116 416 3370 477 aguntur,
3658 409 3761 465 υιε

494 525 789 590 nequeunt,
824 523 1003 569 tamen
1032 510 1335 567 esurientes
1382 518 1439 562 et
1482 507 1729 561 sitientes
1770 503 2062 574 justitiam,

2166 510 2307 555 sunt.
2349 501 2427 556 Ac
2447 502 2492 556 si
2517 500 2744 564 diceret,
2773 499 3084 569 quicunque
3104 505 3384 553 merentur
3394 497 3611 569 Spiritu
3632 516 3752 557 san-

493 588 828 671 saturantur,
879 618 1002 659 cum
1063 599 1331 655 audiendo
1378 596 1636 653 mandata
1691 596 1825 667 legis
1871 595 1966 650 Dei
1999 594 2064 649 ad
2163 601 2253 646 cto
2273 590 2586 661 gubernari,
2609 590 2694 644 vel
2721 589 3016 645 secundum
3047 588 3608 668 doctrinamSpiritus
3635 607 3760 648 san-

494 703 659 756 vitam
688 695 1012 768 perveniunt
1027 703 1309 748 aeternam.

564 789 735 843 Erant
776 794 953 840 autem
1010 784 1099 854 qui
1150 779 1599 835 manducaverunt
1650 777 1802 849 quasi
1840 785 2070 847 quatuor

491 881 685 947 millia,
721 889 768 935 et
793 878 994 932 dimisit
1046 892 1154 930 eos.
1202 874 1349 929 Bene
1378 880 1611 943 quatuor
1640 869 1831 932 millia,
1856 875 1916 923 ut
1952 871 2067 936 ipso

493 971 660 1027 etiam
687 982 913 1024 numero
939 968 1198 1023 docerent
1240 962 1566 1033 evangelieis
1612 975 1671 1016 se
1709 971 1895 1030 pastos
1949 971 2069 1013 esse

494 1064 1069 1204 clban;:b38DOMADA
1097 1145 1166 1201 IX
1188 1142 1364 1199 POS'I'
1390 1141 1903 1199 PENTECOSTEN.

495 1255 687 1295 LEC'I'IO
717 1253 986 1295 EPISTOLE
1028 1252 1185 1294 ΒΕΑΤΙ
1222 1251 1376 1290 PAULI
1417 1250 1670 1290 APOSTOLI
1697 1251 1763 1288 AD
1792 1248 2066 1295 ROMANOS,

1149 1323 1269 1362 CAP.
1302 1320 1422 1359 VIII.

575 1417 594 1450 ι
638 1398 923 1453 Debitores
952 1412 1140 1452 sumus
1167 1410 1275 1449 non
1305 1394 1479 1457 carni,
1511 1402 1571 1447 ut
1620 1393 1914 1447 secundum
1952 1407 2071 1445 car-

502 1505 522 1538 s
567 1501 692 1541 nem
716 1486 980 1540 vivamus.
1014 1482 1071 1537 Si
1105 1482 1248 1537 enim
1269 1482 1564 1536 secundum
1605 1496 1824 1535 carnem
1872 1479 2072 1534 vixeri-

504 1598 523 1628 σ
568 1577 672 1641 tis,
728 1573 1082 1629 moriemini:
1119 1573 1165 1628 si
1221 1580 1402 1626 autem
1449 1570 1650 1642 Spiritu
1698 1570 1839 1625 facta
1890 1569 2072 1625 carnis

503 1688 527 1722 ‹
570 1666 1043 1730 mortiﬁcaveritis,
1070 1664 1279 1718 vivetis.
1328 1662 1642 1731 Quicunque
1686 1663 1831 1715 enim
1863 1660 2067 1730 Spiritu

2165 682 2237 736 cti
2264 682 2464 744 vivere,
2490 680 2544 734 hi
2581 687 2709 735 sunt
2732 679 2823 748 qui
2850 678 3062 749 Spiritu
3107 678 3204 734 Dei
3262 689 3516 750 aguntur,
3569 681 3627 737 id
3673 692 3762 738 est

2165 772 2536 842 gubernantur
2560 770 2647 823 vel
2690 775 2993 824 moventur.
3045 768 3202 824 Sicut
3252 771 3398 825 enim
3453 772 3612 827 multi
3660 772 3759 829 ﬁlii

2168 862 2285 925 Dei,
2314 869 2373 914 ut
2403 860 2685 930 Scriptura
2734 861 2868 915 dicit
2897 878 2910 913 :
2943 860 3059 931 Ego
3082 861 3219 924 dixi,
3247 860 3337 915 Dii
3386 862 3535 927 estis,
3562 873 3613 916 et
3657 864 3759 932 ﬁlii

2176 950 2365 1004 excelsi
2400 968 2577 1005 omnes
2604 948 2778 1021 (Psal.
2801 966 2963 1006 um
2988 950 3029 1020 ),
3054 966 3195 1006 unus
3225 960 3406 1007 tamen
3438 962 3526 1008 est
3559 964 3758 1010 natura

2169 1041 2312 1097 ﬁlius
2354 1050 2410 1097 et
2455 1041 2767 1113 unigenitus
2792 1043 2859 1099 de
2882 1051 3057 1112 patre,
3098 1059 3199 1115 per
3225 1059 3386 1114 quem
3415 1059 3611 1102 omnes
3660 1046 3760 1103 ﬁlii

2168 1130 2521 1202 appellantur.
2573 1139 2647 1186 tta
2687 1141 2743 1187 et
2771 1133 2995 1203 spiritus
3028 1133 3181 1188 multi
3218 1135 3437 1205 quidem
3477 1144 3639 1201 sunt,
3663 1136 3758 1194 sed

2170 1237 2309 1276 unus
2342 1229 2446 1288 est,
2474 1221 2565 1290 qui
2612 1237 2740 1277 vere
2768 1239 2836 1281 ex
2887 1223 3006 1292 ipso
3031 1224 3140 1279 Deo
3163 1224 3429 1294 procedit,
3457 1234 3515 1281 et
3544 1228 3761 1284 caneris

2170 1313 2419 1368 omnibus
2446 1314 2719 1369 vocabulis
2765 1329 2833 1369 ac
2875 1316 3329 1373 sanctiﬁcationis
3364 1334 3478 1373 sure
3525 1322 3759 1391 gratiam

2170 1403 2354 1458 donat.

2247 1496 2369 1550 Non
2400 1498 2540 1551 enim
2566 1499 2838 1563 accepistis
2870 1499 3114 1569 spiritum
3151 1502 3411 1557 seruitutis
3462 1504 3656 1558 iterum
3702 1506 3761 1559 in

2175 1586 2383 1641 timore.
2414 1580 2516 1659 (Ei
2539 1587 2795 1660 Primas.)
2821 1588 2989 1644 Iudaei
3020 1599 3345 1661 acceperunt
3369 1594 3645 1662 spiritum,
3667 1596 3759 1665 qui

2171 1678 2345 1732 nullos
2373 1678 2439 1733 ad
2475 1679 2792 1733 servitutem
2840 1690 3057 1749 cogeret
3100 1697 3197 1751 per
3227 1683 3498 1738 timorem.
3544 1685 3762 1741 Timere

503 1778 524 1811 ο
570 1758 666 1814 Dei
717 1767 968 1828 aguntur,
996 1755 1049 1809 hi
1096 1754 1190 1808 ﬁlii
1237 1762 1363 1807 sunt
1404 1753 1519 1807 Dei.
1567 1751 1683 1806 Non
1722 1751 1864 1807 cnim
1917 1767 2065 1806 acce-

2175 1766 2317 1819 euim
2340 1767 2621 1821 servorum
2648 1775 2755 1832 est,
2777 1747 3001 1839 diligere
3028 1747 3282 1826 ﬁliorum.
3311 1770 3466 1827 Sicut
3486 1776 3755 1846 scripturn

500 1869 521 1903 ⁸
567 1850 722 1922 Fisus
771 1849 1020 1918 Spiritum
1061 1846 1549 1901 δεῖνίίυῑίείίθτυω
1598 1844 1653 1898 in
1697 1844 1911 1908 “more:
1972 1843 2068 1938 ’ἤθει
2169 1864 2292 1911 est:
2331 1855 2519 1912 Servus
2545 1858 2816 1913 dominum
2838 1876 2993 1914 suum
3045 1862 3266 1927 timebit,
3294 1873 3342 1917 et
3391 1864 3541 1935 ﬁlius
3578 1843 3761 1938 diliget

501 1960 520 1994 I
566 1940 852 2010 accepistis
864 1937 1120 2007 Spiritum
1144 1934 1448 2005 adoptionis
1475 1933 1732 1997 ﬁliorum,
1750 1932 1802 1986 in
1832 1948 1939 2001 quo
1959 1932 2065 1987 cla-

2175 1954 2369 2014 patrem
2391 1963 2564 1999 suum.
2580 1947 2659 2000 llli
2675 1963 2804 2018 ergo
2817 1949 2908 2019 qui
2936 1952 3150 2020 operari
3171 1932 3455 2021 charitatis
3473 1932 3759 2013 voluntate

502 2048 524 2083 α
581 2043 793 2084 mamus
826 2047 838 2080 :
876 2026 1028 2080 Abba
1056 2033 1228 2095 pater.
1258 2023 1375 2093 Ipse
1412 2021 1802 2091 cnimSpiritus
1828 2021 2067 2075 testimo-

505 2138 527 2172 ε
569 2121 719 2175 nium
746 2117 919 2173 reddit
954 2116 1169 2186 spiritui
1200 2124 1407 2178 nostro,
1436 2114 1579 2183 quod
1610 2129 1798 2167 sumus
1826 2112 1920 2166 ﬁlii
1950 2112 2066 2167 Dei.

503 2232 521 2262 ι
569 2208 626 2264 Si
653 2217 832 2264 autem
860 2207 954 2261 lilii
974 2206 1069 2261 Dei
1087 2214 1142 2259 et
1163 2206 1425 2270 haeredes,
1448 2204 1692 2259 hacredes
1711 2203 1923 2273 quidem
1951 2203 2066 2269 Dei,

504 2320 523 2350 ι
568 2299 876 2355 cohtercdes
904 2304 1085 2351 autem
1114 2295 1334 2350 Christi.
1379 2315 1398 2346 ι
1492 2316 1497 2323 ·

568 2388 837 2444 Debitores
882 2403 1063 2440 sumus
1093 2402 1196 2440 non
1240 2385 1410 2449 carni,
1461 2394 1515 2437 ut
1545 2383 1827 2437 secundum
1857 2399 2066 2437 carnem

500 2483 747 2534 vivamus.
788 2480 891 2543 (Ex
938 2476 1112 2547 Orig.)
1150 2476 1433 2530 Debitores
1462 2491 1649 2531 sumus
1691 2490 1900 2541 eorum,
1954 2475 2070 2529 sine

499 2572 681 2636 dubio,
720 2586 840 2641 qua:
887 2585 917 2624 a
938 2569 1139 2639 Spiritu
1160 2568 1434 2624 consecuti
1458 2584 1664 2634 sumus,
1694 2568 1844 2623 carni
1867 2575 2065 2632 autem,

499 2661 692 2733 inquit,
716 2677 824 2716 non
853 2677 1038 2717 sumus
1066 2661 1356 2717 debitores.
1383 2659 1567 2730 Neque
1596 2659 1739 2714 enim
1784 2666 2069 2735 propterea

500 2770 598 2809 nos
619 2752 745 2809 fecit
766 2754 906 2810 Deus
928 2754 999 2810 ad
1030 2754 1316 2825 imaginem
1334 2770 1509 2820 suam,
1536 2762 1593 2808 ut
1620 2754 1803 2809 carnis
1850 2753 2071 2809 servitio

498 2860 737 2901 essemus
780 2847 1019 2909 obnoxii,
1050 2847 1142 2902 sed
1167 2847 1347 2917 potius
1371 2854 1431 2901 ut
1475 2846 1706 2901 creatori
1737 2861 1835 2901 suo
1888 2846 2069 2900 anima

496 2936 824 3002 deserviens,
853 2938 967 3009 ipsa
995 2937 1216 2993 servitio
1241 2953 1306 2993 ac
1336 2937 1640 2992 ministerio
1681 2938 1862 2992 carnis
1890 2946 2072 2993 utere-

497 3031 601 3078 tur.
633 3024 740 3095 (Ea'
783 3022 1039 3098 Primus.)
1084 3026 1196 3082 Hoc
1234 3032 1408 3082 totum
1449 3026 1580 3097 agit,
1611 3034 1670 3081 ut
1698 3026 1949 3082 ostendat
1989 3026 2070 3081 eis

495 3121 667 3191 legem
710 3136 816 3176 non
844 3137 967 3178 esse
999 3122 1387 3188 necessariam,
1427 3137 1548 3191 qua:
1594 3120 1902 3176 carnalibus
1945 3118 2070 3173 data

494 3219 597 3267 est.

563 3299 629 3357 Si
651 3303 790 3356 enim
818 3303 1103 3357 secundum
1128 3320 1337 3358 carnem
1365 3302 1611 3366 vixeritis,
1629 3300 1941 3357 moriemini.
1971 3299 2072 3371 (Ex

497 3388 673 3461 Orig.)
704 3391 844 3457 Quid
870 3400 954 3447 est
975 3391 1260 3447 secundum
1288 3410 1500 3449 carnem
1538 3393 1721 3457 uiuere,
1750 3391 1856 3446 nisi
1890 3388 2071 3445 carnis

493 3478 762 3534 desideria
783 3481 1040 3549 implere?
1060 3480 1194 3536 Nam
1223 3492 1279 3538 et
1307 3482 1433 3536 alibi
1467 3482 1632 3537 dicit:
1673 3481 1741 3535 Et
1775 3481 1951 3535 carnis
1980 3498 2072 3534 cn-

494 3584 609 3623 ram
632 3572 694 3622 ne
722 3568 946 3636 feceritis
966 3572 1020 3623 in
1040 3573 1489 3643 concupiscentiis.
1513 3571 1630 3626 Non
1651 3573 1837 3643 utique
1864 3587 2071 3641 negans

495 3672 681 3711 curam
715 3660 897 3713 carnis
922 3660 1224 3715 habendam
1251 3662 1305 3716 in
1332 3663 1678 3729 necessariis,
1707 3663 1800 3718 sed
1845 3663 1898 3717 in
1946 3679 2072 3717 con-

495 3746 860 3815 cupiscentiis.
904 3748 983 3803 lta
1012 3764 1141 3819 ergo
1184 3757 1240 3806 et
1274 3752 1407 3806 hic:
1445 3751 1503 3807 Si
1528 3752 1687 3818 enim,
1738 3752 1936 3822 inquit,
1988 3766 2071 3806 se-

494 3834 724 3888 cundum
744 3853 952 3891 carnem
973 3839 1223 3907 vixeritis,
1248 3843 1559 3896 moriemini.
1585 3841 1865 3915 Signiﬁcat
1888 3850 2071 3898 autem

495 3930 725 3977 mortem
762 3939 935 3994 plena:
972 3937 1207 3984 aeternas.
1242 3930 1355 3987 Hoc
1399 3933 1542 3987 enim
1588 3932 1738 3998 dicit,
1784 3932 2069 3988 ostendere

492 4011 702 4079 volens,
731 4015 967 4070 maxima
994 4018 1050 4072 in
1075 4029 1282 4089 partem
1310 4026 1620 4094 passionum
1657 4025 1924 4080 desideria
1969 4025 2069 4081 hu-

492 4104 639 4157 mani
669 4106 910 4174 corporis
937 4123 1074 4163 esse.

565 4192 624 4249 Si
655 4206 827 4250 autem
858 4201 1044 4266 spiritu
1076 4201 1217 4272 facta
1243 4208 1415 4260 carnis
1446 4208 1912 4277 mortiﬁcareritis,
1938 4209 2069 4263 vive-

492 4284 578 4336 tis.
604 4282 705 4354 (Et
734 4285 907 4358 Orig.)
940 4289 1040 4356 Qui
1082 4306 1210 4361 ergo
1244 4297 1538 4351 secundum
1581 4299 1830 4367 spiritum
1876 4315 2062 4370 agens,

493 4376 785 4432 mortiﬁcat
809 4388 961 4436 actus
990 4386 1188 4449 carnis,
1220 4389 1363 4442 vivet
1406 4402 1627 4461 pr0pter
1672 4393 2066 4448 inhabitantcm

492 4462 638 4520 inse
697 4468 945 4537 spiritum
988 4474 1132 4529 vitae.
1184 4476 1470 4534 Mortificat
1514 4490 1695 4535 autem
1744 4485 1864 4552 quis
1911 4493 2064 4539 actus

490 4554 670 4609 carnis
717 4554 820 4611 hoc
873 4562 1051 4628 modo,
1117 4563 1324 4622 fructus
1371 4579 1454 4623 est
1501 4572 1722 4639 spiritus
1775 4575 2013 4629 charitas
2046 4616 2060 4641 ,

491 4644 674 4699 odium
701 4648 882 4703 carnis
920 4659 1004 4705 est
1027 4662 1202 4718 actus,
1231 4657 1414 4710 odium
1441 4674 1569 4728 ergo
1594 4676 1691 4729 per
1742 4664 2063 4719 eharitatem

492 4733 910 4792 mortiﬁcaturet
923 4742 1300 4809 exstinguitur.
1316 4743 1578 4802 Gaudium
1593 4750 1840 4806 similiter
1858 4752 2065 4811 fructus

489 4831 574 4877 est
613 4825 857 4894 spiritus,
889 4831 1109 4886 tristitia
1138 4849 1265 4889 vero
1283 4838 1443 4908 bujus
1467 4843 1670 4906 seculi,
1690 4859 1809 4913 quas
1833 4855 2060 4903 mortem

489 4924 766 4983 operatur,
789 4919 971 4973 carnis
997 4930 1079 4975 est
1106 4932 1278 4978 actus.
1306 4926 1432 4982 Haec
1460 4943 1588 4998 ergo
1634 4915 1993 5006 exstinguitur
2013 4939 2059 4993 si

489 5005 563 5057 sit
588 5006 643 5058 in
672 5007 828 5061 nobis
853 5011 1104 5078 gaudium
1124 5016 1364 5082 spiritus,
1398 5036 1503 5089 pax
1532 5014 1736 5080 fructus
1763 5005 1847 5083 est
1897 5029 2057 5099 spiri-

491 5102 597 5149 tus.
647 5097 922 5155 Dissensio
949 5110 1005 5156 et
1050 5103 1314 5162 discordia
1345 5113 1523 5166 carnis
1551 5122 1653 5169 est.
1694 5116 1798 5174 Sed
1847 5097 2054 5177 certum

489 5188 575 5235 est
620 5182 943 5241 discordiam
992 5194 1308 5251 mortiﬁeari
1355 5215 1458 5277 per.
1507 5219 1713 5272 pacem.
1769 5207 1860 5264 Sic
1908 5212 2055 5266 etin

489 5271 744 5339 patientia
775 5277 994 5346 spiritus
1042 5285 1300 5352 patientia
1346 5271 1524 5349 carnis
1581 5300 1959 5370 exstinguitur,
2001 5313 2057 5359 et

487 5363 701 5422 bonitas
726 5369 984 5427 malitiam
1010 5380 1246 5447 perimit,
1279 5395 1332 5440 et
1380 5395 1739 5449 mansuetudo
1793 5396 2053 5452 ferociam

486 5464 541 5558 et
566 5460 898 5558 continentia
932 5464 1426 5545 intemperantiam,
1459 5491 1514 5537 et
1558 5486 1780 5539 castitas
1826 5487 2055 5558 impudi-

436 5610 445 5613 4
488 5546 670 5602 citiam
695 5562 870 5607 necat.
903 5554 1124 5629 Talique
1144 5567 1330 5625 ordine
1354 5572 1442 5641 qui
1470 5588 1570 5642 per
1606 5574 1852 5642 spiritum
1899 5546 2053 5635 actus

490 5644 666 5699 carnis
688 5646 1033 5705 viviﬁcaverit
1056 5656 1213 5713 vivet.

2169 2035 2445 2101 nolebant,
2500 2037 2711 2092 timoris
2756 2041 3080 2097 necessitate
3134 2054 3424 2113 cogantur,
3478 2062 3582 2102 nos
3625 2064 3759 2103 vero

2171 2126 2351 2180 omnia
2380 2127 2682 2183 voluntarie
2712 2144 3021 2199 operemur,
3052 2142 3111 2187 ut
3141 2134 3280 2191 ﬁlios
3329 2150 3429 2192 nos
3469 2153 3595 2194 esse
3624 2156 3757 2210 pro-

2169 2219 2385 2273 bemur.

2240 2307 2349 2378 (Ex
2379 2308 2622 2381 August.)
2659 2310 2761 2379 Qui
2816 2312 3011 2368 timore
3039 2328 3233 2384 ptume,
3260 2332 3367 2371 non
3396 2331 3587 2373 amore
3603 2318 3764 2388 justi-

2173 2402 2258 2456 tiae
2306 2416 2442 2471 opus
2489 2401 2621 2472 legis
2679 2402 2832 2470 facit,
2889 2419 2986 2474 per
3048 2409 3153 2461 hoc
3200 2406 3357 2479 legis,
3406 2424 3574 2479 quam
3632 2412 3764 2467 velit

2169 2507 2276 2546 non
2302 2506 2441 2555 esse,
2471 2507 2577 2546 non
2604 2500 2689 2547 est
2738 2494 2967 2560 amicus,
3004 2495 3101 2551 sed
3125 2498 3305 2567 potius
3334 2498 3624 2565 inimicus;
3661 2517 3760 2557 nec

2172 2583 2462 2638 inundatur
2496 2598 2678 2654 Opere,
2709 2586 2800 2654 qui
2828 2586 3137 2643 immundus
3161 2596 3247 2643 est
3268 2589 3563 2647 voluntate.

2243 2672 2348 2728 Sed
2374 2675 2643 2745 accepistis
2668 2674 2921 2746 Spiritum
2945 2677 3241 2749 adoptionis
3277 2680 3510 2750 ﬁliorum
3554 2685 3613 2739 in
3657 2703 3760 2756 quo

2171 2768 2459 2823 clamamus
2500 2769 2644 2824 Abba
2664 2779 2833 2841 pater.
2886 2770 2989 2838 Qui
3017 2780 3178 2827 vocat
3206 2782 3443 2843 patrem,
3494 2776 3672 2833 ﬁlium
3698 2796 3758 2835 se

2172 2875 2292 2916 esse
2310 2860 2617 2930 proﬁtetur,
2646 2862 2805 2918 debet
2831 2877 2961 2935 ergo
2986 2865 3131 2935 patri
3156 2867 3210 2920 in
3241 2868 3487 2924 moribus
3512 2870 3660 2927 ﬁlius
3683 2875 3761 2928 si-

2172 2953 2317 3008 milis
2350 2953 2597 3018 inveniri,
2658 2969 2727 3010 ne
2762 2970 2861 3026 pro
2913 2958 3135 3013 nomine
3164 2975 3382 3030 quoque
3435 2961 3491 3017 in
3524 2979 3760 3019 vacuum

2174 3050 2436 3111 usurpato
2465 3040 2658 3110 majori
2687 3059 2863 3113 paenae
2889 3044 3187 3116 subiaceat,
3239 3049 3367 3105 item
3397 3066 3496 3106 vos
3522 3051 3761 3108 Romani

2173 3132 2226 3187 in
2257 3132 2599 3201 adoptionem
2634 3132 2883 3188 ﬁliorum
2937 3138 3114 3192 vocati
3160 3140 3314 3205 estis,
3346 3156 3453 3195 non
3490 3142 3637 3197 sic:.t
3663 3141 3761 3197 ,ιιι-

2173 3222 2292 3285 daei,
2322 3222 2415 3299 qui
2439 3223 2638 3278 subditi
2667 3224 2803 3294 legis
2840 3225 3089 3297 imperio,
3121 3228 3176 3284 in
3199 3231 3460 3287 servitute
3489 3235 3757 3288 teneban-

2172 3319 2278 3367 tur.
2320 3313 2471 3381 Quod
2493 3329 2623 3370 vero
2644 3316 2887 3371 addidit:
2918 3318 3063 3372 Abba
3099 3330 3266 3389 pater,
3316 3322 3507 3390 patria:
3558 3324 3759 3395 lingua:

2174 3402 2512 3468 vocabulum,
2544 3404 2775 3475 idipsum
2829 3406 3066 3473 iteravit,
3098 3409 3244 3464 velut
3285 3412 3331 3467 si
3363 3412 3631 3469 dixisset:
3662 3434 3759 3486 pa-

2173 3503 2256 3549 ter
2275 3504 2451 3565 pater,
2483 3496 2624 3551 idem
2656 3513 2889 3569 namque
2917 3499 3068 3555 Abba
3100 3504 3242 3572 quod
3275 3512 3331 3558 et
3355 3512 3513 3574 pater
3542 3507 3758 3576 signiﬁ-

2170 3594 2279 3651 cat,
2318 3588 2414 3643 sed
2435 3586 2586 3645 Abba
2615 3588 2919 3656 Hebraeum,
2952 3602 3115 3662 pater
3141 3593 3387 3651 Gmcum
3408 3605 3495 3652 est
3516 3606 3573 3653 et
3608 3599 3758 3655 Lati-

2169 3690 2320 3731 num.
2355 3675 2426 3732 Ut
2455 3691 2584 3748 ergo
2611 3686 2902 3749 utrumque
2943 3683 3196 3752 populum
3234 3685 3288 3739 in
3335 3701 3463 3741 eum
3510 3689 3755 3745 creditu-

2170 3786 2312 3837 rum,
2373 3772 2443 3827 ab
2474 3781 2704 3843 utroque
2732 3790 2856 3830 eum
2901 3776 3257 3834 invocandum
3309 3796 3432 3836 esse
3498 3782 3746 3849 doceret,

2169 3866 2455 3930 utramque
2509 3860 2745 3932 linguam
2801 3864 3093 3935 Apostolus
3143 3869 3341 3938 posuit,
3387 3879 3447 3925 ut
3473 3871 3625 3927 Abba
3649 3874 3754 3938 illi,

2169 3953 2259 4022 qui
2292 3953 2357 4007 de
2399 3953 2694 4010 Israelitico
2758 3958 2975 4027 populo,
3018 3975 3117 4016 nos
3162 3962 3320 4018 Pater
3363 3963 3750 4029 elamaremus,

2167 4041 2260 4110 qui
2304 4042 2371 4095 de
2398 4043 2649 4110 gentibus
2685 4045 2753 4099 ad
2789 4044 2947 4101 ﬁdem
2988 4047 3189 4104 Christi
3216 4053 3484 4107 venimus.

2240 4130 2361 4201 Ipse
2390 4131 2619 4201 Spiritus
2670 4136 3021 4191 testimonium
3070 4140 3237 4199 reddit
3284 4143 3495 4213 spiritui
3542 4156 3750 4212 nostra,

2168 4231 2272 4278 etc.
2306 4222 2425 4293 Ipse
2467 4238 2597 4295 ergo
2612 4226 2848 4295 Spiritus
2903 4229 3228 4300 adoptionis,
3276 4247 3375 4303 per
3412 4249 3574 4303 quem
3608 4238 3660 4291 in
3694 4240 3752 4294 li-

2169 4313 2298 4367 lium
2326 4315 2447 4384 quis
2494 4317 2798 4385 adoptatur,
2841 4319 3019 4375 reddit
3067 4323 3430 4379 testimonium
3461 4335 3517 4381 ct
3544 4329 3750 4383 conﬁr-

2089 4430 2142 4490 υ
2170 4412 2281 4456 mat
2307 4404 2556 4473 spiritum
2588 4416 2849 4474 nostrum,
2878 4410 3004 4479 quia
3028 4427 3214 4467 sumus
3246 4413 3340 4468 ﬁlii
3366 4415 3482 4469 Dei.
3515 4415 3746 4473 Postea-

2166 4508 2327 4562 quam
2388 4509 2417 4548 a
2475 4496 2665 4564 spiritu
2711 4500 2986 4555 servitutis
3032 4502 3087 4557 in
3131 4503 3436 4575 adoptionis
3489 4510 3744 4578 spiritum

2163 4583 2493 4651 venerimus,
2520 4602 2641 4641 cum
2660 4586 2773 4657 jam
2818 4590 2949 4645 nihil
3012 4593 3224 4650 timoris
3267 4596 3428 4662 inest,
3461 4599 3598 4653 nihil
3624 4615 3748 4670 pro-

2164 4681 2288 4743 pter
2315 4684 2518 4730 metum
2568 4692 2739 4747 poena:
2791 4682 3049 4751 gerimus,
3102 4685 3198 4738 sed
3231 4697 3451 4759 propter
3499 4706 3745 4747 amorem

2163 4764 2339 4820 Patris
2360 4776 2555 4822 cuncta
2584 4769 2911 4838 perﬁcimus.

2236 4854 2294 4910 Si
2316 4868 2489 4911 autem
2520 4857 2621 4927 ﬁlii
2646 4870 2691 4913 et
2723 4860 2974 4927 Inrredes,
2999 4863 3229 4921 lueredes
3256 4868 3461 4939 quidem
3484 4868 3608 4938 Dei,
3630 4880 3738 4928 etc.

2159 4949 2287 5005 Post
2316 4951 2431 5004 hree
2449 4952 2560 5022 jam
2597 4968 2661 5007 ex
2690 4957 3146 5025 consequentibus
3180 4961 3550 5031 syllogismum
3569 4964 3741 5021 nectit

2158 5037 2446 5107 Apostolus
2496 5048 2550 5093 et
2579 5042 2746 5097 dicit:
2804 5043 2859 5100 Si
2886 5045 3153 5114 Spiritum
3185 5050 3489 5119 adoptionis
3522 5054 3738 5123 accepi-

2159 5142 2300 5191 mus,
2329 5143 2457 5198 ergo
2487 5128 2580 5184 lilii
2613 5146 2814 5187 sumus.
2849 5134 3000 5201 Quod
3030 5137 3075 5192 si
3120 5139 3217 5193 filii
3247 5155 3454 5207 sumus,
3485 5143 3605 5199 sine
3638 5144 3739 5198 du-

2157 5219 2247 5273 bio
2277 5229 2332 5274 et
2356 5221 2618 5287 hzeredes,
2668 5226 2974 5282 mercedem
3023 5245 3258 5299 namque
3307 5247 3499 5291 servus
3546 5249 3737 5305 exspe-

2164 5319 2296 5377 ctat,
2362 5313 2734 5372 hzereditatem
2800 5319 2943 5376 ﬁlius
3005 5332 3209 5393 sperat.
3262 5326 3329 5380 Et
3359 5342 3550 5383 rursus
3598 5329 3742 5384 alius

2163 5402 2368 5458 addidit
2396 5406 2757 5464 conclusionis
2804 5421 3150 5482 augmentum
3182 5428 3197 5468 :
3226 5414 3478 5472 Heredes
3501 5419 3731 5488 quidem,

2161 5493 2255 5557 ait,
2296 5494 2416 5560 Dei,
2441 5497 2733 5551 collmredes
2769 5512 2941 5555 autem
2991 5502 3206 5558 Christi.
3241 5505 3423 5562 Ilmrcs
3452 5508 3575 5577 quis
3610 5507 3735 5562 efﬁ-

2159 5585 2302 5639 eitur
2341 5586 2456 5649 Dei,
2505 5604 2625 5643 cum
2652 5606 2772 5659 qua:
2803 5592 2896 5646 Dei
2947 5604 3073 5648 sunt
3100 5604 3337 5651 meretur
3381 5598 3647 5668 accipere,
3678 5599 3730 5653 id

2159 5685 2262 5742 est,
2298 5678 2731 5749 incorruptionis,
2768 5692 2821 5738 ct
2851 5685 3272 5744 immortalitatis
3317 5689 3569 5760 gloriam,
3609 5692 3726 5746 the-
