3952 6448
179 316 280 373 415

991 309 1507 369 COLLECTIONES
1541 307 1612 364 IN
1645 307 2023 365 EPISTOLAS
2060 311 2149 366 ET
2187 308 2605 369 EVANGELIA.

3322 314 3442 371 MK

177 444 364 487 sauros
389 416 668 499 sapientia:
692 434 749 480 et
775 425 1016 482 scientiae
1067 424 1397 480 reconditos.
1429 422 1750 479 Cobeeredes
1779 425 1825 483 A
1852 423 2057 478 dictum
2104 433 2189 480 est
2216 444 2229 478 :
2260 426 2428 481 Terra
2459 434 2551 481 tua
2584 427 2767 498 spinas
2820 433 2876 483 et
2901 426 3132 483 tribulos
3156 425 3440 498 germina»

178 533 356 577 autem
383 519 608 584 Christi,
643 535 769 576 etim
821 516 1293 574 transformaverit
1345 520 1543 585 corpus
1579 515 1757 570 humi-

180 611 345 666 litatis
366 616 588 674 nostraa,
618 608 898 665 conforme
946 606 1160 677 corpori
1211 605 1478 662 claritatis
1506 620 1635 688 suae,
1663 604 1758 659 sed

182 709 377 757 etcum
414 700 543 755 illud
574 699 801 768 adipisci
826 698 1045 763 meruit,
1076 698 1220 765 quod
1249 696 1386 752 dixit
1421 696 1537 765 ipse
1566 693 1757 749 Salva-

186 802 269 845 tor
299 808 312 842 :
340 788 523 853 Pater,
548 786 662 843 colo
684 796 740 841 ut
789 787 878 840 ubi
906 802 998 856 ego
1049 801 1188 848 sum,
1225 796 1273 839 et
1300 784 1387 838 isti
1417 783 1520 838 sint
1557 797 1758 835 mecum

187 878 546 952 (Joan.xvn).
573 878 671 933 Est
723 885 986 948 prmierea
1031 883 1087 931 et
1115 876 1206 931 illa
1231 875 1466 946 dignitas
1521 873 1759 930 cohaere-

186 972 311 1027 dum
336 970 557 1033 Christi,
597 970 738 1038 quod
763 972 923 1025 Pater
950 967 1169 1037 quidem
1196 981 1357 1022 omne
1374 965 1637 1036 judicium
1667 964 1759 1018 de-

186 1063 267 1118 dit
302 1062 431 1127 fdio,
469 1062 562 1116 sed
596 1059 824 1116 etFilius
856 1060 991 1115 dicit
1019 1059 1087 1113 ad
1114 1058 1427 1113 cohaeredes
1461 1071 1590 1112 suos
1620 1074 1634 1109 :
1666 1054 1759 1111 Se-

185 1154 371 1209 debitis
388 1161 437 1206 et
463 1168 550 1206 vos
570 1166 727 1222 super
746 1150 1021 1204 duodecim
1047 1149 1282 1213 thronos,
1301 1147 1604 1218 judicantes
1626 1147 1760 1200 duo-

186 1245 349 1298 decim
372 1243 536 1296 tribus
570 1239 764 1306 Israel,
796 1248 850 1294 et
875 1240 981 1294 hoc
998 1239 1156 1295 modo
1182 1238 1425 1294 heredes
1453 1252 1582 1293 suos
1602 1236 1760 1292 Chri-

188 1342 304 1389 stus
337 1348 445 1387 non
472 1331 645 1387 solum
692 1330 747 1386 in
775 1339 961 1402 partes
997 1329 1352 1394 haereditatis,
1388 1327 1481 1383 sed
1510 1326 1759 1384 etiamin

187 1424 515 1479 cortsortium
540 1422 825 1495 potestatis
854 1420 1092 1475 adducit.

476 1529 812 1570 EVANGELIU“
843 1524 1127 1575 IATTHEI,
1162 1524 1281 1565 CAP.
1310 1524 1406 1563 γη.

265 1627 284 1658 ι
324 1607 600 1662 Attendite
626 1621 657 1660 a
685 1604 836 1660 falsis
860 1602 1160 1674 prophetis,
1204 1600 1297 1671 qui
1325 1600 1551 1655 veniunt
1576 1598 1643 1653 ad
1666 1612 1762 1652 vos

195 1717 221 1751 c
258 1702 309 1755 in
335 1699 681 1754 vestimentis
698 1700 904 1762 ovium,
934 1697 1269 1752 intrinsecus
1287 1702 1467 1749 autem
1499 1702 1625 1749 sunt
1651 1693 1759 1763 lupi

1856 514 1936 569 bit
1974 513 2090 568 tibi.
2127 514 2289 579 Ficus
2312 531 2443 571 vero
2468 524 2524 571 et
2545 531 2650 571 uva
2697 516 3040 572 dulcedinem
3067 517 3433 573 conversatio-

1856 606 1944 660 nis
1976 621 2147 671 novae,
2176 621 2338 677 quam
2384 605 2647 662 Dominus
2676 607 2731 661 in
2763 606 2922 663 nobis
2954 607 3149 674 esurit,
3181 614 3237 662 et
3261 606 3439 663 fervoa»

1858 714 1974 754 rem
2002 698 2325 764 dilectionis,
2376 700 2470 769 qui
2515 698 2755 754 laetiﬁcat
2777 715 2872 756 cor
2897 700 3150 755 hominis.
3184 700 3300 755 Non
3338 715 3437 755 au-

1859 799 1966 846 tem
1993 791 2060 846 de
2084 791 2256 861 spinis
2276 806 2410 845 uvas
2446 804 2622 860 neque
2645 791 2714 846 de
2738 791 2954 847 tribulis
2981 789 3116 846 ﬁcus
3142 791 3451 863 colligitur,

1857 881 1982 950 quia
2017 896 2205 936 mensa
2234 880 2411 935 adhuc
2437 881 2638 934 veteris
2658 879 2893 936 hominis
2930 881 3317 938 consuetudine
3345 882 3440 937 de-

1856 986 2046 1043 pressa
2072 970 2330 1027 simulare
2386 976 2588 1041 potest.
2617 969 2712 1026 sed
2761 966 2973 1025 fructus
3015 970 3142 1024 novi
3201 970 3454 1027 hominis

1858 1062 2001 1118 ferre
2025 1074 2134 1118 non
2164 1070 2362 1133 potest.

1929 1141 2017 1210 Sic
2045 1156 2212 1209 omnis
2259 1154 2418 1209 arbor
2466 1154 2601 1208 bona
2648 1153 2852 1222 fructus
2902 1153 3062 1209 bonos
3097 1154 3247 1225 facit,
3296 1148 3441 1210 mala

1858 1254 2034 1298 autem
2078 1244 2236 1297 arbor
2300 1243 2501 1312 fructus
2528 1240 2695 1296 malos
2732 1241 2882 1312 facit.
2922 1241 3047 1297 Non
3074 1252 3240 1314 potest
3282 1245 3445 1299 arbor

1860 1336 1993 1390 bona
2023 1334 2229 1404 fructus
2251 1333 2421 1388 malos
2470 1334 2667 1403 facere,
2700 1349 2864 1405 neque
2890 1333 3049 1387 arbor
3071 1332 3215 1387 mala
3237 1332 3442 1403 fructus

1860 1430 2019 1484 bonos
2041 1428 2231 1497 facere.
2271 1426 2374 1498 (Ex
2399 1424 2652 1497 August.)
2681 1424 2857 1480 Arbor
2879 1433 2964 1480 est
3006 1424 3119 1494 ipsa
3151 1423 3355 1484 anima,
3386 1422 3443 1477 id

1859 1527 1962 1582 est,
1992 1519 2107 1587 ipse
2135 1518 2319 1582 homo,
2370 1516 2580 1571 fructus
2629 1532 2780 1581 vero,
2822 1530 2989 1587 opera
3038 1514 3293 1571 hominis.
3321 1512 3441 1569 Non

1860 1622 1993 1678 ergo
2024 1616 2203 1678 potest
2254 1606 2432 1661 malus
2480 1607 2644 1662 homo
2693 1605 2833 1662 bona
2863 1606 3100 1676 operari,
3144 1620 3243 1660 nec
3271 1604 3447 1659 bonus

1863 1701 2025 1756 mala.
2054 1700 2198 1771 Ergo
2225 1700 2271 1754 si
2299 1699 2415 1754 Vult
2442 1699 2582 1753 bona
2616 1693 2854 1769 operari,
2884 1698 3058 1752 bonus
3108 1696 3288 1766 primo
3326 1694 3449 1750 fiat.-

197 1811 225 1843 r
258 1806 498 1862 rapaces.
561 1790 603 1844 A
662 1788 928 1845 fructibus
986 1802 1175 1842 eorum
1248 1785 1587 1854 cognoscetis
1646 1798 1760 1839 eos.

1883 1792 2025 1846 Prius
2053 1790 2198 1845 enim
2228 1790 2520 1845 mutandus
2544 1791 2728 1855 homo,
2758 1798 2820 1843 ut
2854 1802 3017 1859 Opera
3047 1794 3365 1852 mutentur;
3396 1786 3450 1840 si

105 1892 117 1905 '
196 1905 214 1936 ι
252 1883 502 1953 Nunquid
527 1883 782 1953 colligunt
815 1883 881 1937 de
930 1881 1100 1950 spinis
1126 1893 1278 1942 uvas,
1329 1886 1423 1932 aut
1449 1877 1516 1931 de
1549 1875 1765 1930 tribulis

195 1996 215 2027 ς
262 1977 435 2031 ficus?
466 1976 557 2030 Sic
582 1975 761 2030 omnis
792 1974 955 2027 arbor
991 1973 1131 2027 bona
1169 1970 1342 2024 bonos
1373 1967 1583 2022 fruetus
1607 1965 1762 2021 facit.

200 2086 218 2118 ι
263 2066 400 2121 Mala
425 2074 605 2120 autem
634 2064 800 2118 arbor
828 2063 1036 2117 fructus
1064 2060 1236 2115 malos
1258 2059 1407 2113 facit.
1440 2056 1556 2111 Non
1586 2062 1768 2126 potest

199 2177 227 2207 ι·
262 2157 423 2211 arbor
476 2156 617 2210 bona
674 2153 886 2207 fructus
930 2151 1101 2206 malos
1155 2150 1352 2211 facere,
1402 2163 1578 2217 neque
1604 2146 1770 2201 arbor

200 2267 219 2298 ι
263 2246 398 2301 mala
449 2245 653 2300 fructus
705 2245 876 2301 bonos
937 2241 1136 2297 facere.
1192 2240 1382 2296 Omnis
1427 2239 1589 2293 arbor
1648 2252 1770 2305 qua:

201 2359 220 2390 ι
268 2354 374 2391 non
411 2336 544 2391 facit
577 2336 812 2390 fructum
841 2335 1061 2399 bonum,
1100 2333 1381 2388 excidetur
1404 2339 1458 2385 et
1505 2330 1557 2384 in
1590 2329 1767 2399 ignem

202 2448 222 2481 ι
266 2430 527 2484 mittetur.
569 2428 736 2498 Igitur
787 2442 855 2481 ex
889 2425 1155 2481 fructibus
1189 2439 1378 2479 eorum
1434 2421 1770 2492 cognoscetis

202 2538 231 2572 τ
262 2532 376 2574 eos.
416 2518 531 2573 Non
562 2518 739 2573 omnis
763 2516 855 2587 qui
881 2516 1014 2572 dicit
1036 2516 1170 2570 mihi
1203 2532 1214 2562 τ
1249 2514 1493 2578 Domine,
1521 2512 1767 2577 Domine,

202 2630 226 2665 ι
266 2611 491 2668 intrabit
519 2612 574 2665 in
604 2624 828 2682 regnum
858 2608 1146 2671 caelorum,
1184 2605 1278 2661 sed
1303 2605 1395 2674 qui
1428 2602 1557 2658 facit
1582 2602 1775 2658 volun-

204 2718 226 2753 s
272 2708 438 2756 tatem
456 2699 637 2756 Patris
663 2699 794 2766 mei,
835 2698 928 2769 qui
959 2697 1014 2751 in
1044 2695 1198 2752 caelis
1253 2702 1358 2760 est,
1389 2694 1504 2764 ipse
1549 2692 1775 2749 intrabit

207 2808 228 2842 ι
273 2792 325 2845 in
358 2805 580 2862 regnum
609 2789 890 2845 calorum.
931 2807 955 2840 ι

272 2880 530 2935 Attendite
560 2897 592 2933 a
622 2878 772 2949 falsis
805 2876 1095 2949 prophetis,
1147 2874 1236 2945 qui
1287 2872 1499 2928 veniunt
1520 2868 1589 2925 ad
1612 2887 1698 2925 vos
1721 2870 1776 2924 in

201 2971 518 3027 vestimentis
552 2971 749 3035 ovium,
783 2977 890 3024 etc.
925 2967 1025 3039 (Ex
1051 2963 1300 3035 Hieron.)
1336 2961 1407 3017 Et
1431 2963 1496 3017 de
1524 2962 1779 3018 omnibus

202 3061 417 3132 quidem
449 3059 673 3129 intelligi
700 3064 903 3129 potest,
932 3055 1025 3127 qui
1055 3054 1201 3109 aliud
1226 3053 1411 3108 habitu
1438 3065 1502 3107 ac
1530 3064 1777 3106 sermone

1866 1881 2012 1935 enim
2040 1889 2227 1934 manet
2275 1881 2437 1935 homo
2488 1880 2543 1933 in
2570 1893 2637 1934 eo
2683 1878 2827 1949 quod
2861 1877 3040 1933 malus
3065 1884 3170 1941 est,
3221 1886 3277 1931 et
3302 1877 3448 1932 bona

1866 1986 2029 2041 opera
2056 1970 2261 2025 habere
2284 1985 2390 2025 non
2413 1977 2614 2039 potest,
2642 1969 2687 2023 si
2710 1977 2894 2023 manet
2921 1968 2977 2022 in
3013 1981 3078 2023 eo
3103 1968 3246 2037 quod
3273 1968 3449 2023 bonus

1868 2072 1974 2128 est,
2000 2063 2139 2117 mala
2171 2077 2336 2133 opera
2386 2062 2589 2119 habere
2616 2077 2724 2116 non
2774 2068 2975 2131 potest.
3016 2058 3101 2115 Sit
3126 2074 3257 2131 ergo
3283 2073 3452 2114 unus-

1868 2156 2096 2224 quisque
2123 2155 2285 2208 arbor
2312 2154 2483 2217 bona;
2515 2168 2621 2207 non
2671 2166 2730 2207 se
2759 2151 3057 2206 arbitretur
3106 2148 3306 2205 habere
3337 2146 3452 2202 fru-

1869 2257 1991 2303 ctus
2020 2248 2228 2308 bonos;
2263 2246 2519 2301 simanet
2546 2246 2708 2299 arbor
2760 2243 2926 2309 mala,
2963 2258 3072 2298 non
3100 2243 3206 2298 erit
3242 2240 3452 2296 fructus

1868 2341 2064 2403 borius,
2110 2338 2216 2393 nisi
2264 2337 2477 2392 arboris
2503 2336 2691 2401 bonas;
2722 2342 2896 2389 mutet
2921 2349 3036 2399 cor,
3068 2341 3123 2387 et
3148 2331 3450 2388 mutabitur

1869 2448 2024 2504 opus.
2057 2432 2279 2502 Extirpa
2307 2429 2681 2500 cupiditatem,
2712 2428 2897 2499 planta
2927 2426 3268 2482 eharitatem.
3299 2423 3455 2480 Sicut

1872 2525 2017 2579 enim
2048 2530 2133 2578 est
2156 2522 2310 2576 radix
2339 2520 2581 2575 omnium
2635 2518 2901 2574 malorum
2953 2516 3240 2588 cupiditas,
3292 2515 3374 2573 eis
3398 2521 3456 2571 et

1872 2614 2028 2667 radix
2060 2612 2304 2669 omnium
2327 2612 2591 2667 bonorum
2621 2610 2879 2665 cbaritas.
3082 2668 3087 2673 ,

1944 2704 2131 2758 Omnis
2156 2703 2315 2757 arbor
2348 2717 2466 2771 quc
2501 2718 2606 2755 non
2641 2700 2772 2771 facit
2799 2700 3029 2769 fructum
3077 2699 3292 2763 bonum,
3317 2696 3457 2751 επί-
3550 2724 3555 2729 ι

1874 2797 2031 2851 detur
2075 2794 2200 2850 etin
2252 2795 2424 2865 ignem
2472 2793 2728 2847 mittetur.
2762 2791 2861 2862 (Ex
2890 2787 3082 2861 Beda.)
3130 2786 3268 2854 Quia
3290 2801 3458 2841 unus-

1877 2886 2107 2957 quisque
2142 2899 2433 2957 perversus
2457 2890 2703 2954 paratam
2738 2881 2901 2936 citius
2927 2878 3185 2950 gehennae
3228 2891 3457 2945 concre-

1876 2976 2172 3032 mationem
2227 2973 2452 3039 invenit,
2514 2972 2608 3042 qui
2654 2971 2744 3026 hic
2798 2969 2928 3025 boni
2993 2968 3172 3039 operis
3224 2966 3458 3022 fructum

1880 3064 2060 3123 facere
2086 3063 2401 3119 contemnit.

201 3118 543 3224 promittunt,
573 3118 720 3205 aliud
763 3118 929 3218 opere
950 3118 1357 3207 demonstrant,
1413 3139 1511 3195 sed
1537 3138 1778 3209 speciali-
1803 3118 1849 3180 (ἶ
1884 3118 1887 3119 ν
1942 3118 2281 3212 pawn“
2313 3156 2403 3227 qui
2427 3154 2553 3208 dici,
2600 3150 2772 3206 mihi:
2803 3150 3049 3216 nomine,
3097 3148 3341 3215 υοηεηε,
3370 3149 3458 3203 δη,

204 3251 290 3299 t'er
314 3242 382 3297 de
405 3239 676 3296 haereticis
702 3236 1129 3309 intelligendum,
1159 3232 1288 3303 quia
1314 3231 1569 3287 videntur
1599 3229 1777 3284 coutia

204 3331 411 3395 nentia,
437 3328 708 3391 castitate,
762 3325 992 3397 jejunio,
1019 3323 1174 3394 quasi
1203 3321 1445 3393 quadam
1474 3318 1696 3390 pietatis
1723 3332 1782 3372 se

204 3429 356 3476 veste
403 3417 749 3483 circumdari,
802 3416 1131 3471 intrinsecus
1162 3427 1313 3478 vero,
1364 3412 1629 3467 habentes
1659 3409 1777 3463 ani-

204 3523 353 3563 mum
381 3514 724 3570 venenatum,
755 3502 1083 3574 simpliciora
1141 3501 1372 3556 fratrum
1429 3498 1599 3555 corda
1630 3496 1782 3551 deci—

203 3602 378 3672 piunt.
433 3599 513 3654 Ex
566 3597 832 3653 fructibus
886 3611 1016 3668 ergo
1044 3595 1257 3659 animas,
1292 3592 1488 3662 quibus
1522 3591 1781 3645 innocen-

207 3696 339 3749 tiam
371 3692 437 3746 ad
474 3691 687 3746 ruinam
747 3689 990 3753 trahunt,
1056 3687 1202 3757 lupis
1234 3682 1522 3755 rapacibus
1559 3695 1782 3750 compa-

209 3791 421 3838 rantur.

281 3873 321 3926 Α
354 3872 609 3943 fructibus
635 3886 813 3927 eorum
837 3867 1174 3940 cognoscetis.
1222 3865 1325 3938 (Ex
1352 3862 1605 3935 August.)
1637 3861 1788 3943 Dixit

206 3965 355 4019 enim
386 3965 641 4020 Dominus
690 3964 756 4019 ad
800 3961 1083 4033 quosdam,
1141 3960 1232 4028 qui
1267 3958 1460 4013 ovium
1498 3942 1786 4010 vestitu’se

212 4056 465 4121 induunt,
496 4056 639 4110 intus
665 4063 791 4110 sunt
813 4053 922 4124 lupi
969 4064 1214 4122 rapaces,
1249 4058 1303 4104 et
1334 4065 1403 4104 nc
1451 4047 1590 4102 forte
1620 4045 1786 4115 fragi-

212 4147 340 4201 litas
371 4148 601 4200 humana
631 4146 947 4216 dignoscere
982 4158 1088 4198 non
1117 4148 1300 4212 posset
1326 4139 1513 4208 lupum
1540 4136 1639 4191 sub
1675 4134 1790 4190 ovi-

214 4254 285 4292 na
320 4238 478 4309 pelle,
514 4237 629 4290 ait:
661 4235 1040 4306 Ex'fructibus
1088 4248 1267 4287 eorum
1315 4228 1787 4300 cognoscetis,eos.

212 4329 520 4397 Qumrimus
558 4325 764 4380 fructus
791 4324 1099 4387 charitatis,
1132 4319 1436 4376 invenimus
1461 4316 1644 4387 spinas
1669 4313 1787 4367 dis-

216 4420 488 4477 sensionis
516 4437 528 4471 :
560 4417 645 4472 Ex
676 4418 931 4487 fructibus
959 4430 1137 4470 eorum
1164 4409 1483 4481 cognoscetis
1505 4422 1611 4461 eos.

1883 3247 2042 3301 trabit
2071 3246 2126 3299 in
2152 3260 2368 3315 regnum
2415 3241 2683 3306 caelorum,
2723 3235 2816 3295 sed
2843 3239 2935 3311 qui
2964 3239 3091 3309 facit
3141 3237 3460 3293 voluntatem

1864 3339 2048 3395 Patris
2089 3337 2191 3391 mei
2212 3337 2302 3407 qui
2332 3336 2388 3389 in
2428 3332 2570 3389 caelis
2622 3340 2722 3397 est,
2748 3332 2859 3401 ipse
2905 3329 3142 3394 intrabit,
3168 3336 3275 3384 etc.
3309 3327 3464 3385 Sicut

1880 3443 2046 3499 supra
2082 3427 2292 3482 dixerat
2319 3439 2432 3489 eos,
2461 3422 2553 3493 qui
2602 3422 2868 3477 haberent
2900 3427 3108 3475 vestem
3135 3420 3258 3475 vita:
3283 3418 3461 3487 boum,

1881 3534 1989 3576 non
2020 3517 2360 3589 recipiendos
2408 3521 2632 3586 propter
2682 3512 2994 3582 dogmatum
3028 3510 3344 3581 nequitiam,
3384 3510 3462 3566 ita

1883 3623 2029 3664 nunc
2058 3623 2089 3663 e
2122 3605 2399 3663 contrario
2432 3603 2648 3667 asserit,
2678 3617 2747 3658 ne
2777 3601 2865 3656 bis
2892 3601 3110 3672 quidem
3161 3614 3466 3655 accommo-

1884 3698 2115 3754 dandam
2132 3693 2316 3759 ﬁdem,
2334 3694 2429 3764 qui
2450 3707 2572 3749 cum
2584 3691 2821 3762 polleant
2850 3690 3157 3761 integritate
3186 3688 3333 3753 ﬁdei,
3356 3696 3469 3743 tur-

1883 3789 2026 3858 piter
2051 3786 2257 3848 vivant,
2286 3791 2341 3839 et
2376 3783 2638 3839 doctrinas
2689 3782 3058 3853 integritatem
3088 3778 3246 3834 malis
3286 3777 3468 3848 operi-

1885 3882 1988 3935 bus
2029 3879 2335 3941 destruant,
2363 3882 2655 3943 utrumque
2680 3888 2827 3929 enim
2854 3873 2953 3928 Dei
2981 3873 3156 3928 servis
3206 3885 3466 3927 necessa-

1888 3973 2028 4026 rium
2053 3978 2155 4032 est,
2209 3974 2273 4022 ut
2297 3975 2355 4021 et
2400 3981 2536 4035 opus
2583 3978 2853 4029 sermone,
2903 3972 2959 4018 et
2986 3977 3168 4018 sermo
3212 3961 3475 4031 operibus

1888 4061 2279 4133 comprobatur.
2313 4059 2450 4115 Huic
2475 4058 2757 4113 sententiae
2783 4065 2963 4127 potest
2986 4056 3116 4111 illud
3143 4057 3313 4111 videri
3343 4070 3470 4112 eon-

1888 4153 2118 4209 trarium
2144 4170 2157 4205 :
2196 4151 2365 4205 Nemo
2386 4157 2563 4219 potest
2591 4150 2772 4204 dicere
2803 4147 3064 4202 Dominus
3091 4145 3250 4201 Jesus
3276 4146 3382 4200 nisi
3414 4145 3470 4200 in

1892 4244 2096 4314 Spiritu
2133 4249 2340 4304 sancto,
2367 4239 2461 4295 sed
2505 4239 2697 4293 modus
2751 4246 2836 4293 est
2875 4237 3274 4306 Scripturarum
3323 4234 3471 4290 dicta

1892 4344 1990 4403 pro
2022 4330 2179 4385 factis
2204 4329 2466 4397 accipere,
2498 4336 2558 4382 ut
2585 4328 2764 4382 statim
2795 4327 2848 4381 in
2877 4325 3331 4395 consequentibus
3378 4340 3475 4397 ap-

1816 4457 1872 4516 D
1895 4423 2176 4494 probatur,
2229 4418 2452 4474 refutari
2518 4432 2612 4472 eos
2669 4419 2762 4490 qui
2799 4416 3011 4487 jactant
3056 4416 3172 4472 sine
3216 4417 3478 4485 operibus

293 4529 401 4601 (Ex
428 4527 722 4601 Beda.)Qui
757 4535 883 4583 sunt
931 4526 1159 4589 fructus,
1197 4510 1396 4593 quibus
1428 4520 1555 4575 boni
1596 4516 1795 4573 malive
1818 4505 1865 4516 ”
1897 4513 2176 4571 scientiam
2218 4509 2451 4575 Domini,
2483 4518 2538 4564 et
2561 4505 2791 4564 audiunt’
2818 4524 2849 4563 a
2876 4508 3196 4565 Salv-atere:
3229 4508 3477 4564 Recedite

217 4621 657 4691 dignoscuntur?
704 4620 994 4691 Apostolus
1052 4616 1309 4681 ostendit,
1359 4614 1582 4670 dicens:
1621 4610 1797 4665 Mani-

218 4714 357 4784 festa
388 4722 559 4767 autem
587 4723 706 4767 sunt
731 4728 886 4783 apem
930 4712 1128 4776 carnis,
1157 4726 1275 4780 qua:
1322 4717 1443 4762 sunt
1492 4703 1792 4776 fornicatio,

217 4804 575 4869 inzmunditia,
638 4805 873 4869 luxuria,
925 4802 1189 4860 idolorum
1232 4803 1473 4865 serritus,
1523 4797 1796 4867 veneﬁcia,

217 4894 532 4959 inimicitite,
585 4894 957 4958 contentiones,
999 4892 1381 4955 wntulationes,
1442 4890 1559 4954 ine,
1642 4888 1795 4951 ήκω,

218 4985 597 5050 dissensiones,
640 4985 882 5051 haereses,
909 4984 1141 5047 incidire,
1166 4981 1471 5046 homicidia,
1502 4978 1798 5042 ebrietates,

218 5077 642 5141 comessationes,
700 5085 749 5130 et
776 5075 854 5129 his
904 5073 1117 5129 similia.
1171 5070 1401 5126 Fructus
1452 5069 1588 5124 enim
1633 5065 1802 5136 Spiri-

218 5178 310 5221 tus
344 5179 417 5221 est
446 5169 698 5239 charitas,
725 5167 998 5238 gaudium,
1037 5164 1431 5235 longanimitas,
1463 5160 1688 5221 bonitas,
1720 5158 1802 5211 be-

220 5260 478 5330 nignitas,
521 5259 887 5324 mansuetudo,
936 5258 1087 5327 fides,
1138 5254 1411 5315 modestia,
1454 5251 1797 5315 continentia,

220 5350 463 5414 castitas,
494 5358 548 5405 et
573 5350 658 5405 his
682 5351 896 5405 similia.
927 5348 987 5404 ln
1009 5349 1095 5403 his
1130 5348 1328 5403 etenim
1378 5343 1646 5399 fructibus
1672 5357 1802 5412 qua-

220 5440 294 5496 lis
322 5441 394 5495 sit
423 5441 789 5510 unusquisque
817 5440 1161 5511 cognoscitur
1189 5439 1370 5491 homo.

304 5535 558 5606 Nunquid
603 5534 852 5605 colligunt
901 5533 965 5587 de
998 5533 1162 5601 spinis
1211 5547 1337 5585 uvas
1365 5539 1457 5583 aut
1493 5527 1557 5581 de
1594 5525 1802 5581 tribulis

220 5626 361 5695 ficus
390 5626 415 5679 9
449 5625 650 5695 Spinas
686 5640 811 5679 reor
836 5632 893 5679 et
924 5623 1152 5677 tribulos
1180 5621 1357 5676 διερειιί
1381 5635 1561 5682 curas,
1591 5628 1647 5671 et
1670 5634 1807 5687 pun-

224 5718 441 5771 ctiones
483 5732 605 5771 esse
654 5714 1020 5782 vitiorumrde
1061 5712 1256 5783 quibus
1304 5711 1548 5779 peccanti
1601 5709 1802 5765 homini

1897 4621 1930 4658 a
1966 4620 2068 4669 me,
2096 4603 2325 4673 operarii
2368 4601 2684 4671 iniquitatis,
2726 4600 2899 4654 nescio
2921 4615 3009 4654 vos
3031 4598 3244 4671 (Matth.
3269 4600 3387 4670 vn),
3420 4608 3477 4654 et

1898 4694 2187 4765 Apostolus
2216 4694 2268 4747 in
2297 4693 2446 4748 hunc
2487 4706 2705 4748 sensum
2742 4691 2981 4761 loquitur
3009 4708 3023 4744 :
3065 4689 3397 4760 Conﬁtentur
3421 4703 3487 4746 se

1898 4787 2070 4843 Deum
2096 4788 2252 4851 scire,
2280 4786 2434 4855 factis
2458 4795 2632 4839 autem
2662 4792 2871 4855 negant.

2077 4897 2499 4956 HEBDOMADA
2554 4897 2605 4953 X
2636 4896 2812 4954 POST
2838 4895 3264 4955 PENTECOST.

1904 5007 2098 5048 LECTIO
2153 5005 2424 5047 EPISTOLE
2487 5005 2646 5045 ΒΞΑΤῙ
2690 5004 2845 5044 PAULI
2896 5006 3150 5046 APOSTOLI
3188 5006 3258 5044 AD
3293 5003 3482 5047 οοιυωδ

2430 5076 2588 5115 ’1⁸11106
2614 5075 2655 5123 Ι,
2699 5075 2818 5115 CAP.
2854 5074 2908 5113 Χ.

1982 5172 2000 5204 ε
2044 5153 2162 5209 Non
2220 5153 2388 5208 simus
2433 5151 2876 5221 concupiscentes
2930 5151 3214 5217 malorum,
3253 5150 3395 5206 sicut
3423 5153 3480 5205 et

1910 5266 1929 5299 ι
1974 5247 2051 5303 illi
2106 5245 2519 5315 concupierunt,
2574 5257 2752 5312 neque
2803 5241 3103 5297 idololatrte
3144 5238 3479 5307 efficiamini,

1912 5356 1931 5391 ι
1978 5338 2118 5393 sicut
2138 5335 2356 5406 quidam
2387 5348 2457 5388 ex
2504 5332 2658 5403 ipsis,
2711 5330 3161 5402 quemadmodum
3217 5328 3477 5399 scriptum

1911 5449 1932 5482 ι
1972 5436 2057 5485 est
2085 5445 2099 5482 :
2132 5403 2285 5482 Sedit
2336 5422 2567 5496 populus
2596 5422 2930 5479 manducare
2970 5428 3027 5476 et
3072 5420 3260 5475 bibere
3285 5423 3341 5472 et
3364 5403 3487 5470 sur;

1913 5538 1932 5572 ι
1971 5515 2452 5576 rexeruntludere.
2477 5513 2664 5584 Neque
2720 5512 3050 5569 fornicamur
3092 5510 3235 5565 sicut
3260 5506 3478 5579 quidam

1913 5629 1932 5662 ‹
1976 5627 2042 5666 ex
2071 5609 2203 5679 ipsis
2250 5606 2499 5664 fornicati
2520 5612 2662 5669 sunt,
2691 5611 2750 5660 et
2798 5604 3111 5659 ceciderunt
3137 5615 3243 5655 una
3264 5600 3349 5655 die
3400 5595 3483 5655 vl-

1914 5724 1932 5754 ι
1975 5704 2106 5775 ginti
2143 5702 2244 5758 tria
2268 5701 2456 5757 millia.
2488 5699 2673 5770 Neque
2720 5704 2987 5753 tentemus
3021 5694 3320 5762 Christum,
3342 5690 3486 5748 sicut
