3952 6422
516 353 619 412 ιιε

1804 316 2082 379 διιΑιιΑο
2090 313 2151 371 DI
2189 305 2478 367 ABBATIS

3670 287 3766 343 ιισ

525 489 543 519 ι
588 464 805 536 quidam
852 470 1040 516 eorum
1086 454 1445 513 tentaverunt,
1475 454 1530 501 et
1580 458 1611 497 a
1641 438 2091 536 serpentibuspe-
2117 437 2167 497 Α
2191 441 2292 482 mzc
2344 421 2657 536 insidiosos.
2697 416 2918 536 Iaqueqs
2967 401 3770 536 peistmgtaes,nqunib‘:ip

526 576 546 606 ι
591 526 815 609 rierunt.
845 547 1030 616 Neque
1055 534 1521 597 murmuraveritis
1566 532 1707 587 sicut
1745 526 1960 598 quidam
1986 536 2081 576 eo-

526 637 560 695 ι’
587 656 707 695 rum
755 610 1249 694 murmuraverunt,
1298 634 1353 681 et
1396 622 1681 695 perierunt
1732 618 1800 671 ab
1836 610 2087 670 extermi-

528 751 549 784 ι
590 738 795 785 natore.
844 726 971 781 Haac
997 731 1176 777 autem
1203 717 1387 773 omnia
1411 714 1467 768 in
1510 711 1686 782 ﬁgura
1711 702 2090 771 contingebant

527 842 552 877 ι
593 820 716 877 illis.
774 817 988 887 Scripta
1049 819 1174 868 sunt
1226 817 1405 863 autem
1463 805 1532 858 ad
1570 798 1964 868 correptionem
1992 805 2090 887 po-

529 930 552 965 ‹
595 919 787 973 stram,
814 907 870 962 in
898 879 1061 974 -quos
1104 900 1239 954 ﬁnes
1266 894 1583 951 saaculorum
1616 889 1961 943 devenerunt.
1992 879 2092 933 Ita-

534 1021 556 1055 (
596 1016 700 1071 que
725 970 817 1068 qui
845 1011 905 1051 se
931 970 1206 1049 existimat
1243 995 1408 1049 stare,
1443 983 1624 1037 videat
1646 992 1714 1033 ne
1738 975 1915 1031 cadat.
1956 970 2095 1023 Ten-

535 1111 558 1146 ι
597 1059 847 1147 tatiovos
885 1100 993 1140 non
1047 1078 1411 1152 apprehendat
1456 1073 1557 1127 nisi
1595 1071 1848 1125 humana.
1896 1059 2096 1152 Fidelis

538 1203 559 1235 ι
604 1191 785 1236 autem
813 1177 955 1231 Deus
976 1150 1191 1239 est,'qui
1230 1182 1336 1222 non
1383 1165 1619 1235 patietur
1643 1172 1740 1212 vos
1786 1150 1983 1208 tentari
2008 1164 2098 1202 su-

541 1288 561 1323 i
604 1285 697 1341 pra
738 1267 793 1321 id
821 1265 963 1334 quod
1017 1259 1265 1330 potestis,
1321 1255 1415 1309 sed
1452 1251 1613 1305 faciet
1649 1260 1770 1301 cum
1803 1239 2099 1296 tentatione

542 1379 562 1410 ι
605 1340 765 1413 etiam
789 1361 1122 1425 proventum,
1146 1358 1207 1403 ut
1229 1344 1447 1417 possitis
1476 1340 1762 1397 sustinere.
1794 1354 1812 1385 ι

610 1450 734 1505 Non
775 1418 935 1502 simus
986 1441 1402 1510 concupiscentes
1438 1430 1717 1491 malorum,
1769 1425 1903 1479 sicut
1935 1430 1981 1475 et
2021 1418 2102 1473 illi

540 1539 926 1609 concupierunt.
969 1533 1068 1604 (Ex
1109 1525 1358 1596 Isidoro.)
1391 1524 1451 1577 In
1485 1520 1642 1575 tertia
1689 1515 1898 1609 decima
1953 1524 2105 1564 man-

542 1607 714 1692 sione,
753 1644 871 1698 qua:
892 1632 1116 1680 vocatur
1158 1619 1404 1689 sepulcra
1429 1607 1895 1680 concupiscentia,
1942 1615 2107 1672 popu-

542 1720 627 1774 Ius
657 1691 933 1772 fastidiens
984 1712 1261 1768 caelestem
1304 1719 1519 1776 panem,
1570 1713 1765 1754 carnes
1828 1691 2107 1764 Egyptias

2184 515 2453 571 senserint
2495 515 2782 580 aegrotare,
2833 512 2895 559 ut
2927 502 3079 558 verbi
3124 500 3316 571 gratia,
3367 509 3497 550 cum
3538 492 3773 546 viderint

2187 602 2533 661 rationabiles
2555 579 2773 653 animm
2802 603 3000 649 nostra!
3030 597 3212 661 partes
3255 601 3378 642 esse
3416 584 3646 638 vitiatas
3686 579 3772 634 illo

2188 712 2287 751 nos
2313 694 2501 749 ordine
2546 689 2793 756 decipere
2822 684 3133 739 moliantur.
3166 679 3273 733 Sed
3316 675 3556 731 Pbinees
3602 687 3775 726 sacer-

2189 785 2286 839 dos
2333 783 2556 844 zelatus,
2588 786 2649 831 ut
2689 776 2784 829 Dei
2833 773 3069 827 furorem
3112 769 3371 839 placaret,
3408 763 3693 818 Zambrim
3722 770 3777 815 et

2190 878 2427 927 scortum
2456 864 2822 927 Madianitida,
2855 862 2907 915 in
2935 860 3168 930 pugione
3217 854 3514 915 transfixit,
3562 851 3774 920 signiti-

2191 975 2323 1016 cans
2346 973 2443 1028 per
2489 969 2708 1010 crucem
2757 949 2989 1011 Domini,
3030 962 3136 1001 non
3170 945 3344 1001 solum
3387 940 3775 1013 idololatriam,

2194 1048 2289 1104 sed
2315 1048 2477 1102 etiam
2516 1059 2732 1100 omnem
2778 1040 2959 1096 carnis
2983 1037 3253 1100 aﬁ'ectum,
3280 1035 3367 1090 vel
3394 1032 3781 1102 concupiscen-

2196 1138 2325 1191 tiam
2354 1134 2544 1205 perimi
2578 1131 2780 1194 saeculi,
2809 1137 2865 1184 et
2887 1138 3016 1182 tunc
3040 1125 3243 1195 placari
3276 1124 3467 1186 Deum,
3509 1123 3643 1175 dum
3665 1134 3781 1174 car-

2196 1229 2282 1283 nis
2305 1226 2664 1295 exstinguitur
2690 1223 2897 1276 vitium.

2269 1338 2451 1407 Neque
2487 1328 2738 1389 tentemus
2784 1331 3071 1396 Christum,
3116 1329 3250 1383 sicut
3304 1324 3525 1396 quidam
3577 1337 3781 1380 eorum,

2201 1436 2308 1485 etc.
2364 1427 2477 1481 Hoc
2501 1434 2604 1490 est,
2626 1440 2726 1478 nec
2767 1424 2819 1477 in
2856 1418 3220 1476 tribulationis
3264 1430 3525 1487 pressura
3564 1413 3786 1467 tentetis

2203 1534 2347 1583 eum,
2371 1517 2461 1587 qui
2492 1532 2588 1569 vos
2619 1512 3058 1568 tribulationibus
3093 1511 3305 1580 probat.
3362 1506 3564 1560 Narrat
3592 1505 3789 1574 quippe

2205 1608 2339 1663 liber
2376 1606 2731 1661 Numerorum
2773 1603 2899 1673 quia
2948 1616 3237 1671 percussus
3272 1600 3324 1653 in
3351 1610 3535 1651 eremo
3565 1593 3791 1664 populus

2208 1696 2372 1751 Israel
2419 1695 2629 1750 itineris
2673 1692 2817 1763 longi
2866 1707 2931 1745 ac
2957 1690 3160 1745 laboris
3198 1702 3364 1744 onere
3402 1684 3792 1746 murmuravit,

543 1804 887 1868 desideravit,
928 1800 1228 1867 multosque
1267 1771 1446 1850 subito
1496 1788 1705 1844 voravit
1750 1783 2110 1839 incendiume
2136 1771 2183 1828 B
2212 1787 2331 1842 ideo
2377 1785 2635 1840 Dominus
2690 1782 2900 1837 miserit
2950 1782 3005 1836 ίη
3054 1780 3204 1835 illum
3231 1777 3431 1847 ίευίιοε
3482 1783 3793 1843 serpentes.

544 1896 739 1967 quibus
759 1892 1067 1953 edocemur,
1110 1894 1170 1941 ut
1209 1885 1303 1954 qui
1323 1877 1730 1937 conversatione
1758 1869 2111 1939 relinquimus

547 1959 824 2047 saeculum,
855 1988 910 2035 et
955 1977 1238 2048 Egyptias
1280 1973 1437 2035 ollas,
1467 1970 1519 2023 id
1545 1976 1651 2031 est,
1688 1962 1990 2019 carnalium
2016 1959 2113 2013 de—

547 2074 868 2131 sideriorum
940 2069 1180 2123 fervores
1237 2060 1679 2131 contempsimus,
1748 2065 1855 2107 non
1915 2049 2115 2104 debere

550 2174 888 2219 murmurare
930 2166 1117 2213 contra
1166 2154 1441 2210 caelestem
1490 2162 1705 2219 panem,
1734 2158 1835 2198 nec
1881 2140 2119 2195 virulen-

552 2253 658 2306 tias
681 2248 1079 2319 Egyptiorum,
1106 2244 1199 2315 qui
1241 2250 1368 2298 sunt
1391 2251 1707 2310 magnarum
1733 2233 2000 2295 carnium,
2023 2229 2118 2284 sed

554 2338 850 2409 simplicem
897 2335 1077 2391 cibum
1116 2346 1353 2396 manare,
1395 2328 1450 2383 id
1499 2333 1583 2382 est
1622 2337 1814 2394 puram
1841 2319 2118 2376 cmlestem

553 2408 721 2487 vitam
747 2442 1026 2499 quaerere;
1056 2425 1295 2494 alioquin
1321 2424 1365 2478 si
1393 2427 1515 2490 post
1562 2423 1875 2499 perceptam
1926 2408 2124 2481 angeli-

556 2535 679 2577 cam
704 2533 954 2574 mannam
969 2531 1089 2587 qua:
1110 2522 1198 2570 est
1220 2515 1274 2570 in
1294 2513 1445 2567 caelis
1465 2512 1576 2565 vita
1596 2509 1709 2564 sive
1729 2491 1994 2568 doctrina,
2009 2515 2125 2554 rur-

560 2624 653 2665 sus
679 2623 870 2663 carnes
895 2606 1198 2678 Egyptias,
1244 2620 1363 2674 quae
1399 2610 1523 2658 sunt
1567 2598 1811 2655 carnales
1843 2594 2005 2665 hujus
2026 2606 2124 2647 sse-

561 2697 668 2753 culi
710 2696 1011 2765 voluptates
1042 2702 1099 2750 et
1144 2690 1592 2764 concupiscentia).
1633 2687 1983 2759 pristinorum
2008 2696 2124 2737 mo-

564 2802 707 2851 rum,
733 2784 1060 2841 voluerimus
1102 2790 1375 2854 appetere,
1432 2778 1738 2835 vorabimus
1768 2786 2043 2837 nauseam,
2071 2779 2128 2826 et

563 2878 744 2935 statim
772 2876 982 2933 Domini
1025 2876 1148 2946 igne
1191 2873 1582 2945 torquebimur.
1635 2866 1973 2924 Desiderium
2000 2877 2130 2934 quo-

561 2984 668 3039 que
695 2975 937 3023 nostrum
977 2966 1203 3022 vertitur
1230 2966 1284 3019 in
1309 2962 1562 3026 tumulos,
1584 2968 1646 3016 ut
1672 2960 1844 3015 simus
1885 2955 2125 3027 sepulcra

561 3058 824 3124 dealbata,
848 3072 966 3128 qua:
1008 3055 1139 3125 foris
1165 3061 1414 3125 apparent
1442 3050 1735 3106 hominibus
1759 3047 2018 3118 speciosa,
2046 3045 2127 3098 in-

560 3159 648 3204 tus
699 3121 872 3202 autem
932 3121 1085 3216 plena
1147 3121 1267 3198 sunt
1300 3142 1500 3196 ossibus
1544 3148 1868 3194 mortuorum
1914 3132 2127 3206 (Matth.
2158 3121 2202 3182 C

566 3237 744 3308 mn).

638 3327 818 3396 Neque
871 3323 1167 3378 idololatrte
1234 3321 1562 3392 efﬁciamini,
1617 3320 1752 3373 sicut
1812 3316 2026 3388 quidam
2074 3332 2138 3368 ea:

565 3416 714 3488 ipsis,
752 3417 1208 3487 quemadmodum,
1252 3424 1359 3472 etc.
1414 3415 1535 3470 Illos
1578 3414 1750 3483 tangit
1793 3410 1886 3480 qui
1916 3410 1970 3464 in
1997 3408 2137 3464 idolo

563 3507 995 3574 exsultabantur,
1050 3515 1301 3577 putantes
1342 3521 1402 3561 se
1441 3506 1709 3559 immunes
1738 3519 1768 3557 a
1810 3501 2056 3563 crimine,
2084 3508 2139 3553 et

568 3604 848 3664 comparat
893 3597 974 3651 eis
1018 3596 1111 3664 qui
1150 3596 1251 3650 sibi
1282 3596 1336 3649 in
1379 3609 1563 3650 eremo
1607 3593 1831 3647 vitulum
1870 3592 2152 3651 fecerunt;

565 3695 627 3742 et
654 3688 1019 3743 .adoraverunt
1040 3688 1302 3755 ludentes,
1317 3688 1412 3742 sed
1440 3688 1592 3742 multi
1618 3703 1685 3742 ex
1710 3687 1789 3741 eis
1831 3684 2138 3753 interempti

566 3776 848 3845 perierunt
876 3775 1070 3848 (Exod.
1097 3793 1268 3843 um,
1294 3777 1457 3834 Num.
1481 3778 1615 3848 xm),
1637 3785 1697 3831 ut
1724 3776 2051 3846 intelligatur
2083 3774 2138 3827 in

572 3865 786 3919 illorum
816 3866 1090 3921 hominum
1118 3868 1528 3939 interemptione
1558 3866 1853 3937 signiﬁcari
1883 3864 2138 3919 vitiorum

572 3971 782 4012 necem.
835 3957 893 4013 In
916 3958 1044 4013 talia
1088 3960 1284 4029 quippe
1305 3960 1435 4014 vitia
1471 3958 1665 4013 saevire
1690 3971 1790 4011 nos
1812 3953 1967 4025 jubet
1993 3952 2140 4022 Apo—

569 4045 761 4110 stolus,
806 4061 927 4101 cum
955 4047 1120 4103 dicit:
1164 4045 1476 4117 Mortiﬁcate
1502 4045 1735 4100 membra
1776 4052 1944 4097 vestra
1984 4056 2141 4110 super

571 4144 785 4200 terram,
811 4136 1233 4205 fornicationem,
1258 4136 1669 4197 immunditiam,
1695 4133 1983 4196 luxuriam,
2017 4146 2139 4185 con—

571 4228 940 4297 cupiscentiam
963 4227 1179 4295 malam,
1211 4237 1259 4283 et
1288 4228 1580 4293 avaritiam,
1609 4240 1730 4295 quae
1766 4231 1842 4278 est
1877 4219 2139 4277 idolorum

569 4318 789 4371 servitus
818 4316 952 4389 (Col.
982 4317 1088 4390 ιη).

645 4406 824 4479 Neque
858 4408 1195 4478 fornicemur,
1259 4408 1391 4462 sicut
1438 4405 1654 4477 quidam
1703 4418 1769 4456 ea:
1817 4402 1946 4472 ipsis
1973 4399 2141 4469 forni-

572 4498 677 4550 cati
701 4505 845 4563 sunt,
869 4505 973 4553 etc.
999 4497 1293 4553 Consilium
1321 4497 1519 4566 quippe
1537 4494 1763 4549 dederat
1788 4491 2007 4546 Balaam
2027 4489 2143 4559 regi

572 4585 785 4651 Balaac,
816 4594 876 4641 ut
916 4586 1171 4641 mulieres
1199 4585 1254 4639 in
1292 4584 1571 4639 meritorio
1612 4588 1858 4651 poneret,
1906 4586 1964 4635 et
2018 4586 2145 4633 ante

570 4677 762 4747 ianuas
810 4693 999 4734 eorum
1042 4692 1187 4742 aras,
1236 4683 1297 4730 ut
1338 4676 1620 4732 venientes
1644 4672 1742 4727 lilii
1781 4671 1968 4737 Israel,
1996 4670 2147 4739 prius

574 4769 942 4824 sacriﬁcarent
966 4767 1148 4832 idolis,
1182 4774 1237 4821 et
1270 4767 1348 4822 sic
1398 4765 1809 4837 ingrederentur
1844 4763 1909 4817 ad
1956 4762 2173 4827 mulie—A

576 4873 683 4924 res,
710 4860 852 4914 unde
876 4866 960 4912 est
982 4857 1278 4913 fornicatus
1305 4857 1470 4912 Israel
1496 4871 1620 4913 cum
1643 4854 1858 4909 ﬁliabus
1907 4854 2141 4909 Madian.

574 4946 683 5001 Sed
722 4945 850 5015 quid
877 4946 1120 5015 estquod
1158 4946 1259 5001 istc
1311 4946 1532 5001 Balaam
1558 4943 1812 5014 populum
1843 4944 1940 4999 Dei
1979 4958 2138 5013 posse

575 5036 750 5104 decipi
776 5043 923 5090 certa
955 5037 1160 5093 ratione
1216 5036 1435 5108 colligit,
1469 5035 1606 5091 dans
1645 5035 1952 5101 consilium,
1984 5043 2044 5089 ut
2072 5050 2139 5089 ex

577 5124 666 5179 illa
702 5132 875 5193 parte,
919 5142 1026 5197 qua
1056 5127 1321 5182 inﬁrmari
1366 5134 1591 5183 noverat
1636 5126 1773 5182 ﬁlios
1804 5127 1986 5189 Israel,
2018 5143 2141 5197 per-

578 5212 832 5271 niciosius
853 5216 933 5273 eis
983 5217 1159 5286 laquei
1202 5217 1567 5282 tenderentur,
1618 5233 1725 5272 non
1770 5218 2020 5272 dubitans
2046 5233 2140 5273 eos

576 5303 755 5360 oblata
779 5307 933 5377 copia
989 5307 1336 5372 feminarum,
1373 5306 1743 5363 fornicationis
1786 5308 1940 5362 ruina
1970 5307 2138 5376 proti-

579 5413 680 5453 nus
724 5401 1055 5472 collapsums
1106 5403 1234 5471 quia
1258 5403 1698 5473 ooncupiscibiles
1734 5402 1929 5457 anima:
1951 5416 2139 5456 eorum

577 5497 759 5560 partes
787 5492 992 5547 sciebat
1016 5506 1135 5546 esse
1165 5494 1489 5562 corruptas?
1516 5494 1595 5549 Ita
1616 5507 1745 5562 ergo
1791 5506 2143 5560 unumqucuio

577 5595 682 5648 que
712 5587 953 5657 nostrum
995 5580 1245 5650 nequitia:
1276 5592 1487 5639 versuta
1528 5583 1881 5652 malignitate,
1928 5582 1982 5634 in
2011 5580 2139 5648 ligu-

578 5685 639 5726 ra
668 5670 887 5728 Balaam
929 5682 1255 5746 pertentant,
1298 5676 1400 5732 illis
1423 5677 1691 5748 praecipue
1723 5674 2001 5731 affectibus
2026 5674 2139 5729 ani-

2211 1876 2388 1946 Plagae
2403 1875 2565 1943 igitur
2590 1871 2918 1941 serpentium
2942 1869 3229 1940 ignitorum
3252 1880 3461 1921 venena
3489 1873 3622 1917 sunt
3649 1863 3800 1915 vitio-

2214 1982 2353 2030 rum,
2401 1973 2521 2034 qum
2566 1963 2800 2016 animam
2838 1976 2999 2031 quam
3043 1964 3269 2028 tangunt
3322 1953 3598 2024 spirituali
3629 1960 3800 2006 morte

2213 2057 2505 2128 perimunt,
2542 2062 2595 2109 et
2633 2054 2769 2107 bene
2853 2063 3200 2105 murmurans
3245 2054 3436 2100 contra
3510 2042 3800 2097 Dominum

2215 2144 2443 2216 populus
2504 2141 2836 2210 serpentium
2893 2137 3162 2192 morsibus
3218 2132 3588 2193 sternebatur,
3656 2138 3718 2181 ut
3741 2143 3803 2181 cx

2217 2236 2407 2289 ordine
2437 2231 2627 2302 ﬁagelli
2657 2230 2946 2286 exterioris
2986 2233 3320 2298 agnosceret,
3360 2230 3633 2293 quantum
3666 2222 3807 2274 intus

2218 2324 2513 2397 perniciem
2550 2320 2940 2376 uiurmurando
2967 2325 3263 2388 pateretur.
3297 2314 3465 2369 Recte
3487 2312 3699 2367 etenim
3716 2326 3808 2380 per

2220 2424 2500 2485 serpentes
2529 2422 2771 2483 peccata,
2801 2428 2923 2483 qute
2959 2411 3196 2465 animam
3225 2408 3386 2464 simul
3424 2416 3480 2463 et
3509 2420 3718 2477 corpus
3746 2407 3806 2458 ad

2222 2508 2497 2563 interitum
2528 2507 2773 2570 trahunt,
2800 2505 3193 2573 exprimuntur.

2295 2618 2477 2688 Neque
2502 2616 2973 2679 murmurareritis,
3030 2614 3163 2667 sicut
3203 2612 3416 2683 quidam
3447 2627 3635 2664 eorum
3666 2626 3811 2662 mur-

2224 2718 2584 2774 muraverunt,
2612 2715 2717 2762 etc.
2773 2704 2927 2773 Quod
2949 2712 3130 2763 autem
3154 2702 3285 2757 dicit
3311 2702 3596 2771 perierunt
3617 2700 3689 2753 ab
3715 2715 3810 2753 ex-

2226 2800 2593 2863 terminatore,
2643 2806 2739 2853 aut
2767 2797 2835 2852 ab
2865 2796 3056 2869 angelo
3104 2793 3426 2865 intelligitur
3456 2790 3811 2863 percutienti,

2228 2898 2321 2944 aut
2342 2890 2450 2961 igni
2476 2889 2790 2944 devorante.

2300 3000 2429 3055 flare
2450 3008 2623 3054 autem
2644 3000 2819 3054 omnia
2839 3000 2894 3053 in
2925 2998 3097 3068 ﬁgura
3126 2996 3490 3066 contingebant
3518 2995 3651 3059 illis,
3682 2995 3815 3047 scri-
3916 2976 3917 3025 λ

2231 3102 2321 3163 pta
2349 3101 2471 3146 sunt
2502 3101 2678 3146 autem
2708 3090 2777 3144 ad
2814 3085 3190 3160 correplionem
3228 3100 3482 3143 nostram.
3538 3088 3645 3158 (Ex
3700 3086 3819 3140 Pri-
3916 3100 3917 3163 ᾗ

2236 3186 2398 3258 mas.)
2433 3184 2623 3242 Omnia
2650 3200 2773 3254 quae
2820 3184 2902 3239 eis
2932 3183 3274 3253 contigerunt
3319 3181 3615 3237 secundum
3674 3179 3819 3235 facta

2237 3291 2335 3332 sua
2359 3282 2701 3346 receperunt,
2729 3275 2826 3330 sed
2850 3282 3030 3329 tamen
3056 3273 3176 3328 ideo
3204 3273 3403 3342 scripta
3450 3280 3594 3336 sunt,
3617 3286 3695 3325 ne
3721 3285 3822 3325 nos

2236 3375 2487 3438 putemus
2540 3367 2760 3437 impune
2806 3379 3052 3435 peccare.
3097 3362 3155 3418 Si
3181 3365 3326 3419 enim
3351 3364 3531 3418 adhuc
3572 3362 3822 3432 parvulis
3916 3362 3917 3431 ξ

2237 3464 2333 3510 aut
2358 3456 2579 3511 rudibus
2606 3470 2712 3510 non
2742 3453 3006 3523 pepercit,
3042 3461 3244 3522 quanto
3288 3453 3461 3523 magis
3502 3451 3685 3515 nobis,
3726 3451 3823 3521 qui
3916 3448 3917 3467 ³

2238 3543 2372 3613 legis
2418 3542 2809 3614 perfectionem
2858 3541 3172 3611 accipimus,
3212 3556 3317 3595 non
3355 3548 3573 3610 parcet,
3605 3540 3653 3594 si
3691 3539 3822 3594 talia

2239 3604 2529 3700 fecerimus
2543 3636 2557 3688 ε
2975 3604 2994 3611 ’
3158 3604 3167 3608 ”
3355 3604 3374 3610 -
3916 3604 3917 3643 λ

2316 3725 2424 3797 (Ex
2454 3725 2702 3796 Hieron.)
2729 3725 2787 3779 In
2817 3727 2905 3782 illa
2927 3733 3195 3796 scriptura
3227 3740 3345 3794 quae
3369 3721 3584 3777 Veteris
3627 3722 3824 3776 Testa—

2240 3816 2408 3871 menti
2446 3815 2643 3871 dicitur
2664 3814 2871 3870 Novum
2894 3814 3298 3869 Testamentum
3326 3811 3700 3867 absconditum
3740 3811 3822 3864 la-

2239 3916 2337 3973 tet,
2379 3914 2637 3976 tanquam
2680 3906 2737 3960 in
2765 3904 2883 3960 fece
2935 3903 3293 3974 corporalium
3330 3910 3818 3957 sacramentorum.
3916 3966 3917 3969 η

2240 4000 2593 4057 Circumcisio
2638 3999 2817 4053 carnis
2868 3997 3186 4066 intelligitur
3234 3994 3575 4050 circumcisio
3613 3993 3819 4047 cordis.

2241 4091 2521 4161 Templum
2549 4089 2864 4159 intelligitur
2900 4103 3095 4157 corpus
3137 4086 3367 4140 Domini.
3427 4083 3596 4139 Terra
3629 4098 3821 4153 repro-

2241 4180 2514 4238 missionis
2554 4180 2867 4250 intelligitur
2906 4193 3130 4250 regnum
3175 4176 3457 4231 caalorum.
3517 4174 3615 4228 Est
3661 4182 3825 4244 typus
3916 4224 3917 4251 ᾗ

2239 4273 2323 4331 vel
2349 4273 2519 4343 ﬁgura
2543 4271 2886 4342 prmsentium
2914 4277 2970 4323 et
2995 4268 3413 4338 praeteritorum,
3429 4274 3485 4320 et
3512 4264 3821 4319 futurarum

2243 4378 2423 4417 rerum
2475 4362 2801 4432 ignotarum.
2865 4358 3266 4414 Praeteritorum
3312 4367 3469 4428 typus
3521 4364 3607 4410 est
3663 4364 3819 4410 cate-

2166 4467 2218 4526 D
2244 4466 2601 4508 cumenorum
2624 4450 2923 4516 humilitas,
2956 4457 3141 4520 typum
3180 4447 3322 4501 enim
3348 4453 3541 4518 gerunt
3588 4443 3723 4499 Adm
3757 4445 3822 4499 de

2241 4544 2491 4617 paradiso
2513 4542 2754 4612 expulso,
2810 4551 2867 4597 et
2893 4556 2960 4596 ex
2982 4540 3310 4595 conscientia
3337 4537 3657 4593 delictorum
3688 4536 3823 4590 diri-
3916 4554 3917 4617 ξ

2242 4652 2371 4691 num
2399 4635 2688 4690 metuentis
2717 4642 3015 4703 aspectum,
3063 4639 3283 4703 propter
3329 4631 3471 4701 quod
3508 4638 3563 4684 et
3591 4644 3692 4699 per
3720 4645 3819 4699 pu-

2242 4727 2439 4783 blicum
2469 4725 2735 4795 capitibus
2764 4725 2920 4779 tectis
2949 4724 3224 4778 incedunt.
3274 4720 3629 4775 Praesentium
3663 4727 3822 4789 typus

2242 4831 2326 4879 est
2359 4822 2525 4877 vestis
2551 4821 2753 4885 Aaron,
2785 4836 2905 4890 qua:
2929 4818 3210 4874 duodecim
3236 4817 3472 4871 tribuum
3501 4814 3725 4869 nomina
3749 4812 3823 4866 la-

2243 4912 2458 4983 pidibus
2486 4910 2739 4979 insignita
2758 4909 3022 4979 gestabat,
3054 4906 3346 4961 ostendens
3366 4920 3421 4958 se
3443 4918 3544 4973 pro
3570 4902 3821 4956 omnibus

2242 4999 2639 5070 quodammodo
2682 4997 2892 5067 populis
2920 4995 3242 5066 supplicare.
3316 4992 3647 5047 Futurorum
3667 4999 3820 5061 typus

2241 5099 2324 5146 est
2373 5090 2425 5144 in
2449 5090 2654 5145 duobus
2685 5088 2809 5143 filiis
2848 5086 3019 5153 Isaac,
3047 5085 3099 5140 in
3132 5084 3327 5154 quibus
3350 5084 3455 5137 duo
3475 5081 3820 5136 Testamenta

2243 5186 2539 5234 monstrata
2570 5185 2714 5232 sunt.

2313 5288 2381 5343 In
2417 5304 2546 5360 quos
2596 5287 2727 5355 ﬁnes
2779 5285 3092 5340 smculorum
3138 5282 3474 5337 devenerunt.
3533 5280 3587 5334 Id
3636 5286 3739 5344 est,
3766 5277 3818 5331 in

2245 5396 2380 5449 quos
2426 5388 2535 5433 tota
2569 5377 2794 5447 justitim
2842 5374 3102 5446 perfectio
3147 5373 3311 5437 cadit,
3368 5371 3508 5426 sicut
3561 5370 3816 5439 scriptum

2245 5477 2327 5522 est
2350 5486 2362 5521 :
2394 5466 2546 5521 Finis
2575 5467 2712 5521 enim
2741 5465 2891 5536 legis,
2914 5464 3155 5518 Christus
3178 5463 3247 5516 ad
3262 5462 3524 5532 justitiam
3546 5460 3721 5533 (Rom.
3739 5457 3813 5530 χ).

2318 5582 2501 5650 Itaque
2521 5581 2609 5649 qni
2632 5595 2682 5632 se
2709 5579 2971 5632 existimat
3001 5587 3162 5639 stare,
3192 5575 3358 5628 videat
3388 5590 3451 5627 ne
3506 5573 3682 5626 cadat.
3718 5568 3815 5640 (Ex

2249 5671 2499 5746 Primas.)
2532 5671 2642 5727 Hoc
2665 5679 2766 5737 est,
2796 5683 2861 5725 ne
2890 5670 3041 5723 cadat
3067 5666 3121 5720 in
3145 5664 3529 5726 idololatriam,
3563 5662 3647 5717 vel
3669 5676 3811 5717 scan-
