3952 6426
189 325 293 380 ιιγ

1023 320 1539 377 COLLECTIONES
1578 321 1643 377 IN
1680 319 2059 376 EPISTOLAS
2095 322 2182 377 ET
2223 322 2632 378 EVANGELIA.

3333 324 3438 379 με

182 439 380 492 datum
411 434 660 499 fratrum,
690 443 908 504 propter
938 436 1039 489 hoc
1063 436 1236 504 ipsum
1255 433 1396 503 quod
1414 442 1558 489 stare
1581 435 1772 505 gloria-
1799 439 1848 498 Α
1873 443 1987 491 stro
2015 436 2255 492 facienda
2281 446 2364 492 est
2396 439 2448 491 in
2473 437 2652 508 aliquo
2706 437 2874 502 fraus,
2929 448 2987 492 ut
3014 438 3078 492 de
3113 438 3225 507 ipsa
3254 437 3443 495 fraude

185 542 308 595 tur,
333 530 478 584 cadit
507 529 652 583 enim
680 528 807 582 dum
831 529 1090 598 superbit.

272 620 512 674 Tcntatio
543 635 630 673 vos
671 634 774 672 non
808 619 1184 688 apprehendat,
1235 619 1338 674 nisi
1365 620 1617 674 humana.
1671 620 1777 675 Hu-

187 724 360 763 mana
397 708 622 762 tentatio
663 707 889 777 intelligi
938 715 1116 776 potest
1164 709 1340 763 civilis
1369 717 1444 773 et,
1478 717 1538 762 ut
1568 709 1772 764 dictum

187 809 302 864 est,
369 797 666 852 tolerabilis
726 797 965 851 afflictio.
1021 798 1175 852 Sicut
1199 799 1253 853 in
1291 800 1396 854 alio
1423 801 1542 854 loco
1591 801 1768 854 dicit:

191 889 508 942 Humanum
559 887 676 940 dico
727 897 936 956 propter
968 888 1326 955 inﬁrmitatem
1376 890 1552 942 carnis
1591 899 1772 943 vestra:

190 974 500 1047 (Rom.’vu),
528 975 582 1028 id
624 983 727 1039 est,
766 975 910 1045 quod
958 973 1115 1029 facile
1143 984 1200 1030 et
1249 977 1447 1045 suscipi
1479 984 1534 1030 et
1559 976 1770 1044 impleri

188 1067 371 1135 possit
399 1077 523 1119 cum
575 1063 716 1117 bona
766 1063 1058 1118 voluntate.
1091 1064 1225 1130 Quis
1257 1065 1342 1120 vel
1385 1065 1490 1120 sibi
1537 1065 1622 1120 vel
1649 1065 1773 1120 aliis

190 1153 456 1218 consulit,
482 1153 528 1208 si
563 1152 777 1206 fallatur
805 1153 858 1206 in
888 1153 1068 1222 aliquo
1109 1170 1208 1224 per
1237 1155 1598 1224 ignorantiam
1642 1163 1772 1209 tem-

189 1242 484 1313 poralium,
516 1243 642 1311 quia
683 1250 739 1295 et
773 1243 877 1296 hoc
903 1243 1275 1311 temporaliter
1304 1243 1436 1314 agit,
1468 1252 1525 1297 et
1551 1243 1768 1298 modum

190 1333 390 1402 agendi
419 1347 522 1386 non
554 1340 700 1386 tenet
741 1346 901 1401 quem
945 1332 1211 1399 debebat;
1248 1334 1481 1388 humana
1519 1335 1767 1398 tentatio,

191 1423 312 1476 sive
370 1423 528 1476 irasci
591 1431 674 1476 est
697 1421 1032 1490 humanum,
1063 1420 1205 1478 iram
1259 1422 1524 1489 perlicere
1579 1423 1768 1478 diabo-

191 1511 401 1565 licumf?
1549 1507 1560 1516 ’

263 1600 471 1654 Fidelis
499 1591 689 1654 autem
718 1599 856 1654 Deus
908 1609 1004 1665 est,
1037 1601 1127 1671 qui
1164 1619 1270 1658 non
1314 1604 1516 1672 patitur
1544 1621 1630 1659 ros
1659 1613 1769 1660 ten-

192 1693 302 1744 tari
323 1708 477 1761 super
503 1691 558 1744 id
586 1692 723 1761 quod
759 1693 994 1761 potestis.
1044 1692 1146 1763 (Ex
1170 1693 1423 1767 August.)
1453 1697 1653 1753 Fidelis
1675 1699 1767 1768 qui

1874 523 2246 596 eleemosynas
2271 525 2551 590 faciamus,
2604 535 2696 580 aut
2717 543 2832 590 eos,
2862 541 2891 579 a
2924 527 3118 596 quibus
3155 527 3320 594 recipi
3350 542 3442 580 vo—

1873 614 2050 670 lumus
2094 616 2148 668 in
2198 615 2542 669 tabernacula
2590 624 2811 678 aeterna,
2867 623 3122 684 tanquam
3171 616 3442 671 debitores

1875 704 1968 758 Dei
1991 712 2046 758 et
2072 703 2284 760 Domini
2332 704 2503 758 nostri
2531 704 2610 758 fas
2648 712 2735 758 est
2783 705 3028 776 intelligi,
3080 721 3202 758 cum
3227 703 3357 774 justi
3389 714 3444 759 et

1873 793 2045 847 sancti
2084 793 2459 864 significentur
2488 795 2592 848 hoc
2634 793 2774 858 loco,
2841 795 2934 863 qui
2985 810 3078 849 eos
3102 795 3442 850 introducunt

1873 883 1928 936 in
1963 885 2309 938 tabernacula
2351 893 2576 949 acterna,
2607 885 2698 954 qui
2749 884 3164 939 necessitatibus
3192 887 3304 941 suis
3333 897 3443 940 ter-

1873 988 2004 1027 rena
2048 975 2190 1028 bona
2228 973 2770 1038 communicaverint,
2799 974 2892 1027 sed
2920 974 3080 1027 etiam
3109 990 3139 1027 c
3167 976 3441 1029 contrario

1872 1065 2125 1118 dicuntur
2155 1065 2272 1119 ista:
2300 1065 2702 1130 similitudines,
2749 1077 2809 1117 ut
2839 1063 3220 1131 intelligamus,
3254 1065 3298 1118 si
3328 1064 3440 1118 latt-

1872 1154 1989 1208 dari
2035 1155 2209 1223 potuit
2265 1155 2355 1208 ille
2398 1170 2429 1208 a
2469 1155 2706 1218 domino,
2760 1153 2845 1208 cui
2895 1153 3139 1208 fraudem
3184 1153 3441 1216 faciebat,
3482 1162 3490 1168 '

1870 1251 2073 1313 quanto
2098 1243 2322 1313 amplius
2346 1244 2597 1314 placeant.
2638 1242 2862 1296 Domino
2890 1241 2999 1295 Deo
3027 1243 3119 1311 qui
3145 1243 3439 1297 secundum

1870 1331 1987 1402 ejus
2009 1340 2334 1400 praeceptum
2366 1331 2454 1384 illa
2489 1345 2652 1399 opera
2683 1321 2906 1383 faciunt.
2965 1329 3140 1382 Villici
3180 1343 3310 1382 sane
3340 1344 3438 1382 vo-

1871 1421 2062 1476 cabulo
2093 1422 2350 1476 discimus
2371 1437 2464 1476 eos
2516 1421 2608 1490 qui
2635 1420 2893 1489 pecunias
2937 1419 3157 1479 habent,
3183 1435 3289 1472 non
3324 1418 3437 1486 jam

1869 1511 2053 1566 domui
2117 1528 2249 1576 sure,
2303 1513 2398 1566 sed
2449 1511 2637 1565 aliena:
2684 1509 2862 1580 potius
2923 1510 3002 1563 rei
3046 1509 3444 1579 dispensatores

1869 1615 1991 1656 esse
2017 1603 2304 1671 putandos,
2332 1602 2425 1670 qui
2477 1602 2523 1656 si
2568 1601 2723 1671 juxta
2771 1599 2930 1669 hujus
2969 1600 3110 1653 servi
3139 1601 3442 1671 exemplum

1870 1690 2054 1746 sedulo
2101 1690 2350 1746 finiendae
2379 1691 2719 1746 villicationis
2774 1705 2838 1744 ac
2886 1690 3112 1745 rationis
3159 1691 3443 1746 reddendae

191 1797 253 1834 sc
283 1781 551 1850 pollicitus
603 1791 686 1836 est
739 1783 822 1836 sui
879 1783 1112 1837 nominis
1156 1799 1319 1840 causa
1362 1786 1765 1844 tribulationem
1795 1778 1842 1837 B
1872 1791 2084 1853 tempus
2113 1784 2477 1854 prmiderinl,
2510 1783 2666 1838 facile
2698 1791 3032 1838 terrenorum
3084 1783 3443 1840 delectatione

192 1873 586 1927 sustinentibus
634 1874 966 1940 adfuturum,
998 1884 1057 1929 ut
1102 1875 1276 1930 illud:
1316 1875 1501 1932 Multa:
1540 1878 1764 1934 tribula-

191 1965 361 2016 tiones
398 1965 637 2029 istorum,
692 1973 739 2018 et
793 1965 856 2018 de
883 1966 966 2018 his
1017 1965 1254 2020 omnibus
1279 1967 1516 2022 liberavit
1545 1985 1632 2024 eos
1656 1969 1766 2023 Do-

193 2053 368 2106 minus
417 2052 588 2124 (Psal.
619 2055 836 2126 xxxut).
885 2057 1002 2127 Ipse
1027 2073 1120 2112 vos
1149 2057 1312 2112 faciat
1339 2069 1484 2115 stare
1507 2060 1760 2128 ﬁrmiter.

191 2155 249 2199 et
278 2147 530 2201 virtutem
554 2147 754 2202 tribuet
797 2148 1083 2213 tolerandi,
1109 2150 1201 2219 qui
1235 2166 1332 2206 vos
1357 2152 1539 2208 docuit
1570 2167 1764 2224 rogare

191 2241 399 2304 dicens,
455 2240 532 2296 Ne
591 2243 818 2311 patiaris
878 2258 976 2296 nos
1038 2243 1220 2298 induci
1287 2244 1344 2299 in
1411 2245 1763 2301 tentationem

189 2330 410 2404 (Matth.
439 2332 538 2403 vi).

265 2421 371 2477 Sed
425 2422 582 2492 faciet
636 2441 753 2478 cum
811 2426 1094 2480 tentatione
1136 2427 1294 2480 etiam
1349 2435 1655 2496 proventum
1707 2436 1763 2481 ut

188 2513 397 2582 possitis
447 2514 718 2568 sustinere.
773 2514 828 2568 Id
855 2524 956 2580 est,
989 2532 1095 2570 non
1129 2517 1446 2587 ampliorem
1492 2517 1646 2572 vobis
1669 2517 1765 2572 tri-

189 2601 517 2657 bulationcm
540 2605 724 2660 venire
750 2606 1002 2676 patietur,
1034 2623 1194 2676 quam
1225 2609 1494 2663 sustinere
1521 2609 1760 2678 possitis,

189 2694 284 2748 sed
312 2693 472 2748 faciet
498 2705 836 2763 proventum,
878 2697 932 2751 id
969 2707 1072 2761 cst,
1109 2697 1236 2752 illud
1272 2699 1427 2752 vobis
1455 2697 1620 2753 faciet
1640 2713 1765 2769 pro-

189 2785 395 2849 venire,
429 2787 568 2854 quod
599 2787 814 2856 possitis
853 2789 1141 2853 sustinere,
1179 2798 1273 2844 aut
1300 2791 1366 2844 de
1394 2789 1510 2859 ipsa
1535 2789 1761 2845 tribula-

189 2874 336 2928 tione
364 2875 572 2930 lucrum
600 2876 792 2931 animze
811 2877 1120 2947 acquirere.

568 2994 901 3036 Εγλιίοειιωι
947 2997 1118 3045 ιυολε,
1151 2996 1267 3035 CAP.
1299 2996 1411 3035 XVI.

265 3085 284 3118 r
330 3067 499 3124 llomo
529 3069 746 3138 quidam
772 3077 890 3125 erat
912 3071 1081 3134 dives,
1112 3071 1204 3139 qui
1243 3069 1477 3125 habebat
1496 3069 1758 3135 villicum,

193 3177 210 3209 ι
255 3169 309 3214 et
347 3160 436 3214 hic
479 3158 784 3215 diffamatus
811 3167 894 3214 est
923 3161 1063 3229 apud
1103 3160 1272 3224 illum,
1320 3160 1472 3228 quasi
1503 3159 1763 3228 dissipas-

194 3270 212 3302 ι
259 3261 339 3305 set
366 3250 504 3304 bona
544 3251 731 3320 ipsius.
763 3249 831 3305 Et
857 3251 1071 3305 vocavit
1109 3250 1258 3304 illum
1288 3257 1342 3304 et
1372 3250 1449 3303 ait
1473 3249 1547 3303 illi
1576 3266 1588 3302 :
1620 3248 1762 3315 Quid

193 3360 212 3391 ε
262 3343 364 3396 hoc
396 3340 552 3395 audio
570 3339 639 3395 de
666 3349 736 3404 te,
775 3341 938 3395 redde
960 3342 1224 3395 rationem
1253 3339 1604 3394 villicationis
1633 3349 1756 3405 tusc,

193 3452 211 3483 ι
251 3431 362 3500 jam
383 3433 526 3486 enim
554 3446 662 3486 non
693 3433 896 3500 poteris
918 3431 1175 3485 villicare.
1209 3429 1302 3484 Ait
1331 3437 1514 3484 autem
1545 3428 1759 3484 villicus

194 3543 212 3573 ς
258 3523 398 3575 intra
449 3536 530 3576 se.
588 3521 725 3588 Quid
754 3520 988 3575 faciam?
1027 3521 1150 3589 quia
1199 3519 1452 3574 dominus
1488 3533 1640 3574 meus
1666 3533 1760 3572 au-

195 3632 215 3662 ‹
265 3611 422 3666 ferta
451 3628 535 3666 me
575 3612 953 3666 villicationem
981 3629 994 3664 :
1028 3611 1214 3666 fodere
1249 3626 1357 3664 non
1397 3610 1572 3675 valeo,
1604 3625 1759 3664 men-

194 3722 211 3752 ι
262 3702 443 3756 dicare
476 3701 752 3756 erubesco.
800 3700 925 3755 Scio
971 3699 1099 3768 quid
1123 3698 1340 3764 faciam,
1373 3709 1434 3754 ut
1458 3716 1581 3756 cum
1609 3715 1760 3755 amo-

194 3813 212 3844 ι
261 3803 346 3847 tus
375 3792 527 3847 fuero
573 3808 605 3846 a
652 3791 978 3846 villicatione
1020 3789 1288 3859 recipiant
1319 3805 1406 3844 mc
1455 3791 1508 3844 in
1569 3791 1758 3846 domos

194 3904 212 3934 ‹
258 3899 403 3938 suas.
436 3883 759 3939 Convocatis
799 3882 980 3950 itaque
1026 3880 1252 3951 singulis
1296 3881 1631 3936 debitoribus
1667 3883 1760 3936 do-

195 3995 213 4026 s
259 3975 387 4029 mini
424 3975 505 4028 sui
533 3972 747 4029 dicebat
771 3972 984 4041 primo:
1019 3969 1289 4038 Quantum
1315 3971 1480 4027 debes
1541 3973 1759 4029 domino

195 4087 213 4117 ε
258 4068 420 4121 meo?
446 4066 622 4120 Atille
651 4065 821 4120 dixit:
850 4064 1078 4118 Centum
1123 4064 1285 4118 cados
1329 4064 1452 4117 olei.
1509 4064 1759 4134 Dixitque

195 4181 214 4212 ‹
260 4160 332 4214 illi
365 4177 376 4212 :
416 4159 611 4228 Accipe
661 4158 968 4212 cautionem
997 4166 1162 4220 tuam,
1214 4165 1268 4210 et
1298 4158 1424 4210 sede
1469 4157 1601 4221 cito,
1625 4158 1760 4212 scri-

195 4273 213 4302 ‹
259 4249 742 4320 bequinquaginta.
777 4248 976 4302 Deinde
1005 4247 1111 4300 alio
1134 4247 1270 4300 dixit
1303 4263 1316 4298 :
1349 4245 1429 4299 Tu
1451 4261 1580 4300 vero
1595 4263 1761 4316 quan—

195 4364 213 4396 c
263 4353 372 4397 tum
401 4341 606 4396 debes?
636 4339 738 4406 Qui
779 4339 855 4392 ait
898 4356 910 4391 :
963 4336 1191 4392 Centum
1233 4351 1392 4390 coros
1445 4336 1632 4390 tritici.
1669 4335 1762 4390 Ait

1873 1874 2034 1929 simul
2059 1883 2114 1928 et
2141 1874 2427 1929 dilectione
2456 1874 2665 1939 nudati,
2705 1879 2826 1944 plus
2854 1875 2957 1928 sibi
2999 1874 3066 1928 de
3095 1875 3283 1929 amicis
3308 1890 3440 1930 con-

1873 1967 2149 2036 quirendis
2180 1966 2233 2020 in
2258 1965 2443 2020 futuro
2493 1979 2654 2034 quam
2687 1966 2887 2021 div'tiis
2924 1966 2977 2020 in
3005 1967 3255 2035 praesenti
3287 1967 3437 2022 colli-

1872 2059 2061 2130 gendis
2085 2059 2392 2129 prospicere
2431 2059 2715 2112 curabunt.

1938 2150 2026 2203 Ait
2051 2159 2225 2203 autem
2244 2148 2447 2203 villicus
2476 2149 2616 2202 intra
2638 2164 2724 2201 se:
2757 2146 2895 2213 Quid
2919 2147 3152 2216 factam!
3178 2146 3299 2216 quia
3332 2145 3440 2198 Do-

1869 2241 2042 2294 minus
2099 2256 2244 2294 meus
2284 2239 2458 2309 aufert
2494 2255 2528 2292 a
2561 2254 2642 2292 me
2672 2237 3036 2291 villicationem
3068 2253 3086 2289 :
3119 2236 3295 2306 fodere
3337 2253 3438 2289 non

1867 2331 2034 2386 ualeo.
2083 2331 2277 2385 Ablata
2304 2331 2502 2401 quippe
2529 2329 2878 2393 villicatione,
2913 2327 3100 2383 fodere
3148 2342 3250 2380 non
3298 2326 3442 2380 valc-

1869 2439 2010 2490 mus,
2042 2423 2168 2493 quia
2193 2423 2348 2478 ﬁnita
2375 2423 2478 2477 hac
2511 2423 2623 2478 vita
2657 2422 2709 2476 in
2735 2436 2839 2491 qua
2880 2430 2994 2475 tum
3039 2421 3163 2474 licet
3202 2421 3439 2490 operari,

1867 2531 2210 2586 nequaquam
2247 2515 2388 2571 ultra
2426 2517 2563 2570 bene
2610 2514 3040 2570 conversationis
3094 2513 3326 2567 fructum
3374 2513 3438 2565 li-

1868 2622 2006 2678 gone
2029 2607 2236 2662 dcvotaa
2256 2606 2690 2676 compunctionis
2716 2603 2843 2658 licet
2870 2604 3160 2672 inquirere.

1939 2697 2242 2752 Mendicare
2290 2697 2555 2762 erubesco,
2609 2705 2714 2751 etc.
2771 2695 3077 2750 Mendicarc
3112 2693 3442 2750 confusionis

1866 2800 1972 2857 est,
2003 2792 2094 2847 illo
2139 2791 2346 2846 scilicet
2386 2791 2622 2861 pessimo
2677 2803 2875 2859 genere
2927 2787 3284 2850 mendicantii,
3337 2804 3442 2856 quo

1864 2882 2102 2954 virgines
2130 2882 2234 2936 illa:
2256 2880 2416 2935 fatuae
2464 2880 2801 2934 mendicasse
2824 2876 3151 2943 referuntur,
3189 2893 3308 2946 quac
3363 2878 3446 2930 itt-

1868 2981 2094 3044 gruente
2121 2980 2360 3042 tempore
2375 2971 2706 3040 nuptiarum,
2720 2969 2840 3024 oleo
2860 2969 3116 3022 virtutum
3136 2969 3437 3031 deﬁciente,

1868 3064 2200 3134 sapienti-bus
2221 3064 2472 3118 dixerunt
2496 3081 2510 3116 :
2542 3062 2676 3115 Date
2701 3061 2846 3114 nobis
2876 3061 2939 3114 de
2962 3059 3072 3113 oleo
3108 3071 3292 3123 vestro,
3317 3063 3442 3131 quia

1866 3154 2138 3226 lampades
2166 3163 2358 3210 nostra:
2381 3155 2758 3224 exstinguntur
2784 3151 2996 3224 (Matth.
3025 3153 3170 3222 xxv),
3201 3161 3254 3206 ct
3301 3155 3442 3221 quod

1864 3245 2119 3303 Salomon
2146 3248 2223 3302 ait
2247 3265 2259 3301 :
2301 3245 2525 3318 Propter
2545 3247 2713 3316 frigus
2739 3247 2884 3316 piger
2912 3261 3064 3299 arare
3087 3244 3271 3310 nolnir,
3304 3264 3443 3300 men—

1860 3339 2053 3392 dicabit
2075 3355 2195 3409 ergo
2219 3347 2418 3403 testate,
2443 3348 2491 3392 et
2513 3355 2617 3391 non
2651 3337 2862 3390 dabitur
2881 3337 2946 3390 ei.

1930 3429 2235 3486 Convocatis
2261 3431 2436 3501 itaque
2482 3428 2704 3500 singulis
2733 3428 3049 3482 debitoribus
3093 3429 3289 3482 domini
3335 3432 3439 3490 sui,

1860 3523 2061 3578 dicebat
2083 3525 2250 3594 primo
2279 3537 2296 3575 :
2323 3523 2590 3589 Quantum
2620 3522 2772 3576 debes
2815 3521 3025 3574 domino
3066 3523 3216 3574 meo?
3261 3533 3312 3575 at
3353 3523 3442 3576 ille

1859 3611 1993 3665 dixit
2023 3627 2040 3664 :
2065 3612 2283 3666 Centum
2309 3612 2467 3666 cados
2489 3611 2618 3674 olei;
2637 3611 2868 3681 dixitque
2889 3610 2966 3663 illi
2991 3625 3009 3661 :
3034 3612 3219 3681 Accipe
3241 3613 3442 3666 cautio-

1862 3717 1976 3754 nem
2003 3710 2170 3767 tuam,
2198 3710 2245 3755 et
2283 3702 2402 3755 sede
2451 3702 2575 3767 cito,
2601 3701 2766 3755 scribe
2809 3701 3207 3772 quinquaginta.
3247 3702 3445 3756 Deinde

1861 3791 1968 3846 alio
1997 3793 2130 3847 dixit
2157 3810 2175 3847 :
2203 3792 2281 3847 Tu
2308 3810 2426 3847 vero
2447 3802 2699 3864 quantum
2745 3792 2897 3846 debes
2918 3794 2943 3846 ἱ)
2983 3794 3072 3864 qui
3123 3795 3216 3858 ait,
3239 3805 3440 3848 centum

1861 3901 2008 3938 caros
2050 3886 2247 3950 tritici;
2279 3886 2353 3938 ait
2383 3885 2461 3938 illi
2483 3900 2502 3937 :
2526 3885 2713 3956 Accipe
2737 3885 2936 3940 litteras
2957 3898 3096 3952 tuas,
3118 3889 3282 3942 scribe
3308 3899 3442 3942 octo-

1861 3975 2024 4046 ginta.
2068 3974 2245 4030 Cadus
2287 3975 2476 4030 Grzece
2529 3979 2787 4046 amphora
2825 3987 2928 4042 est,
2965 3979 3248 4033 continens
3281 3995 3445 4035 urnas

1863 4075 1992 4120 tres.
2063 4065 2234 4120 Corus
2306 4080 2437 4120 vero
2503 4066 2713 4120 modios
2772 4067 2990 4137 triginta
3050 4068 3440 4137 complectitur.

1863 4157 2016 4224 Quod
2061 4165 2243 4212 autem
2292 4157 2357 4212 de
2405 4166 2623 4212 centum
2675 4158 2825 4213 cadis
2879 4158 3002 4222 olei,
3053 4160 3441 4230 quinquaginta

1862 4249 2024 4302 scribi
2059 4247 2184 4302 fecit
2221 4263 2251 4301 a
2291 4249 2554 4313 debitore,
2587 4249 2759 4303 etde
2799 4257 3016 4303 centum
3068 4249 3213 4303 coris
3272 4251 3438 4305 tritici

1861 4341 2156 4411 octoginta,
2195 4339 2262 4394 ad
2315 4340 2450 4395 nihil
2482 4341 2626 4396 aliud
2651 4341 2830 4397 valere
2863 4343 3102 4396 arbitror
3139 4344 3240 4398 nisi
3272 4354 3329 4398 ut
3378 4361 3439 4398 ea

196 4456 215 4488 ι
262 4436 338 4490 illi
366 4450 379 4488 :
411 4435 609 4503 Accipe
633 4432 839 4486 litteras
889 4439 1008 4484 tuas
1037 4437 1094 4484 et
1139 4427 1316 4484 scribe
1363 4427 1660 4499 octoginta.
1693 4429 1760 4482 Et
1785 4467 1837 4526 Β
1863 4449 1982 4502 qua:
2006 4431 2254 4486 similiter
2275 4431 2328 4485 in
2358 4431 2666 4486 sacerdotes
2689 4439 2850 4501 atque
2881 4432 2936 4485 in
2983 4431 3199 4487 Levitas
3227 4431 3444 4509 Judmus

196 4549 216 4581 ε
265 4528 500 4583 laudavit
541 4525 790 4580 dominus
830 4522 1070 4576 villicum
1117 4520 1440 4590 iniquitatis,
1475 4521 1602 4589 quia
1634 4535 1762 4590 pru-

195 4639 214 4672 ι
261 4620 452 4674 denter
477 4616 714 4680 fecisset,
741 4613 866 4683 quia
900 4613 992 4666 lilii
1037 4609 1195 4680 hujus
1236 4611 1762 4681 saaculiprudentio-

195 4729 214 4762 ι
261 4724 344 4763 res
398 4707 520 4760 filiis
562 4705 696 4758 lucis
745 4704 797 4756 in
832 4702 1185 4772 generatione
1227 4717 1325 4756 sua
1376 4709 1522 4757 sunt.
1575 4701 1642 4756 Et
1665 4717 1765 4772 ego

195 4819 212 4849 ι
259 4798 380 4852 dico
428 4795 623 4848 vobis:
659 4791 839 4845 Facite
898 4791 1049 4844 vobis
1102 4790 1309 4845 amicos
1337 4790 1404 4846 de
1461 4805 1768 4846 mammona

195 4909 214 4940 ι
261 4885 579 4955 iniquitatis,
639 4892 700 4936 ut
734 4897 856 4936 cum
909 4879 1237 4944 defeceritis,
1288 4879 1554 4949 recipiant
1589 4896 1686 4936 vos
1709 4880 1763 4934 in

195 5001 214 5033 ε
259 4987 461 5034 aeterna
489 4974 854 5030 tabernacula.
891 4994 910 5024 ι
1600 5004 1628 5031 ,

262 5069 433 5123 Homo
459 5067 674 5138 quidam
720 5075 830 5118 erat
858 5064 1020 5128 dives,
1049 5065 1139 5135 qui
1187 5065 1408 5119 habebat
1457 5065 1688 5119 villicum
1715 5075 1764 5121 et

192 5161 274 5215 hic
306 5159 610 5226 diffamatus
636 5165 710 5208 est
746 5152 886 5224 apud
917 5152 1090 5227 illum,
1122 5154 1275 5223 quasi
1297 5153 1598 5222 dissipasset
1628 5155 1762 5208 bona

190 5251 374 5322 ipsius,
407 5258 452 5302 et
478 5248 670 5302 vocavit
695 5246 864 5309 illum,
914 5255 961 5298 et
983 5245 1058 5297 ait
1086 5243 1164 5297 illi
1188 5262 1200 5296 :
1232 5244 1372 5308 Quid
1392 5244 1490 5296 hoc
1519 5245 1678 5298 audio
1699 5246 1764 5298 de

189 5353 240 5396 tr
261 5341 286 5395 ἵ
310 5339 467 5394 redde
488 5337 740 5390 rationem
766 5335 1238 5397 villicationis'tua',
1256 5334 1373 5403 jam
1393 5333 1529 5386 enim
1553 5351 1654 5388 non
1673 5352 1765 5405 po-

189 5433 314 5486 teris
347 5429 597 5484 villicare.
629 5427 727 5496 (Ex
759 5422 1007 5494 August.)
1037 5423 1090 5476 In
1117 5423 1295 5478 villico
1322 5423 1447 5487 hoc,
1479 5439 1638 5492 quem
1671 5425 1766 5480 do-

190 5523 368 5577 minus
398 5520 652 5590 ejiciebat
678 5517 746 5571 de
772 5515 1034 5578 villicatu,
1084 5524 1140 5568 et
1182 5513 1422 5567 laudavit
1443 5529 1587 5577 eum,
1623 5516 1765 5584 quod

191 5615 245 5669 in
284 5613 524 5667 futurum
573 5609 676 5664 sibi
725 5604 1082 5676 prospexerit,
1132 5618 1238 5657 non
1287 5603 1468 5658 omnia
1508 5604 1766 5660 debemus

192 5707 258 5761 ad
293 5705 613 5762 imitandum
664 5712 898 5757 sumere.
951 5693 1069 5751 Non
1111 5693 1256 5748 enim
1294 5701 1387 5748 aut
1427 5694 1645 5750 domino
1673 5711 1766 5751 no-

1864 4524 2091 4594 quisque
2119 4530 2394 4592 operatur,
2432 4521 2483 4574 in
2511 4520 2712 4576 Christi
2736 4521 2971 4576 Ecclesia
3013 4522 3247 4577 abundet
3285 4523 3442 4592 justi-

1867 4615 1940 4668 tia
1977 4614 2092 4684 ejus
2121 4627 2282 4682 super
2335 4611 2645 4666 Scribarum
2698 4621 2753 4666 et
2788 4611 3199 4676 Pharisaeorum,
3232 4621 3291 4667 ut
3319 4630 3439 4667 cum

1866 4704 1972 4759 illis
2024 4702 2264 4758 decimas
2299 4703 2505 4764 darent,
2539 4703 2628 4756 isti
2680 4703 2931 4758 dimidias
2957 4703 3103 4769 dent,
3149 4705 3288 4758 sicut
3334 4720 3438 4759 non

1867 4794 1936 4849 de
1967 4793 2250 4859 fructibus,
2277 4795 2372 4848 sed
2407 4794 2475 4849 de
2507 4794 2639 4864 ipsis
2669 4795 2782 4849 suis
2808 4794 2965 4849 bonis
3010 4795 3137 4850 fecit
3162 4797 3438 4852 Zaclnnus.

1869 4885 1979 4940 Aut
1998 4894 2147 4941 certe
2173 4885 2413 4954 duplices
2439 4886 2694 4950 decimas,
2727 4893 2820 4940 aut
2843 4886 2980 4941 duas
3001 4886 3239 4942 decimas
3267 4887 3444 4941 dando

1873 4987 2087 5047 superet
2115 4977 2380 5046 impendia
2405 4975 2730 5032 Iudaeorum.
2765 4976 2877 5032 Nisi
2902 4977 3042 5032 forte
3084 4979 3206 5048 quis
3239 4979 3432 5048 simpli.

1870 5069 2006 5122 citer
2027 5065 2398 5136 accipiendum
2421 5075 2591 5135 putet,
2614 5067 2758 5136 quod
2785 5069 2961 5122 omnis
2979 5070 3068 5137 qui
3094 5069 3441 5140 indigentiam

1869 5161 2154 5232 cujuslibet
2199 5161 2450 5230 pauperis
2493 5169 2818 5222 sanctorum,
2850 5161 2936 5216 vel
2983 5177 3052 5217 ex
3097 5163 3316 5219 dimidia
3356 5163 3440 5216 vel

1869 5259 2016 5306 certe
2038 5265 2105 5305 ex
2135 5250 2322 5318 quinta
2346 5257 2519 5317 parte,
2553 5259 2813 5319 quantum
2843 5251 3031 5320 viginti
3068 5252 3150 5307 vel
3179 5252 3442 5322 quinqua-

1865 5337 2012 5410 ginta
2041 5339 2108 5393 ad
2131 5345 2344 5393 centum
2376 5348 2519 5400 sunt,
2554 5339 2905 5400 alleviaverit.
2932 5349 3080 5397 certa
3101 5356 3212 5397 suae
3239 5340 3444 5396 miseri-

1866 5427 2064 5483 cordiae
2093 5427 2162 5482 sit
2201 5426 2450 5481 mercede
2476 5427 2774 5482 donandus.
2805 5496 2811 5501 _

1939 5517 2007 5571 Et
2036 5516 2270 5571 laudavit
2301 5516 2545 5571 dominus
2585 5518 3140 5597 villicuminiquitatis,
3165 5521 3288 5590 quia
3315 5535 3442 5589 pru-

1868 5607 2048 5661 denter
2093 5605 2316 5674 fecisset,
2357 5606 2480 5676 quia
2533 5605 2631 5674 ﬁlii
2659 5606 2818 5676 hujus
2864 5607 3041 5661 scrculi
3080 5607 3441 5676 prudentiores

1867 5697 1995 5766 ﬁliis
2035 5695 2167 5750 lucis
2215 5697 2271 5750 in
2305 5696 2636 5773 generatione
2658 5713 2753 5750 sua
2781 5707 2920 5750 sunt.
2954 5696 3186 5752 Audiaut
3229 5698 3442 5769 sapien-
