3952 6424
479 300 585 359 819

1749 311 1754 316 “
1773 297 2118 355 SMARAGDI
2156 298 2442 354 ABBA'I'lS

3628 306 3730 360 420

477 425 556 469 tes
585 413 743 484 hujus
763 413 962 477 saeculi,
994 422 1052 466 ut
1080 414 1300 468 stultam
1329 413 1648 484 sapientiam
1687 413 1960 476 deserere,
1987 422 2043 466 et
2072 422 2118 478 Α
2144 413 2424 483 percipite.
2455 410 2562 484 (Ea:
2599 409 2784 481 Orig.)
2824 409 2992 466 Prout
3023 410 3386 476 ducebamini,
3417 426 3450 464 a
3495 427 3608 481 quo
3646 416 3731 467 vel

473 505 772 572 sapientem
830 504 920 556 Dei
977 503 1261 557 stultitiam
1316 513 1520 572 queant
1574 505 1814 566 discere,
1861 505 2046 572 quanti

472 609 658 646 eorum
715 593 973 660 sapientia
1001 593 1180 646 divina
1235 592 1458 661 :equitas
1497 592 1863 653 :estimaverit,
1915 606 2050 658 quos

474 698 580 735 non
613 697 733 734 vere
754 682 1064 751 prudentes,
1091 684 1183 735 sed
1212 683 1261 735 in
1291 681 1637 751 generatione
1673 696 1767 733 sua
1813 682 2047 748 pruden-

476 780 555 824 tes
583 786 702 823 esse
725 780 1131 824 commemorat.
1158 770 1318 823 Juxta
1344 772 1444 824 hoc
1474 771 1616 838 quod
1639 769 1765 822 alibi
1812 770 2009 822 dicitur
2033 787 2044 820 :

481 863 572 917 Va:
619 865 708 933 qui
759 864 1013 933 sapientes
1064 865 1185 916 estis
1233 863 1286 915 in
1330 863 1493 915 oculis
1545 863 1745 924 vestris,
1784 871 1830 913 et
1874 878 2050 913 coram

475 953 850 1022 vobismetipsis
873 953 1172 1022 prudentes.
1196 952 1299 1005 Nec
1329 968 1434 1004 non
1465 962 1517 1004 et
1542 961 1811 1004 amatores
1838 960 2051 1004 tutorum

472 1043 600 1096 vita:
627 1043 767 1098 ﬁlios
791 1043 924 1097 lucis
948 1044 1286 1112 appellando,
1317 1059 1420 1096 non
1438 1043 1576 1096 aliud
1603 1059 1696 1095 eos
1721 1044 1809 1110 qui
1836 1043 2049 1110 sapien-

475 1141 557 1186 tes
586 1142 730 1198 sunt,
764 1141 823 1186 ut
860 1133 1060 1186 iaciant
1109 1134 1272 1198 mala,
1310 1133 1444 1186 bene
1494 1142 1674 1186 autem
1726 1132 1907 1185 facere
1955 1148 2051 1185 ne-

474 1223 731 1287 scierunt,
769 1238 930 1292 quam
960 1223 1095 1276 filios
1143 1224 1321 1290 arguit
1369 1239 1486 1275 esse
1516 1224 1878 1276 tenebrarum.
1933 1221 2050 1274 Filii

473 1321 653 1365 autem
683 1313 816 1367 lucis
843 1322 895 1367 et
928 1313 1021 1366 ﬁlii
1056 1313 1213 1380 hujus
1257 1313 1438 1367 sarculi
1477 1321 1754 1374 vocantur,
1784 1313 2054 1380 quomodo

472 1407 566 1461 ﬁlii
592 1406 739 1476 regni
762 1415 814 1458 et
853 1404 943 1457 ﬁlii
972 1405 1309 1474 perditionis,
1339 1403 1493 1471 cuﬁsts
1520 1405 1664 1458 enim
1692 1405 1802 1474 agit
1825 1405 2054 1473 quisque

470 1511 658 1566 opera,
690 1493 804 1562 ejus
828 1495 1254 1564 cognominatur
1277 1503 1330 1548 et
1360 1494 1521 1546 filius.

548 1587 612 1640 Et
637 1603 728 1655 ego
756 1585 892 1638 vobis
915 1585 1050 1647 dico,
1089 1584 1247 1652 facile
1276 1585 1415 1636 vobis
1441 1584 1636 1636 amicos
1663 1583 1726 1635 de
1756 1599 2051 1636 mammona

469 1678 780 1748 iniquitatis,
813 1685 869 1728 ut
890 1692 1005 1728 cum
1034 1675 1344 1743 defcceritis,
1373 1676 1621 1742 recipiant
1653 1692 1738 1727 vos
1759 1675 1811 1726 in
1858 1684 2053 1727 wterna

2151 522 2181 559 a
2211 505 2445 575 quibus?
2487 520 2518 557 a
2565 504 2840 573 spiritibus
2875 518 3068 573 nempe
3097 503 3344 572 malignis
3386 504 3732 559 ducebamini

2151 595 2217 648 ad
2239 609 2402 663 opera
2430 603 2797 663 peccatorum.

2223 683 2351 736 Ideo
2385 693 2566 736 notum
2597 682 2738 735 vobis
2763 682 2922 750 facio,
2943 683 3081 751 quod
3113 698 3262 734 nemo
3305 683 3360 734 in
3386 683 3580 751 spiritu
3633 683 3731 737 De:

2153 769 2384 839 loquens,
2431 772 2582 833 dicit,
2631 779 2739 824 etc.
2787 770 2888 835 Qui
2929 771 3369 834 anathematizat,
3401 772 3584 834 idest,
3635 775 3729 842 qui

2153 877 2273 912 cum
2303 862 2534 929 quadam
2560 861 2912 914 detestatione
2941 859 3172 930 abnegat
3213 861 3497 914 Dominum
3519 861 3729 927 Jesum,

2155 966 2260 1003 non
2294 951 2452 1004 habet
2471 951 2730 1019 Spiritum
2757 960 3022 1012 sanctum,
3055 957 3110 1002 et
3130 950 3221 1017 qui
3251 950 3421 1004 credit
3444 950 3501 1002 in
3553 950 3732 1005 Domi-

2155 1059 2280 1095 num
2301 1039 2770 1110 Jesum,8piritum
2788 1049 3032 1095 sanctum
3048 1038 3228 1105 habet,
3253 1049 3307 1094 et
3323 1043 3450 1110 quia
3477 1041 3729 1112 legimus,

2155 1132 2454 1198 QuiFilium
2493 1148 2599 1186 non
2630 1133 2791 1186 habet
2833 1147 2932 1186 nec
2971 1133 3185 1188 Patrem
3221 1134 3404 1197 habet,
3435 1149 3731 1204 agnoscere

2155 1239 2221 1276 ex
2253 1223 2353 1275 hoc
2398 1222 2708 1276 testimonio
2755 1236 3061 1290 possumus,
3110 1222 3252 1290 quod
3305 1223 3397 1290 qui
3452 1223 3728 1278 Christum

2157 1329 2261 1367 non
2283 1313 2475 1376 credit,
2504 1329 2602 1367 nec
2619 1314 2880 1382 Spiritum
2909 1323 3154 1367 sanctum
3196 1315 3394 1368 habere
3424 1317 3732 1371 credendus

2156 1413 2256 1468 est,
2287 1404 2423 1457 sicut
2447 1403 2669 1473 legimus
2702 1405 2767 1457 ad
2793 1404 3064 1458 Romanos
3091 1421 3104 1456 :
3139 1402 3197 1457 Si
3220 1405 3335 1473 quis
3359 1414 3535 1457 autem
3556 1405 3728 1468 Spiri-

2158 1506 2266 1548 tum
2291 1493 2485 1548 C/tristi
2510 1513 2613 1547 non
2641 1495 2818 1558 liabet,
2858 1495 2941 1547 hic
2971 1512 3074 1548 non
3102 1504 3177 1548 est
3217 1495 3331 1563 ejus
3363 1493 3544 1566 (Rom.
3588 1495 3726 1564 vnt).

2157 1586 2434 1653 Quomodo
2489 1601 2617 1655 ergo
2665 1585 2940 1655 operarios
2970 1586 3267 1653 iniquitatis
3317 1586 3578 1639 Dominus
3625 1603 3732 1639 non

2159 1677 2454 1746 cegnoscit,
2479 1677 2643 1729 etiam
2683 1676 2730 1730 si
2753 1677 2977 1730 virtutes
3001 1677 3111 1729 sint
3137 1677 3366 1746 operati,
3396 1676 3470 1729 ita
3491 1685 3548 1730 et
3591 1676 3734 1731 Deus

470 1766 826 1822 tabernacuia.
876 1765 1174 1819 Mammona
1235 1765 1564 1833 iniquitatis,
1596 1765 1664 1818 ab
1695 1765 1796 1817 hoc
1823 1762 2052 1832 appellat
2082 1779 2126 1835 Β
2154 1767 2309 1821 malis
2333 1767 2586 1835 operibus
2611 1767 2922 1836 denegatur.

470 1863 628 1917 istam
655 1861 956 1930 pecuniam,
987 1874 1148 1928 quam
1186 1857 1522 1927 possidemus
1551 1856 1621 1908 ad
1649 1864 1891 1923 tempus,
1924 1855 2048 1923 quia

473 1968 781 2008 manunona
811 1951 1011 2006 divitia:
1040 1951 1488 2018 interpretantur.
1522 1946 1628 2000 Nec
1651 1956 1774 1999 sunt
1805 1946 1920 1999 istre
1967 1946 2050 1999 di-

469 2047 614 2100 vitia:
641 2045 743 2098 nisi
770 2043 988 2111 iniquis,
1025 2042 1116 2111 qui
1149 2041 1202 2094 in
1229 2041 1308 2093 eis
1332 2038 1666 2092 constituunt
1703 2052 1852 2106 spem
1894 2044 2053 2105 atque

471 2136 684 2205 copiam
705 2133 1054 2189 beatitudinis
1079 2146 1208 2186 suae.
1226 2129 1271 2184 Α
1298 2129 1460 2199 justis
1487 2143 1614 2182 vero
1641 2143 1764 2182 cum
1791 2128 1905 2181 haec
1927 2142 2051 2194 pos-

473 2227 738 2290 sidentur,
766 2233 850 2279 est
877 2223 1093 2293 quidem
1125 2221 1227 2274 ista
1256 2219 1513 2289 pecunia,
1549 2220 1641 2272 sed
1665 2233 1772 2271 non
1803 2225 1929 2270 sunt
1952 2215 2054 2269 illis

472 2317 673 2372 divitia:
697 2316 799 2370 nisi
845 2313 1092 2369 cmlcstes
1134 2319 1190 2365 et
1219 2309 1546 2380 spirituales,
1569 2309 1764 2378 quibus
1807 2308 2053 2373 indigen-

474 2409 604 2463 tiam
629 2421 781 2460 suam
805 2403 1160 2474 spiritualiter
1191 2400 1516 2470 supplentes,
1557 2399 1786 2455 exclusa
1817 2406 2056 2467 egestate

472 2497 726 2561 miserim,
751 2492 1100 2550 beatitudinis
1136 2493 1288 2562 copia
1339 2492 1670 2546 ditahnntur.
1705 2491 1760 2546 Si
1789 2499 1970 2544 autem
1999 2491 2055 2544 hi

473 2587 567 2656 qui
590 2585 833 2655 praebent
865 2583 1264 2652 eleemosynam
1291 2581 1357 2636 de
1393 2582 1576 2651 iniquo
1606 2596 1926 2635 mammona:
1973 2580 2054 2633 fa-

475 2679 628 2732 ciunt
653 2675 756 2730 sibi
777 2675 1000 2738 amicos,
1019 2690 1049 2727 a
1071 2674 1264 2742 quibus
1295 2673 1346 2726 in
1369 2681 1569 2728 aeterna
1600 2673 1948 2727 tabernacula
1973 2687 2056 2725 re-

475 2767 769 2836 cipiantur,
793 2773 994 2835 quanto
1023 2765 1192 2834 magis
1228 2764 1300 2828 hi,
1332 2765 1423 2834 qui
1457 2765 1766 2833 spirituales
1824 2763 2059 2834 largiun-

476 2868 564 2913 tur
585 2857 789 2927 epulas,
817 2857 909 2926 qui
965 2858 1093 2911 dant
1133 2857 1346 2911 .ciharia
1405 2857 1681 2912 conservis
1722 2858 1775 2910 in
1817 2867 2056 2926 tempore

475 2967 594 3016 suo,
651 2952 955 3007 certissima
1005 2951 1201 3005 debent
1253 2965 1349 3020 spe
1397 2966 1620 3006 summa:
1681 2950 2053 3004 retributionis

477 3043 638 3115 erigi.

619 3151 1041 3208 HEBDOMADA
1069 3151 1140 3205 X1
1165 3150 1338 3207 POST
1375 3148 1891 3204 PENTECOSTEN.

476 3265 670 3308 LECTIO
712 3261 986 3303 ειιιετοιιε
1036 3259 1194 3298 ΒΕΔΊῚ
1249 3256 1404 3297 ρωιι
1456 3256 1710 3295 Αροετοιι
1765 3256 1831 3294 AD
1875 3255 2059 3294 COIHN-

1009 3329 1188 3379 TBIOS,
1223 3330 1266 3377 1,
1297 3329 1414 3366 CAP.
1447 3327 1545 3366 ιιι.

554 3426 572 3458 ι
620 3406 782 3460 Scitis
809 3403 1063 3473 quoniam
1106 3418 1228 3456 cum
1258 3409 1447 3470 gentes
1473 3399 1666 3454 essetis
1717 3398 1781 3452 ad
1839 3399 2060 3452 simula-

484 3517 505 3550 ι
548 3513 644 3553 cra
698 3505 845 3550 muta
894 3502 1055 3564 prout
1103 3491 1442 3546 ducebamini
1472 3499 1681 3544 euntes.
1719 3489 1841 3543 Ideo
1871 3499 2056 3546 notum

486 3607 504 3640 ι
551 3587 705 3642 vobis
759 3585 924 3647 facio,
949 3583 1092 3652 quod
1148 3595 1308 3634 nemo
1338 3579 1391 3632 in
1414 3573 1620 3650 Spiritu
1671 3579 1762 3632 Dei
1809 3579 2054 3647 loquens,

484 3695 503 3727 ι
550 3676 685 3731 dicit
733 3674 1022 3728 anathema
1073 3669 1278 3725 Jesum.
1329 3668 1396 3722 Et
1442 3682 1601 3722 nemo
1643 3677 1820 3739 potest
1878 3668 2057 3722 dicere

486 3783 506 3816 ι
554 3764 814 3818 Dominus
842 3760 1020 3826 Iesus,
1047 3760 1152 3814 nisi
1180 3760 1232 3813 in
1275 3759 1474 3828 Spiritu
1503 3769 1709 3812 sancto.
1756 3759 2058 3813 Divisioncs

486 3876 506 3908 ι
554 3871 682 3910 vero
707 3853 1002 3924 gratiarum
1027 3861 1172 3916 sunt,
1217 3849 1356 3904 idem
1405 3856 1582 3902 autem
1599 3850 1852 3919 Spiritus,
1878 3857 1934 3902 et
1978 3849 2060 3901 di-

487 3969 506 4000 c
551 3949 787 4002 visiones
812 3945 1265 4000 ministrationum
1295 3950 1443 4007 sunt,
1485 3942 1627 3996 idem
1669 3952 1849 3996 autem
1879 3941 2060 3995 Domi-

488 4061 508 4091 ‹
557 4055 658 4093 nus
711 4046 769 4092 et
818 4037 1109 4092 divisiones
1139 4035 1514 4106 Operationum
1549 4043 1694 4098 sunt,
1744 4035 1886 4088 idem
1929 4049 2058 4087 vero

486 4148 506 4180 ι
552 4128 712 4192 Deus,
745 4127 1105 4196 quioperatur
1123 4125 1304 4180 omnia
1337 4125 1391 4178 in
1431 4123 1705 4178 omnibus.
1753 4123 2058 4192 Unicuique

488 4239 506 4270 ι
555 4227 732 4273 autem
780 4219 939 4272 datur
987 4214 1604 4283 manifestatioSpiritus
1631 4213 1699 4266 ad
1748 4212 2054 4266 utilitatem.

488 4329 508 4359 ι
553 4309 656 4362 Alii
683 4308 899 4378 quidem
940 4303 1308 4376 perSpiritum
1337 4304 1498 4357 datur
1527 4318 1705 4357 sermo
1757 4303 2056 4370 sapienti-.e,

490 4420 510 4452 ι
559 4401 647 4454 alii
678 4409 855 4454 autem
880 4413 1059 4452 sermo
1081 4396 1322 4450 scientiae
1349 4394 1643 4448 secundum
1672 4393 1921 4446 eumdem
1934 4395 2059 4461 Spi-

2224 1857 2291 1909 Et
2319 1873 2468 1910 nemo
2490 1867 2655 1926 potest
2683 1857 2855 1909 dicere
2889 1856 3146 1910 Dominus
3195 1856 3372 1921 Iesus,
3421 1858 3522 1911 nisi
3549 1858 3736 1928 inSpi-

2147 1950 2259 2002 ritu
2280 1959 2479 2001 sancto.
2508 1947 2619 2003 Hoc
2669 1957 2784 2012 est,
2815 1949 2932 2002 sine
2965 1964 3127 2002 causa
3176 1947 3375 2002 fatetur
3406 1949 3604 2018 aliquis
3635 1950 3737 2004 Do-

2154 2038 2357 2091 minum
2395 2036 2598 2102 Jesum,
2645 2039 2736 2108 qui
2768 2053 2874 2092 nou
2905 2039 3110 2108 integre
3153 2040 3327 2093 credit
3374 2040 3429 2094 in
3466 2040 3732 2110 Spiritum

2154 2139 2398 2185 sanetum
2427 2171 2440 2193 ,
2493 2130 2575 2183 vel
2616 2131 2732 2183 sine
2776 2145 2936 2184 causa
2992 2147 3114 2184 eum
3178 2131 3356 2186 verbis
3405 2130 3734 2195 conﬁtetur,

2153 2221 2244 2290 qui
2269 2220 2425 2274 factis
2451 2230 2626 2290 negat.
2659 2221 2824 2275 Docet
2862 2222 2930 2275 ad
2972 2222 3296 2286 Corinthios,
3347 2223 3452 2277 nisi
3506 2223 3562 2277 in
3602 2224 3732 2293 Spi-

2157 2312 2263 2364 ritu
2292 2322 2501 2377 sancto,
2542 2314 2592 2366 id
2622 2323 2728 2378 est,
2757 2315 2812 2368 in
2857 2315 3012 2369 bonis
3043 2317 3294 2385 Operibus
3347 2329 3738 2372 conversantes

2155 2402 2442 2457 Dominum
2491 2402 2673 2457 Jesum
2721 2404 2923 2469 dicant,
2974 2405 3132 2459 aliter
3181 2407 3261 2461 eis
3310 2409 3572 2477 prodesse
3629 2424 3736 2464 non

2155 2509 2336 2563 posse.
2800 2541 2804 2544 .

2226 2584 2515 2640 Divisiones
2546 2587 2834 2656 gratiarum
2857 2597 2997 2652 sunt,
3022 2596 3125 2642 etc.
3159 2589 3269 2643 Hoc
3290 2597 3394 2654 est,
3428 2605 3537 2645 non
3561 2591 3736 2648 solum

2156 2676 2294 2730 dona
2309 2676 2633 2747 linguarum,
2651 2677 2744 2731 sed
2770 2678 3104 2734 diversorum
3125 2679 3514 2734 charismatum
3537 2696 3738 2751 genera

2159 2765 2542 2834 dispensentur
2579 2783 2609 2820 a
2641 2767 2906 2832 Domino;
2940 2768 3028 2823 hic
3057 2769 3171 2822 vult
3198 2770 3485 2825 ostendere
3533 2774 3737 2843 gratias

2146 2851 2378 2923 Spiritus
2399 2857 2570 2909 sancti
2602 2856 2802 2910 divisas
2827 2871 2965 2920 esse,
3007 2871 3113 2910 non
3146 2858 3340 2926 ipsum.

2228 2945 2297 2998 Et
2323 2946 2600 3001 divisiones
2621 2949 3063 3004 ministrationum
3085 2959 3229 3014 sunt,
3270 2960 3374 3005 etc.
3405 2949 3615 3018 Quibus
3654 2969 3740 3007 ec-

2159 3035 2460 3091 clesiastica
2487 3039 2782 3092 ministeria
2805 3040 3196 3095 distribuuntur
3214 3053 3270 3095 et
3287 3040 3482 3105 ollicia,
3497 3059 3620 3111 qua:
3643 3045 3740 3098 mi-

2087 3117 2132 3178 C
2166 3128 2386 3182 nisteria
2402 3128 2455 3182 in
2471 3129 3044 3199 sequentibus,Spiritu
3075 3143 3282 3195 sancto,
3299 3132 3351 3186 id
3373 3143 3474 3194 est,
3498 3135 3613 3188 Deo
3631 3135 3740 3190 dis-

2163 3231 2412 3289 ponente,
2448 3222 2696 3275 ordinata
2751 3232 3137 3276 commemorat
3190 3223 3416 3278 dicens:
3461 3225 3741 3291 Quosdam

2160 3314 2373 3383 quidem
2398 3314 2578 3380 posuit
2601 3313 2654 3366 in
2685 3314 2979 3370 Ecclesiam
3005 3315 3235 3383 primum
3267 3315 3558 3383 apostolos,
3590 3318 3742 3372 dein-

2160 3404 2226 3457 de
2252 3404 2560 3473 prophetas,
2591 3415 2696 3457 etc.
2738 3403 2974 3460 Dicendo
3003 3405 3172 3469 enim,
3195 3405 3334 3458 idem
3361 3416 3540 3458 autem
3570 3406 3741 3475 Spiri-

2161 3503 2269 3557 tus,
2301 3493 2441 3546 idem
2471 3509 2598 3548 vero
2623 3494 2784 3558 Deus,
2816 3496 3052 3549 ostendit
3083 3509 3141 3550 se
3169 3495 3388 3549 omnino
3407 3494 3483 3548 .de
3503 3495 3740 3564 Spiritus

2161 3583 2330 3637 sancti
2358 3584 2636 3638 divinitate
2664 3585 2952 3639 disserere.

2231 3672 2301 3726 Et
2321 3674 2598 3727 divisiones
2629 3675 2983 3744 operationum
3011 3684 3150 3728 sunt.
3197 3675 3254 3728 Id
3281 3683 3364 3729 est
3408 3676 3608 3746 quibus
3659 3677 3741 3731 di-

2163 3778 2329 3817 versa:
2354 3764 2601 3827 _virtutes
2639 3765 3021 3832 operabantur,
3069 3765 3172 3818 hoc
3212 3773 3294 3818 est
3333 3764 3531 3827 dicere,
3595 3765 3742 3819 idem

2161 3853 2383 3922 spiritus
2406 3864 2622 3907 sanctus
2649 3855 2739 3921 qui
2762 3863 3015 3922 operatur
3036 3854 3217 3907 omnia
3245 3853 3359 3907 ha2c
3388 3853 3440 3907 in
3463 3854 3742 3918 omnibus,

2162 3942 2214 3995 id
2236 3930 2319 3996 est
2345 3942 2591 3996 ﬁdelibus
2620 3951 2779 4011 atque
2807 3942 3170 3996 credentibus.

2233 4029 2525 4103 Unicuique
2572 4035 2732 4086 datur
2776 4034 3168 4102 manifestatio,
3223 4043 3326 4088 etc.
3378 4033 3743 4089 Manifestatio

2150 4125 2403 4194 Spiritus,
2432 4125 2484 4177 id
2509 4133 2614 4187 est,
2642 4132 2701 4176 ut
2725 4125 3096 4178 manifestetur
3137 4124 3282 4176 illum
3298 4121 3562 4194 Spiritum
3613 4139 3746 4177 san-

2162 4226 2307 4268 ctum
2328 4215 2602 4284 accepisse
2628 4215 2696 4268 ad
2737 4215 3026 4270 utilitatem
3056 4215 3392 4283 salutemque
3421 4214 3740 4268 multorum.

2163 4308 2281 4363 Non
2305 4308 2450 4362 enim
2469 4323 2572 4377 pro
2599 4323 2694 4362 sua
2723 4316 2950 4373 tantum,
3009 4306 3103 4362 sed
3148 4323 3245 4377 pro
3298 4307 3534 4360 ﬁdelium
3572 4321 3740 4360 causa

2163 4399 2458 4469 gratiarum
2483 4398 2796 4454 muneribus
2824 4398 3236 4468 locupletantur.
3279 4396 3403 4450 Sive
3443 4397 3512 4450 ad
3535 4397 3745 4449 utilita-

488 4510 507 4542 ι
557 4492 743 4555 ritum,
776 4489 932 4543 alteri
987 4487 1121 4541 ﬁdes
1169 4485 1223 4538 in
1244 4483 1438 4538 eodem
1470 4483 1699 4552 Spiritu,
1739 4482 1829 4535 alii
1887 4483 2057 4552 gratia
2088 4467 2136 4523 υ
2166 4467 2273 4542 {em
2299 4487 2717 4553 incredulomm,
2767 4497 2827 4542 ιιι
2873 4467 3115 4552 credam,
3160 4496 3214 4542 ει
3243 4495 3299 4540 ul,
3331 4487 3614 4540 credentes
3649 4486 3745 4539 ἢν.

489 4600 508 4630 ι
555 4581 844 4634 sanitatum
888 4579 942 4631 in
984 4575 1339 4644 unoSpiritu,
1369 4572 1458 4625 alii
1498 4571 1740 4640 operatio
1771 4574 2055 4636 virtutum,

482 4690 509 4719 ι
552 4670 642 4723 alii
668 4667 970 4738 prophetia,
1003 4665 1092 4718 alii
1124 4659 1715 4728 discretioSpirituum,
1751 4660 1842 4712 alii
1864 4675 2060 4727 genera

489 4780 509 4811 ι
556 4760 902 4828 linguarum,
963 4754 1054 4807 alii
1107 4750 1488 4820 interpretatio
1544 4764 1874 4802 sermonum.
1937 4750 2062 4804 [huc

489 4870 511 4902 ι
547 4861 724 4906 autem
761 4849 944 4904 omnia
973 4852 1231 4914 aperatur
1255 4857 1392 4896 unus
1445 4850 1607 4910 atque
1644 4841 1786 4896 idem
1803 4841 2061 4912 Spiritus,

487 4963 511 4996 4
557 4925 802 5000 dividens
827 4939 1052 5010 singulis
1081 4946 1241 5007 prout
1262 4937 1396 4990 vult.
1446 4957 1464 4988 ι

562 5035 722 5089 Scitis
747 5032 996 5102 quoniam
1019 5044 1135 5081 cum
1156 5037 1328 5097 gentes
1355 5029 1550 5090 essetis,
1584 5036 1688 5084 etc.
1720 5028 1822 5084 Hic
1875 5046 2068 5085 sensus

479 5128 718 5186 dicentis
767 5127 871 5180 hoc
917 5137 1108 5192 parum
1159 5121 1338 5176 verbis
1382 5122 1593 5176 videtur
1647 5124 1906 5193 aperire:
1943 5135 2066 5178 cum

486 5226 680 5292 gentes
731 5215 925 5270 essetis
975 5228 1005 5266 a
1058 5213 1229 5282 magis
1281 5212 1363 5267 vel
1399 5213 1467 5266 ab
1507 5214 1847 5283 aruspicibus
1897 5214 2070 5266 idolo-

484 5324 612 5368 rum
633 5305 991 5362 obedientiam
1020 5304 1374 5372 praestabatis,
1405 5305 1494 5374 qui
1528 5321 1623 5359 vos
1663 5305 1730 5358 ad
1778 5305 2067 5358 simulacra

485 5409 641 5461 muta
667 5406 722 5453 et
747 5404 959 5451 mortua
997 5395 1375 5464 perducebant.
1406 5394 1558 5448 Nunc
1582 5409 1732 5456 vero,
1763 5393 1890 5461 quia
1944 5392 2070 5445 reli-

488 5491 650 5559 gione
680 5493 951 5554 suscepta,
978 5485 1277 5554 capacioris
1301 5499 1459 5539 sensu
1495 5499 1616 5538 esse
1640 5483 1864 5546 debetis,
1895 5482 2067 5536 liben-

489 5580 602 5631 tius
627 5576 954 5644 acquiescite
980 5575 1160 5639 saluti,
1184 5583 1240 5629 et
1262 5575 1566 5642 promptius
1594 5573 1808 5626 obedite
1832 5574 2067 5637 veritati,

487 5676 546 5720 et
577 5668 717 5738 quod
747 5668 799 5724 in
823 5667 1064 5722 notitiam
1098 5674 1332 5719 vestram
1369 5664 1603 5733 depono,
1643 5671 1844 5716 attenta
1893 5675 2073 5719 mente

2165 4586 2399 4632 mentur.
2428 4578 2552 4631 Sive
2585 4575 2952 4631 manifestalio
2967 4577 3224 4645 Spiritus,
3251 4591 3316 4630 eo
3345 4575 3488 4643 quod
3522 4589 3622 4644 per
3645 4575 3744 4628 do-

2165 4657 2395 4722 ctrinam
2461 4669 2756 4737 spiritalem
2819 4668 3110 4736 unicuique
3169 4666 3514 4720 manifestam
3577 4664 3746 4719 faciat

2165 4757 2551 4810 conscientiam
2583 4772 2757 4819 suam,
2795 4756 2935 4810 sicut
2991 4755 3046 4808 in
3081 4755 3539 4822 consequentibus
3584 4754 3739 4814 dicit,

2165 4847 2291 4915 quia
2317 4861 2414 4916 per
2433 4847 2804 4915 propheticam
2856 4846 3262 4915 castigationem
3305 4845 3514 4898 occulta
3558 4844 3742 4898 cordis

2168 4935 2284 5004 ejus
2320 4934 2619 4990 manifesta
2655 4935 2808 4989 ﬁunt.
2861 4936 2958 4990 Vel
2996 4935 3136 5004 quod
3153 4932 3361 5003 Spiritu
3407 4934 3746 4989 illuminatus

2169 5043 2360 5082 sensus
2393 5027 2668 5080 hominum
2694 5027 2962 5096 spirituali
2996 5027 3323 5082 discretione
3347 5035 3656 5096 cognoscat.

2240 5117 2345 5169 Alii
2363 5116 2573 5186 quidem
2611 5133 2703 5185 per
2725 5118 2966 5187 spiritum
2991 5115 3246 5172 Sanctum
3277 5118 3436 5169 datur
3463 5134 3634 5170 sermo
3657 5133 3745 5169 sa-

2170 5205 2397 5274 pientiae.
2438 5203 2551 5259 Hoc
2578 5215 2677 5265 est,
2707 5213 2767 5257 ut
2792 5205 3064 5273 sapienter
3084 5214 3138 5260 et
3157 5215 3299 5275 apte,
3326 5214 3380 5258 et
3407 5205 3740 5260 rationabili-

2174 5305 2256 5350 ter
2283 5297 2456 5366 possit
2502 5296 2770 5350 disserere
2797 5305 2853 5350 et
2883 5298 3097 5362 docere,
3125 5299 3270 5366 quod
3293 5299 3483 5368 gratiae
3514 5297 3745 5368 inspira-

2175 5389 2318 5443 tione
2340 5391 2602 5458 percepit.

2253 5481 2359 5534 Alii
2419 5481 2628 5551 quidem
2676 5497 2846 5534 sermo
2893 5483 3145 5536 scientia.
3206 5481 3442 5536 Scienti:
3501 5490 3607 5545 est,
3655 5489 3747 5533 aut

2174 5573 2384 5641 aperire
2418 5572 2696 5641 mysteria,
2725 5580 2817 5625 aut
2849 5573 3008 5638 scire,
3057 5583 3152 5628 aut
3197 5588 3421 5628 narrare
3449 5572 3744 5642 praeterita,

2178 5675 2269 5718 aut
2283 5664 2473 5736 judicii
2495 5661 2674 5717 futura
2699 5665 3012 5732 przedicere.
