3952 6420
185 304 285 358 (21

999 303 1515 361 COLLECTIONES
1552 304 1619 360 IN
1661 302 2037 361 EPISTOLAS
2075 307 2164 362 ET
2205 308 2618 368 EVANGELIA.

3336 316 3455 372 ἀὖ

261 416 429 471 Alteri
446 415 578 485 ﬁdes
599 415 653 469 in
676 414 853 469 eodem
886 411 1113 485 Spiritu.
1148 414 1247 470 Hic
1300 414 1433 471 ﬁdes
1481 415 1767 485 dupliciter
1793 418 1844 478 Α
1866 417 2227 486 prospiceret,
2268 418 2323 473 in
2353 419 2441 474 die
2460 435 2575 486 sua,
2599 436 2719 492 quae
2756 422 2824 478 ad
2867 437 3054 494 pacem
3086 425 3137 481 ei
3178 440 3301 483 esse
3350 443 3450 497 po-

184 505 529 577 intelligitur,
557 521 667 560 non
696 505 869 561 solum
894 520 1015 576 qua:
1043 506 1339 560 trinitatem
1373 507 1558 576 capaci
1607 506 1767 560 corde

182 598 472 670 percipiat,
508 595 605 652 sed
637 611 758 666 qua:
778 596 989 652 ardenti
1015 596 1351 666 perfectione
1376 597 1528 667 signa
1553 605 1608 651 et
1639 611 1769 665 pro-

182 691 329 761 digiti
353 687 528 759 possit
553 688 788 759 operari,
812 688 877 743 de
908 703 1013 758 qua
1064 687 1326 743 Dominus
1371 689 1426 743 in
1472 688 1767 760 Evangelia

183 781 314 834 dicit
346 795 361 833 :
400 778 461 835 Si
484 778 770 833 habueritis
792 777 951 847 fidem
981 779 1117 833 sicut
1137 794 1363 849 granum
1386 768 1604 848 sinapis,
1628 777 1769 831 dice-

182 871 254 923 t's
281 869 401 923 huic
426 868 611 932 monti,
643 876 698 923 et
731 867 830 923 rel.
877 867 1029 939 (Luc.
1067 867 1225 926 xvnl.

254 958 361 1013 Alii
384 959 556 1029 gratia
578 959 909 1013 curationum
952 959 1010 1013 in
1059 974 1162 1012 uno
1178 957 1399 1029 Spiritu.
1439 957 1497 1013 Id
1540 967 1641 1026 est,
1670 974 1769 1030 per

180 1064 347 1119 quam
374 1048 603 1103 infirmis
629 1047 875 1104 conferat
898 1049 1207 1103 sanitatem.

256 1139 361 1193 Alii
382 1140 612 1210 operatio
638 1140 911 1193 virtutum.
929 1138 1036 1194 Per
1061 1155 1225 1210 quam
1251 1139 1556 1196 illuminare
1570 1156 1762 1206 caecos,

174 1231 437 1286 obsessos
458 1229 755 1295 absolvere,
790 1239 1035 1286 mortuos
1068 1230 1245 1287 valeat
1266 1234 1551 1288 suscitare.

256 1320 362 1376 Alii
404 1322 696 1391 prophetia.
742 1320 845 1376 Per
896 1337 1060 1392 quam
1110 1321 1335 1377 moralia
1374 1323 1532 1377 docet
1564 1321 1649 1377 vel
1695 1305 1786 1377 de.

180 1413 555 1469 retributionis
576 1414 663 1469 die
685 1422 780 1469 aut
814 1412 1141 1470 mentucnda
1167 1426 1263 1469 aut
1306 1416 1573 1486 speranda
1628 1430 1765 1486 prte-

182 1503 353 1557 dicat.

256 1593 364 1647 Alii
384 1593 629 1648 discretio
654 1592 954 1663 spirituum.
972 1593 1038 1650 1d
1067 1602 1167 1656 cst,
1195 1602 1255 1649 ut
1278 1595 1455 1665 qualis
1483 1599 1764 1667 unusquis-

181 1699 291 1754 que
317 1684 537 1752 spiritus
555 1684 758 1750 veniat,
786 1684 871 1740 vel
896 1685 1026 1754 quid
1068 1701 1134 1739 ex
1160 1685 1292 1751 Deo,
1319 1687 1448 1757 quid
1476 1704 1544 1744 ex
1572 1689 1765 1744 adver-

1871 514 2050 561 terant
2079 507 2335 563 habebat.
2366 508 2519 566 Nunc
2540 520 2719 567 autem
2740 514 3054 571 abscondita
3077 523 3204 570 sunt
3226 516 3296 571 ab
3318 532 3448 573 ocu-

1866 596 1934 652 lis
1962 597 2087 653 tuis.
2123 596 2181 652 Si
2216 598 2362 654 enim
2391 616 2423 654 a
2451 601 2632 657 cordis
2672 617 2789 670 ejus
2815 605 2985 660 oculis
3032 606 3172 661 mala
3201 622 3320 677 quae
3348 609 3452 662 im-

1867 687 2137 741 minerent
2164 689 2481 744 abscondita
2504 706 2610 746 non
2634 701 2834 759 essent,
2864 692 2987 748 laeta
3009 696 3064 749 in
3091 697 3449 765 prmeentibus

1866 780 2143 848 prosperis
2169 796 2277 835 non
2318 781 2529 837 fuisset.

1937 868 2077 935 Quia
2096 869 2300 924 venient
2327 870 2438 925 dies
2465 872 2521 925 in
2539 881 2609 937 te,
2647 881 2696 927 et
2735 874 3128 929 circumdabant
3157 887 3206 931 te
3228 878 3449 944 inimici,

1865 967 1973 1014 etc.
2001 960 2128 1015 Ilzec
2152 962 2335 1016 omnia
2361 978 2391 1016 a
2419 961 2749 1032 Vespasiano
2793 973 2849 1018 et
2895 964 3017 1019 Tito
3064 966 3225 1032 facta,
3273 970 3449 1026 nullus

1866 1049 1959 1118 qui
2008 1050 2293 1105 historiam
2338 1052 2637 1107 eversionis
2682 1052 2925 1122 ejusdem
2976 1055 3216 1111 civitatis
3274 1057 3447 1129 legit,

1864 1140 2098 1212 ignorat.

1931 1231 2003 1286 Et
2042 1249 2147 1287 non
2167 1232 2459 1306 relinquent
2500 1237 2558 1290 in
2604 1246 2653 1291 te
2681 1236 2927 1308 lapidem,
2977 1245 3083 1293 etc.
3115 1238 3240 1294 Ilaec
3283 1242 3450 1296 etiam

1862 1323 1979 1395 ipsa
2025 1323 2141 1392 jam
2167 1324 2409 1393 ejusdem
2450 1326 2687 1383 civitatis
2740 1329 3144 1399 transmigratio
3194 1340 3443 1395 testatur,

1860 1413 1956 1484 qui
1987 1413 2113 1469 dum
2143 1429 2287 1469 nunc
2315 1415 2370 1469 in
2395 1429 2461 1470 eo
2483 1415 2604 1471 loco
2633 1424 2944 1473 constructa
2978 1427 3083 1484 est,
3140 1421 3229 1475 ubi
3292 1430 3448 1476 extra

1857 1510 2076 1573 portam
2110 1502 2289 1560 fuerat
2304 1504 2563 1562 Dominus
2602 1507 2917 1573 cruciﬁxus,
2948 1510 3098 1578 prior
3130 1509 3219 1564 illa
3257 1509 3447 1564 llieru—

1861 1593 2054 1662 salem,
2112 1604 2173 1650 ut
2200 1596 2419 1664 dicitur,
2449 1596 2690 1653 funditus
2733 1607 2818 1653 est
2864 1615 3078 1665 eversa,
3120 1602 3205 1656 cui
3245 1616 3313 1655 ex
3341 1617 3447 1670 qua

1861 1686 2020 1756 culpa
2082 1688 2381 1743 eversionis
2440 1703 2558 1745 sua:
2604 1703 2766 1759 pcena
2818 1689 2984 1747 fuerit
3032 1691 3181 1746 illata
3224 1691 3450 1760 subjun-

182 1774 330 1829 sario
356 1775 408 1829 in
432 1775 707 1831 hominum
733 1776 946 1832 actione
965 1784 1231 1843 versetur,
1258 1778 1761 1847 .prudentiexami-
1788 1765 1837 1825 Β
1864 1777 2029 1848 gitur.

179 1867 404 1922 natione
430 1866 702 1922 discutiat.

253 1958 359 2012 Alii
386 1958 744 2029 interpretatio
798 1975 1117 2013 sermonum.
1156 1959 1228 2013 "id
1273 1966 1377 2022 est,
1415 1958 1541 2028 quia
1597 1958 1763 2015 altius

166 2048 527 2117 interpretari
565 2056 798 2118 poterat,
826 2063 947 2118 quae
994 2049 1283 2121 peregrino
1328 2062 1582 2104 sermone
1624 2049 1762 2104 alius

178 2139 517 2211 loquebatur.

250 2228 382 2284 Haec
410 2229 584 2286 omnia
608 2238 856 2301 operatur
894 2246 1055 2296 unus,
1082 2238 1190 2285 etc.
1254 2229 1354 2286 llic
1405 2229 1651 2286 ostendit
1701 2243 1761 2285 se

172 2321 426 2392 superius
452 2330 622 2377 totum
649 2321 716 2377 de
738 2321 1153 2391 sanctiSpiritus
1198 2321 1519 2376 disseruisse
1544 2319 1762 2375 virtuti-

178 2413 305 2480 bus,
327 2424 381 2467 et
402 2413 577 2482 ipsum
594 2411 724 2485 jugi
766 2426 1018 2468 sermone
1058 2410 1230 2467 Deum
1284 2426 1344 2468 se
1371 2420 1427 2468 et
1467 2411 1758 2467 Dominum

166 2505 523 2577 praedicasse.

250 2595 499 2650 Dividens
535 2594 757 2668 singulis
807 2604 963 2666 prout
1008 2592 1135 2649 vult.
1184 2592 1440 2648 Dividens
1479 2607 1586 2648 non
1643 2591 1759 2662 ipse

164 2689 401 2753 divisus,
434 2687 726 2743 divisiones
760 2702 891 2741 vero
918 2685 1077 2741 dictae
1122 2693 1272 2751 sunt,
1319 2686 1461 2740 sicut
1488 2684 1760 2738 membro-

168 2795 302 2833 .rurn
327 2779 381 2832 in
407 2780 655 2848 corpore,
708 2777 833 2847 quia
886 2793 994 2832 non
1045 2775 1187 2831 idem
1213 2775 1397 2831 valent
1424 2790 1586 2830 aures
1613 2775 1759 2844 quod

172 2868 344 2933 Dculi,
393 2877 569 2946 atque}
604 2869 678 2922 ita
727 2868 969 2923 membra
1033 2876 1229 2922 caetera
1289 2865 1519 2921 diversis
1567 2863 1756 2920 olllciis

178 2968 341 3030 atque
376 2959 719 3015 concorditer
743 2959 1052 3015 distributa.
1083 2957 1216 3025 Quae
1259 2965 1461 3023 tamen,
1490 2972 1613 3012 cum
1636 2956 1754 3010 sani

178 3068 387 3118 sumus,
428 3067 536 3107 una
573 3066 725 3123 teque
773 3052 1007 3116 diversa,
1059 3066 1161 3105 nec
1189 3049 1316 3104 alibi
1347 3052 1572 3119 majore,
1624 3048 1753 3102 alibi

1930 1868 2019 1924 Eo
2043 1870 2183 1941 quod
2207 1886 2311 1925 non
2328 1871 2652 1941 cognoveris,
2679 1880 2785 1926 etc.
2810 1871 3035 1927 Creator
3080 1873 3277 1943 quippe
3325 1889 3445 1926 om-

1862 1959 2014 2014 nium
2056 1975 2154 2031 per
2182 1960 2570 2016 incarnationis
2600 1977 2711 2017 sua:
2745 1962 3066 2033 mysterium
3107 1963 3249 2017 hanc
3308 1964 3443 2017 visi-

1863 2059 1980 2105 tare
2003 2050 2252 2121 dignatus
2298 2058 2402 2116 est,
2440 2052 2537 2106 sed
2566 2051 2680 2121 ipsa
2729 2052 2941 2106 timoris
2968 2060 3023 2104 et
3050 2052 3253 2106 amoris
3300 2052 3441 2106 illius

1848 2142 2153 2196 .recordata
2179 2150 2409 2196 nonest.

1920 2232 2002 2287 Et
2022 2232 2285 2303 ingressus
2305 2231 2576 2303 templum,
2590 2242 2695 2289 etc.
2711 2233 2814 2300 Qui
2839 2232 2983 2287 enim
2996 2232 3238 2286 narravit
3262 2230 3441 2285 futura

1854 2321 2007 2377 mala
2056 2328 2304 2385 ventura,
2339 2329 2394 2375 et
2437 2322 2684 2390 protinus
2735 2321 2993 2391 templum
3034 2321 3311 2391 ingressus
3340 2333 3443 2383 est,

1858 2422 1923 2469 ut
1948 2414 2015 2469 de
2062 2412 2155 2468 illo
2174 2412 2502 2468 'vendentes.
2532 2420 2589 2468 et
2633 2423 2875 2468 ementes
2926 2411 3162 2480 cjiceret,
3201 2410 3446 2482 profecto

1844 2501 2114 2569 :innotuit,
2153 2502 2281 2573 quia
2306 2502 2463 2557 ruina
2491 2502 2935 2573 populi'maxime
2956 2517 3024 2557 ex
3050 2502 3206 2572 culpa
3255 2517 3443 2556 sacer-

1862 2593 2048 2648 dotum
2078 2589 2200 2646 fuit.
2229 2591 2431 2647 Domus
2442 2608 2573 2663 ergo
2594 2594 2859 2649 orationis
2887 2593 3146 2664 spelunca
3166 2592 3438 2647 latronum

1844 2684 2002 2740 facta
2032 2683 2229 2751 fuerat,
2247 2687 2341 2755 qui
2363 2685 2432 2739 ad
2455 2685 2637 2741 hocin
2662 2686 2860 2757 templo
2881 2686 3135 2741 assistere
3157 2692 3439 2743 noverant,

1857 2782 1921 2828 ut
1952 2782 2049 2828 aut
2092 2789 2200 2828 non
2232 2774 2422 2829 dantes
2469 2787 2695 2829 munera
2743 2776 3053 2840 studerent,
3086 2773 3444 2844 corporaliter

1856 2862 2134 2934 persequi,
2166 2872 2259 2917 aut
2287 2863 2476 2919 dantes
2516 2863 2871 2935 spiritualiter
2898 2879 3114 2919 nccare.

1938 2951 2133 3007 Videns
2159 2955 2298 3008 enim
2336 2956 2626 3021 civitatem,
2668 2964 2773 3010 etc.
2807 2955 2920 3011 Hoc
2965 2956 3132 3011 semel
3172 2955 3282 3026 egit
3319 2970 3440 3011 cum

1862 3043 2159 3114 perituram
2223 3045 2497 3100 civitatem
2550 3058 2671 3101 esse
2705 3046 2991 3099 nuntiavit.
3039 3044 3155 3099 Hoc
3204 3044 3444 3115 quotidie

178 3144 404 3206 minore,
423 3145 516 3197 sed
530 3158 663 3198 cum
688 3143 979 3198 sintuuum
995 3156 1209 3212 corpus,
1228 3140 1500 3196 communi
1516 3148 1572 3195 ct
1592 3139 1751 3211 parili
1780 3115 1825 3178 (ἶ
1857 3135 2165 3206 redemptor
2190 3145 2375 3192 noster
2399 3153 2497 3208 per
2530 3137 2731 3193 electos
2761 3153 2886 3193 suos
2911 3153 3069 3207 agere
3101 3151 3205 3191 non
3235 3147 3438 3200 cessat,

177 3236 350 3290 salute
394 3236 752 3307 congaudent.

549 3343 885 3384 svsscsuuu
909 3342 1081 3394 ιυεε,
1109 3341 1226 3382 ων.
1252 3339 1365 3382 nx.

258 3445 277 3478 ι
318 3426 451 3482 Cum
484 3426 945 3497 appropinquaret
973 3423 1133 3482 Jesus
1153 3420 1514 3487 Hierusalem,
1568 3421 1757 3476 videns

183 3537 202 3569 ι
248 3517 551 3582 civitatem,
604 3515 751 3571 ﬂevit
803 3531 965 3585 super
1019 3515 1166 3570 illam
1213 3514 1400 3569 dicens
1458 3530 1472 3566 :
1526 3511 1664 3579 Quia
1708 3510 1756 3566 si

182 3626 201 3660 ι
247 3608 588 3679 cognovisses
611 3616 667 3662 et
690 3615 766 3674 tu,
794 3607 1085 3677 etquidem
1115 3606 1170 3660 in
1207 3605 1311 3660 hac
1338 3604 1426 3660 die
1474 3610 1586 3669 tua,
1635 3617 1757 3672 qua:

182 3718 201 3750 ι
248 3699 314 3752 ad
339 3714 526 3769 pacem
553 3698 670 3764 tibi,
718 3712 864 3753 nunc
916 3704 1098 3752 autem
1144 3696 1458 3752 abscondita
1514 3702 1640 3750 sunt
1686 3694 1755 3751 ab

179 3805 200 3839 ι
244 3787 418 3841 oculis
439 3786 566 3851 tuis,
594 3788 720 3856 quia
749 3787 969 3842 venient
994 3786 1109 3840 dies
1135 3786 1188 3840 in
1219 3795 1293 3851 te,
1350 3793 1406 3838 et
1450 3783 1756 3839 circumda-

181 3896 200 3929 ι
246 3878 380 3933 bunt
420 3885 472 3932 te
512 3877 719 3933 inimici
748 3877 827 3931 tui
850 3875 1012 3943 vallo,
1039 3884 1094 3932 et
1145 3875 1560 3931 circumdabant
1606 3882 1656 3930 te
1701 3882 1757 3929 et

181 3988 199 4021 ς
243 3968 670 4040 coangustabunt
690 3977 742 4023 te
769 3969 1029 4038 undique,
1059 3977 1116 4023 et
1140 3968 1211 4022 ad
1258 3974 1461 4023 terram
1507 3974 1755 4036 proster-

180 4076 201 4111 s
245 4066 376 4113 nent
413 4067 484 4124 te,
513 4067 569 4113 et
601 4058 738 4113 illius
764 4068 885 4114 tuos
912 4060 1004 4129 qui
1027 4060 1083 4113 in
1122 4067 1176 4113 te
1226 4066 1372 4113 sunt.
1414 4056 1482 4111 Et
1511 4071 1619 4111 non
1661 4071 1751 4110 re-

178 4167 201 4205 s
241 4151 486 4222 linquent
514 4152 569 4207 in
621 4161 675 4207 te
706 4150 939 4223 lapidem
985 4165 1148 4220 super
1193 4148 1450 4219 lapidem,
1500 4161 1565 4202 eo
1610 4145 1752 4215 quod

177 4262 201 4299 ι
247 4260 353 4299 non
379 4245 694 4315 cognoveris
723 4254 933 4313 tempus
953 4241 1277 4297 visitationis
1308 4248 1433 4293 tuae.
1459 4238 1525 4293 Et
1545 4238 1753 4307 ingres-

178 4354 199 4389 ι
244 4351 335 4391 sus
363 4335 418 4389 in
449 4335 727 4405 templum,
766 4335 932 4405 cmpit
982 4333 1182 4403 ejicere
1219 4330 1513 4385 vendentes
1560 4327 1616 4382 in
1660 4326 1752 4381 illo

177 4445 197 4479 ς
245 4436 300 4481 et
323 4433 581 4491 ementes,
612 4426 797 4481 dicens
822 4424 927 4480 illis
968 4443 981 4476 :
1016 4422 1288 4493 Scriptum
1331 4428 1436 4485 est,
1479 4420 1604 4489 quia
1657 4418 1753 4474 do-

178 4536 198 4569 ι
246 4531 367 4571 mus
387 4531 505 4570 mea
536 4516 726 4571 domus
749 4515 1011 4571 orationis
1055 4522 1173 4578 est;
1210 4529 1307 4568 vos
1332 4520 1514 4566 autem
1537 4508 1749 4565 fecistis

178 4632 197 4660 ι
244 4608 391 4663 illam
426 4607 735 4678 speluncam
790 4607 1080 4663 latronum.
1112 4606 1182 4660 Et
1217 4612 1335 4661 erat
1369 4602 1569 4658 docens
1612 4615 1746 4672 quo-

177 4723 197 4754 s
245 4701 373 4757 tidie
415 4703 469 4757 in
504 4702 723 4773 templo.
763 4723 781 4755 ι

258 4792 392 4848 Cum
441 4802 876 4865 appropinquaret
928 4791 1084 4847 Iesus
1133 4787 1467 4845 Hierusalem
1499 4831 1515 4855 ,
1570 4789 1746 4844 videns

170 4885 453 4950 ciuitatem,
475 4885 613 4954 ﬂeuit
628 4899 785 4953 super
809 4881 977 4936 illam.
1004 4881 1106 4955 (Ex
1134 4878 1319 4953 Beda.)
1343 4879 1517 4934 Flevit
1542 4878 1743 4935 etenim

168 4973 293 5045 pius
315 4972 621 5044 redemptor
645 4972 1050 5029 subversionem
1078 4969 1295 5041 perﬁdae
1319 4970 1582 5035 civitatis,
1628 4985 1749 5041 quae

172 5080 204 5119 ι
259 5064 583 5133 Vespasiano
631 5071 689 5119 et
739 5062 863 5119 Tito
916 5062 1174 5116 Romanis
1217 5060 1553 5130 principibus
1604 5059 1747 5115 facta

169 5161 255 5208 est
287 5152 359 5207 ei.

240 5243 454 5310 Diceris,
483 5243 607 5314 quia
630 5244 675 5297 si
704 5243 1027 5314 cognovisses
1057 5249 1104 5294 et
1147 5249 1226 5293 tu.
1280 5239 1521 5295 Subaudi
1565 5237 1743 5305 fleres,

167 5351 292 5408 quae
306 5335 485 5401 modo,
502 5335 628 5404 quia
653 5333 830 5389 nescis
848 5333 993 5404 quod
1012 5332 1275 5395 imminet,
1291 5330 1551 5385 exsultas.
1568 5330 1743 5385 Ruina

175 5429 327 5482 enim
350 5442 470 5496 qua:
513 5426 589 5481 illi
610 5426 942 5491 imminebat,
986 5426 1102 5495 ipsa
1148 5424 1253 5480 sibi
1288 5423 1503 5490 civitas,
1551 5422 1605 5479 id
1644 5432 1748 5489 est,

174 5517 296 5588 ipsa
328 5516 480 5587 plebs
519 5514 756 5571 civitatis
801 5515 1104 5584 ignorabat.

240 5606 311 5661 Et
349 5606 560 5679 quidem
596 5606 650 5659 in
674 5605 771 5659 hac
810 5605 917 5674 die,
969 5621 1086 5676 qua:
1115 5604 1184 5659 ad
1221 5619 1401 5675 pacem
1437 5602 1548 5657 tibi.
1612 5600 1746 5657 Cum

168 5697 316 5754 enim
346 5696 525 5753 carnis
554 5709 611 5751 se
635 5693 993 5765 voluptatibus
1022 5697 1193 5763 daret,
1221 5703 1448 5751 ventura
1470 5692 1610 5750 mala
1639 5708 1748 5749 non

1857 3242 1980 3282 cum
2006 3227 2268 3298 quosdam
2297 3244 2364 3284 ex
2409 3228 2550 3284 bona
2578 3230 2686 3283 vita
2717 3230 2786 3283 ad
2814 3244 2993 3283 mores
3027 3228 3287 3298 reprobus
3314 3243 3439 3297 per-

1852 3316 2069 3371 venisse
2121 3316 2446 3372 considerat.
2502 3316 2718 3387 Plangit
2772 3332 2866 3373 cos
2907 3317 2999 3386 qui
3056 3318 3305 3372 nesciunt
3340 3331 3442 3370 cur

1854 3407 2196 3478 planguntur,
2230 3408 2340 3479 qui,
2386 3406 2541 3476 juxta
2592 3406 2899 3463 Salomonis
2944 3408 3131 3472 verba,
3186 3407 3439 3462 ltetantur

1854 3513 1973 3552 cum
1990 3498 2128 3552 male
2147 3497 2362 3567 fecerint
2389 3508 2435 3552 et
2461 3498 2723 3554 exsultant
2748 3501 2802 3553 in
2823 3499 2973 3554 rebus
2995 3500 3231 3568 pessimis
3255 3496 3439 3570 (Prov.

1856 3587 1941 3661 tt).
1979 3589 2082 3656 Qui
2126 3590 2172 3645 si
2220 3590 2627 3645 damnationem
2677 3606 2852 3656 suam,
2901 3570 3019 3661 qua;
3069 3591 3149 3645 eis
3196 3591 3441 3644 imminet

1855 3679 2234 3749 agnovissent,
2287 3679 2605 3749 semetipsos
2654 3694 2777 3733 cum
2832 3678 3087 3751 lacrymis
3136 3680 3432 3735 electorum

1854 3767 2193 3841 plangerent.
2734 3831 2741 3838 _
2994 3776 3011 3791 ‘

1926 3861 2227 3933 Ethuidem
2252 3864 2307 3916 in
2336 3863 2437 3917 hac
2458 3862 2544 3917 die
2566 3872 2681 3927 tua,
2703 3880 2820 3933 qua:
2840 3864 2908 3917 ad
2932 3880 3111 3934 pacem
3131 3863 3242 3917 tibi.
3269 3862 3434 3918 Suam

1853 3952 1943 4007 hic
1967 3953 2109 4007 diem
2134 3953 2298 4007 habet
2322 3953 2500 4007 anima
2523 3969 2804 4023 perversa,
2828 3970 2948 4023 quae
2977 3954 3293 4010 transitorio
3313 3972 3438 4025 gau-

1855 4042 1944 4099 det
1969 4043 2024 4098 in
2049 4051 2310 4111 tempore,
2345 4044 2432 4098 cui
2470 4058 2535 4098 ea
2586 4057 2705 4111 quae
2746 4043 2944 4097 adsunt
2972 4044 3040 4097 ad
3069 4059 3258 4113 pacem
3289 4054 3433 4098 sunt.

1854 4132 1992 4201 Quia
2022 4132 2149 4188 dum
2176 4148 2242 4187 ex
2285 4133 2447 4188 rebus
2477 4133 2866 4203 temporalibus
2899 4133 3134 4197 laetatur,
3165 4134 3290 4187 dum
3332 4134 3433 4187 ho-

1854 4222 2077 4277 noribus
2101 4221 2393 4286 extollitur,
2420 4222 2548 4275 dum
2592 4222 2647 4275 in
2693 4222 2874 4276 carnis
2906 4220 3181 4291 voluptate
3210 4222 3433 4276 resolvi-

1855 4319 1957 4375 tur,
2004 4310 2132 4365 dum
2179 4310 2323 4365 nulla
2354 4319 2595 4366 venturtc
2624 4325 2796 4380 poence
2843 4306 3133 4367 formidine
3177 4321 3433 4380 terretur,

1853 4416 2039 4471 pacem
2062 4401 2224 4455 habet
2254 4401 2307 4455 in
2334 4401 2420 4455 die
2439 4417 2555 4465 sua,
2579 4417 2699 4471 qua:
2727 4417 2906 4471 gravas
2939 4402 3297 4457 damnationis
3325 4418 3434 4457 sua:

1853 4490 2167 4547 scandalum
2196 4490 2249 4544 in
2273 4490 2360 4545 die
2381 4490 2599 4545 habent
2620 4490 2815 4545 aliena.
2848 4490 2925 4547 lbi
2952 4492 3098 4546 enim
3150 4490 3429 4565 aﬂligcnda

1847 4593 1951 4650 est,
1982 4585 2073 4640 ubi
2093 4585 2227 4655 justi
2258 4585 2601 4640 laetabuntur.

1922 4697 2081 4753 Nunc
2105 4708 2279 4752 autem
2316 4699 2621 4753 abscondita
2652 4707 2774 4752 sunt
2821 4700 2885 4753 ab
2913 4698 3076 4754 oculis
3131 4702 3256 4754 tuis.
3304 4699 3433 4757 Per-

1848 4806 2005 4846 versa
2034 4791 2233 4862 quippe
2279 4790 2456 4845 anima
2496 4792 2659 4846 rebus
2720 4792 3078 4861 prtescntibus
3128 4793 3327 4860 dedita,
3374 4795 3431 4851 in

1850 4879 2084 4935 terrenis
2119 4879 2481 4950 voluptatibus
2523 4878 2785 4945 resoluta,
2818 4881 3105 4936 abscondit
3131 4883 3232 4939 sibi
3287 4885 3429 4940 mala

1851 4973 2150 5043 sequentia,
2194 4973 2318 5042 quia
2351 4970 2648 5043 praevidere
2677 4970 2857 5026 futura
2888 4971 3103 5044 refugit,
3141 4990 3262 5045 qua:
3293 4992 3431 5046 pne-

1852 5072 2060 5118 sentem
2096 5061 2341 5117 latitiam
2379 5061 2718 5133 perturbent,
2762 5061 2890 5116 dum
2917 5079 3037 5133 qua:
3064 5061 3117 5117 in
3146 5066 3429 5135 prtcscntis

1851 5155 1974 5208 vitae
2017 5153 2374 5207 oblectatione
2434 5153 2655 5217 deserit,
2702 5151 2831 5224 quid
2854 5153 3001 5209 aliud
3030 5142 3203 5225 quam.
3230 5155 3428 5214 clausis

1849 5244 2020 5299 oculis
2040 5242 2106 5298 ad
2131 5242 2307 5313 ignem
2337 5244 2499 5298 vadit.

1921 5336 2061 5402 Quia
2085 5336 2286 5390 venient
2325 5335 2433 5390 dies
2460 5335 2513 5390 in
2542 5345 2613 5401 te,
2642 5346 2690 5391 et
2717 5337 3114 5392 circumdabant
3153 5348 3201 5393 te
3228 5337 3427 5393 inimici

1847 5425 1926 5479 tui
1954 5423 2113 5479 vallo.
2145 5422 2247 5491 Qui
2277 5440 2513 5495 unquam
2542 5434 2668 5480 sunt
2688 5426 2939 5482 humana:
2967 5427 3163 5483 anima:
3191 5426 3424 5495 majores

1848 5515 2054 5569 inimici
2098 5530 2261 5581 quam
2299 5513 2515 5585 maligni
2566 5514 2809 5584 spiritus,
2852 5516 2942 5586 qui
2970 5514 3111 5572 hanc
3140 5530 3168 5569 a
3198 5531 3423 5583 corpore

1849 5612 2137 5659 exeuntem
2181 5603 2449 5667 obsident,
2476 5616 2636 5672 quam
2674 5602 2728 5656 in
2769 5603 2951 5658 carnis
2980 5618 3162 5657 amore
3191 5604 3417 5672 positam

1851 5691 2177 5763 deceptoriis
2210 5691 2657 5749 delectationibus
2698 5690 2899 5759 fovent,
2933 5706 3092 5759 quam
3134 5692 3270 5747 Vallo
3316 5691 3421 5749 uir-
