3952 6408
440 291 544 352 423

1714 262 2067 325 SMARAGDI
2103 259 2392 318 ABBATIS

3591 244 3702 300 ιω.

437 401 711 465 cumdant,
753 396 844 469 qui
885 401 1010 449 ante
1048 390 1244 446 mentis
1268 388 1387 460 ejus
1420 384 1608 442 oculos
1628 381 1867 436 reductis
1897 378 2001 433 ini-
2030 378 2083 439 Α
2188 388 2281 428 eos
2304 371 2397 469 qui
2417 368 2643 469 in‘nul-l-o
2665 368 2742 422 rei
2766 375 2910 431 sunt,
2924 363 3160 469 lmsionis
3180 361 3692 469 ‘gladiosdeﬁgunt:

438 489 733 563 quitatibus
750 499 883 556 quas
909 480 1261 553 perpetravit,
1298 478 1441 533 hanc
1460 474 1530 529 ad
1553 472 1870 527 societatem
1899 483 2011 521 sua:

439 576 799 635 damnationis
830 572 1104 627 trahentes
1153 573 1448 633 coarctant.

507 663 917 722 Circumdabunt
945 670 993 714 te
1026 668 1074 713 et
1119 654 1531 726 coangustabunt
1558 660 1605 706 te
1633 649 1880 719 undique.
1902 645 2014 699 Ma-

344 822 349 825 ,
438 758 570 831 ligni
617 756 816 826 quippe
871 752 1095 823 spiritus
1142 748 1379 823 undique
1431 744 1666 799 animam
1702 744 2011 831 angustant,

439 826 653 919 quando
697 846 747 900 ei
774 859 883 899 non
927 842 1098 896 solum
1124 838 1327 908 operis,
1357 834 1454 890 sed
1498 834 1663 888 etiam
1705 826 2010 889 locutionis,

441 946 605 1008 atque
626 936 851 1003 insuper
888 928 1232 1001 cogitationis
1278 924 1592 994 iniquitates
1637 919 1922 989 replicant,
1956 923 2018 968 ut

441 1044 562 1099 qua:
581 1028 735 1098 prius
755 1040 814 1080 se
836 1038 934 1093 per
958 1020 1126 1076 multa
1147 1017 1392 1072 dilatavit
1415 1015 1469 1069 in
1493 1012 1722 1076 scelere,
1740 1010 1808 1064 ad
1836 1016 2017 1064 extre-

442 1135 589 1176 mum
618 1118 685 1172 de
710 1115 960 1171 omnibus
986 1118 1305 1181 angustetur
1332 1108 1387 1162 in
1417 1104 1789 1160 retributione.

515 1213 584 1266 Et
612 1211 681 1264 ad
719 1219 911 1263 terram
943 1209 1273 1260 consterne'nt
1309 1211 1381 1265 te,
1435 1208 1484 1253 et
1509 1197 1650 1267 filios
1671 1204 1788 1249 tuos
1825 1192 1916 1265 qui
1960 1192 2017 1246 in

443 1312 492 1356 te
517 1310 655 1355 sunt.
688 1298 838 1353 Tunc
862 1295 1040 1350 anima
1066 1308 1161 1365 per
1193 1292 1574 1363 cogitationem
1602 1296 1788 1343 reatus
1815 1285 1900 1341 sui
1948 1284 2018 1340 ad

443 1401 642 1444 terram
685 1385 1067 1449 consternitur,
1114 1399 1243 1438 cum
1287 1396 1415 1436 caro
1439 1394 1604 1450 quam
1639 1378 1809 1433 vitam
1859 1389 2015 1431 suam

442 1477 691 1540 credidit,
721 1475 895 1528 redire
921 1473 989 1529 ad
1012 1472 1290 1543 pulverem
1315 1478 1557 1542 urgetur.
1586 1468 1739 1523 Tunc
1764 1466 1821 1522 in
1854 1479 2045 1521 .mor-.

444 1576 556 1622 tem
600 1566 695 1621 ﬁlii
746 1565 892 1619 illius
943 1564 1164 1629 cadunt,
1212 1577 1335 1618 eum
1397 1560 1750 1632 cogitationes
1775 1556 2017 1636 illicitae,

443 1658 745 1732 quinamodo
766 1674 834 1714 ex
856 1658 946 1711 illa
972 1656 1258 1727 prodeunt,
1288 1654 1342 1709 in
1376 1662 1620 1709 extrema
1645 1651 1768 1706 vita:
1813 1649 2018 1705 ultione

445 1754 777 1822 dissipantur
800 1769 813 1804 :
853 1749 1005 1804 Sicut
1025 1748 1284 1817 scriptum
1307 1754 1391 1802 est
1414 1764 1428 1799 :
1460 1744 1529 1798 In
1552 1742 1646 1797 illa
1669 1742 1754 1796 die
1775 1740 2019 1811 peribunt
2047 1738 2097 1798 B

446 1862 623 1900 omnes
667 1838 1006 1913 cogitationes
1052 1854 1231 1903 eorum
1263 1834 1434 1908 (Psal.
1463 1831 1643 1903 (ζειν).
1673 1832 1802 1900 Quae
1822 1830 2030 1887 scilicet

444 1935 594 1988 durre
622 1931 977 2003 cogitationes
1005 1925 1228 1997 intelligi
1259 1925 1422 1980 etiam
1445 1938 1543 1994 per
1566 1922 1834 1993 lapideam
1857 1920 2026 1991 signi-

446 2022 752 2077 ﬁcationem
793 2018 996 2071 valent.

518 2110 586 2163 Et
624 2126 726 2163 non
785 2106 1073 2176 relinquent
1104 2105 1158 2157 in
1206 2111 1254 2157 te
1301 2100 1529 2173 lapidem
1570 2116 1728 2170 super
1773 2097 2022 2169 lapidem.

445 2198 705 2253 Perversa
759 2195 960 2249 etenim
1010 2207 1163 2247 mens
1213 2205 1337 2245 eum
1384 2203 1651 2258 perversae
1703 2186 2023 2258 cogitationi

450 2292 627 2345 adhuc
648 2287 1039 2359 perversiorem
1059 2283 1267 2352 adjicit,
1294 2283 1423 2352 quid
1443 2281 1588 2336 aliud
1607 2296 1767 2350 quam
1795 2277 2027 2348 lapidem

449 2394 611 2450 super
632 2378 866 2448 lapidem
894 2376 1046 2446 ponit
1075 2388 1090 2427 :
1127 2374 1221 2427 sed
1243 2373 1296 2426 in
1319 2373 1592 2446 destructa
1619 2370 1841 2425 civitate
1864 2380 2028 2436 super

449 2471 680 2541 lapidem
731 2468 869 2537 lapis
923 2481 1031 2520 non
1059 2464 1417 2532 relinquetur,
1464 2461 1591 2531 quia
1620 2476 1741 2515 cum
1769 2459 1837 2513 ad
1865 2457 2027 2511 ultio-

450 2576 574 2616 nem
601 2574 754 2614 suam
776 2557 955 2611 anima
985 2555 1219 2618 ducitur,
1234 2552 1412 2608 omnis
1436 2553 1504 2606 ab
1530 2550 1621 2605 illa
1642 2548 2027 2619 cogitationum

452 2664 673 2704 suarum
692 2644 1025 2705 constructio
1053 2642 1367 2712 dissipatur.

523 2737 602 2790 Eo
641 2734 782 2806 quod
816 2751 923 2787 non
952 2731 1249 2803 cognoveris
1286 2739 1485 2800 tempus
1536 2727 1849 2806 uisitationis
1896 2733 2021 2781 tua.

455 2828 684 2882 Pravam
722 2838 989 2895 quamque
1021 2823 1256 2876 animam
1302 2820 1642 2890 omnipotens
1685 2817 1828 2871 Deus
1855 2813 2032 2870 modis

453 2918 636 2974 multis
656 2917 879 2971 visitare
903 2914 1201 2969 consuevit.
1232 2911 1368 2966 Nam
1410 2910 1626 2966 assidue
1671 2908 1815 2963 hanc
1846 2905 2033 2961 visitat

454 3016 743 3081 praecepto,
776 3005 1064 3076 aliquando
1087 3014 1268 3060 autem
1314 3002 1542 3074 ﬂagello,
1588 2999 1877 3070 aliquando
1899 3011 2029 3052 vero

2115 463 2264 518 Mens
2301 462 2446 517 enim
2477 459 2739 524 ﬁdelium,
2781 473 2884 512 non
2920 456 3031 526 jam
3058 456 3252 510 domus
3283 454 3569 517 orationis,
3602 456 3697 510 sed

2112 550 2367 619 spelunca
2416 547 2643 602 latronis
2674 554 2778 609 est,
2810 544 3026 615 quando
3053 543 3240 600 relicta
3285 542 3595 596 innocentia
3640 551 3697 596 et

2113 638 2460 708 simplicitate
2501 635 2827 699 sanctitatis,
2875 632 3006 687 illud
3054 640 3286 686 conatur
3318 647 3497 702 agere,
3554 634 3698 687 unde

2113 730 2291 785 valeat
2301 728 2564 799 proximis
2587 742 2786 783 nocere
2806 742 2820 788 ;
2838 725 2932 781 sed
2946 725 3072 794 quia
3095 734 3284 779 contra
3306 740 3560 795 perversa
3582 726 3700 780 hzec

2113 821 2293 876 omnia
2322 820 2503 875 verbis
2515 817 2890 890 Redemptoris
2914 816 3085 871 nostri
3116 831 3214 886 per
3260 832 3446 871 sacras
3473 817 3698 889 paginas

2115 911 2486 966 indesinenter
2533 909 2871 974 instruimur,
2929 922 3074 962 nunc
3110 922 3282 978 usque
3325 909 3430 963 hoc
3486 910 3694 980 agitur,

2115 1002 2260 1075 quod
2296 1001 2502 1057 factum
2526 1000 2694 1056 fuisse
2722 1000 3039 1063 perhibetur
3072 1015 3194 1054 cum
3223 998 3415 1054 dicitur
3447 1017 3463 1055 :

2186 1094 2258 1148 Et
2276 1102 2389 1148 erat
2408 1093 2596 1147 docens
2615 1091 2843 1164 quotidie
2869 1092 2924 1146 in
2942 1090 3152 1162 templo.
3167 1090 3301 1146 Cum
3323 1093 3470 1148 enim
3490 1104 3697 1150 mentes

2092 1184 2353 1240 ﬁdelium
2382 1184 2451 1239 ad
2475 1183 2714 1239 cavenda
2745 1183 2886 1239 mala
2918 1183 3187 1239 subtiliter
3204 1185 3405 1252 erudit,
3454 1188 3697 1255 quotidie

2122 1275 2319 1329 veritas
2345 1274 2400 1329 in
2450 1272 2649 1343 templo
2696 1273 2875 1340 docet,
2924 1274 3019 1329 sed
3050 1282 3178 1328 tunc
3223 1275 3472 1329 veritatis
3516 1278 3696 1333 verbis

2117 1367 2385 1424 veraciter
2402 1367 2677 1434 docemur,
2706 1367 2753 1422 si
2778 1376 3023 1422 extrema
3055 1367 3197 1423 mala
3223 1377 3407 1424 nostra
3437 1369 3696 1426 formido-

2117 1456 2230 1512 lose
2250 1463 2306 1511 et
2332 1456 2698 1511 indesinenter
2721 1456 3039 1526 aspicimus,
3058 1456 3213 1526 juxta
3235 1458 3364 1514 illud
3395 1477 3408 1513 :
3443 1460 3509 1513 In
3524 1462 3694 1516 omni-

2119 1547 2214 1602 bus
2237 1547 2477 1619 aperibus
2499 1547 2604 1601 tuis
2632 1563 2925 1603 memorare
2951 1549 3229 1604 novissima
3251 1561 3363 1616 tua,
3393 1562 3442 1605 et
3463 1552 3518 1605 in
3550 1562 3698 1606 reler-

2118 1655 2246 1693 num
2270 1655 2374 1693 non
2400 1638 2657 1709 peccabis.

2323 1770 2392 1825 IN
2429 1770 2681 1837 NATALI
2719 1770 3011 1828 SANCTZE
3049 1771 3490 1829 FELlClTA'l‘lS.

2412 1896 2605 1937 ιεοτιο
2629 1897 3061 1950 Ριιονειιιιιοιιυκ,
3088 1899 3279 1939 (ΖΔΡΙΤΕ
3306 1902 3428 1940 [ιτ.

2199 2014 2222 2048 ε
2262 1994 2542 2051 Mulierem
2569 1994 2765 2051 fortem
2796 1997 2920 2067 quis
2971 1998 3253 2053 inveniet?
3293 1998 3483 2069 procul
3538 2009 3594 2054 et
3638 2002 3706 2056 de

2131 2106 2152 2139 ε
2196 2088 2402 2143 ultimis
2447 2088 2643 2144 ﬁnibus
2662 2089 2895 2158 pretium
2931 2089 3068 2157 ejus.
3116 2088 3351 2145 Conﬁdit
3401 2092 3454 2146 in
3499 2107 3565 2146 ea
3610 2108 3707 2148 cor

2131 2196 2152 2229 ι
2195 2177 2301 2231 viri
2327 2177 2430 2242 sui,
2460 2185 2516 2232 et
2543 2177 2727 2248 spoliis
2754 2194 2860 2234 non
2880 2178 3155 2251 indigebit.
3185 2179 3395 2236 Reddet
3422 2183 3472 2237 ei
3500 2183 3700 2238 bonum

2133 2285 2153 2318 ‹
2196 2276 2253 2321 et
2274 2283 2382 2322 non
2411 2267 2636 2334 malum,
2663 2270 2915 2324 omnibus
2935 2270 3123 2325 diebus
3144 2271 3266 2326 vita:
3287 2287 3415 2327 sum.
3442 2273 3704 2341 Quaesivit

2131 2372 2152 2407 ι
2201 2356 2383 2410 lanam
2409 2364 2465 2410 et
2492 2356 2683 2422 linum,
2714 2366 2769 2413 et
2793 2367 3017 2428 operata
3045 2368 3128 2415 est
3162 2361 3390 2418 consilio
3436 2378 3696 2418 manuum

2133 2464 2153 2498 ι
2198 2461 2440 2512 suarum,
2470 2446 2613 2501 facta
2633 2456 2719 2503 est
2740 2450 2895 2519 quasi
2934 2451 3087 2505 navis
3122 2452 3420 2520 institoris,
3448 2454 3515 2509 de
3542 2454 3700 2527 longe

2134 2553 2155 2587 ι
2194 2544 2419 2606 portans
2454 2551 2654 2606 panem
2671 2554 2847 2593 suum.
2873 2539 2941 2593 Et
2965 2540 3032 2595 de
3058 2551 3217 2597 nocte
3244 2543 3501 2608 surrexit,
3527 2544 3700 2600 dedit.

2132 2643 2154 2678 ι
2198 2642 2303 2697 que
2331 2628 2568 2698 praedam
2609 2629 2922 2685 domesticis
2967 2631 3099 2698 suis,
3147 2634 3207 2687 et'
3256 2634 3459 2689 cibaria
3490 2636 3699 2691 ancillis

2134 2735 2155 2769 ι
2199 2718 2332 2773 suis.
2378 2716 2750 2774 Consideravit
2778 2736 2968 2791 agrum
2995 2730 3051 2777 et
3077 2724 3210 2777 emit
3234 2739 3358 2779 eum
3385 2766 3402 2790 ,
3433 2726 3499 2781 de
3523 2716 3700 2781 fructu

2135 2827 2155 2861 ι
2199 2824 2459 2864 manuum
2492 2825 2716 2865 suarum
2745 2811 3013 2882 plantavit
3045 2813 3282 2869 vineam.
3322 2815 3574 2871 Accinxit
3594 2816 3702 2871 for-

2136 2917 2157 2952 ι
2206 2900 2439 2955 titudine
2496 2900 2711 2957 lumbos
2765 2918 2892 2958 suos
2918 2942 2934 2969 ,
2986 2912 3043 2959 et
3097 2905 3370 2960 roboravit
3426 2908 3706 2963 brachium

2141 3009 2163 3044 ι
2208 3008 2385 3049 suum.
2411 2991 2660 3048 Gustavit
2695 3002 2751 3048 et
2782 2994 2938 3060 vidit,
2978 2994 3102 3064 quia
3140 2996 3277 3050 bona
3308 3004 3392 3051 est
3418 2998 3709 3067 negotiatio

456 3099 738 3163 miraculo,
767 3109 822 3152 ut
853 3106 908 3153 et
937 3112 1059 3152 vera
1091 3112 1210 3167 qua:
1237 3095 1515 3151 nesciebat
1535 3094 1740 3160 audiat,
1771 3101 1829 3148 et
1852 3100 2033 3147 tamen
2060 3084 2105 3146 C
2140 3101 2160 3136 ι
2206 3083 2345 3154 ejus,
2371 3101 2478 3140 non
2514 3085 2887 3156 exstinguetur
2908 3086 2961 3139 in
2989 3095 3148 3141 nocte
3177 3087 3397 3142 lucerna
3426 3087 3564 3156 ejus.
3595 3088 3705 3141 Ma-

454 3192 630 3247 adhuc
664 3189 995 3260 ,superbiens
1043 3195 1206 3257 atque
1258 3195 1641 3250 contemnens,
1707 3192 1802 3239 aut
1848 3183 2031 3239 dolore

454 3290 774 3352 compuncta
828 3279 1030 3343 redeat,
1084 3287 1177 3331 aut
1223 3276 1499 3332 beneﬁciis
1541 3276 1784 3339 devicta,
1825 3272 2028 3328 malum

455 3371 599 3440 quod
618 3368 689 3422 te:
707 3369 743 3422 it
772 3366 1074 3420 erubescat.
1108 3364 1215 3419 Sed
1239 3364 1365 3433 quia
1387 3363 1713 3419 visitationis
1739 3378 1850 3417 sua:
1895 3370 2033 3416 tem-

456 3476 559 3530 pus
587 3457 807 3512 minime
828 3455 1121 3525 cognoscit,
1151 3453 1253 3508 illis
1283 3454 1335 3507 in
1382 3460 1624 3507 extremo
1653 3452 1776 3506 vita:
1800 3451 2034 3505 inimicis

458 3548 712 3609 traditur,
757 3561 877 3599 cum
903 3543 1099 3613 quibus
1126 3542 1179 3596 in
1219 3552 1424 3597 aeterno
1439 3541 1647 3611 judicio
1672 3541 2033 3596 damnationis

459 3644 733 3707 perpetua:
760 3634 1020 3688 societate
1059 3633 1358 3703 colligatur.

530 3726 601 3778 Et
617 3726 878 3794 ingressus
905 3723 1152 3793 lernplum
1194 3723 1342 3792 erepit
1370 3722 1557 3791 ejicere
1603 3720 1895 3782 uendentes.
1924 3728 2031 3774 etc.

464 3816 617 3871 Sicut
641 3815 894 3885 templum
925 3815 1021 3869 Dei
1050 3817 1105 3870 in
1134 3816 1353 3870 civitate
1380 3824 1485 3880 est,
1517 3814 1590 3869 ita
1618 3815 1671 3869 in
1700 3814 1855 3883 plebe
1890 3813 2032 3867 ﬁdeli

462 3907 573 3961 vita
600 3906 989 3976 religiosorum,
1021 3917 1075 3960 et
1117 3911 1258 3977 saepe
1300 3905 1539 3960 nonnulli
1573 3905 1849 3974 religionis
1878 3903 2033 3959 babi-

462 4009 575 4053 tum
600 4006 833 4062 sumunt,
865 3999 958 4053 sed
986 3999 1109 4053 dum
1137 4014 1413 4053 sacrorum
1442 3997 1692 4051 ordinum
1716 3996 1891 4050 locum
1912 4010 2037 4065 per-

461 4091 686 4160 cipiunt,
713 4098 914 4144 sanctae
958 4090 1233 4160 religionis
1283 4087 1513 4143 cilicium
1546 4089 1601 4142 in
1647 4088 2033 4141 commercium

463 4190 691 4233 terrente
711 4178 1087 4250 negotiationis
1110 4178 1349 4233 trahunt.
1394 4179 1700 4233 Vendentes
1730 4177 1927 4247 quippe
1980 4178 2035 4231 in

464 4272 660 4342 templo
684 4280 829 4337 sunt,
853 4272 945 4343 qui
988 4273 1111 4337 hoc,
1139 4271 1279 4342 quod
1328 4270 1648 4341 quibusdam
1672 4268 1795 4337 jure
1822 4283 2038 4338 compe-

462 4364 548 4428 tit,
571 4363 639 4416 ad
659 4362 939 4431 praemium
965 4362 1286 4433 largiuntur.
1315 4360 1588 4415 Justitiam
1612 4360 1754 4415 enim
1780 4358 2032 4425 vendere,

462 4460 569 4515 est,
607 4452 743 4506 hanc
791 4466 888 4520 pro
916 4451 1123 4520 praemii
1171 4452 1483 4519 acceptione
1522 4463 1770 4513 servare;
1796 4455 2035 4503 ementes

463 4558 595 4597 vero
625 4543 676 4596 in
706 4543 924 4612 templo,
956 4542 1193 4612 suntqui
1239 4542 1366 4595 dum
1400 4542 1502 4596 hoc
1524 4542 1829 4611 persolvere
1857 4541 2037 4610 proxi-

463 4646 554 4685 mo
580 4630 721 4701 quod
740 4631 947 4700 justum
972 4638 1057 4685 est
1087 4630 1294 4693 nolunt,
1333 4630 1566 4698 dumque
1618 4645 1729 4683 rem
1771 4628 1894 4697 jure
1939 4629 2034 4682 de-

464 4722 633 4775 bitam
676 4722 854 4775 facere
909 4729 1280 4784 contemnunt,
1335 4721 1462 4774 dato
1516 4721 1759 4789 patronis
1813 4721 2036 4789 prmmio

466 4818 652 4864 emunt
674 4817 971 4879 peccatum.

536 4899 735 4951 Domus
764 4915 876 4951 mea
906 4898 1091 4952 domus
1120 4899 1373 4952 orationis
1406 4909 1501 4963 est,
1533 4915 1617 4953 vos
1641 4910 1812 4953 autem
1847 4901 2042 4970 fecistis

468 4989 615 5045 illaut
639 4987 956 5058 speluncam,
982 5000 1086 5043 etc.
1119 4988 1253 5056 Quia
1282 4989 1406 5044 dum
1448 5007 1554 5045 non
1596 5008 1870 5063 nunquam
1913 5009 2039 5064 per-

467 5081 613 5137 versi
661 5081 907 5135 homines
939 5080 1114 5135 locum
1145 5082 1418 5153 religionis
1460 5092 1666 5150 tenent,
1698 5086 1770 5140 ibi
1822 5087 2042 5143 malitiae

470 5189 583 5229 sua:
621 5173 812 5242 gladiis
860 5173 1132 5238 occidunt,
1164 5175 1256 5229 ubi
1295 5174 1569 5230 viviﬁcare
1610 5178 1886 5246 proximos
1911 5194 2039 5234 ora-

473 5265 634 5320 tionis
656 5281 765 5319 sua:
780 5266 1164 5321 intercessione
1185 5267 1503 5323 debuerunt.
1530 5269 1809 5339 Templum
1825 5286 2040 5341 quoque

470 5364 526 5409 et
548 5357 735 5410 domus
784 5355 876 5410 Dei
900 5363 984 5410 est
1013 5356 1126 5427 ipsa
1157 5372 1309 5412 mens
1338 5368 1498 5426 atque
1550 5358 1880 5413 conscientia
1909 5359 2041 5415 ﬁde-

471 5445 622 5510 lium,
670 5462 788 5516 qua:
817 5446 859 5501 si
886 5448 1099 5517 quando
1132 5448 1186 5501 in
1233 5448 1452 5503 lmsione
1498 5448 1728 5516 proximi
1758 5462 2012 5517 perversa

470 5536 820 5606 cogitationes
848 5536 1071 5607 profert,
1100 5537 1255 5605 quasi
1286 5536 1339 5590 in
1368 5536 1621 5605 spelunca
1646 5534 1883 5596 latsones
1910 5537 2041 5592 resi-

471 5630 619 5695 dent,
648 5638 702 5684 et
740 5629 1058 5700 simpliciter
1086 5630 1394 5701 gradientes
1428 5628 1774 5698 interﬁciunt,
1824 5631 2039 5703 quando

2060 4418 2114 4476 D

2139 3195 2158 3227 ι
2203 3192 2331 3230 num
2370 3190 2526 3230 suam
2574 3175 2721 3229 misit
2756 3174 2825 3228 ad
2884 3173 3065 3240 fortia,
3096 3183 3153 3229 et
3185 3175 3337 3247 digiti
3368 3174 3486 3245 ejus
3518 3190 3704 3247 appre-

2138 3283 2157 3315 ι
2201 3266 2505 3320 henderunt
2531 3264 2730 3320 fusum.
2779 3263 2994 3320 Manum
3041 3281 3197 3320 suam
3237 3268 3445 3337 aperuit
3468 3267 3631 3337 inopi,
3656 3275 3713 3322 et

2138 3376 2157 3408 ι
2196 3356 2404 3426 palmas
2430 3372 2555 3412 suas
2589 3356 2833 3411 extendit
2858 3355 2923 3410 ad
2960 3373 3272 3428 pauperem.
3330 3352 3444 3413 Non
3496 3359 3711 3414 timebit

2138 3466 2156 3499 ι
2203 3448 2384 3503 domui
2408 3462 2519 3501 sum
2544 3463 2572 3501 a
2599 3446 2889 3518 lrigoribus
2912 3448 3084 3511 nivis,
3116 3464 3305 3504 omnes
3348 3450 3494 3504 enim
3525 3450 3707 3505 dome-

2138 3557 2157 3589 «
2201 3540 2321 3594 stici
2375 3538 2492 3607 ejus
2546 3539 2729 3594 vestiti
2772 3545 2898 3593 sunt
2951 3539 3275 3610 duplicibus.
3330 3539 3697 3612 Stragulatam

2139 3648 2157 3679 ι
2200 3638 2405 3683 vestem
2433 3627 2560 3683 fecit
2591 3628 2716 3695 sibi,
2749 3628 2944 3701 byssus
2981 3637 3035 3685 et
3062 3646 3296 3701 purpura
3328 3631 3707 3685 vestimentum

2138 3740 2156 3771 ε
2205 3719 2340 3789 ejus.
2383 3720 2589 3777 Nobilis
2640 3721 2694 3776 in
2751 3724 2924 3793 portis
2963 3724 3046 3778 vir
3073 3723 3190 3792 ejus
3220 3765 3235 3791 ,
3267 3723 3482 3794 quando
3512 3724 3708 3779 sederit

2138 3829 2157 3861 ι
2199 3827 2323 3866 cum
2360 3811 2707 3866 senatoribus
2731 3820 2909 3867 terra.
2941 3811 3234 3867 Sindonem
3262 3813 3391 3867 fecit
3424 3820 3477 3867 et
3529 3812 3711 3868 vendi-

2140 3920 2158 3951 ‹
2200 3903 2295 3966 dit,
2336 3911 2392 3956 et
2415 3896 2944 3973 cingulum'tradidit
2973 3904 3303 3960 Chananteo.
3334 3904 3711 3960 Consideravit

2139 4011 2159 4042 ι
2202 3994 2424 4049 semitas
2457 3993 2651 4047 domus
2677 4008 2805 4056 suae,
2837 4001 2891 4047 et
2934 4009 3129 4063 panem
3169 3994 3341 4049 otiosa
3377 4010 3488 4050 non
3537 4009 3709 4050 come.

2140 4104 2160 4135 ¢
2204 4085 2299 4139 dit.
2354 4082 2428 4139 Os
2474 4099 2631 4138 suum
2678 4084 2889 4154 aperuit
2947 4084 3243 4153 sapientia),
3279 4093 3334 4139 et
3367 4085 3451 4139 lex
3483 4086 3709 4141 clemen-

2140 4192 2158 4224 ι
2206 4175 2293 4229 tia:
2318 4174 2573 4245 inlingua
2626 4172 2743 4243 ejus
2768 4215 2783 4238 ,
2820 4172 3078 4228 fortitudo
3111 4183 3166 4228 et
3213 4174 3376 4229 decor
3431 4176 3707 4231 indumen-

2142 4284 2159 4315 ε
2208 4274 2319 4319 tum
2357 4264 2492 4333 ejus,
2530 4274 2585 4319 et
2613 4265 2809 4321 ridebit
2855 4266 2910 4319 in
2946 4265 3033 4320 die
3079 4266 3395 4321 novissimo.
3446 4265 3706 4321 Sun-exe-

2144 4375 2163 4406 ι
2210 4365 2333 4410 runt
2376 4357 2467 4411 ﬁlii
2496 4357 2633 4426 ejus,
2660 4365 2715 4413 et
2741 4357 3110 4412 beatissimam
3145 4357 3594 4427 praedicaverunt,
3634 4358 3710 4411 vir

2145 4464 2166 4497 ‹
2212 4445 2328 4513 ejus
2355 4456 2407 4501 et
2427 4446 2665 4500 laudavit
2695 4463 2837 4502 eam.
2879 4448 3056 4503 Multae
3089 4448 3212 4503 ﬁlia:
3253 4458 3711 4519 eongregaverunt

2148 4556 2166 4587 ι
2213 4538 2452 4601 divitias,
2493 4546 2549 4591 tu
2588 4554 2937 4609 supergressa
2975 4556 3033 4594 es
3054 4540 3357 4595 universas.
3380 4541 3561 4595 Fallax
3591 4556 3710 4613 gra-

2149 4647 2166 4677 ‹
2213 4629 2285 4682 tia
2316 4637 2370 4683 et
2394 4645 2534 4683 vana
2569 4638 2652 4684 est
2683 4629 3047 4698 pulchritudo,
3079 4632 3275 4686 mulier
3315 4633 3507 4686 timens
3542 4632 3706 4687 Deum

2149 4737 2166 4769 ι
2211 4719 2325 4789 ipsa
2352 4718 2677 4774 laudabitur.
2732 4721 2864 4775 Date
2889 4721 2938 4775 ei
2974 4722 3042 4777 de
3096 4720 3273 4777 fructu
3304 4739 3557 4778 manuum
3589 4740 3707 4780 sua-

2147 4829 2165 4861 ι
2212 4827 2355 4875 rum,
2384 4820 2439 4865 et
2464 4810 2682 4865 laudent
2706 4827 2824 4867 eam
2851 4812 2904 4867 in
2925 4814 3098 4883 portis
3132 4829 3295 4884 Opera
3326 4815 3462 4885 ejus.
3512 4837 3553 4868 »ν

2214 4898 2489 4953 Mulierem
2518 4899 2704 4969 fortem
2727 4902 2841 4971 quis
2865 4902 3105 4956 inveniet.
3154 4903 3255 4975 (Ex
3294 4903 3482 4975 Beda.)
3523 4905 3709 4962 Mulier

2142 4989 2296 5045 fortis
2318 4989 2550 5045 Scelesia
2596 4991 2859 5047 catholica
2906 5002 3164 5057 vocatur,
3194 5010 3355 5064 quam
3392 4994 3627 5053 Joannes
3654 4999 3707 5054 in

2141 5080 2462 5152 Apocalypsi
2493 5083 2742 5139 amictam
2771 5101 2893 5140 cum
2937 5087 3079 5151 sole,
3115 5086 3165 5141 id
3211 5096 3294 5143 est
3316 5137 3329 5153 ,
3376 5090 3598 5145 Christo
3628 5090 3708 5144 vi—

2142 5174 2283 5227 disse
2312 5173 2644 5242 perhibetur.
2678 5175 2806 5242 Qum
2834 5178 3141 5247 spirituales
3178 5180 3288 5234 Deo
3313 5178 3451 5234 ﬁlios
3478 5196 3544 5235 ex
3573 5196 3706 5251 aqua

2147 5275 2201 5322 et
2216 5264 2417 5336 Spiritu
2443 5277 2628 5323 saneto
2656 5285 2912 5339 generare
2936 5286 3040 5324 non
3079 5279 3276 5335 cessat,
3313 5287 3433 5341 qua:
3460 5273 3581 5326 ideo
3610 5272 3710 5327 for-

2150 5361 2217 5415 tis
2240 5367 2481 5425 vocatur,
2521 5360 2645 5429 quia
2669 5366 2868 5413 cuncta‘
2888 5359 3067 5415 δείξουιί
3090 5361 3314 5415 adversa
3340 5361 3498 5415 simul
3522 5372 3578 5416 et
3596 5378 3711 5432 pro-
3812 5374 3817 5379 '

2147 5465 2302 5521 spera
2355 5464 2454 5519 pro
2512 5449 2818 5504 Conditoris
2863 5450 2946 5504 sui
3006 5448 3109 5504 ﬁde
3162 5451 3488 5516 contemnit;
3550 5468 3708 5522 quam

2146 5540 2261 5609 ipse
2293 5540 2348 5594 in
2383 5553 2544 5592 carne
2573 5553 2837 5608 apparens
2865 5538 3132 5593 inﬁrmam
3176 5539 3416 5605 invenit,
3449 5541 3545 5595 sed
3591 5543 3710 5597 visi-

2112 5630 2352 5691 .tatione
2375 5643 2472 5684 sua
2498 5626 2689 5684 fortem
2726 5630 2975 5686 reddidit.
3034 5628 3232 5687 Videas
3280 5647 3407 5701 ergo
3456 5631 3710 5689 Salomon
