3952 6438
259 319 365 377 ιεδ

1071 324 1588 386 COLLEC'I‘IONES
1621 326 1690 384 IN
1729 322 2112 385 EPISTOLAS
2149 324 2240 384 ET
2276 325 2688 388 EVANGELIA.

3421 329 3530 385 ηδ

256 447 428 505 genus
462 433 757 488 humanum
784 432 967 489 multis
1003 434 1335 505 implicatum
1371 437 1682 505 erroribus,
1712 436 1831 492 ait:
1862 444 1916 507 Α
1939 446 2086 492 tuam
2125 454 2189 493 ne
2219 438 2537 510 despexeris,
2583 448 2689 496 etc.
2735 438 2893 513 (Isai.
2937 438 3117 513 LVIII.)
3155 439 3225 497 Et
3270 438 3389 497 haec
3417 454 3531 495 non

257 522 541 578 Mulierem
565 524 753 594 fortem
777 526 895 596 quis
919 526 1188 580 inveniet?
1225 542 1290 582 ac
1319 528 1365 582 si
1391 528 1598 584 diceret
1640 546 1654 581 :
1706 527 1842 596 Quis

208 684 217 691 θ
254 617 565 691 patriarcha
615 626 710 672 aut
741 618 1004 688 propheta
1030 658 1046 680 .
1096 617 1181 673 vel
1221 620 1344 690 quis
1375 621 1502 676 talis
1553 627 1647 674 aut
1678 627 1843 674 tantm

256 708 475 765 virtutis
495 708 580 764 vel
609 710 788 765 meriti
814 724 937 765 esse
963 718 1141 781 potest
1158 752 1172 775 ,
1200 711 1293 782 qui
1323 712 1390 767 de
1426 720 1505 767 tot
1549 712 1844 768 incredulis

259 798 446 853 mundi
469 800 782 855 nationibus
816 814 981 855 unam
1028 800 1130 855 sibi
1185 800 1485 856 electorum
1539 801 1841 857 Ecclesium

260 897 568 959 congreget.
601 904 765 960 quam
794 904 892 967 sua
923 889 1100 960 gratia
1127 888 1322 945 fortem
1344 899 1401 946 et
1424 891 1844 964 inseparabilem

260 980 674 1037 adversantibus
696 982 906 1038 cunctis
948 981 1187 1038 efﬁciat?
1213 984 1636 1057 subintelligitur
1662 986 1844 1043 nullus

259 1070 366 1126 nisi
393 1070 667 1128 Christus.
1345 1084 1354 1095 '

334 1156 550 1214 Procul.
584 1159 803 1226 Procul,
833 1176 934 1232 pro
958 1170 1104 1218 statu
1132 1166 1317 1234 posuit
1340 1166 1625 1236 temporis,
1661 1165 1717 1222 id
1737 1174 1841 1231 est,

154 1268 157 1271 ·
259 1264 289 1303 a
320 1250 509 1306 diebus
543 1250 853 1308 Salomonis
873 1256 1142 1326 usquead
1163 1265 1379 1326 partum
1402 1258 1652 1330 virginis.

331 1342 399 1396 Et
422 1344 492 1397 de
520 1343 719 1400 ultimis
739 1346 934 1416 ﬁnibus
959 1348 1184 1419 pretium
1213 1349 1350 1420 ejus.
1372 1349 1450 1405 De
1491 1348 1697 1406 ultimis
1725 1349 1850 1405 lini-

257 1432 361 1487 bus
401 1434 548 1498 dicit,
583 1436 710 1506 quia
753 1454 787 1491 a
838 1454 1046 1493 summa
1080 1438 1208 1495 creto
1245 1441 1473 1511 egressio
1514 1440 1629 1512 ejus
1669 1438 1844 1515 (Psal.

261 1523 440 1595 svnt),
477 1524 606 1595 quia
654 1526 1004 1597 semetipsum
1056 1530 1289 1599 pretium
1334 1530 1720 1601 redemptionis
1747 1545 1849 1601 pro

257 1610 433 1673 salute
467 1626 652 1672 nostra
706 1618 901 1674 obtulit
954 1618 1127 1676 Patri.
1184 1620 1340 1677 Unde
1372 1620 1663 1692 Apostolus
1714 1623 1844 1677 ait:

259 1706 366 1774 Qui
392 1707 578 1763 dilexit
610 1726 726 1775 nos,
785 1720 835 1765 et
881 1711 1101 1766 tradidit
1160 1713 1496 1784 semetipsum
1550 1730 1646 1785 pro
1700 1714 1847 1769 nobis

1944 542 2300 599 supervacue,
2333 530 2428 584 sed
2453 544 2577 585 cum
2612 530 2842 588 consilio
2878 538 3155 602 Operatur,
3209 539 3271 587 ut
3294 531 3367 589 ab
3408 530 3532 602 ipso

1942 618 2060 672 viro
2087 631 2187 672 suo
2216 617 2437 672 domino
2472 616 2655 673 audiat
2675 618 2728 672 in
2744 616 2949 687 judicio
2982 637 2996 673 :
3043 617 3245 685 Venite,
3269 618 3526 674 benedicti

1932 708 2108 764 Patris
2135 709 2259 775 mei,
2283 708 2532 780 percipite
2568 726 2786 780 regnum
2813 710 2953 781 quod
2987 710 3131 765 vobis
3158 721 3405 782 paratum
3448 721 3529 767 est

1944 799 2010 855 ab
2049 799 2251 869 origine
2284 798 2491 866 mundi,
2514 800 2640 871 quia
2683 799 2856 855 nudus
2894 801 2974 870 fui
3006 810 3055 855 et
3082 801 3356 872 operuistis
3401 817 3526 869 me,

1944 900 2049 944 etc.
2115 888 2331 962 (Matth.
2380 894 2533 962 xxv).
2589 890 2814 963 Mystice
2860 899 3039 947 autem
3088 892 3141 946 in
3198 892 3353 959 lana,
3396 892 3525 963 quia

1941 994 2087 1035 unus
2158 989 2243 1036 est
2307 981 2525 1036 habitus
2573 981 2793 1051 pietatis
2847 990 2904 1038 et
2951 981 3356 1053 simplicitatis,
3407 998 3531 1055 quae

1946 1070 2001 1125 in
2057 1070 2323 1143 proximis
2375 1072 2739 1142 impendimus
2791 1088 2958 1144 opera
3020 1073 3394 1146 designantur.
3469 1075 3529 1130 in

1944 1162 2057 1219 lino
2092 1178 2225 1219 vero
2267 1163 2550 1235 castigatio
2581 1163 2669 1219 vel
2696 1165 3047 1222 mortiﬁcatio
3096 1166 3280 1221 carnis
3331 1174 3532 1221 nostra:

1948 1256 2260 1311 intimatur.

2020 1345 2190 1402 Facta
2227 1355 2306 1403 est
2331 1348 2486 1420 quasi
2512 1348 2662 1403 naris
2708 1349 2998 1412 institoris,
3040 1349 3106 1402 de
3152 1347 3306 1419 longe
3352 1358 3530 1420 portat

1945 1453 2134 1509 panem
2159 1453 2332 1492 suum.
2357 1437 2664 1493 lnstitorem
2701 1438 3094 1510 negotiatorem
3123 1438 3277 1504 dicit,
3308 1440 3400 1509 qui
3429 1454 3532 1510 pro

1946 1541 2014 1582 eo
2059 1527 2140 1583 sic
2175 1534 2405 1582 vocatur
2458 1528 2528 1583 ab
2571 1528 2809 1599 antiquis
2836 1569 2853 1595 ,
2912 1529 3039 1600 quia
3075 1529 3130 1584 in
3186 1530 3533 1599 requirendis

1947 1619 2474 1690 multiplicandisque
2503 1621 2779 1676 mercibus
2822 1621 3041 1677 sedulus
3083 1622 3320 1678 insistat.
3360 1621 3528 1678 Facta

1948 1719 2186 1783 estergo
2219 1712 2396 1766 anima
2427 1720 2612 1768 sancta
2637 1753 2652 1780 ,
2692 1712 2849 1784 quasi
2888 1712 3044 1769 navis
3076 1713 3341 1769 institoris
3364 1755 3378 1779 ,
3411 1729 3534 1785 qua:

259 1801 476 1871 (Ιίνιιις.
501 1799 577 1872 v).
594 1801 765 1858 Aliter
782 1803 1018 1873 pretium
1041 1812 1245 1859 saneta:
1266 1804 1525 1860 Ecclesia:
1552 1804 1737 1876 procul
1756 1821 1848 1875 po-
1875 1804 1923 1863 Β
1953 1801 2148 1856 transit
2170 1800 2237 1856 de
2262 1801 2534 1857 desiderio
2562 1801 2757 1858 ﬂuctus
2798 1803 2982 1859 surculi
3028 1805 3311 1873 praesentis
3335 1845 3351 1870 ,
3411 1804 3530 1859 sola

258 1893 423 1947 situm
447 1901 571 1960 est,
610 1894 736 1964 quia
766 1894 1073 1950 incarnatio
1100 1895 1260 1951 Verbi
1286 1896 1378 1950 Dei
1411 1904 1469 1950 et
1504 1898 1849 1952 conversatio

256 1981 374 2050 ejus
396 1983 539 2038 inter
559 1984 828 2050 homines,
850 1993 905 2039 et
925 1985 1111 2055 passio
1126 1993 1183 2040 et
1201 1987 1532 2042 resurrectio
1550 1984 1672 2056 ejus
1690 1986 1848 2059 longe

256 2083 344 2130 est
371 2089 402 2130 a
429 2084 616 2131 nostra
643 2076 959 2131 conditione
980 2076 1240 2131 discreta.

329 2165 558 2237 Conﬁdit
595 2167 651 2222 in
678 2185 740 2222 ea
771 2184 863 2221 cor
884 2164 983 2222 viri
1004 2168 1109 2222 sui.
1136 2167 1326 2223 Virum
1350 2176 1551 2225 sanctae
1566 2167 1846 2235 Ecclesiae,

255 2257 349 2327 qui
370 2258 535 2312 etiam
552 2264 608 2311 et
624 2258 861 2327 pretium
875 2255 993 2325 ejus
1019 2257 1136 2311 ﬁeri
1160 2256 1417 2326 dignatus
1440 2265 1545 2325 est,
1568 2258 1846 2315 dominum

257 2348 409 2402 dicit.
440 2346 594 2402 Sicut
618 2348 765 2402 enim
795 2346 843 2402 is
870 2345 1177 2417 quifortem
1210 2346 1534 2420 ﬁdelcmque
1556 2359 1615 2403 et
1640 2357 1847 2404 castam

256 2437 752 2509 habeteonjugem,
800 2437 1029 2493 conlidit
1052 2438 1110 2492 in
1165 2452 1250 2503 ea,
1302 2439 1430 2509 quia
1476 2439 1613 2494 nihil
1659 2448 1847 2495 contra

257 2545 413 2585 suam
483 2531 815 2586 voluntatem
890 2530 1194 2585 adulterina
1273 2531 1466 2586 saltem
1521 2530 1849 2603 cogitatione

256 2625 430 2695 possit
456 2628 860 2689 contaminare,
913 2623 1011 2679 sed
1054 2639 1410 2694 quoscunque
1441 2623 1587 2679 valet
1629 2623 1848 2679 assidua

257 2716 499 2771 amicitia
530 2716 596 2771 ad
647 2732 804 2772 suum
836 2716 1014 2770 virum
1067 2724 1386 2771 convertere
1414 2715 1722 2781 desiderat,
1770 2715 1849 2770 sic

238 2807 573 2879 Redemptor
611 2816 795 2863 noster
816 2808 870 2862 in
892 2807 994 2862 sibi
1023 2804 1313 2875 conjuncta
1349 2804 1844 2861 conﬁditEcclesia.

256 2899 419 2953 Novit
450 2900 596 2953 enim
632 2899 888 2967 spiritum
914 2897 1104 2968 gratiae
1148 2904 1203 2952 et
1227 2896 1485 2951 virtutem
1543 2896 1845 2963 charitatis,

254 3011 419 3065 quam
449 2995 568 3065 ejus
593 2995 913 3065 pnecordiis
934 2991 1151 3049 infudit.
1191 2992 1316 3047 ideo
1342 3007 1451 3046 non
1473 2990 1683 3047 dubitat
1702 3004 1851 3057 cani,

257 3103 365 3142 non
395 3087 568 3141 solum
609 3100 639 3139 a
679 3101 791 3141 suae
838 3085 962 3141 ﬁdei
1011 3085 1322 3157 integritate
1364 3098 1525 3155 posse
1550 3084 1847 3154 corrumpi,

1948 1907 2069 1962 qua:
2098 1892 2152 1946 in
2176 1893 2332 1948 cretis
2370 1893 2620 1964 accipere
2667 1901 2850 1965 sperat
2882 1903 3085 1950 aeterna
3116 1894 3309 1965 gaudia
3359 1897 3533 1951 medi-

1948 1990 2112 2059 tatur.
2142 1990 2198 2038 et
2223 1999 2322 2055 pro
2347 1984 2434 2039 his
2456 1984 2818 2055 adipiscendis
2837 1983 3097 2056 quidquid
3142 1987 3285 2041 valet
3318 1987 3531 2043 instan-

1949 2080 2035 2126 ter
2057 2073 2209 2143 agit,
2248 2081 2306 2127 et
2332 2074 2559 2129 adversa
2594 2075 2775 2130 omnia
2833 2074 3053 2131 fortiter
3087 2091 3349 2147 superare
3400 2066 3532 2133 con-

1949 2163 2141 2218 tendit.
2174 2163 2252 2220 De
2284 2180 2391 2235 qua
2425 2176 2573 2221 recte
2599 2166 2803 2234 subdit,
2845 2167 2913 2223 de
2940 2167 3098 2240 longe
3127 2177 3309 2239 portat
3337 2183 3533 2240 panem

1948 2270 2107 2309 suum
2133 2296 2149 2321 ,
2187 2256 2312 2325 quia
2349 2256 2403 2311 in
2449 2258 2662 2313 cunctis
2696 2272 2819 2328 quae
2844 2259 3215 2329 temporaliter
3238 2261 3375 2316 bene
3399 2263 3531 2332 agit,

1948 2353 2208 2402 aeternam
2243 2346 2580 2403 solummodo
2639 2349 3050 2404 retributionem
3107 2357 3431 2422 exspectat,
3471 2361 3532 2406 et

1949 2437 2070 2507 ejus
2115 2437 2221 2492 vivi
2258 2438 2419 2507 panis
2453 2438 2797 2494 saturitatem
2839 2439 3147 2508 desiderat,
3200 2442 3293 2513 qui
3346 2443 3531 2497 dixit:

1948 2527 2063 2599 Ego
2100 2545 2217 2583 sum
2259 2530 2412 2600 panis
2435 2530 2580 2584 virus
2606 2531 2695 2601 qui
2723 2529 2788 2584 de
2809 2529 2935 2584 coelo
2959 2530 3203 2586 descendi
3225 2530 3387 2604 (Joan
3433 2532 3533 2602 Vl),

1947 2628 2004 2674 et
2050 2620 2143 2690 qui
2192 2620 2306 2674 suis
2334 2619 2674 2675 auditoribus
2700 2620 2789 2690 pie
2827 2621 3115 2691 promittit,
3163 2622 3393 2677 dicens:
3439 2620 3533 2676 Ve-

1949 2710 2056 2763 nite
2074 2708 2143 2763 ad
2172 2725 2276 2776 me,
2305 2726 2482 2764 omnes
2502 2711 2593 2781 qui
2613 2711 2863 2766 laboratis
2882 2721 2928 2765 et
2960 2713 3164 2767 onerati
3191 2713 3339 2779 estis,
3365 2725 3411 2767 et
3441 2729 3534 2785 ego

1950 2800 2182 2871 reﬁciam
2217 2818 2306 2856 eos
2342 2801 2559 2875 (Matth.
2587 2803 2684 2875 xi).

2021 2893 2091 2948 Et
2111 2895 2178 2949 de
2203 2904 2351 2950 nocte
2376 2897 2604 2950 surrexit
2631 2936 2645 2962 ,
2676 2897 2940 2969 deditque
2962 2898 3197 2969 prtedam
3232 2898 3532 2954 domesticis

1948 2988 2083 3055 suis,
2110 2998 2158 3043 et
2184 2988 2383 3044 cibaria
2423 2988 2631 3043 ancillis
2667 2989 2797 3044 suis.
2830 2990 2994 3054 Quasi
3023 2991 3167 3047 enim
3197 3001 3355 3046 nocte
3379 2991 3533 3061 quie-

1951 3082 2091 3146 scit,
2121 3096 2243 3137 cum
2287 3081 2486 3152 aliquis
2527 3080 2764 3137 ﬁdelium
2815 3083 3128 3137 intermissa
3164 3081 3534 3138 sollicitudine

256 3178 350 3239 sed
375 3186 431 3233 et
453 3185 866 3248 perseveranter
884 3176 1153 3243 insistere,
1185 3188 1243 3229 nt
1264 3174 1451 3247 plures
1482 3175 1550 3231 ad
1598 3172 1845 3245 ejusdem
1870 3162 1917 3223 C
1949 3182 2172 3228 externa
2203 3174 2421 3229 sibimet
2449 3188 2643 3228 vacare
2673 3173 3028 3244 spiritualiter
3066 3173 3299 3244 incipit,
3345 3182 3402 3229 et
3451 3173 3536 3229 vel

259 3268 382 3323 ﬁdei
410 3275 702 3339 congreget
729 3267 1013 3321 unitatem.

331 3361 398 3415 Et
424 3360 605 3430 spoliis
654 3376 761 3414 non
810 3358 1082 3429 indigebit.
1135 3357 1346 3428 Spoliat
1382 3357 1527 3413 enim
1573 3356 1846 3413 diabolum

246 3450 485 3507 Ecclesia
508 3492 523 3518 ,
549 3466 671 3506 cum
694 3465 792 3521 per
822 3449 1210 3520 praedicatores
1235 3465 1362 3504 suos
1383 3489 1398 3516 ,
1429 3463 1524 3505 eos
1566 3464 1703 3519 quos
1730 3449 1848 3519 ipse

257 3546 548 3615 deceperat
574 3544 640 3597 ad
668 3544 913 3599 veritatis
946 3543 1053 3598 iter
1082 3550 1322 3609 revocat,
1349 3551 1405 3596 et
1425 3557 1702 3612 nunquam
1731 3541 1846 3597 dia-

257 3634 433 3690 bolica
456 3634 644 3689 fraude
671 3634 923 3704 deceptas
950 3632 1182 3687 liberare
1201 3632 1416 3687 animas
1438 3640 1635 3687 cessat.
1662 3630 1848 3686 Donec

256 3724 525 3793 catapli-to
546 3723 731 3778 mundi
758 3738 922 3777 cursu
942 3736 1163 3777 suorum
1189 3720 1457 3792 przclinita
1474 3719 1848 3791 compleantur

255 3828 470 3872 summa
504 3814 894 3868 membrorum.

327 3904 522 3960 Reddet
549 3906 596 3960 ei
638 3906 827 3960 bonum
876 3914 922 3960 et
963 3921 1068 3960 non
1105 3904 1326 3959 malum.
1389 3903 1589 3959 Reddit
1641 3904 1841 3976 quippe

247 3997 509 4065 Ecclesia,
540 4000 652 4054 sive
679 4013 1016 4070 unaquteque
1042 3999 1245 4067 anima,
1261 3996 1481 4053 Christo
1500 3998 1702 4053 bonum
1722 4013 1847 4054 cum

257 4092 528 4162 perceptis
570 4091 638 4146 ab
663 4108 729 4148 eo
774 4092 899 4147 vitae
930 4091 1265 4154 muneribus,
1305 4098 1453 4145 recte
1500 4091 1732 4146 vivendo
1763 4106 1851 4147 re-

258 4186 505 4253 spondet,
533 4200 656 4240 cum
683 4200 748 4240 ea
773 4200 894 4256 qua:
930 4185 1046 4253 ipsa
1108 4183 1251 4238 scire
1286 4183 1371 4237 vel
1427 4181 1607 4238 facere
1662 4184 1731 4238 ab
1758 4182 1848 4238 illo

255 4272 437 4341 adjuta
479 4275 689 4344 potuit,
732 4274 897 4328 etiam
938 4272 1060 4326 aliis
1086 4272 1341 4326 intimare
1367 4272 1586 4343 satagit.
1648 4272 1692 4327 E
1718 4289 1850 4329 conv

259 4369 430 4422 trario
467 4377 627 4433 sunt,
661 4368 753 4437 qui
789 4382 818 4420 a
848 4365 1079 4420 Domino
1123 4363 1364 4434 acceptis
1402 4362 1559 4419 bonis
1588 4366 1728 4420 mala
1764 4382 1849 4421 re-

254 4461 518 4535 pendunt,
548 4459 603 4515 id
628 4468 733 4524 est,
786 4458 869 4513 vel
901 4458 1021 4513 ﬁdei
1069 4458 1326 4530 mysteria
1351 4499 1368 4523 ,
1427 4470 1548 4527 qua:
1590 4473 1850 4529 percepe-

257 4523 407 4631 runt,
468 4523 725 4607 haeretica
784 4548 901 4605 fece
951 4523 1245 4614 fmdatido,
1313 4546 1399 4603 vel
1446 4523 1623 4604 itidem
1679 4523 1843 4621 quam
1872 4523 1925 4581 D

255 4644 593 4717 professione
632 4650 852 4699 servant
886 4641 1069 4712 pravis
1102 4640 1359 4710 operibus
1391 4639 1841 4710 blasphemando,

256 4736 340 4791 vel
402 4751 583 4792 mores
644 4736 817 4791 bonos
877 4748 977 4804 per
1048 4730 1318 4802 colloquia
1389 4730 1530 4786 mala
1600 4745 1846 4787 corrum-

257 4829 455 4900 pendo.

332 4919 586 4975 Omnibus
612 4919 792 4975 diebus
821 4918 938 4975 vita:
962 4936 1094 4975 sate.
1139 4919 1405 4977 Omnibus
1445 4919 1638 4977 diebus
1667 4919 1846 4989 reddit

258 5012 488 5067 Domino
517 5012 716 5067 bonum
742 5051 759 5076 ,
799 5025 893 5081 qui
932 5027 987 5066 In
1027 5011 1114 5067 his
1139 5026 1261 5081 quae
1297 5012 1437 5067 bene
1478 5010 1700 5068 inchoat
1750 5028 1841 5067 us-

256 5121 365 5177 que
398 5107 467 5161 ad
500 5104 661 5159 ﬁnem
712 5103 838 5160 vitae
866 5104 1153 5176 prmsenlis
1198 5103 1493 5176 persistere
1535 5110 1709 5158 curat.
1747 5100 1845 5157 Cui

256 5196 434 5255 simile
469 5206 553 5252 est
579 5195 710 5251 illud
741 5195 1120 5267 Evangelicum
1153 5215 1166 5250 :
1209 5194 1511 5251 Serviamus
1534 5193 1612 5249 illi
1643 5195 1699 5249 in
1722 5212 1846 5250 san-

256 5293 436 5347 ctitate
470 5299 517 5344 et
543 5288 759 5360 justitia
801 5306 978 5343 coram
1006 5289 1119 5360 ipso
1166 5287 1407 5342 omnibus
1435 5286 1620 5342 diebus
1648 5288 1844 5343 nostris

257 5382 414 5456 (Luc.
453 5380 524 5455 l).

329 5472 582 5544 Quaesivit
605 5473 783 5528 lanam
816 5482 863 5527 et
910 5471 1097 5537 linunt,
1140 5483 1189 5528 et
1219 5478 1434 5545 operata
1476 5481 1575 5539 est,
1621 5470 1842 5526 consa'lio

254 5582 510 5624 manuum
547 5580 788 5620 suarum.
824 5562 950 5619 Πωο
981 5571 1036 5618 ct
1058 5563 1354 5618 secundum
1383 5562 1620 5618 litteram
1653 5570 1841 5617 sancta

249 5657 484 5716 Ecclesia
521 5656 813 5711 observare
843 5654 1167 5720 consuevit,
1191 5654 1349 5726 juxta
1400 5653 1532 5710 illud
1566 5653 1843 5725 propheti-

254 5765 381 5807 cum
427 5767 442 5807 τ
514 5747 646 5804 Cum
695 5747 884 5803 videris
922 5746 1122 5801 nudum
1159 5746 1444 5819 operieum
1473 5786 1487 5812 ,
1532 5755 1581 5799 et
1628 5762 1838 5800 carnem

580 5844 856 5904 PATROL.
904 5840 1034 5908 Cll.

1948 3265 2270 3321 lectionibus
2304 3267 2497 3331 sacris,
2534 3265 2872 3321 orationibus
2906 3266 3129 3332 sanctis,
3164 3265 3252 3321 ναι
3274 3265 3539 3338 lacrymis

1949 3359 2199 3425 secretis,
2224 3359 2528 3415 exercendo
2564 3374 2623 3414 se
2656 3373 2853 3413 curare
2880 3374 2987 3413 non
3014 3365 3211 3413 cessat.
3244 3356 3381 3411 Nam
3411 3371 3538 3412 con-

1947 3450 2120 3521 surgit
2144 3449 2213 3505 de
2243 3459 2403 3506 nocte
2425 3490 2441 3516 ,
2475 3465 2599 3504 cum
2640 3451 2708 3505 ad
2753 3449 3018 3521 agendam
3062 3449 3227 3503 etiam
3254 3448 3537 3520 proximo-

1950 3560 2069 3599 rum
2099 3558 2287 3599 curam
2340 3557 2401 3599 se
2430 3542 2660 3598 sollicite
2724 3542 2959 3613 accingit
3014 3550 3178 3612 atque
3237 3540 3535 3613 componit.

1946 3635 2050 3690 Dat
2088 3648 2324 3705 namque
2355 3633 2596 3705 praedam
2642 3634 2977 3698 domesticis,
3008 3648 3134 3687 cum
3161 3645 3258 3688 eos
3299 3646 3438 3703 quos
3467 3632 3537 3685 ab

1948 3728 2170 3797 antiquo
2233 3728 2392 3782 hoste
2449 3724 2697 3781 docendo
2761 3725 2978 3795 eripere
3023 3723 3231 3795 potuit,
3286 3722 3534 3779 societati

1948 3819 2162 3873 illorum
2207 3819 2300 3889 qui
2338 3818 2392 3873 in
2445 3817 2553 3872 ﬁde
2606 3814 3001 3887 praecesserunt
3059 3813 3393 3870 reconciliat.
3434 3813 3537 3869 Dat

1947 3907 2159 3963 ancillis
2192 3908 2395 3963 cibaria
2422 3947 2436 3968 ,
2470 3922 2593 3961 cum
2631 3906 2865 3961 humiles
2903 3921 3000 3960 sua
3042 3905 3195 3976 jussa
3225 3912 3535 3971 servantes,

1946 4015 2014 4053 ne
2031 4000 2083 4053 in
2101 3998 2284 4056 labore
2307 3998 2624 4061 lassescant,
2652 4011 2900 4067 superate
2921 3997 3186 4052 mercedis
3206 4011 3536 4052 commemo-

1950 4090 2161 4145 ratione
2184 4088 2379 4145 reﬁcit.

2019 4182 2381 4238 Considerarit
2411 4196 2595 4252 agrum
2623 4191 2671 4234 et
2698 4181 2821 4234 emit
2849 4196 2989 4235 eum.
3028 4162 3234 4250 Agrum
3256 4179 3387 4235 dicit
3408 4195 3535 4250 pos-

1949 4276 2245 4332 sessionem
2285 4288 2534 4344 superna:
2582 4272 2937 4339 limreditatis,
2991 4271 3134 4328 unde
3174 4273 3326 4329 Isaac
3406 4272 3487 4327 ait
3508 4286 3529 4324 ς

1950 4370 2088 4426 Ecce
2117 4369 2249 4425 odor
2274 4368 2374 4439 ﬁlii
2420 4368 2562 4434 mei,
2593 4368 2727 4421 sicut
2758 4365 2892 4420 odor
2942 4366 3057 4437 agri
3091 4364 3234 4437 pleni
3259 4365 3345 4418 cui
3382 4365 3538 4420 bene-

1951 4465 2083 4519 dixit
2097 4463 2356 4521 Dominus
2384 4458 2538 4534 (Gen.
2567 4458 2763 4533 xxvn.)
2787 4458 2958 4527 Quem
2975 4455 3539 4531 consideravitEccle-

1950 4559 2030 4613 sia
2048 4599 2063 4622 ,
2092 4557 2206 4613 sive
2243 4554 2414 4612 electa
2441 4555 2644 4620 anima,
2672 4562 2728 4610 et
2748 4553 2899 4619 emit,
2925 4552 3051 4622 quia
3079 4551 3320 4607 studiose
3348 4551 3538 4606 didicit

1951 4666 2072 4722 quae
2101 4657 2227 4706 sunt
2255 4649 2451 4721 gaudia
2480 4648 2605 4703 vitae
2632 4648 2886 4720 perennis
2912 4686 2928 4713 ,
2968 4653 3023 4701 et
3069 4661 3169 4718 pro
3198 4659 3387 4700 eorum
3415 4659 3538 4718 per-

1950 4742 2198 4813 ceptione
2226 4740 2492 4813 quidquid
2518 4740 2697 4811 potuit
2724 4738 3008 4794 laboravit.
3040 4737 3243 4795 Aliter:
3276 4737 3536 4797 Conside—

1950 4834 2096 4888 ravit
2118 4847 2308 4904 agrum
2328 4830 2413 4896 ,id
2442 4840 2545 4897 est,
2570 4832 2758 4886 orbem
2787 4830 3117 4898 universum,
3148 4838 3206 4886 et
3233 4831 3365 4886 emit
3388 4847 3535 4895 eum,

1949 4940 2073 4981 cum
2126 4924 2309 4979 missis
2373 4924 2689 4980 doctoribus
2752 4923 3015 4979 talentum
3066 4924 3218 4980 verbi
3274 4925 3536 4993 contulit,

1948 5024 2008 5070 ut
2045 5016 2332 5071 credentes
2393 5013 2710 5071 felicissimo
2774 5014 2979 5071 Christi
3027 5015 3358 5087 mancipatui
3403 5016 3538 5073 sub-

1950 5108 2124 5164 deret.

2023 5201 2099 5255 De
2157 5199 2334 5271 fructu
2383 5216 2636 5253 manuum
2707 5215 2929 5254 suarum
2982 5197 3240 5270 plantavit
3308 5199 3536 5257 vineam.

1948 5289 2218 5347 Plantavit
2244 5299 2426 5346 autem
2447 5290 2664 5345 vineam
2686 5306 2808 5345 eum
2834 5291 2888 5345 in
2910 5305 3042 5361 agro
3068 5290 3252 5345 mundi
3278 5291 3343 5346 de
3384 5293 3540 5346 novis

1951 5382 2290 5441 credentium
2327 5380 2544 5452 populis
2578 5379 2707 5435 fecit
2761 5381 3069 5448 ecclesiam,
3123 5390 3175 5437 et
3207 5395 3330 5438 eam
3375 5381 3536 5452 plane

1951 5472 2289 5545 Evangelicae
2314 5470 2565 5527 veritatis
2589 5470 2930 5528 institutione
2955 5471 3210 5528 ﬁrmavit.
3253 5472 3427 5539 Quam
3457 5476 3539 5529 vi-

1951 5583 2109 5623 ncam
2149 5566 2216 5621 de
2244 5564 2423 5621 fructu
2476 5580 2735 5621 manuum
2790 5581 3013 5621 suarum
3061 5565 3357 5637 plantavit,
3408 5579 3537 5635 quia

1951 5674 2057 5713 non
2086 5656 2262 5712 solum
2291 5656 2457 5712 verbo
2487 5656 2751 5728 apostoli,
2804 5657 3281 5726 apostolorumque
3322 5668 3542 5711 succes-

1951 5746 2135 5822 soresf,
2164 5748 2257 5804 sed
2284 5757 2338 5802 et
2365 5746 2629 5803 miraculo
2654 5754 2709 5801 et
2737 5747 2892 5802 bona;
2929 5745 3260 5816 operationis
3288 5744 3539 5814 doctrina

3026 5837 3098 5897 1's
