3952 6472
455 296 560 352 427

1746 300 2097 357 SMARAGDI
2137 302 2431 359 ABBATIS

3600 310 3703 366 ω

450 410 732 467 credentes
758 409 1029 474 instruxit,
1068 410 1160 464 sed
1186 418 1239 463 et
1259 425 1429 479 usque
1464 410 1641 475 hodie,
1671 420 1725 464 et
1752 427 1921 483 usque
1953 413 2019 467 ad
2048 418 2095 477 Α
2200 414 2413 469 Manum
2442 432 2623 480 suum,
2658 424 2762 473 etc.
2799 417 2922 472 [hec
2949 416 3014 473 de
3050 418 3303 488 operibus
3331 419 3703 494 elecmozyna-

450 508 613 566 finem
685 506 869 564 saeculi
927 514 1113 561 sancta
1163 506 1405 563 Ecclesia
1470 507 1699 563 sollicite
1756 508 2023 579 perquirit

447 615 584 672 quos
632 600 700 654 ad
742 597 901 653 ﬁdem
937 606 1253 653 convertere
1291 598 1505 669 possit,
1563 607 1620 654 et
1671 614 2021 671 quoscunque

445 693 646 749 dociles
699 692 966 748 invenerit
992 731 1009 756 ,
1041 691 1142 747 bos
1190 698 1317 747 oata
1358 691 1587 762 pecunia
1615 690 1766 747 verbi
1800 691 1859 748 in
1904 707 2021 749 ser-

446 782 635 838 vitium
671 782 873 839 Christi
915 782 1082 847 emit,
1128 792 1292 852 atque
1317 782 1371 838 in
1419 783 1500 838 eis
1553 783 1764 839 vineam
1815 781 2056 841 Christi.

443 875 691 946 plantare
714 913 730 940 ,
768 874 852 928 vel
886 873 1066 943 potius
1100 887 1192 928 eos
1221 874 1435 929 vineam
1486 873 1687 930 Christi
1715 874 1896 932 facere
1933 891 2020 932 sa-

446 964 598 1035 tagit.

512 1054 752 1111 Accinxit
783 1052 1127 1124 fortitudine,
1175 1062 1280 1109 etc.
1328 1053 1580 1110 Accinxit
1619 1069 1751 1126 ergo
1778 1055 2017 1112 Ecclesia

446 1146 660 1203 lumbos
701 1161 829 1202 suos
885 1143 1244 1209 fortitudine,
1302 1161 1425 1201 cum
1470 1160 1829 1217 supernorum
1875 1148 2018 1203 desi-

443 1237 610 1293 deriis
660 1237 904 1302 intenta,
964 1237 1276 1293 carnalibus
1324 1237 1595 1294 illecebris
1662 1241 2018 1297 succumbere

441 1330 705 1401 despexit.
745 1328 1040 1384 Roboravit
1096 1328 1381 1385 brachium
1435 1346 1591 1385 suum
1617 1372 1632 1397 ,
1672 1346 1797 1387 enm
1846 1347 1905 1388 se
1949 1333 2018 1387 ad

442 1420 649 1491 agenda
676 1420 935 1476 virtutum
982 1435 1146 1490 opera
1180 1422 1526 1491 praeparavit.
1554 1422 1623 1477 Et
1663 1425 1798 1480 bene
1841 1424 2019 1493 primo

408 1507 654 1566 .lumbos
707 1507 1026 1566 fortitudine
1081 1511 1395 1581 accingere,
1456 1527 1522 1567 ac
1557 1514 1896 1581 postmodum
1931 1528 2019 1567 ro-

442 1602 638 1657 borare
700 1600 984 1657 brachium
1042 1602 1279 1665 dicitur,
1357 1603 1483 1672 quia
1544 1604 1801 1659 nimirum
1874 1604 2017 1659 actio

441 1691 567 1747 boui
608 1691 788 1762 operis
835 1692 1186 1763 acccptabilis
1208 1693 1321 1747 Deo
1347 1708 1467 1749 esse
1512 1694 1734 1750 minime
1778 1693 1941 1760 valet,
1970 1694 2016 1749 si

2125 523 2243 560 rum
2272 522 2391 576 quze
2411 509 2738 578 general'ler
2755 510 2888 564 fiunt
2915 512 2968 565 in
2997 527 3270 583 pauperes
3296 515 3470 586 accipi
3497 525 3699 586 potest.

2124 596 2228 653 Sed
2270 600 2459 655 melius
2488 601 2554 655 de
2583 602 2746 655 verbo
2775 601 2901 666 Dei,
2928 604 3072 672 quod
3107 605 3479 660 indumentum
3508 608 3702 664 salutis

2121 688 2404 744 animabus
2429 689 2639 745 confert
2657 730 2672 755 ,
2698 689 3032 760 intelligitur.
3060 692 3550 762 AperuitEcclesia
3583 714 3702 752 ma-

2121 793 2250 832 num
2312 779 2478 850 inopi,
2519 796 2641 847 cum
2696 783 2954 852 mysteria
3007 782 3133 838 fidei
3175 785 3552 856 ignorantibus
3600 805 3702 859 per

2120 868 2397 938 operarios
2424 886 2501 926 vei
2520 872 2665 926 italis
2687 872 2965 928 revelavit.
2987 873 3200 931 Palmas
3258 877 3550 933 xtenditad
3569 895 3701 949 pau~

2119 974 2324 1029 perem,
2364 977 2489 1017 cum
2511 963 2617 1019 late
2647 964 2912 1035 longeque
2944 968 3335 1037 praedicatores
3357 979 3579 1028 atteram
3610 988 3696 1029 sa-

2119 1049 2246 1105 lutis
2272 1050 2324 1105 in
2347 1062 2535 1123 gentes
2565 1055 2840 1125 dispersit.

2190 1141 2558 1226 Nonnimebit,
2597 1157 2700 1203 etc.
2724 1149 2951 1223 Frigora
2980 1152 3121 1207 nivis
3151 1154 3316 1209 corda
3338 1162 3467 1210 sunt
3512 1171 3698 1227 repro-

2120 1235 2309 1288 borum
2331 1236 2569 1306 perfidiae
2597 1254 2709 1295 sure
2734 1257 2959 1312 corpore
2985 1245 3216 1315 rigentia
3234 1287 3248 1314 ,
3295 1247 3493 1317 quibus
3522 1249 3694 1304 abun-

2119 1325 2212 1379 dat
2242 1325 2499 1396 iniquitas
2519 1368 2534 1394 ,
2589 1338 2645 1387 et
2681 1331 2990 1405 refrigescit
3020 1337 3282 1393 charitas.
3333 1339 3455 1396 Non
3483 1344 3697 1401 timebit

2118 1430 2247 1502 ergo
2269 1418 2497 1473 ecclesia
2532 1420 2713 1477 domui
2740 1438 2852 1479 sum
2879 1440 2910 1479 a
2936 1424 3227 1494 frigoribus
3254 1429 3417 1496 nivis,
3445 1434 3571 1502 quia
3602 1437 3700 1490 do-

2118 1498 2267 1562 mino
2288 1508 2576 1578 pollicente
2604 1512 2800 1579 credit,
2847 1515 2973 1583 quia
3006 1526 3173 1585 parte
3202 1518 3398 1588 inferni
3426 1498 3530 1576 non
3555 1540 3695 1592 prte-

2117 1597 2359 1654 valebunt
2380 1600 2626 1657 adversm
2651 1619 2767 1657 eam
2796 1602 3012 1673 (Matth.
3029 1604 3162 1674 avt).

2191 1687 2381 1744 Omnes
2411 1692 2548 1746 enim
2586 1692 2859 1748 domestici
2886 1696 3002 1765 ejus
3038 1698 3208 1752 vestiti
3251 1700 3567 1771 duplicibus.
3599 1705 3699 1761 Ve-

439 1800 546 1840 non
570 1784 713 1840 ﬂuxa
734 1784 959 1841 unum;
978 1784 1105 1855 quis
1129 1784 1281 1856 prius
1308 1800 1339 1840 α
1372 1800 1534 1841 came
1568 1785 1729 1841 simul
1752 1794 1808 1841 ei
1836 1792 2016 1841 mente
2042 1774 2089 1833 B
2118 1780 2227 1834 stiti
2250 1782 2517 1851 sapientia
2532 1783 2599 1837 ad
2634 1784 2970 1854 repellendas
2993 1787 3369 1845 btereticorum
3395 1793 3691 1851 doctrinas.

438 1876 749 1946 restringat.

506 1967 747 2027 Gustuvit
774 1968 898 2040 quia
940 1968 1073 2021 bona
1097 1976 1171 2021 est
1195 1966 1476 2037 negotiatio
1524 1965 1660 2035 ejus.
1708 1964 2017 2037 Negotiatio

435 2060 557 2129 ejus
579 2061 695 2128 agri
724 2058 916 2131 utique
951 2056 1224 2128 significat
1251 2056 1417 2121 illius,
1449 2057 1517 2111 de
1551 2071 1659 2127 quo
1688 2072 1849 2126 supra
1882 2056 1959 2110 ait
1994 2074 2008 2110 :

436 2149 796 2207 Considerarit
830 2165 1019 2219 agrum
1040 2157 1087 2202 et
1110 2148 1232 2202 emit
1262 2163 1379 2202 eum
1426 2144 1608 2220 (Prov.
1640 2146 1785 2218 ult.).
1816 2145 2013 2201 Gusta-

437 2243 514 2297 vit
560 2242 726 2313 igitur
741 2239 982 2299 Ecclesia
1014 2240 1128 2296 sive
1169 2240 1348 2295 anima
1384 2248 1569 2296 sancta
1598 2240 1788 2295 intimo
1817 2240 2012 2296 mentis

357 2384 360 2387 .
435 2333 729 2399 desiderio,
754 2342 808 2389 et
832 2331 1085 2404 cognovit
1107 2332 1233 2401 quia
1263 2331 1403 2387 bona
1446 2341 1529 2388 est
1566 2333 1863 2403 negotiatio
1888 2333 2011 2388 vitae

436 2423 936 2487 immarcescibilis,
981 2437 1145 2492 quam
1191 2421 1393 2478 relictis
1433 2422 1702 2479 illecebris
1741 2432 2010 2494 tempora.

434 2514 575 2570 libus
599 2524 805 2570 tctcrna
837 2523 1076 2571 mercata
1111 2522 1197 2569 cst
1225 2513 1279 2569 in
1306 2514 1479 2570 emiis.

509 2606 635 2662 Non
668 2607 1003 2678 extinguetur
1031 2608 1087 2661 in
1116 2616 1263 2662 nocte
1291 2606 1525 2663 lucerna.
1550 2608 1749 2663 Eorum
1776 2623 2009 2679 nutuque

434 2699 655 2756 lucerna
676 2707 837 2753 nocte
860 2698 1216 2769 extinguitur,
1266 2698 1359 2768 qui
1389 2699 1532 2755 sicut
1577 2699 1839 2755 Dominus
1878 2701 1957 2755 ait
1991 2718 2004 2754 :

434 2790 516 2845 Ad
545 2798 746 2861 tempus
769 2789 1006 2854 credunt,
1037 2799 1084 2843 et
1109 2790 1177 2843 ad
1203 2800 1402 2861 tempus
1420 2793 1724 2848 tentationis
1742 2793 2005 2848 recedunt.
2058 2838 2061 2847 ,

436 2879 542 2935 Sed
577 2888 635 2934 et
654 2880 867 2935 illorum
891 2888 1048 2935 nocte
1075 2881 1249 2936 media
1278 2881 1625 2954 extinguetur
1649 2883 1890 2950 lucerna,
1913 2885 2007 2954 qui

432 2970 680 3026 veniente
701 2968 907 3039 judice,
935 2970 1111 3026 oleum
1133 2971 1423 3027 charitatis
1439 2973 1493 3026 iu
1520 2974 1664 3029 vasis
1680 2975 2009 3044 pnecordin-

2116 1871 2305 1929 Vestiti
2357 1875 2624 1946 sapienja
2677 1878 2746 1931 ad
2803 1878 3107 1936 tolerandas
3136 1897 3425 1952 pravorum
3456 1886 3701 1951 hostium

2113 1979 2340 2033 pugnas.
2377 1965 2502 2020 Sive
2530 1966 2701 2023 inditi
2729 1978 2855 2023 sunt
2888 1970 3171 2028 domestici
3193 1973 3444 2029 Ecclesia:
3490 1967 3695 2046 duplici

2113 2066 2286 2119 ves¢e,
2323 2072 2429 2109 una
2458 2058 2659 2125 operis,
2692 2058 2859 2114 altera
2886 2063 3104 2129 mentis,
3131 2064 3185 2117 id
3213 2072 3318 2130 est,
3341 2064 3464 2121 fidei
3491 2074 3547 2120 et
3570 2072 3697 2139 ope-

2114 2144 2338 2209 rationis
2364 2186 2378 2211 ,
2417 2155 2476 2200 et
2506 2152 2882 2205 sacramentis
2929 2153 3181 2209 videlicet
3215 2156 3299 2209 sui
3333 2157 3694 2227 redemptoris

2113 2234 2302 2290 imbuti
2323 2277 2338 2301 ,
2377 2245 2433 2292 et
2461 2236 2733 2294 informati
2758 2243 3043 2313 exemplis,
3071 2245 3155 2299 vel
3180 2255 3327 2301 certe
3352 2248 3536 2302 vestiti
3566 2258 3693 2304 sunt

2111 2325 2415 2395 duplicibus
2432 2368 2447 2391 ,
2470 2328 2596 2396 quia
2627 2331 3043 2399 promissionem
3077 2332 3281 2389 habent
3307 2336 3433 2390 vita:
3452 2353 3691 2406 praesen-

2112 2417 2182 2473 tis
2199 2428 2254 2473 et
2275 2418 2327 2472 fu
2337 2428 2486 2473 tunc.
2504 2418 2659 2476 Nunc
2677 2422 2729 2476 in
2745 2425 3180 2496 peregrinatione
3194 2428 3476 2497 temporali
3497 2420 3699 2498 adjuti,

2112 2518 2240 2589 tunc
2271 2512 2323 2566 in
2350 2513 2526 2583 patria
2553 2525 2845 2584 perpetua,
2904 2518 2996 2574 ubi
3032 2533 3251 2589 semper
3292 2520 3479 2576 felices
3505 2522 3689 2576 vivant

2110 2586 2283 2670 gratia
2319 2604 2498 2659 divina
2528 2604 2767 2661 allevati.

2182 2692 2544 2765 Stragulutum
2603 2709 2789 2753 vestem
2826 2698 2945 2769 fecit
3002 2701 3118 2754 sibi.
3179 2700 3487 2773 Stragulata
3516 2704 3691 2758 vestis

2109 2800 2227 2852 qtae
2252 2784 2497 2840 variante
2522 2794 2737 2842 textura
2760 2789 2898 2843 solet
2927 2788 3237 2844 firmissima
3272 2792 3488 2856 confici,
3527 2790 3685 2847 fortia

2093 2875 2351 2931 Ecclesia:
2376 2891 2543 2947 opera
2573 2887 2627 2934 et
2656 2878 2870 2933 diversa
2892 2879 3152 2934 virtutum
3177 2890 3496 2936 ornamenta
3517 2881 3683 2952 signi-

2088 2962 2253 3020 -ticat.
2284 2965 2357 3020 De
2381 2968 2578 3037 quibus
2600 2968 2887 3024 Psalmista
2955 2971 3008 3025 in
3057 2970 3270 3026 laudem
3303 2973 3498 3027 summi
3546 2975 3684 3045 regis

432 3077 552 3117 rum
590 3076 812 3117 suorum
845 3076 951 3115 non
998 3060 1298 3117 habebunt.
1333 3060 1550 3118 Sancta:
1583 3078 1713 3119 vero
1752 3064 2006 3121 Ecclesia
2047 3130 2076 3133 Α
2106 3055 2307 3129 cecinit
2328 3058 2550 3115 dicens:
2586 3060 2765 3115 Aslt'tt't
2792 3078 2971 3133 regtna
3002 3079 3034 3115 a
3067 3063 3267 3117 der-tris
3293 3065 3397 3117 luis
3425 3064 3477 3118 in
3500 3067 3683 3119 vestitu

433 3152 649 3208 iuccrna
673 3168 777 3207 non
808 3152 1142 3222 extinguitur
1163 3153 1220 3208 in
1241 3162 1418 3220 nocte,
1442 3155 1568 3224 quia
1592 3170 1716 3210 cum
1739 3170 1769 3209 a
1793 3157 2007 3227 negotio
2035 3130 2078 3191 C
2108 3146 2381 3214 deaurato,
2411 3151 2801 3207 circummuicta
2832 3130 3082 3208 varietate
3107 3154 3280 3225 (Psal.
3307 3153 3479 3225 xciv).

432 3245 684 3316 quiescit,
714 3244 913 3301 actioni
936 3254 1096 3301 vacat
1114 3245 1488 3305 liberiuslucis
1514 3263 1761 3317 superna:
1775 3257 2009 3304 contem-

434 3338 708 3407 plationis.

510 3427 730 3482 Manum
753 3443 904 3481 suam
931 3429 1069 3483 misit
1096 3430 1164 3483 ad
1194 3428 1374 3499 fortia.
1402 3429 1585 3484 Fortia
1619 3429 1751 3485 dicit
1769 3430 2009 3501 perfecta

434 3522 489 3575 in
518 3520 717 3575 Christi
765 3519 1032 3575 charitate
1082 3536 1281 3590 opera,
1330 3529 1389 3576 ut
1438 3521 1554 3591 ipse
1599 3520 1856 3578 Dominus
1884 3522 2001 3578 ait:

435 3612 650 3683 Diligite
695 3611 932 3666 inimicos
958 3622 1177 3676 vestros,
1225 3611 1509 3682 benefacite
1542 3613 1622 3668 his
1649 3614 1739 3684 qui
1787 3614 2007 3671 oderunt

435 3704 543 3771 res,
584 3715 631 3759 et
662 3713 808 3759 orate
857 3722 951 3776 pro
989 3704 1430 3760 culmnniantibus
1481 3715 1529 3760 et
1585 3709 2008 3779 persequentibus

436 3813 521 3850 vos
562 3794 778 3868 (Matth.
803 3795 878 3869 ν).
918 3796 985 3850 Et
1012 3795 1141 3851 illud
1167 3812 1179 3849 ;
1219 3794 1278 3851 Si
1308 3797 1382 3851 vis
1416 3796 1674 3867 perfectus
1700 3815 1833 3866 esse,
1855 3800 2010 3867 vade,

437 3886 596 3941 vende
630 3886 807 3941 omnia
847 3903 964 3957 qua?
1002 3887 1192 3951 habes,
1232 3897 1280 3941 et
1320 3888 1389 3941 da
1429 3891 1744 3960 pauperibus
1780 3889 2005 3963 (Matth.

437 3973 585 4047 xxx).
648 3974 787 4030 Nam
810 3986 866 4030 et
899 3977 965 4032 de
998 3975 1115 4046 ejus
1155 3976 1469 4032 fortitudine
1502 3978 1629 4035 alibi
1678 3980 1811 4050 dicit
1858 3997 1870 4033 :
1909 3978 2008 4032 Re-
2063 4030 2067 4045 ,

364 4112 379 4123 μ
435 4080 594 4133 guunt
622 4062 868 4119 caelorum
895 4065 995 4118 vim
1025 4066 1227 4136 patitur
1245 4105 1260 4132 ,
1303 4076 1351 4121 et
1378 4066 1587 4122 violenti
1637 4069 1846 4140 rapiunt
1874 4066 2008 4121 illud

437 4154 453 4218 (
476 4151 666 4209 Matth.
697 4152 797 4227 x1).
896 4166 907 4175 ‘

506 4244 576 4299 Et
625 4244 777 4319 digiti
822 4246 938 4316 ejus
986 4248 1433 4318 appreltenderunt
1475 4249 1671 4319 fusum.
1704 4247 1891 4304 Solent
1931 4246 2010 4301 fe-

434 4336 594 4392 mina:
613 4345 801 4391 nentes
833 4335 1010 4392 fusum
1038 4337 1092 4392 in
1117 4339 1367 4406 dextera,
1389 4339 1565 4395 colum
1592 4348 1776 4395 tenere
1801 4339 1852 4392 in
1878 4336 2009 4392 sini-

436 4433 567 4480 stra.
595 4424 652 4479 ln
697 4424 819 4481 colo
867 4427 1012 4482 enim
1062 4426 1185 4482 lana
1238 4428 1473 4484 involuta
1504 4436 1613 4493 est,
1643 4443 1762 4499 qua:
1793 4427 1880 4480 filo
1911 4425 2008 4478 du-

434 4513 638 4579 cenda,
677 4514 851 4571 uendo
881 4515 1079 4572 transit
1100 4516 1151 4572 in
1183 4515 1382 4573 fusum.
1426 4518 1625 4572 Dextra
1669 4516 1837 4570 vitam
1887 4529 2007 4585 per-

438 4598 649 4672 petuam
677 4646 694 4673 ,
730 4606 861 4661 lazva
890 4608 1180 4678 prtesentia
1210 4608 1306 4664 Dei
1365 4608 1505 4665 dona
1554 4607 1823 4678 significat
1845 4648 1859 4673 ,
1904 4608 2008 4661 hoc

438 4707 558 4763 est,
598 4695 929 4768 opulentiam
957 4710 1143 4753 rerum
1169 4738 1184 4763 ,
1221 4712 1409 4769 pacem
1458 4705 1755 4766 temporum
1785 4737 1800 4759 ,
1837 4696 2010 4765 sospi-

436 4801 599 4846 tatcm
654 4805 943 4862 corporum
970 4830 987 4857 ,
1026 4790 1310 4846 scientiam
1330 4786 1753 4858 Seripturarum.
1786 4785 1908 4843 llaec
1954 4795 2009 4842 et

433 4888 629 4944 similia
658 4886 801 4943 bona
837 4902 963 4941 eum
1012 4885 1122 4941 Deo
1151 4884 1418 4954 largiente
1468 4882 1816 4951 percipimus,
1850 4883 2004 4952 quasi

434 4979 611 5035 lanam
641 4980 762 5038 colo
788 4978 1084 5036 involutam
1121 4974 1174 5028 in
1200 4971 1333 5028 laeva
1359 4979 1652 5042 gestamus.
1680 4971 1753 5027 At
1786 4989 1909 5026 eum
1939 4989 2000 5028 ea

428 5085 529 5141 pro
551 5084 736 5125 amore
756 5056 1059 5123 cmlestium
1089 5072 1345 5117 exercere
1368 5058 1674 5129 incipimus,
1693 5058 1802 5127 jam
1827 5060 2004 5127 lanam

431 5162 557 5236 agni
586 5156 917 5217 immaculati
955 5155 1021 5210 de
1057 5153 1176 5209 colo
1223 5152 1279 5207 in
1308 5150 1511 5219 fusum,
1550 5152 1603 5206 id
1642 5161 1744 5219 est,
1774 5153 1841 5208 de
1869 5153 2003 5212 lznva

432 5254 486 5309 in
518 5253 767 5307 dextram
790 5243 1122 5314 trajicimus,
1141 5242 1268 5314 quia
1301 5242 1368 5298 de
1387 5240 1545 5298 donis
1581 5243 1756 5298 nostri
1770 5243 2003 5299 Redem-

430 5341 627 5412 ptoris,
657 5339 723 5393 de
747 5333 1007 5404 exemplis
1036 5347 1259 5403 operum
1284 5331 1424 5404 ejus,
1474 5331 1667 5389 stolam
1708 5335 1864 5389 nobis
1893 5333 2005 5403 glo-

431 5430 527 5485 ria:
568 5425 808 5484 cmlestis
834 5441 899 5481 ac
924 5432 1128 5480 vestem
1154 5422 1434 5480 charitatis
1455 5429 1510 5481 et
1538 5423 1831 5494 nuptialem
1873 5424 2006 5479 faei-

432 5535 573 5577 tnus.
605 5517 771 5592 Digiti
801 5530 1034 5586 namque
1060 5514 1257 5585 quibus
1277 5514 1679 5586 apprehendere
1707 5512 1885 5569 fusum
1920 5515 2003 5569 di-

432 5608 594 5679 citur,
622 5612 793 5684 ipsam
821 5607 1179 5665 intentionem
1197 5604 1540 5666 discretionis
1571 5622 1734 5662 ouam
1774 5607 2002 5677 quisque

432 5713 684 5771 operatur
714 5703 1010 5759 insinuant.

2178 3237 2377 3308 Byssus
2423 3248 2470 3294 et
2527 3257 2762 3312 purpura
2816 3242 3174 3297 indumentum
3210 3244 3346 3312 ejus.
3393 3243 3594 3314 Byssus
3630 3244 3682 3299 in

2107 3331 2357 3388 castitate
2386 3348 2533 3403 pura:
2555 3335 2985 3390 conversationis
3008 3377 3023 3401 ,
3065 3352 3304 3407 purpura
3339 3336 3395 3390 in
3423 3336 3683 3391 effusione

2107 3424 2331 3491 pretiosi
2376 3412 2672 3495 sanguinis.
2716 3423 2853 3482 Hinc
2894 3426 3039 3479 enim
3066 3425 3288 3495 pulchre
3312 3425 3514 3480 dictum
3546 3435 3631 3479 est
3651 3441 3685 3478 a

2107 3516 2351 3588 patribus
2374 3557 2389 3581 ,
2427 3517 2555 3587 quia
2618 3525 2805 3571 sancta
2846 3516 3087 3572 Ecclesia
3123 3517 3415 3572 electorum
3465 3514 3682 3571 ﬂoribus

2107 3626 2341 3667 vernans
2373 3610 2425 3664 in
2472 3624 2608 3680 pace
2662 3610 2826 3666 habet
2858 3609 3001 3675 lilia,
3045 3609 3098 3664 in
3146 3609 3288 3665 bello
3313 3624 3487 3663 rosas.
3521 3608 3688 3680 Bysso

2106 3717 2236 3773 ergo
2266 3700 2504 3756 induitur
2539 3699 2812 3765 Ecclesia,
2853 3716 2976 3755 cum
3005 3702 3277 3773 castigant
3323 3716 3551 3771 corpora
3580 3715 3677 3753 sua

2107 3791 2285 3855 electi,
2312 3799 2365 3845 et
2399 3790 2647 3845 servituti
2675 3790 2988 3860 subjiciunt,
3018 3807 3255 3863 purpura
3284 3807 3405 3847 cum
3437 3792 3681 3847 eamdem

2106 3882 2496 3937 continentiam
2523 3897 2632 3936 non
2667 3883 2737 3937 ob
2762 3883 3004 3939 favorem
3032 3884 3213 3954 vulgi,
3244 3884 3338 3955 sed
3367 3898 3467 3953 pro
3501 3883 3680 3951 acqui-

2107 3974 2273 4027 renda
2298 3972 2631 4026 beatitudine
2664 3973 2815 4042 regni
2845 3973 3098 4042 perennis
3126 3981 3403 4027 exercent.

2181 4063 2386 4118 Nobilis
2416 4065 2471 4117 in
2492 4064 2656 4132 portis
2681 4064 2760 4117 vir
2784 4063 2919 4134 ejus.
2961 4064 3056 4118 Vir
3082 4074 3280 4119 sancta:
3322 4064 3573 4120 Ecclesia:
3600 4064 3686 4118 vel

2106 4153 2477 4223 cujuscunque
2505 4152 2699 4208 anima:
2747 4152 2919 4208 fidelis
2953 4153 3215 4208 Dominus
3245 4163 3357 4219 est,
3400 4157 3496 4224 qui
3540 4157 3683 4210 vide-

2107 4243 2265 4297 batur
2305 4243 2583 4315 ignobilis,
2628 4257 2752 4298 cnm
2807 4252 2934 4299 ante
2965 4243 3195 4298 tribunal
3230 4246 3481 4315 praesidis
3513 4259 3683 4303 staret

2102 4336 2447 4406 iudicandus,
2478 4352 2599 4391 cum
2657 4336 2881 4409 probra,
2917 4336 3145 4409 flagella,
3197 4346 3386 4409 sputa,
3439 4356 3682 4407 crucem,

2111 4435 2455 4496 mortemque
2497 4427 2815 4498 susciperet,
2873 4429 2965 4483 scd
3011 4428 3207 4483 nobilis
3253 4430 3536 4500 apparebit
3560 4446 3683 4486 cum

2110 4519 2319 4574 venerit
2334 4517 2677 4587 judicaturus
2701 4517 2887 4573 orbem
2911 4518 2965 4573 in
3002 4518 3277 4588 tequitate,
3305 4527 3359 4574 et
3380 4535 3570 4574 omnes
3592 4536 3683 4574 an-

2106 4606 2208 4678 geli
2232 4622 2355 4663 cum
2383 4621 2468 4673 eo,
2492 4615 2547 4662 et
2563 4613 2689 4664 tunc
2711 4608 3185 4679 congregabantur
3203 4616 3329 4663 ante
3350 4623 3472 4663 eum
3494 4623 3687 4664 omnes

2106 4704 2294 4769 gentes
2325 4695 2475 4768 (Luc.
2504 4713 2597 4752 xxx
2624 4696 2665 4769 ).

2180 4783 2404 4851 Quando
2431 4786 2622 4840 sederit
2654 4803 2771 4840 cum
2809 4786 3136 4842 senatoribus
3166 4797 3336 4842 terrm.
3384 4787 3503 4859 Ipse
3538 4791 3688 4844 enim

2106 4877 2199 4948 qui
2224 4892 2368 4932 nunc
2405 4878 2833 4934 contemnendus
2858 4886 3079 4947 putatur
3113 4893 3145 4932 a
3193 4878 3375 4932 multis
3405 4919 3420 4943 ,
3457 4881 3685 4950 paganis

2107 4965 2387 5036 videlicet,
2416 4963 2641 5032 Judteis,
2690 4966 2983 5031 hmreticis,
3035 4967 3149 5022 sive
3185 4982 3350 5038 prave
3376 4967 3689 5022 viventibus

2107 5057 2463 5123 Christianis,
2496 5057 2587 5112 ubi
2635 5054 2821 5113 saeculi
2857 5057 2980 5112 finis
3023 5055 3298 5123 adfuerit,
3349 5056 3440 5111 ubi
3472 5057 3659 5129 ingres

2110 5166 2227 5207 sum
2256 5154 2445 5221 patria:
2478 5151 2714 5207 caelestis
2755 5151 3049 5221 aperuerit,
3082 5150 3268 5206 electis
3297 5151 3507 5206 cunctis
3532 5160 3688 5220 pate—

2109 5244 2210 5309 bit,
2243 5243 2437 5299 nobilis
2467 5250 2521 5299 et
2570 5242 2814 5299 sublimis
2843 5283 2859 5309 ,
2924 5243 3119 5298 sedens
3158 5256 3282 5297 cum
3338 5243 3689 5299 senatoribus

2110 5342 2271 5390 terra:
2289 5374 2304 5399 ,
2337 5332 2443 5389 illis
2477 5332 2763 5399 videlicet,
2797 5332 2997 5403 quibus
3021 5331 3137 5403 ipse
3161 5331 3431 5401 promittit
3450 5331 3636 5387 dicens
3665 5348 3680 5386 :

2106 5426 2270 5480 Antea
2297 5426 2413 5480 dico
2443 5424 2605 5492 vobis,
2633 5425 2756 5495 quia
2783 5440 2873 5479 vos
2896 5425 2985 5496 qui
3005 5424 3167 5478 secuti
3189 5425 3311 5477 estis
3332 5439 3435 5491 me,
3462 5425 3519 5477 in
3544 5438 3687 5494 rege-

2107 5516 2397 5581 ncratione,
2412 5532 2529 5570 cum
2556 5511 2908 5570 sederitFifius
2924 5515 3150 5569 hominis
3174 5514 3227 5567 in
3249 5513 3370 5568 sede
3392 5514 3689 5584 majestatis

2103 5628 2237 5678 suae,
2260 5610 2500 5667 sedebitis
2525 5619 2572 5665 et
2597 5626 2686 5664 vos
2717 5626 2873 5683 super
2905 5609 3049 5664 sedes
3076 5607 3351 5662 duodecim
3377 5607 3686 5677 iudicantes
3750 5608 3755 5613 ’

2103 5701 2376 5757 duodecim
2400 5700 2563 5755 tribus
2590 5697 2759 5755 Israel
2780 5699 2993 5774 (Matth.
3021 5699 3157 5772 nx).
