3952 6446
307 340 410 394 ίὲί)

1110 334 1624 394 COLLECTIONES
1665 334 1730 389 lN
1768 332 2144 391 EPISTULAS
2186 334 2273 388 ET
2314 332 2722 387 EVANGELIA.

3458 328 3561 380 430

378 450 662 505 Sindonrm
692 448 810 519 fecit
834 457 879 502 et
910 446 1160 500 vendidit.
1199 447 1257 500 lu
1283 447 1451 500 linteo
1495 444 1737 499 sindouis
1763 444 1891 497 sub-
1918 443 1966 501 Λ
1994 447 2178 505 caret,
2219 438 2373 519 cujus
2403 438 2707 508 exetnplum
2738 436 3039 491 clementia:
3062 437 3142 492 ab.
3163 436 3277 505 ipso
3333 436 3428 489 Dei
3482 451 3571 487 sa-

310 540 420 597 tilis
466 539 693 594 intextio
721 539 966 608 signatur
1006 545 1207 593 sancta:
1237 535 1667 606 praedicationis,
1700 534 1753 587 in
1783 548 1889 603 qua

310 630 548 690 molliter
576 629 910 699 quiescitur.
964 630 1091 697 quia
1127 642 1281 682 mens
1316 628 1370 681 in
1404 626 1494 680 illa
1527 624 1762 680 ﬁdelium
1794 637 1891 693 Spe

311 736 545 795 superna
571 718 868 776 refovetur.
919 718 1074 774 Unde
1117 725 1171 772 et
1223 717 1384 773 Petro
1416 715 1670 770 animalia
1703 714 1757 768 in
1792 713 1891 767 lin-

310 823 398 872 teo
429 814 870 869 demonstrantur
911 807 1049 882 (Αέι.
1084 806 1162 879 x),
1222 807 1346 876 quia
1400 813 1744 877 peccatorum
1776 802 1893 855 ani-

315 921 413 960 mm
439 902 862 959 misericorditer
891 911 1218 971 aggregatte,
1251 902 1305 952 in
1329 897 1525 953 blanda
1558 896 1681 950 ﬁdei
1711 895 1893 965 quiete

312 995 682 1051 continentur.
714 990 869 1047 Hanc
912 1006 1042 1059 ergo
1072 985 1624 1044 sindouemEcclesia
1664 985 1793 1041 fecit
1840 993 1895 1038 et

311 1084 571 1150 vendidit,
608 1083 735 1153 quia
772 1081 963 1145 ﬁdem,
999 1096 1160 1150 quam
1192 1078 1467 1134 credendo
1492 1084 1777 1142 texuerat,
1816 1074 1894 1128 lo-

314 1176 526 1245 quendo
556 1174 725 1240 dedit,
754 1181 809 1229 et
837 1173 906 1227 ab
929 1170 1233 1225 inﬁdelibus
1263 1169 1431 1222 vitam
1478 1175 1641 1222 recta:
1668 1180 1895 1221 conver-

312 1264 540 1319 sationis
570 1263 797 1333 accepit.

391 1352 455 1406 Et
482 1331 747 1423 cingulum
804 1350 1021 1404 tradidit
1063 1348 1389 1404 Chanana’o.
1441 1345 1747 1401 Chanameo
1781 1331 1918 1399 ciu?

316 1444 501 1516 gulum
533 1441 753 1498 tradidit
793 1439 1028 1497 Ecclesia
1051 1480 1066 1506 ,
1106 1439 1228 1509 quia
1266 1454 1363 1508 per
1401 1438 1643 1508 vigorem
1674 1435 1897 1490 demon-

316 1542 507 1590 strata:
545 1532 774 1603 iustitiae
829 1531 973 1587 ﬂuxa
1026 1546 1192 1601 opera
1247 1529 1562 1601 gentilitatis
1621 1526 1891 1599 astringit.

326 1624 394 1681 Ut
415 1625 519 1679 hoc
542 1624 684 1693 quod
718 1621 883 1677 verbo
936 1620 1250 1691 praccipitur
1280 1659 1295 1684 ,
1334 1617 1568 1672 vivendo
1604 1624 1854 1671 teneatur
1879 1655 1894 1681 ,

320 1723 382 1769 ut
419 1714 549 1768 illud
588 1731 600 1766 :
636 1711 755 1767 Sint
791 1710 955 1764 lumbi
990 1710 1142 1764 vestri
1167 1708 1458 1779 prtecincti,
1487 1716 1533 1760 et
1560 1706 1789 1759 lucerna:
1809 1721 1897 1758 ar-

1990 530 2193 600 picntia
2224 528 2451 583 Domino
2479 538 2534 583 et
2559 528 2841 583 Salvatore
2867 534 3054 580 nostro
3093 526 3379 581 manifeste
3431 539 3569 594 pur.-

1989 620 2204 689 cipitur,
2231 634 2354 673 cum
2384 618 2566 673 oblata
2593 620 2643 672 ei
2697 617 2999 688 peccatrice
3026 616 3254 671 muliere
3282 633 3295 647 ι
3331 614 3394 671 Si
3423 616 3564 685 quis,

1991 711 2184 781 inquit,
2214 712 2326 765 sine
2345 717 2556 780 peccato
2577 719 2673 773 est,
2705 709 2907 779 primus
2933 710 2989 762 in
3009 707 3157 762 illam
3182 706 3412 779 lapidem
3437 707 3566 761 mit-

1992 810 2067 854 tat
2103 800 2283 871 (Joan.
2314 798 2479 867 vin);
2542 806 2597 853 et
2647 798 2728 853 sic
2757 813 2873 852 eam
2911 814 2942 851 a
2997 797 3221 852 crimine
3248 837 3263 864 ,
3303 798 3444 868 quod
3475 812 3571 868 pa-

1995 899 2193 955 tratur,
2218 892 2317 945 sub
2340 872 2654 944 conditione
2667 888 2897 959 amplius
2920 902 3023 942 non
3044 889 3325 957 peccandi,
3349 896 3570 945 misera-

1996 992 2081 1036 tus
2102 980 2350 1036 absolvit.

2064 1073 2425 1128 Consideravit
2450 1072 2663 1126 semitas
2685 1071 2876 1125 donius
2902 1086 3044 1136 sure,
3095 1080 3143 1125 et
3185 1087 3372 1142 panem
3399 1072 3568 1126 otiosa

1995 1180 2099 1219 non
2156 1160 2395 1217 comedit.
2460 1160 2644 1216 Otiosa
2693 1175 2889 1230 panem
2950 1176 3057 1215 non
3106 1162 3381 1230 comedit,
3441 1163 3571 1233 quia

1994 1255 2098 1311 hoc
2134 1255 2277 1325 quod
2307 1254 2375 1309 de
2426 1268 2582 1309 sacro
2608 1251 2826 1322 eloquio
2864 1251 3210 1322 intelligendo
3241 1253 3570 1323 perceperit,

1995 1356 2121 1402 ante
2142 1346 2330 1401 aeterni
2352 1344 2551 1415 judicis
2572 1345 2758 1400 oculos
2783 1344 3088 1401 exhibendo
3113 1346 3368 1416 operibus
3394 1356 3574 1403 osten-

1994 1439 2092 1493 dit.
2121 1437 2253 1493 ltem
2284 1438 2476 1493 domus
2502 1435 2747 1491 mulieris
2781 1435 2954 1501 fortis,
2984 1435 3246 1490 habitatio
3274 1444 3361 1492 est
3385 1439 3574 1508 patria:

1996 1527 2236 1583 caelestis
2269 1545 2281 1580 :
2314 1526 2522 1582 semitm
2559 1526 2749 1580 domus
2789 1524 2935 1581 illius
2984 1533 3254 1597 prtecepta
3302 1525 3528 1596 justititc
3558 1570 3573 1595 ,

1997 1620 2192 1688 quibus
2252 1618 2320 1672 ad
2368 1625 2628 1672 aeternam
2680 1614 2805 1669 vitre
2856 1616 3193 1672 mansionem
3236 1618 3573 1688 pervenitur.

1998 1711 2144 1777 Quas
2189 1707 2435 1778 profecto
2463 1705 2689 1761 semitas
2733 1705 2911 1760 anima
2934 1706 3075 1761 bene
3095 1707 3421 1772 considerat,
3452 1723 3575 1763 cum

317 1810 499 1865 dentes
526 1808 816 1880 (Luc.xu).
864 1807 1008 1861 Bene
1028 1806 1229 1862 etenim
1255 1804 1473 1858 nomine
1495 1799 1770 1863 Chanaan,
1804 1797 1896 1868 qui
1926 1814 1971 1871 Β
2000 1808 2054 1854 et
2079 1798 2366 1870 diligenter
2411 1795 2606 1866 quibus
2643 1796 2858 1852 actibus
2904 1796 2972 1855 ad
3017 1810 3253 1866 superna
3293 1798 3580 1866 pervenire

321 1907 378 1954 et
403 1898 455 1952 in
486 1896 763 1969 gentilium
803 1904 887 1951 est
915 1895 1111 1966 populo
1150 1899 1469 1964 procreatus
1493 1931 1507 1957 ,
1556 1897 1612 1945 et
1638 1890 1901 1958 interpre—
2002 1890 2196 1945 debeat
2222 1888 2462 1958 inspicit,
2502 1897 2560 1942 et
2586 1902 2709 1956 quas
2737 1887 2942 1958 agenda
2972 1887 3181 1952 didicit,
3209 1887 3395 1942 sedula
3425 1903 3584 1944 excr-

324 1996 469 2043 tatur
495 1995 878 2044 commutatus.
916 1999 1178 2041 conversa
1208 1983 1276 2039 ad
1309 1981 1469 2037 ﬁdem
1510 1979 1784 2051 gentilitas
1815 1979 1903 2035 de-
2000 1997 2125 2037 cere
2172 1996 2280 2036 non
2337 1980 2569 2035 desinat.
2635 1979 2839 2035 Panem
2882 1994 3099 2050 quoque
3130 1981 3308 2037 otiosa
3345 1997 3454 2037 non
3492 1998 3587 2039 co-

321 2080 588 2149 signatur.
624 2077 754 2145 Quae
792 2076 1109 2132 felicissima
1146 2074 1624 2132 commutationes
1656 2070 1804 2127 vitiis
1835 2072 1903 2127 ad

323 2169 576 2233 virtutes,
607 2184 637 2222 a
665 2166 880 2222 diabolo
914 2165 1326 2236 transmigravit
1388 2163 1455 2218 ad
1506 2162 1813 2226 Christum,
1850 2169 1906 2214 et

322 2260 606 2329 impletum
633 2268 719 2315 est
748 2257 877 2313 illud
903 2257 1217 2313 vaticinium
1256 2254 1448 2326 psalmi
1475 2272 1488 2309 :
1518 2253 1678 2319 Audi,
1696 2253 1836 2323 ﬁlia,
1859 2261 1906 2305 et

324 2350 461 2416 ride,
490 2363 538 2403 et
579 2348 773 2403 inclina
820 2363 1001 2401 aurem
1053 2357 1197 2401 tuam
1225 2356 1273 2401 et
1325 2344 1623 2400 obliviscere
1657 2342 1906 2414 pupulum

325 2450 494 2504 tuum,
528 2441 580 2494 id
608 2448 708 2505 est,
734 2439 866 2493 vitia
902 2447 958 2493 et
1000 2445 1225 2508 peccata
1252 2478 1267 2502 ,
1298 2446 1346 2491 et
1375 2435 1592 2490 domum
1631 2434 1802 2504 patris
1827 2432 1905 2486 tui

327 2529 501 2605 (Psal.
553 2531 724 2603 κων),
762 2531 816 2585 id
841 2539 946 2596 est,
990 2529 1162 2584 hostis
1197 2528 1405 2599 antiqui
1428 2536 1469 2593 ,'
1498 2533 1554 2580 et
1598 2524 1679 2581 sic
1710 2539 1909 2580 concu-

327 2623 501 2693 piscet
523 2621 773 2676 Christus
802 2635 897 2675 rex
926 2620 1176 2675 decorem
1206 2628 1380 2674 tuum.

404 2712 682 2768 Fortitudo
708 2722 757 2766 et
782 2711 942 2766 decor
972 2711 1336 2766 indumentum
1363 2712 1501 2781 ejus.
1531 2708 1815 2765 Fortitudo
1839 2709 1909 2762 ad

327 2803 662 2859 tolerandam
697 2816 1073 2871 pervcrsorum
1137 2800 1563 2870 improbitatem.
1638 2798 1813 2852 Decor
1841 2798 1909 2852 ad

328 2893 690 2948 exercendam
718 2891 977 2946 virtutum
1008 2890 1263 2961 gratiam.
1297 2889 1602 2952 Fortitudo,
1634 2887 1763 2958 quia
1787 2901 1911 2957 per—

330 2984 667 3039 secutionem
698 2982 905 3053 patitur
950 2989 1174 3053 propter
1210 2979 1499 3050 justitiam.
1559 2980 1734 3034 Decor
1784 2979 1910 3048 quia

329 3072 891 3145 operaturjustitiam.
926 3073 1168 3128 Similem
1207 3072 1335 3127 huic
1387 3071 1712 3127 sententiam
1761 3069 1911 3125 Psal-

2006 2073 2207 2138 mcdit,
2244 2086 2367 2127 cum
2427 2070 2755 2127 sacriﬁcium
2807 2072 3064 2127 dominici
3120 2074 3364 2144 corporis
3412 2075 3587 2145 perci-

2003 2165 2191 2234 piens,
2230 2164 2414 2220 studet
2443 2164 2647 2219 imitari
2677 2172 2799 2219 actu
2826 2205 2838 2228 ,
2882 2164 3026 2236 quod
3059 2165 3114 2219 in
3159 2165 3465 2222 ministerio
3486 2181 3584 2222 ce-

2007 2258 2180 2312 lebrat
2200 2298 2216 2322 ,
2250 2256 2478 2311 multum
2507 2256 2738 2311 sollicita
2759 2296 2774 2323 ,
2810 2272 2879 2311 ne
2898 2256 3118 2327 indigne
3142 2270 3336 2327 panem
3372 2257 3586 2313 Domini

2007 2348 2338 2403 comedenda
2409 2356 2466 2403 et
2528 2346 2753 2402 calicem
2830 2346 3063 2401 bibendo
3090 2384 3107 2412 ,
3161 2346 3424 2419 judicium
3480 2348 3585 2403 sibi

2009 2441 2299 2496 manducet
2337 2448 2392 2495 et
2421 2440 2572 2495 bibat
2616 2438 2671 2512 (I
2694 2438 2815 2494 Cor.
2836 2434 2933 2506 st).
2976 2435 3084 2495 Sed
3112 2448 3172 2494 ut
3205 2440 3460 2511 patiendo
3485 2456 3588 2512 pro

2008 2533 2246 2600 Christo,
2285 2533 2553 2606 lacrymas
2576 2532 2871 2598 fundendo,
2917 2531 3075 2587 bonis
3129 2546 3345 2602 quoque
3373 2534 3586 2588 actibus

1912 2626 1917 2631 ’
2010 2624 2331 2689 insistendo,
2360 2623 2672 2694 passionum
2690 2621 2937 2693 exempla
2966 2615 3137 2691 ipsius
3151 2631 3416 2692 quantum
3446 2623 3590 2680 valet

2009 2724 2285 2787 sequatur.
2343 2714 2530 2770 Potest
2556 2722 2613 2769 et
2639 2713 2958 2784 simpliciter
2994 2714 3190 2784 accipi,
3226 2715 3355 2785 quia
3386 2729 3589 2785 panem

2009 2808 2183 2863 otiosa
2212 2822 2320 2861 non
2349 2806 2584 2861 comedit
2638 2805 2830 2860 mulier
2875 2805 3054 2871 fortis,
3081 2804 3240 2874 juxta
3293 2806 3422 2861 illud
3446 2807 3593 2879 Apo-

2010 2898 2132 2954 stoli
2160 2916 2173 2951 :
2207 2896 2312 2963 Qui
2339 2912 2441 2950 non
2473 2904 2740 2963 operatur,
2778 2912 2871 2949 nec
2906 2895 3185 2950 manducet
3230 2896 3314 2965 (Il
3353 2896 3589 2953 Thcssal.

2012 2994 2118 3068 ut),
2146 3002 2201 3049 et
2221 2994 2337 3063 ipse
2362 2993 2428 3048 de
2455 3006 2515 3046 se
2548 3010 2561 3044 :
2624 2989 2885 3056 Quoniam
2908 2990 2977 3044 ad
3004 3006 3066 3044 ea
3084 3031 3100 3056 ,
3146 3006 3264 3062 quae
3293 2992 3421 3046 mihi
3463 3008 3593 3064 opus

2010 3096 2183 3153 erant,
2209 3095 2258 3142 et
2281 3087 2362 3141 his
2415 3088 2506 3158 qui
2553 3102 2757 3141 mecum
2793 3095 2911 3141 sunt
2940 3087 3365 3141 ministraverqu
3406 3104 3594 3143 manus

333 3164 598 3220 "lism'de
633 3163 859 3219 Domino
885 3163 1065 3235 1’05"“
1090 3164 1309 3229 dicens:
1350 3161 1603 3216 θοηιίηῑιδ
1648 3159 1905 3253 τεθηξῖυίέν
1936 3173 1979 3235 C
2013 3181 2127 3235 ista:
2156 3179 2294 3253 (Act.
2324 3182 2441 3252 xx).
2487 3179 2641 3236 Unde
2686 3179 2880 3234 merito
2925 3178 3263 3234 luxuriantes
3289 3178 3479 3238 viduas
3502 3196 3596 3236 ar-

332 3256 569 3311 decorem
599 3256 769 3311 induit
793 3270 811 3307 :
835 3256 1002 3310 induit
1044 3255 1297 3309 Dominus
1345 3254 1702 3324 fortitudinem
1733 3251 1905 3325 (Psal.

335 3346 485 3419 κου).
538 3345 674 3402 Cum
702 3346 844 3401 enim
872 3346 1196 3416 pne-dicaret
1246 3344 1507 3399 Dominus
1557 3343 1909 3414 Evangelium

335 3438 518 3508 regni,
547 3437 666 3492 aliis
694 3437 959 3507 placebat,
994 3435 1116 3492 aliis
1158 3436 1508 3507 displicebat;
1540 3434 1632 3489 alii
1672 3435 1810 3490 bene
1838 3434 1915 3488 lo-

336 3528 657 3598 quebantur,
682 3526 771 3581 alii
792 3526 1173 3592 detrahebant,
1198 3526 1531 3590 lacerabant,
1566 3526 1910 3591 mordebant,

336 3620 798 3675 conviciuhantur.
827 3619 910 3674 Ad
943 3636 1037 3675 eos
1063 3634 1210 3691 ergo,
1237 3619 1433 3690 quibus
1457 3618 1722 3689 placebat,
1750 3618 1897 3673 deco

334 3727 447 3766 rem
478 3712 669 3765 induit.
707 3711 788 3767 Ad
819 3727 914 3767 eos
935 3726 1064 3783 ergo
1100 3712 1297 3781 quibus
1324 3711 1675 3782 displicebat,
1701 3708 1913 3765 fortitu-

335 3803 533 3857 dinem.
560 3802 776 3857 Imitare
798 3817 927 3873 ergo
956 3811 1011 3857 tu
1027 3803 1350 3865 Dominum,
1384 3812 1440 3855 ut
1468 3801 1647 3871 possis
1670 3816 1792 3856 esse
1820 3814 1913 3855 ve-

336 3893 434 3947 stis
486 3892 678 3963 ipsins,
738 3901 856 3948 esto
904 3908 1031 3948 eam
1089 3893 1283 3947 decore
1319 3892 1385 3945 ad
1420 3906 1515 3945 eos
1561 3891 1756 3960 quibus
1801 3890 1916 3961 pla-

334 3989 460 4035 cent
499 3982 635 4035 bona
671 3994 835 4051 Opera
871 3989 961 4035 tua
983 4020 997 4044 ,
1039 3988 1157 4035 esto
1192 3978 1350 4034 fortis
1394 3979 1684 4033 adversum
1733 3978 1915 4032 detra-

336 4084 536 4130 ClOl‘CS.

413 4168 478 4221 Et
504 4167 687 4221 ridebit
719 4168 773 4220 in
799 4167 884 4220 die
907 4166 1204 4219 novissnno.
1239 4163 1473 4224 Ridebit,
1501 4162 1555 4215 id
1580 4172 1687 4226 est,
1713 4163 1913 4233 gaude-

335 4261 416 4315 bit
445 4262 498 4314 in
538 4259 891 4313 retributione
930 4257 1079 4326 regni
1130 4255 1403 4321 caelestis,
1441 4271 1560 4325 qua:
1611 4255 1826 4308 dolebat
1860 4255 1912 4308 iu

334 4352 635 4406 certamine
676 4352 799 4404 vitae
844 4349 1147 4419 prmsentis.
1205 4345 1320 4402 Mos
1368 4346 1575 4402 etenim
1630 4346 1914 4415 scriptura:

337 4451 442 4505 est,
470 4456 567 4510 pro
596 4440 792 4511 gaudio
814 4440 982 4494 risum
1010 4453 1232 4508 ponere.
1269 4437 1422 4492 Sicut
1447 4447 1501 4493 et
1520 4438 1776 4493 Dominus
1794 4439 1869 4492 ait
1896 4457 1909 4493 :

2014 3287 2185 3344 guens
2206 3272 2449 3344 adjungit
2482 3291 2495 3327 :
2526 3270 2703 3328 Simul
2727 3280 2903 3326 autem
2947 3280 2997 3326 et
3041 3272 3223 3327 otiosa:
3250 3270 3458 3326 discunt
3483 3273 3595 3327 eir-

2013 3366 2211 3420 oumire
2237 3366 2440 3429 domos,
2474 3382 2577 3419 non
2606 3364 2779 3419 solum
2806 3364 2990 3419 otiosa:
3008 3404 3023 3431 ,
3079 3364 3170 3419 sed
3197 3374 3245 3420 et
3288 3364 3517 3420 verbosa:
3543 3373 3594 3421 et

2014 3457 2237 3511 curiosae
2266 3455 2317 3527 (Ι
2344 3455 2478 3510 Tim.
2506 3455 2585 3527 v).

2086 3545 2439 3602 Surrexeruut
2461 3547 2560 3616 [itii
2583 3546 2696 3617 ejus
2716 3556 2763 3601 et
2788 3546 3138 3602 beatissimam
3160 3547 3597 3618 prtrdicarerum.

2013 3637 2168 3706 Quod
2207 3637 2448 3693 futurum
2491 3653 2589 3709 pro
2612 3646 2765 3692 certo
2795 3645 3038 3705 noverat,
3069 3653 3220 3693 more
3258 3639 3596 3708 prophetico,

2013 3729 2166 3798 quasi
2192 3727 2307 3798 jam
2339 3726 2538 3783 factum
2573 3727 2740 3783 refert
2773 3746 2785 3781 :
2820 3726 3058 3799 Surgunt
3094 3728 3239 3783 enim
3278 3726 3373 3782 ﬁlii
3414 3727 3600 3784 Eccle-

2013 3821 2131 3886 sia),
2165 3821 2434 3885 videlicet,
2459 3836 2649 3874 omnes
2675 3819 2834 3875 electi
2878 3820 2930 3874 in
2959 3820 3257 3876 novissimo
3285 3820 3464 3875 carnis
3494 3820 3598 3874 im-

2014 3911 2346 3966 mortalitate
2373 3910 2583 3975 donati,
2610 3918 2666 3964 et
2695 3918 2824 3966 tunc
2868 3919 3099 3966 matrem
3129 3926 3303 3969 suam.
3347 3926 3467 3982 quae
3506 3927 3602 3967 cos

2014 4018 2082 4057 ex
2112 4017 2252 4071 aqua
2277 4009 2332 4056 et
2359 3999 2569 4071 Spiritu
2612 4010 2802 4059 sancto
2825 4001 2938 4057 Deo
2978 4003 3182 4072 genuit,
3230 4003 3600 4059 beatissimam

2013 4094 2330 4163 pradicant,
2377 4109 2498 4162 qua:
2540 4108 2686 4148 nunc
2729 4095 2799 4149 ab
2838 4094 3162 4161 inﬁdelibus,
3206 4096 3360 4164 quasi
3400 4097 3600 4152 misera

2015 4185 2401 4248 c0atcmnitur,
2436 4194 2491 4237 et
2524 4200 2583 4238 re
2610 4201 2737 4240 vera
2757 4226 2772 4249 ,
2803 4186 2944 4241 sicut
2970 4184 3264 4256 Apostolus
3296 4188 3374 4242 ait
3401 4206 3419 4242 τ
3456 4186 3518 4243 Si
3546 4190 3601 4244 in

2016 4276 2113 4328 hac
2144 4276 2245 4329 vita
2286 4285 2491 4329 tantum
2529 4287 2794 4347 sperantes
2824 4279 3087 4333 sumus'in
3117 4277 3347 4346 Christo,
3376 4282 3599 4336 misera-

2016 4366 2223 4422 biliores
2252 4384 2434 4423 smnus
2460 4368 2698 4422 omnibus
2734 4369 3030 4424 hominibus
3066 4368 3119 4442 (I
3148 4367 3273 4425 Cor.
3306 4372 3417 4444 xv).
3463 4372 3600 4441 Quia

2016 4472 2146 4512 vero
2170 4448 2270 4528 pro
2292 4458 2399 4511 vita
2428 4458 2531 4513 alia
2557 4459 2611 4513 in
2639 4459 2891 4529 pra-senti
2919 4461 3235 4529 militamus,
3261 4463 3455 4520 merito
3476 4479 3601 4520 cum

339 4530 488 4584 Beati
518 4529 607 4598 qui
664 4545 801 4583 nunc
843 4529 1019 4599 ﬂetis,
1066 4529 1191 4599 quia
1220 4528 1452 4582 ridebitis
1504 4527 1657 4600 (Luc.
1691 4530 1788 4600 vt).
1845 4531 1911 4585 Et

2022 4551 2334 4622 apparuerit
2369 4551 2498 4621 quid
2541 4550 2767 4618 erimus,
2812 4560 3040 4608 matrem
3083 4563 3324 4609 nostram
3370 4570 3491 4626 qua:
3534 4571 3602 4610 ex

337 4621 529 4676 beatus
552 4619 653 4675 Job
679 4638 693 4675 :
736 4619 808 4675 Os
833 4630 1007 4675 autent
1035 4620 1301 4675 veracium
1340 4618 1621 4689 replebitur
1641 4620 1750 4673 risu

413 4731 485 4788 0s
522 4749 675 4787 suum
724 4731 929 4803 aperuit
984 4730 1273 4802 sapientitr.
1324 4731 1405 4785 Ad
1452 4731 1554 4785 hoc
1602 4739 1813 4786 tantum
1846 4731 1917 4785 lc-

338 4840 532 4896 qucns,
568 4840 631 4879 os
664 4824 902 4894 aperuit,
931 4830 991 4877 ut
1021 4821 1337 4893 sapientiam
1382 4822 1601 4877 doceret
1628 4862 1640 4885 ,
1674 4820 1828 4890 juxta
1860 4822 1917 4877 il-

339 4914 431 4968 lud
455 4911 695 4982 Apostoli
729 4930 741 4964 :
782 4910 965 4965 Omnis
990 4927 1161 4974 sermo
1187 4910 1357 4965 malus
1396 4927 1461 4965 ea:
1490 4927 1578 4965 ore
1616 4927 1699 4964 ves
1727 4928 1784 4966 ro
1810 4928 1912 4966 non

339 5005 606 5075 procedat,
636 5003 727 5057 sed
749 5003 795 5057 si
814 5002 929 5074 quis
958 4987 1122 5056 bonus
1149 5002 1219 5056 ad
1247 5003 1651 5071 mliﬁcutionem
1681 5003 1720 5072 ﬁ
1742 5003 1826 5067 .ei,
1857 5012 1913 5056 ut

340 5096 423 5149 det
460 5095 686 5165 gratiam
724 5093 1057 5149 audientibus
1116 5092 1333 5165 (Epltes.
1362 5092 1474 5165 tv),
1521 5092 1606 5147 vel
1654 5102 1802 5148 certe
1853 5109 1917 5148 os

342 5185 521 5239 cordis
547 5185 759 5254 aperuit
783 5185 847 5240 ad
881 5183 1196 5239 discendam
1223 5182 1292 5237 ab
1320 5183 1437 5252 ipsa
1479 5183 1747 5253 sapientia
1779 5184 1918 5237 inte-

343 5277 459 5333 rius
495 5279 811 5344 veritatem,
850 5293 1015 5348 quam
1044 5276 1181 5332 alios
1224 5275 1372 5331 foras
1400 5277 1661 5341 doceret,
1698 5276 1916 5346 utrique

342 5377 523 5426 autem
543 5370 751 5435 sensui,
770 5371 896 5440 quia
925 5376 1214 5439 utrumque
1234 5366 1366 5423 facit
1387 5367 1642 5432 Ecclesia,
1664 5368 1919 5422 convenit

341 5470 465 5531 apte
498 5462 643 5531 quod
674 5463 919 5530 sequitur
952 5479 966 5515 :

414 5553 483 5606 Et
520 5552 604 5606 lex
633 5552 919 5607 clementia:
945 5552 998 5606 in
1028 5550 1206 5622 lingua
1228 5552 1362 5622 ejus.
1389 5550 1502 5607 Lex
1523 5550 1779 5606 videlicet
1805 5550 1914 5617 illa,

340 5660 460 5715 qum
490 5661 594 5699 non
620 5643 803 5699 statim
834 5659 982 5698 more
1013 5643 1146 5713 legis
1169 5641 1417 5698 Mosaicrc
1444 5650 1733 5713 peccantes
1759 5645 1917 5713 puni-

343 5743 445 5803 ret,
476 5736 569 5790 sed
592 5735 1018 5792 misericorditer
1038 5735 1105 5790 ad
1133 5734 1463 5804 pmnitentizc
1488 5734 1723 5789 remedia
1758 5750 1914 5791 revo-

2020 4643 2272 4698 onmibus
2289 4640 2452 4712 iustis
2478 4643 2727 4710 collecta,
2758 4659 2863 4699 una
2883 4642 3086 4700 Christi
3111 4645 3379 4713 columba,
3404 4662 3601 4718 sponsa

2018 4743 2075 4789 et
2102 4733 2274 4789 amica
2303 4742 2544 4801 vocatur,
2568 4735 2937 4791 beatissimam
2956 4738 3392 4806 pmdicabimus.
3421 4739 3605 4797 Potest

2020 4834 2075 4881 et
2102 4827 2204 4881 hoc
2226 4828 2370 4897 quod
2402 4828 2531 4884 dicit
2560 4845 2574 4883 :
2606 4826 2973 4884 Surrexcrunt
2998 4829 3091 4884 lilii
3112 4829 3250 4901 ejus,
3277 4840 3333 4887 et
3357 4833 3605 4889 beatissi-

2020 4931 2163 4971 mam
2193 4918 2655 4986 praedicaverunt,
2694 4918 2859 4973 etiam
2900 4917 2953 4973 in
2996 4919 3098 4975 hoc
3135 4927 3379 4993 tempore
3406 4938 3605 4980 conve-

2018 5008 2233 5062 nienter
2276 5009 2481 5079 accipi,
2533 5023 2657 5064 cum
2701 5007 2928 5079 quilibet
2977 5008 3216 5066 ﬁdelium
3268 5015 3604 5070 transcensis

2021 5098 2207 5153 sreculi
2230 5097 2488 5155 terumnis
2516 5098 2585 5152 ad
2609 5096 2852 5154 coelestia
2882 5113 3048 5170 regna
3078 5101 3467 5171 perducuntur.
3504 5102 3604 5158 Sc-

2020 5188 2148 5244 dere
2181 5204 2414 5260 namque
2452 5190 2521 5245 ad
2565 5189 3017 5257 humiliationem,
3055 5190 3343 5263 aliquoties
3384 5209 3604 5264 surgere

2020 5281 2086 5334 ad
2126 5279 2352 5351 gloriam
2390 5280 2643 5349 pertinet.
2686 5280 2929 5352 Surgunt
2951 5294 3083 5352 ergo
3111 5280 3208 5337 ﬁlii
3244 5283 3518 5349 Ecclesim,
3549 5294 3607 5340 et

2020 5371 2387 5426 beatissimam
2411 5384 2532 5425 eam
2573 5371 2891 5442 pradicant,
2934 5386 3057 5427 cum
3094 5373 3404 5430 calestibus
3446 5374 3605 5430 bonis

2019 5463 2309 5529 sublimati,
2352 5470 2554 5535 quanta
2593 5464 2666 5520 sit
2706 5464 2850 5520 illius
2890 5464 3083 5535 patriae
3124 5465 3421 5531 beatitudo,
3449 5466 3605 5539 cujus

2017 5555 2309 5626 participes
2341 5570 2462 5612 esse
2502 5563 2820 5611 meruerunt
2859 5556 3149 5624 aspiciunt,
3173 5563 3229 5610 et
3254 5555 3394 5611 hanc
3420 5554 3602 5613 debita

2018 5647 2325 5703 laudatione
2354 5648 2408 5703 in
2434 5648 2611 5704 divina
2639 5648 2845 5703 visione
2865 5646 3258 5702 concelebrant.

2099 5736 2193 5793 Vir
2239 5736 2354 5808 ejus
2398 5747 2446 5791 et
2492 5735 2730 5791 laudabit
2767 5750 2902 5789 eam.
2950 5734 3213 5789 Laudabit
3259 5750 3379 5792 eam
3425 5745 3480 5793 et
3520 5737 3603 5792 vir
