3952 6462
371 300 468 356 ιδι

1646 300 2010 359 SMARAGDI
2047 299 2342 358 ABBATlS

3537 300 3651 356 ΑΖΕ

371 416 542 488 ipsius
568 432 688 471 cum
723 417 881 481 bona,
907 431 1028 486 qua:
1055 418 1168 488 ipse
1191 418 1244 472 in
1267 418 1518 488 praesenti
1542 415 1742 472 saeculo
1763 417 1948 479 donat,
1980 416 2025 473 Α
2055 411 2973 482 posttriturationem,alliictionem
2994 413 3357 478 terrestrium,
3391 417 3457 470 ad
3485 417 3649 471 cmle.

372 512 427 566 in
457 509 641 564 futuro
665 510 1054 574 remunerabit,
1077 511 1264 566 dicens
1287 512 1340 565 in
1364 510 1608 578 judicio:
1644 509 1844 575 Venite,
1873 510 1956 562 be—

370 599 564 656 nedicti
583 599 759 654 Patris
787 601 910 666 mei,
942 601 1189 670 percipite
1224 617 1456 672 regnum,
1487 601 1626 672 quod
1655 601 1796 654 vobis
1822 616 1959 671 prte-

367 701 612 764 paratunt
659 701 734 748 est
781 693 848 746 ab
884 695 1085 763 origine
1125 695 1308 748 mundi
1341 707 1360 745 :
1390 695 1515 764 quia
1553 693 1744 748 esurivi
1778 702 1828 747 et
1865 694 1958 747 de-

368 782 518 836 distis
545 782 671 836 mihi
701 783 1049 848 manducare,
1069 793 1179 839 etc.
1208 784 1564 861 (Hattltxxv).
1601 783 1717 855 Ipse
1739 784 1957 854 quidem

365 873 620 943 primitiae
641 874 1049 940 dormientium,
1083 876 1391 930 resurrexit
1419 891 1449 929 a
1483 877 1733 940 mortuis,
1766 875 1859 931 sed
1898 876 1956 930 in

367 962 454 1017 die
486 961 676 1031 judicii
717 963 1058 1035 manifestius
1089 965 1362 1030 omnibus,
1387 980 1524 1036 quos
1559 981 1658 1021 sua
1689 966 1843 1021 laude
1879 965 1956 1021 di-

365 1065 500 1120 gnos
517 1049 862 1120 iudicaverit,
885 1061 1086 1122 quanta
1109 1055 1181 1110 sit
1197 1055 1440 1122 ejusdem
1472 1071 1585 1111 sum
1607 1057 1956 1111 resurrectio-

367 1142 450 1198 nis
490 1142 660 1214 gloria
692 1145 1106 1199 demonstrabit.
1149 1144 1358 1211 Quibus
1391 1153 1572 1200 autem
1614 1146 1795 1200 verbis
1830 1162 1954 1202 eam

364 1230 544 1286 laudet
565 1240 959 1302 consequenter
975 1234 1300 1288 ostenditur.
1549 1223 1556 1228 ’

438 1322 624 1377 Multa
649 1321 779 1392 [ilice
805 1333 1248 1394 congregaverant
1273 1325 1508 1390 divitias,
1534 1337 1589 1379 tu
1617 1343 1951 1397 supergressa

363 1431 418 1469 es
442 1414 731 1469 universas.
758 1413 954 1471 Multas
973 1415 1112 1471 filias
1133 1415 1402 1473 Ecclesiae
1422 1419 1550 1474 dicit
1573 1420 1951 1478 haereticorum

364 1515 418 1560 et
449 1504 715 1560 malorum
738 1507 927 1562 turbas
947 1507 1372 1574 Catholicorum,
1393 1525 1512 1580 quae
1533 1510 1654 1566 filia:
1673 1513 1950 1584 dicuntur,

364 1584 449 1652 vel
467 1596 698 1662 Christi,
720 1597 805 1654 vel
828 1597 1109 1664 Ecclesiae,
1129 1601 1255 1670 quia
1277 1602 1439 1656 etiam
1473 1603 1604 1674 ipsa:
1638 1613 1764 1659 sunt
1783 1607 1952 1661 domi-

363 1690 502 1746 nicis
532 1701 734 1746 renatae
763 1693 1140 1757 sacramentis,
1164 1704 1219 1748 et
1239 1693 1306 1748 ad
1325 1695 1668 1766 ad0ptionem
1692 1697 1945 1765 ﬁliorum,

360 1797 523 1851 quam
559 1797 666 1837 non
694 1783 968 1838 custodire
1008 1795 1389 1856 perceperunt.
1432 1787 1584 1844 Unde
1618 1797 1674 1844 et
1709 1787 1947 1846 Joannes

361 1874 438 1928 ait
488 1887 504 1927 :
562 1873 638 1930 De
689 1875 835 1929 nobis
882 1876 1158 1942 exierunt,
1204 1877 1294 1931 sed
1343 1894 1446 1932 non
1493 1889 1642 1933 erant
1691 1896 1756 1934 ex
1799 1881 1946 1935 nobis

361 1962 413 2032 (ι
447 1961 610 2018 Joan.
641 1963 734 2035 ιι),
775 1979 896 2034 qua:
929 1976 1396 2036 congregaverant
1430 1968 1664 2034 divitias,
1699 1969 1946 2025 videlicet

360 2057 623 2112 honorum
662 2072 910 2134 operum,
953 2059 1253 2123 orationes,
1285 2058 1518 2130 jejunia,
1551 2059 1942 2133 eleemosynas,

358 2146 731 2210 aﬂlictionem,
783 2157 838 2204 et
882 2150 1260 2205 castimoniam
1305 2152 1507 2216 carnis,
1557 2154 1944 2209 continentiam

357 2235 580 2310 linguae,
603 2238 1006 2296 meditationem
1026 2240 1426 2310 Scripturarum
1443 2282 1458 2307 ,
1489 2251 1593 2297 eic.
1627 2241 1943 2312 llujusmodi

357 2345 478 2400 quae
505 2345 646 2386 vene
676 2339 802 2386 sunt
828 2331 1053 2390 divitiae.
1083 2333 1309 2402 spiritus
1329 2333 1422 2388 ubi
1449 2348 1580 2403 pura
1610 2335 1808 2390 mentis
1832 2336 1944 2391 sin-

356 2422 583 2478 ceritate
612 2433 893 2492 geruntur.
930 2424 1030 2480 Ubi
1062 2433 1241 2479 autem
1283 2425 1399 2480 sine
1437 2427 1540 2481 fide
1579 2442 1699 2496 qua:
1738 2444 1834 2497 per
1862 2429 1942 2484 di-

357 2515 638 2571 lectionem
661 2527 918 2586 operatur
938 2519 1094 2581 liunt,
1112 2517 1244 2572 nihil
1268 2518 1551 2588 agentibus
1572 2529 1815 2590 prosunt.
1835 2520 1941 2577 Sed

354 2615 410 2660 et
439 2605 540 2659 illa;
573 2605 694 2660 filim
726 2605 924 2661 frustra
953 2617 1353 2677 eongrcgarunt
1376 2609 1592 2664 divitias
1611 2651 1625 2674 ,
1655 2611 1720 2666 de
1744 2612 1942 2680 quibus

356 2696 615 2751 Dominus
643 2696 762 2750 ait:
796 2696 952 2751 Multi
992 2698 1164 2752 dicent
1205 2699 1332 2753 mihi
1371 2700 1464 2754 illa
1504 2701 1590 2756 die
1629 2715 1648 2754 :
1693 2702 1939 2774 Domine,

352 2788 596 2854 Domine,
626 2804 794 2843 nonne
823 2789 878 2842 in
908 2790 1115 2843 nomine
1138 2800 1228 2843 tuo
1253 2792 1671 2861 prophetavimus
1691 2805 1740 2849 et
1769 2797 1823 2850 in
1847 2805 1939 2852 tuo

354 2881 562 2934 nomine
590 2879 850 2934 dwmonia
888 2881 1160 2950 eiecimus,
1195 2892 1242 2935 et
1273 2883 1327 2936 in
1359 2892 1449 2936 tuo
1483 2884 1690 2940 nomine
1726 2887 1940 2943 virtutes

351 2969 545 3024 multas
569 2969 809 3038 fecimus,
831 2980 878 3024 et
905 2980 1026 3024 tunc
1057 2971 1338 3039 confitebor
1360 2971 1491 3036 illis,
1515 2974 1640 3044 quia
1670 2991 1937 3047 nunquam

352 3059 468 3114 novi
495 3075 604 3113 vos.
636 3058 739 3113 Sed
761 3075 950 3114 omnes
979 3059 1278 3114 istiusmodi
1305 3060 1442 3117 tilias
1467 3063 1724 3126 Ecclesia
1745 3067 1934 3123 catho-

2060 506 2162 558 stis
2188 504 2336 574 regni
2360 504 2554 574 gaudia
2582 505 2950 568 introducam,
2967 520 3031 558 ac
3057 506 3177 558 vita:
3204 506 3528 562 immortalis
3545 508 3650 563 sibi

2058 596 2260 650 sociam
2284 603 2591 666 aggregent,
2615 594 2770 664 juxta
2794 594 2922 649 illud
2945 595 3326 666 Evangelicum
3352 612 3367 651 :
3395 596 3648 653 Triticum

2057 693 2238 739 autem
2289 694 2597 756 congregate
2625 688 2680 739 in
2725 686 2971 740 horreum
3024 703 3195 740 meum
3244 687 3462 758 (Matth.
3501 691 3646 760 xm).

2056 774 2213 841 Date,
2236 775 2428 845 inquit,
2454 777 2500 830 ei
2531 775 2595 829 de
2627 775 2803 845 fructu
2825 793 3078 830 manuum
3109 794 3349 843 suarum,
3371 779 3496 848 quia
3529 779 3644 834 fru-

2055 876 2204 922 ctum
2241 867 2470 937 spiritus
2507 864 2651 921 ferre
2698 866 2910 920 curavit
2944 867 3266 922 charitatcm
3290 909 3304 933 ,
3356 869 3644 939 gaudium,

2055 971 2267 1026 pacem,
2295 955 2704 1026 benignitatem,
2736 956 3064 1018 bonitatem,
3085 951 3404 1012 modestiam
3422 999 3435 1021 ,
3471 961 3646 1016 conti-

2055 1042 2314 1106 nentiam,
2346 1040 2525 1105 fidem,
2554 1040 2893 1111 patientiam.
2922 1041 3028 1096 Pro
3056 1042 3158 1098 hoc
3187 1042 3260 1097 illi
3292 1043 3530 1100 debitam
3561 1063 3644 1102 re-

2053 1131 2270 1199 pendite
2293 1131 2618 1186 mercedem.
2643 1130 2710 1185 Et
2736 1130 2953 1186 laudent
2975 1147 3095 1187 eam
3119 1134 3171 1188 in
3198 1135 3392 1203 portis,
3417 1136 3518 1192 hoc
3537 1147 3644 1203 est,

2055 1221 2108 1273 in
2131 1219 2356 1287 judicio,
2383 1219 2495 1274 sive
2518 1219 2573 1274 in
2601 1219 2843 1290 ingressu
2869 1221 3055 1291 patria:
3075 1222 3314 1279 caelestis
3337 1241 3443 1280 non
3473 1225 3644 1282 homi-

2055 1327 2180 1365 num
2219 1309 2432 1366 favores
2471 1311 2817 1380 supervacui,
2843 1311 2939 1367 sed
2964 1328 3128 1382 opera
3172 1314 3286 1384 ipsa
3327 1331 3447 1385 qua:
3488 1316 3639 1386 fecit,

2051 1402 2416 1466 examinante,
2449 1402 2731 1471 probante,
2759 1402 2902 1458 hanc
2939 1416 3340 1472 remunerante,
3372 1407 3463 1462 illo
3487 1409 3642 1478 cujus

2052 1496 2168 1550 haec
2192 1496 2426 1551 donante
2450 1495 2621 1566 gratia
2651 1494 2896 1566 perfecit,
2925 1513 2956 1551 a
2981 1513 3090 1568 quo
3112 1508 3172 1553 ut
3199 1499 3404 1554 laudari
3434 1517 3640 1558 merea-

2050 1601 2174 1639 mur
2200 1585 2256 1639 in
2278 1585 2460 1641 futuro
2481 1589 2742 1643 concedat
2767 1588 2880 1658 ipse
2899 1589 3166 1659 propitius
3187 1605 3292 1646 nos
3311 1607 3436 1647 eum
3462 1592 3642 1665 dignis

2051 1677 2106 1731 in
2137 1677 2391 1747 praisenti
2418 1677 2528 1732 vita
2558 1678 2866 1734 collaudare
2892 1680 3147 1735 servitiis.
3178 1681 3374 1738 Amen.

2357 1785 2695 1826 EVANGELIUII
2736 1787 3026 1836 IAT'I'HJ'ZI,
3065 1786 3183 1826 CAP.
3226 1789 3323 1828 XII.

2124 1879 2145 1911 s
2181 1858 2458 1929 Loquente
2483 1875 2548 1915 eo
2573 1860 2642 1914 ad
2671 1861 2879 1915 turbas.
2920 1861 3061 1915 Ecce
3093 1871 3268 1917 mater
3297 1863 3413 1936 ejus
3444 1873 3497 1919 et
3528 1865 3637 1921 fra-

2053 1969 2071 2001 ι
2110 1959 2222 2006 tres
2265 1950 2485 2006 stabant
2527 1950 2662 2006 foris
2692 1961 2997 2022 qumrcutes
3033 1951 3178 2022 loqui
3215 1968 3266 2008 et
3303 1972 3315 2007 :
3358 1955 3504 2011 Dixit
3540 1973 3639 2012 au-

2052 2062 2069 2094 ι
2110 2051 2218 2098 tem
2249 2044 2300 2098 ei
2331 2044 2549 2114 quidam
2583 2062 2596 2098 :
2629 2043 2767 2100 Ecce
2795 2053 2970 2100 mater
3001 2055 3090 2100 tua
3133 2055 3189 2100 et
3223 2045 3419 2102 fratres
3449 2049 3524 2103 tui
3557 2049 3636 2105 fo-

2051 2151 2068 2184 (
2108 2134 2185 2188 ris
2227 2142 2376 2189 stant
2402 2142 2708 2204 quzereutes
2736 2143 2809 2190 te.
2847 2135 2915 2190 Et
2937 2135 3048 2206 ipse
3077 2137 3409 2205 respondens
3435 2139 3634 2196 dicenti

2049 2242 2070 2276 ι
2104 2224 2206 2280 sibi
2245 2224 2323 2279 ait
2353 2243 2366 2278 :
2403 2223 2534 2292 Quae
2567 2234 2651 2281 est
2681 2235 2857 2281 mater
2887 2241 3028 2292 mea,
3062 2235 3118 2282 et
3153 2227 3245 2296 qui
3276 2237 3402 2282 sunt
3438 2230 3638 2286 fratres

2049 2335 2068 2368 ι
2105 2317 2231 2372 ηιεί.
2259 2316 2323 2372 Et
2345 2317 2646 2374 extendens
2668 2335 2886 2374 manum
2915 2319 2969 2373 in
2993 2319 3287 2390 discipulos
3307 2336 3434 2377 suos
3461 2323 3631 2378 dixit:

2049 2427 2066 2458 ι
2103 2408 2243 2464 Ecce
2287 2419 2463 2466 mater
2503 2424 2622 2465 mea
2659 2420 2715 2466 et
2753 2409 2952 2466 fratres
2997 2411 3103 2465 mei
3137 2429 3150 2464 :
3192 2413 3502 2484 quicunque
3552 2416 3627 2472 fe-

2049 2519 2067 2550 ι
2103 2501 2240 2556 cerit
2280 2501 2614 2556 voluntatem
2658 2502 2832 2572 patris
2883 2503 3018 2568 mei,
3063 2503 3157 2572 qui
3205 2505 3259 2558 in
3308 2504 3460 2561 catlis
3511 2517 3635 2574 est,

2047 2611 2065 2644 ι
2105 2593 2220 2661 ipse
2243 2607 2396 2649 meus
2424 2593 2616 2658 frater,
2647 2609 2802 2650 soror
2831 2603 2885 2649 et
2912 2604 3088 2649 mater
3117 2605 3220 2650 est.
3256 2616 3275 2650 ι

2114 2685 2377 2757 Loquente
2400 2685 2530 2741 Jesu
2555 2687 2625 2740 ad
2655 2689 2858 2753 turbas,
2891 2697 2939 2741 et
2973 2705 3088 2742 ecce
3113 2697 3281 2743 mater
3304 2706 3418 2760 ejus
3445 2707 3491 2746 et
3522 2693 3634 2760 fre-

2041 2786 2145 2830 tres
2167 2776 2377 2830 stabant
2403 2776 2534 2845 foris
2556 2788 2845 2848 quaerentes
2870 2776 3012 2848 loqui
3037 2778 3102 2832 ei.
3130 2778 3231 2850 (Ex
3255 2777 3502 2853 Hieron.)
3530 2782 3634 2838 0c—

2041 2876 2271 2937 cupatus
2287 2877 2408 2922 erat
2431 2869 2689 2924 Dominus
2713 2870 2766 2924 in
2789 2884 2953 2939 opere
2979 2871 3269 2936 sermonis,
3297 2871 3353 2926 in
3381 2873 3632 2928 doctrina

2041 2958 2396 3028 populorum,
2434 2959 2487 3013 in
2522 2958 2696 3014 ofﬁcio
2731 2960 3078 3030 praedicandi.
3121 2960 3228 3032 (Ea:
3259 2961 3448 3035 Beda.)
3487 2963 3631 3020 Sane

2041 3049 2184 3118 quod
2229 3047 2491 3106 Dominus
2533 3051 2599 3105 ad
2653 3060 2882 3107 matrem
2940 3051 3246 3124 fratresque
3303 3063 3523 3126 rogatus
3561 3058 3632 3111 ab

351 3149 450 3205 “ea
489 3150 922 3221 supergreditur,
957 3166 1076 3220 qua,
1107 3152 1210 3206 “de
1249 3161 1396 3207 eam
1418 3161 1474 3208 ει
1511 3169 1674 3224 opere
1699 3157 1937 3226 perfecta
1964 3127 2010 3189 C
2041 3138 2216 3194 cilicio
2253 3141 2404 3195 verbi
2434 3141 2804 3197 dissimulatur
2833 3141 3053 3212 egredi,
3093 3158 3199 3198 non
3242 3155 3505 3201 materna:
3539 3161 3628 3201 re-

335 3239 706 3310 ltedemptoris
731 3241 814 3296 sui
844 3242 1073 3312 vestigia
1104 3250 1362 3298 sectatur.

422 3331 619 3387 Fallax
661 3343 734 3387 est
776 3335 971 3404 gratia,
1015 3343 1121 3388 etc.
1173 3335 1355 3390 Fallax
1397 3346 1479 3392 est
1527 3340 1698 3408 gratia
1743 3341 1932 3408 laudis,

348 3440 510 3494 quam
539 3423 607 3478 ab
629 3424 843 3478 homine
873 3425 1102 3494 accepit.
1134 3423 1281 3478 Vana
1308 3426 1650 3495 pulchritudo
1672 3434 1938 3489 castitatis

348 3515 432 3571 vel
452 3514 780 3584 operationis
802 3513 981 3578 home,
1007 3531 1170 3584 quam
1197 3516 1448 3570 onmibus
1473 3519 1723 3576 ostendat
1753 3525 1934 3580 anima

347 3623 471 3677 quae
497 3607 692 3662 timore
718 3616 867 3661 caret
894 3607 1097 3662 divino.

419 3697 614 3752 Mulier
651 3697 836 3753 timens
882 3698 1046 3752 Deum
1088 3700 1200 3770 ipsa
1239 3699 1563 3756 laudabitur.
1601 3705 1690 3759 Illa
1729 3708 1930 3774 anima,

346 3789 500 3859 cujus
519 3791 846 3846 conscientia
877 3791 1086 3846 sincera
1111 3800 1214 3857 est,
1237 3808 1363 3847 vera
1385 3803 1467 3849 est
1490 3804 1545 3850 et
1564 3795 1722 3852 laude
1743 3800 1932 3870 digna,

345 3883 473 3954 quia
504 3883 753 3938 timorem
781 3882 876 3938 Dei
900 3883 954 3938 in
976 3885 1226 3940 omnibus
1244 3898 1443 3942 servat.
1471 3889 1658 3945 Timor
1677 3901 1762 3948 est
1783 3895 1928 3950 enim

344 3974 669 4046 principium
717 3983 1038 4030 cunctarum
1091 3987 1382 4048 custosque
1435 3981 1694 4036 virtutum
1723 4024 1736 4048 ,
1782 3983 1930 4040 Scri-

343 4075 500 4136 ptura
541 4065 752 4122 dicente
789 4080 804 4120 :
849 4064 1028 4120 Timor
1063 4066 1273 4122 Domini
1311 4070 1623 4141 principium
1659 4074 1928 4144 sapientia

344 4153 526 4225 (Prov.
559 4155 621 4228 t).
663 4155 730 4211 Et
768 4155 966 4212 iterum
995 4175 1008 4212 :
1043 4157 1146 4224 Qui
1176 4158 1320 4214 timet
1352 4159 1518 4214 Deum
1547 4163 1675 4218 nihil
1717 4165 1927 4237 negligit

343 4247 542 4319 (Eccle.
576 4249 706 4320 vn);
740 4247 866 4303 hinc
890 4255 973 4302 est
997 4248 1174 4315 enim,
1204 4250 1348 4319 quod
1381 4251 1501 4306 ideo
1530 4253 1721 4309 beatus
1743 4253 1844 4311 Job
1872 4266 1928 4312 et

340 4339 394 4394 in
421 4339 780 4409 prosperitate
809 4340 1099 4395 virtutibus
1124 4340 1623 4414 incomparabiliter
1648 4345 1848 4414 floruit,
1869 4357 1932 4405 et

340 4430 395 4484 in
422 4429 841 4486 adversitatibus
869 4430 1250 4500 insuperabilis
1278 4433 1418 4488 hosti
1443 4438 1758 4504 permanSit.
1786 4438 1923 4507 Quia

341 4527 607 4583 veraciter
641 4527 823 4582 dicere
857 4528 1053 4596 potuit,
1095 4544 1295 4598 semper
1327 4531 1464 4584 enim
1489 4533 1643 4602 quasi
1670 4541 1922 4590 tumentes

337 4635 494 4689 super
519 4634 600 4671 me
621 4618 813 4688 fluctus
839 4617 992 4671 timui
1024 4617 1189 4672 Deum
1217 4629 1266 4674 et
1289 4621 1493 4691 pondus
1517 4621 1632 4692 ejus
1656 4623 1794 4692 ferre
1817 4641 1924 4680 non

337 4712 1009 4786 potui(lob.xxxn‘Fallax
1039 4719 1122 4767 est
1145 4727 1277 4784 ergo
1309 4714 1685 4771 simulatorum
1721 4718 1920 4786 gratia,

338 4822 510 4862 vanus
548 4804 713 4862 decor
745 4808 926 4876 operis
963 4808 1272 4864 stultorum.
1312 4809 1552 4866 Ecclesia
1593 4818 1772 4866 autem
1801 4826 1922 4880 quin

338 4900 393 4954 in
437 4900 634 4954 timore
667 4899 931 4956 iucolatus
971 4902 1054 4957 sui
1097 4911 1339 4972 tempore
1373 4911 1747 4966 conservatur,
1778 4919 1918 4972 quo-

338 4990 484 5044 niam
520 4987 772 5045 ardentes
799 4991 1057 5046 virtutum
1097 4991 1374 5062 lampadas
1402 4991 1638 5046 venienti
1675 4992 1743 5046 ad
1775 4990 1921 5060 judi-

336 5083 482 5137 cium
509 5096 609 5137 suo
641 5096 838 5152 sponso
877 5082 1086 5147 offeret,
1105 5082 1228 5151 jure
1255 5098 1284 5135 a
1309 5082 1417 5136 Deo
1440 5081 1678 5146 laudata,
1695 5081 1918 5151 januam

335 5190 462 5231 eum
487 5190 557 5232 eo
583 5175 731 5246 regni
761 5175 997 5232 caelestis
1028 5174 1270 5230 intrabit.
1311 5172 1553 5240 Qualiter
1580 5178 1761 5227 autem
1797 5189 1918 5229 eam

335 5265 536 5333 laudet,
570 5265 837 5322 terminali
872 5281 1030 5322 versu
1059 5264 1304 5320 docetur.

405 5357 538 5412 Date
565 5359 612 5412 ei
636 5358 701 5412 de
732 5357 908 5427 fructu
936 5371 1186 5409 manuum
1217 5370 1460 5421 suarum,
1490 5364 1537 5409 et
1562 5353 1776 5409 laudent
1803 5372 1918 5410 eam

335 5449 386 5502 in
411 5449 574 5518 portis
596 5464 751 5518 opera
781 5447 916 5516 ejus.
947 5443 1073 5498 llaac
1107 5451 1234 5497 sunt
1263 5444 1406 5498 enim
1436 5445 1601 5498 verba
1627 5443 1728 5498 viri
1756 5444 1916 5511 illius,

333 5541 399 5594 de
425 5554 530 5608 quo
561 5539 766 5594 dictum
806 5543 890 5590 est
934 5551 947 5586 :
1003 5531 1097 5585 Vir
1129 5534 1242 5600 eius
1281 5533 1520 5589 laudabit
1543 5549 1682 5598 eam,
1723 5534 1776 5590 id
1811 5544 1918 5602 est,

331 5629 545 5684 Domini
570 5637 624 5680 et
651 5623 948 5680 Salvatoris
975 5623 1167 5688 nostri,
1202 5626 1293 5695 qui
1323 5625 1528 5696 angelis
1565 5624 1618 5678 in
1643 5624 1750 5681 fine
1781 5643 1921 5696 prce-

331 5728 586 5789 ecpturus
616 5726 722 5780 est,
751 5723 808 5768 ut
835 5712 1127 5768 Eeclcsiam
1144 5725 1265 5786 post
1284 5717 1442 5791 hujus
1470 5716 1593 5770 vitae
1620 5723 1916 5793 certamen,

1947 4477 2001 4536 D

2039 3229 2178 3285 futat
2214 3233 2474 3301 obsequia
2514 3233 2752 3301 pietatis,
2793 3233 2947 3302 cujus
2980 3243 3308 3305 prmceptum
3347 3244 3430 3291 est
3464 3254 3479 3290 :
3516 3235 3630 3291 Ho-

2038 3341 2166 3378 nora
2191 3335 2391 3394 patrem
2426 3335 2574 3379 tuum
2601 3335 2648 3379 et
2679 3336 2898 3380 matrem
2931 3325 3130 3398 (Exod.
3166 3327 3286 3397 xx),
3313 3327 3410 3382 sed
3446 3335 3630 3398 pater-

2036 3419 2121 3472 nis
2169 3432 2228 3473 se
2275 3419 2550 3489 mysteriis
2593 3419 2850 3489 amplius,
2907 3434 3070 3488 quam
3119 3420 3379 3474 maternis
3426 3421 3628 3476 debere

2037 3520 2302 3567 monstrat
2322 3511 2627 3576 affectibus,
2650 3513 2790 3566 idem
2812 3514 2970 3568 nobis
2997 3513 3266 3582 exemplo,
3290 3514 3433 3584 quod
3458 3516 3626 3569 verbo

2034 3605 2424 3660 cornmendaus
2450 3621 2573 3660 cum
2601 3605 2680 3659 ait
2706 3623 2718 3658 :
2752 3604 2853 3671 Qui
2887 3617 3030 3659 autat
3057 3617 3258 3676 patrem
3285 3617 3374 3660 aut
3403 3617 3624 3662 matrem

2031 3697 2308 3768 plusquam
2335 3714 2437 3762 me,
2467 3715 2568 3752 non
2598 3708 2670 3750 est
2704 3714 2782 3751 me
2808 3697 2997 3768 dignus
3031 3698 3244 3769 (llattlt.
3285 3699 3360 3769 x).
3396 3699 3626 3771 lliysticc

2032 3800 2213 3843 autem
2261 3797 2468 3853 mater,
2517 3797 2572 3844 et
2617 3787 2812 3844 fratres
2859 3789 2986 3845 Jesu
3037 3805 3308 3861 synagoga
3352 3805 3418 3844 ex
3468 3789 3628 3860 cujus

2032 3895 2194 3935 carne
2241 3889 2323 3934 cst
2373 3882 2552 3936 editus
2601 3893 2654 3936 et
2694 3882 2922 3953 populus
2979 3881 3321 3948 Judacorum,
3361 3885 3450 3952 qui
3496 3885 3623 3941 Sal-

2029 3981 2218 4028 vatore
2267 3973 2414 4028 intus
2455 3973 2684 4028 docente
2734 3975 3016 4028 venientes
3066 3974 3272 4031 intrare
3320 3989 3619 4045 nequeunt.

2029 4061 2193 4132 Cujus
2221 4063 2540 4134 spiritaliter
2570 4063 2866 4134 intelligere
2899 4064 3042 4118 dicta
3077 4065 3374 4136 negligunt,
3409 4084 3619 4139 pmoc-

2026 4169 2233 4225 eupans
2259 4155 2402 4210 enim
2431 4155 2549 4226 ejus
2572 4155 2872 4226 ingreditur
2903 4155 3154 4222 domum,
3184 4157 3308 4226 quia
3335 4159 3620 4218 dill'ercnte

2026 4247 2209 4304 .ludrea
2262 4247 2540 4319 gentilitas
2583 4247 2844 4305 conﬂuxit
2891 4251 2959 4305 ad
3002 4249 3302 4317 Christum,
3354 4262 3520 4312 atoue
3561 4258 3618 4313 in

2025 4347 2226 4394 aeterna
2278 4340 2403 4395 vita:
2454 4341 2712 4411 mysteria
2762 4350 2970 4411 quanto
3025 4342 3127 4396 fide
3180 4343 3430 4410 vicinior,
3464 4356 3618 4403 tanto
3701 4417 3708 4420 _

2027 4438 2206 4486 mente
2232 4431 2481 4501 capacior
2509 4432 2708 4496 hausit,
2733 4430 2889 4500 juxta
2913 4434 3057 4503 quod
3081 4432 3328 4490 Psalmus
3356 4437 3432 4491 ait
3461 4455 3474 4492 :
3507 4439 3613 4494 Ac-

2025 4525 2190 4580 cedite
2213 4525 2282 4580 ad
2306 4542 2424 4580 eum
2447 4535 2496 4579 et
2522 4526 2899 4581 illuminantini
2925 4525 3095 4599 (I’sac.
3127 4540 3340 4584 x-xxtttl.

2095 4615 2242 4671 Dixit
2275 4626 2450 4671 autem
2473 4618 2522 4671 ei
2548 4617 2784 4689 quidam.
2815 4619 2916 4690 (Ex
2950 4619 3195 4694 llieron.)
3227 4623 3450 4678 Videtur
3478 4626 3615 4683 mihi

2023 4707 2126 4762 iste
2160 4707 2252 4777 qui
2295 4707 2530 4774 nuntiat,
2579 4724 2686 4764 non
2750 4709 2973 4764 fortuitu
3023 4723 3079 4767 et
3121 4713 3438 4785 simpliciter
3473 4733 3612 4772 nun-
3657 4758 3680 4770 ς

2023 4800 2184 4864 tiare,
2225 4799 2322 4854 sed
2365 4799 2589 4856 insidias
2635 4801 2876 4868 tendere,
2918 4811 3100 4858 utrum
3142 4805 3412 4876 spirituali
3454 4811 3611 4879 operi

2023 4906 2247 4948 carnem
2279 4900 2337 4947 et
2380 4892 2698 4963 sanguinem
2745 4892 3018 4964 przeferat.
3057 4895 3208 4952 Unde
3249 4907 3305 4952 et
3350 4898 3608 4955 Dominus

2029 4999 2136 5040 non
2162 4999 2270 5054 quo
2309 4993 2541 5040 matrem
2582 4996 2804 5058 negaret
2851 4997 2908 5043 et
2936 4987 3136 5044 fratres
3187 4990 3336 5045 exire
3365 5001 3609 5048 contem-

2028 5077 2156 5145 psit,
2187 5077 2281 5132 sed
2316 5091 2425 5147 quo
2463 5081 2810 5148 responderet
2838 5080 3138 5147 insidianti,
3167 5083 3461 5138 extendens
3493 5100 3607 5138 ma-

2028 5180 2156 5220 num
2187 5165 2242 5220 in
2263 5166 2552 5237 discipulos
2576 5169 2689 5224 ait:
2714 5168 2850 5224 Ecce
2870 5182 3036 5224 mater
3056 5187 3168 5225 mea
3195 5180 3245 5226 et
3270 5171 3458 5240 fratres
3481 5176 3606 5240 mei,

2027 5257 2117 5313 isti
2147 5266 2273 5314 sunt
2310 5267 2484 5315 mater
2517 5277 2658 5326 mea,
2687 5263 2780 5334 qui
2809 5279 2894 5318 me
2921 5265 3160 5333 quotidie
3189 5264 3240 5319 in
3268 5265 3603 5322 credentium

2023 5348 2220 5406 animis
2255 5359 2549 5422 generant,
2587 5353 2675 5408 isti
2711 5363 2840 5409 sunt
2872 5354 3070 5412 fratres
3103 5357 3232 5424 mei,
3269 5359 3361 5427 qui
3399 5357 3606 5415 faciunt

2020 5453 2184 5508 opera
2213 5441 2386 5511 patris
2413 5441 2539 5496 mei.

2091 5529 2161 5584 Et
2199 5547 2314 5586 ecce
2352 5541 2522 5586 mater
2554 5542 2678 5600 tua,
2720 5545 2768 5588 et
2797 5535 2990 5605 fratres
3028 5539 3103 5592 tui
3132 5538 3264 5608 foris
3292 5548 3432 5594 stant
3458 5557 3606 5610 qucr-

2023 5633 2191 5677 rentcs
2223 5633 2292 5678 te.
2341 5623 2628 5692 Apostolos
2654 5629 2960 5698 cognationi
2989 5631 3254 5700 praetulit,
3286 5642 3346 5688 ut
3396 5641 3451 5689 et
3505 5649 3607 5691 nos

2023 5713 2076 5767 in
2117 5713 2517 5784 comparatione
2551 5714 2856 5775 dilectionis
2892 5724 3040 5776 carni
3071 5722 3318 5794 spiritum
3339 5722 3599 5794 praefers-
