3952 6430
347 358 454 415 ηδ

1165 360 1690 421 COLLECTIONES
1730 365 1796 422 IN
1838 364 2224 424 EPISTOLAS
2261 367 2348 426 ET
2385 370 2806 436 EVANGELIA.

3489 389 3629 448 ,854

347 486 490 526 mus.
529 469 750 527 Fratres
787 471 1142 528 consobrinos
1173 474 1473 531 Salvatoris
1512 477 1716 533 sororis
1752 477 1933 534 Mariae
1961 482 2009 539 A
2111 479 2460 546 Ωιια’να⁸ἷοηε
2480 489 2874 558 Ρηεάίεαυενίηι
2905 494 3065 550 υοδῖεο
3091 495 3171 552 AC
3192 497 3237 554 Si
3263 498 3490 568 ἀῖεθτοῑ,
3517 511 3630 560 ιοιᾶ

342 562 548 621 liberos
592 566 940 638 intelligimus
995 577 1304 623 matertera:
1347 569 1602 636 Domini,
1649 586 1769 642 qua:
1815 588 1936 630 esse

345 658 560 713 dicatur
596 667 771 713 mater
810 657 997 714 Jacobi
1035 661 1284 725 minoris,
1318 670 1373 716 et
1409 661 1630 732 Joscph,
1671 671 1726 718 et
1759 663 1932 729 Iudas,

341 764 476 818 quos
513 750 565 803 in
595 749 702 804 alio
733 749 1012 822 Evangelii
1051 749 1169 806 loco
1213 749 1411 807 fratres
1456 755 1668 811 Domini
1705 755 1934 827 legimus

341 839 664 910 appellatos.

413 927 522 1002 (Ea:
560 930 751 1002 Beda.)
797 931 954 988 Foris
990 933 1134 989 enim
1176 941 1382 991 stantes
1418 935 1608 992 volunt
1645 937 1930 995 Dominum

340 1022 525 1078 videre
548 1023 762 1094 cognati
795 1024 986 1094 ipsius,
1014 1039 1141 1080 cum
1170 1023 1338 1082 ιῐιιιιίιεὶ
1368 1026 1704 1096 spiritualem
1729 1029 1784 1083 in
1814 1029 1934 1101 lege

341 1131 447 1170 non
470 1124 776 1186 quaerentes
794 1117 1149 1182 intellectum,
1178 1134 1297 1174 sese
1322 1121 1389 1174 ad
1414 1121 1715 1176 custodiam
1739 1121 1932 1180 littera:

341 1210 473 1265 furis
502 1209 742 1266 ﬁxerunt
761 1252 776 1277 ,
819 1220 873 1267 et
902 1212 1055 1282 quasi
1083 1212 1358 1268 Christum
1389 1213 1570 1282 potius
1593 1215 1660 1270 ad
1691 1217 1929 1272 carnalia

337 1302 578 1356 docenda
603 1310 803 1374 cogunt
827 1305 1001 1368 exire,
1024 1319 1187 1374 quam
1213 1319 1273 1359 se
1299 1305 1367 1358 ad
1392 1305 1647 1361 discenda
1677 1307 1930 1377 spiritua-

337 1391 405 1445 Iia
436 1393 782 1448 consentiunt
811 1393 1038 1464 ingredi.

404 1486 472 1537 At
517 1486 627 1554 ipse
677 1487 993 1556 respondens
1021 1485 1215 1540 dicenti
1252 1487 1350 1542 sibi
1386 1489 1506 1542 ait:
1540 1488 1672 1554 Qua:
1705 1499 1779 1544 est
1813 1507 1928 1545 rna-

334 1584 416 1627 tcr
439 1591 574 1640 mea,
606 1585 652 1628 et
679 1577 770 1646 qui
795 1585 940 1640 sunt,
964 1585 1070 1632 etc.
1105 1577 1205 1649 (Ex
1240 1575 1429 1648 Greg.)
1458 1578 1592 1633 Cum
1631 1580 1678 1634 is
1711 1581 1802 1649 qui
1835 1595 1927 1635 vo-

335 1663 597 1720 Iuntatem
629 1666 723 1721 Dei
753 1665 942 1723 fecerit
973 1684 1127 1723 soror
1154 1678 1210 1724 et
1246 1669 1420 1725 frater
1461 1671 1672 1726 Domini
1704 1673 1922 1738 dicitur,

333 1768 555 1826 propter
595 1765 886 1828 utrumque
926 1775 1136 1824 sexum,
1178 1762 1269 1831 qui
1314 1763 1381 1815 ad
1426 1762 1586 1817 ﬁdem
1625 1764 1921 1836 colligitur,

2041 574 2181 628 ratio
2207 575 2614 645 praedicationis
2655 593 2856 641 nostra;
2896 587 3012 644 haec
3041 598 3145 655 est,
3187 601 3248 645 ut
3279 597 3634 651 resurrectio-
3701 631 3714 644 .

2039 679 2162 720 nem
2188 667 2447 735 credatis,
2483 671 2586 728 hoc
2621 683 2724 740 est,
2762 678 3046 746 praemium
3075 681 3316 738 omnium
3349 686 3439 754 qui
3470 686 3637 743 Chrio

2038 763 2180 810 stum
2206 759 2577 816 crediderunt.
2620 762 2878 836 Alioquin
2906 769 3209 838 superﬂuus
3238 781 3323 829 est
3341 776 3520 832 omnis
3551 777 3632 832 Ia-

2036 849 2136 904 bor
2182 850 2515 923 jejunioruni
2557 864 2616 912 et
2649 859 2891 916 omnium
2948 865 3356 924 tribulationum
3397 886 3536 942 quas
3573 872 3631 928 in

2035 940 2140 996 hac
2165 943 2279 998 vita
2306 960 2407 1015 pro
2435 945 2658 1005 Christo
2684 951 2954 1020 patimini.

2106 1031 2169 1088 Si
2210 1037 2415 1104 tenetis,
2447 1040 2549 1094 nisi
2571 1040 2771 1110 [rustra
2799 1045 3114 1104 credidistis.
3142 1051 3198 1106 Id
3222 1061 3325 1117 est,
3351 1052 3455 1110 nisl
3479 1056 3631 1113 obliti

2032 1126 2186 1193 estis,
2212 1129 2298 1184 vel
2325 1139 2476 1188 certe
2503 1133 2551 1188 si
2579 1134 2706 1191 ﬁdei
2733 1147 2930 1194 vestrae
2981 1141 3066 1198 vel
3109 1142 3313 1201 laboris
3345 1148 3624 1216 praemium

2032 1222 2364 1290 resurgendo
2392 1238 2499 1279 non
2525 1228 2786 1296 speratis,
2812 1245 2952 1288 vane
2978 1235 3220 1291 creditis.

2105 1308 2325 1364 Tradidi
2348 1313 2487 1368 enim
2516 1315 2658 1372 vobis
2694 1319 2749 1372 in
2778 1317 2984 1390 primis.
3017 1322 3072 1379 Id
3109 1333 3215 1392 est,
3243 1341 3307 1381 et
3344 1343 3453 1398 quo
3477 1329 3631 1388 vobis

2031 1401 2084 1454 in
2123 1402 2423 1471 primordio
2460 1408 2790 1476 praedicavi,
2844 1414 3042 1470 tradidi
3089 1420 3409 1489 mysterium
3451 1437 3626 1478 resur-

2031 1492 2308 1560 rectionis,
2327 1496 2472 1564 quod
2494 1497 2617 1554 ﬁdei
2638 1509 2840 1558 nostra:
2859 1513 3074 1562 constat
3097 1523 3240 1576 esse,
3261 1511 3345 1566 vel
3364 1512 3622 1582 primum.

2101 1583 2255 1649 Quod
2279 1596 2329 1642 et
2355 1590 2553 1659 accepi.
2579 1591 2843 1663 Accipere
2869 1611 2929 1652 se
2954 1598 3111 1664 dixit,
3139 1602 3255 1658 sive
3282 1619 3313 1658 a
3345 1603 3482 1675 lege,
3509 1606 3626 1663 sive

2027 1688 2059 1727 a
2085 1676 2408 1742 senioribus,
2443 1680 2559 1734 sive
2585 1682 2654 1738 ab
2685 1684 2801 1754 ipso
2828 1686 3058 1745 Domino
3085 1707 3184 1761 per
3212 1695 3622 1753 revelationem.

2099 1764 2364 1830 Quoniam
2400 1766 2641 1827 Christus
2671 1785 2908 1832 mortuus
2938 1789 3014 1832 est
3043 1798 3136 1851 pro
3173 1787 3399 1854 peccatis
3430 1790 3624 1845 nostris

331 1846 528 1900 mirum
557 1863 663 1901 non
686 1857 791 1912 est.
826 1849 1131 1904 Mirandum
1166 1867 1294 1908 vero
1321 1854 1475 1909 valde
1499 1864 1613 1921 est,
1651 1833 1922 1928 quomodo
1959 1833 2000 1888 Β
2024 1856 2312 1910 secundum
2374 1860 2656 1930 cripluras.
2690 1863 2762 1920 Ut
2803 1867 3007 1936 majore
3033 1873 3210 1940 possit
3252 1873 3442 1932 beatus
3475 1876 3622 1948 Apo-

326 1937 493 1991 ctiam
524 1948 695 1994 mater
726 1941 935 1995 Domini
977 1943 1209 2011 dicatur,
1249 1944 1432 2002 ﬁdeles
1459 1949 1659 2002 etenim
1689 1950 1921 2021 discipu-

295 2062 301 2068 -
330 2025 412 2082 los
457 2026 654 2083 fratres
685 2046 882 2086 vocare
913 2032 1164 2103 dignatus
1196 2044 1297 2101 est,
1335 2037 1521 2094 dicens
1552 2057 1564 2092 :
1599 2039 1682 2095 Ite
1707 2050 1756 2095 et
1787 2059 1921 2097 nun-

327 2118 458 2171 tiate
490 2117 742 2186 fratribus
769 2122 916 2175 meis.
948 2122 1050 2188 Qui
1087 2138 1217 2194 ergo
1248 2123 1418 2181 frater
1451 2128 1666 2184 Domini
1703 2130 1820 2186 ﬁeri
1851 2133 1920 2188 ad

329 2209 491 2264 ﬁdem
517 2211 782 2267 veniendo
806 2215 1062 2283 potuerit,
1089 2215 1437 2285 quaerendum
1467 2228 1551 2275 est
1575 2222 1739 2275 etiam
1785 2238 1920 2293 quo-

329 2302 490 2357 modo
514 2312 690 2360 mater
714 2322 836 2360 esse
866 2309 1055 2376 possit.
1087 2307 1193 2364 Sed
1223 2311 1503 2368 sciendum
1530 2324 1635 2381 cst,
1669 2316 1796 2382 quia
1823 2317 1917 2386 qui

324 2388 454 2447 Jesu
490 2391 660 2449 frater
699 2403 756 2450 et
799 2412 955 2452 soror
994 2413 1116 2453 esse
1143 2401 1436 2470 credendo,
1477 2413 1652 2460 mater
1687 2405 1920 2462 eﬂicitur

325 2483 692 2551 praedicando,
720 2487 876 2554 quasi
904 2489 1048 2542 enim
1071 2491 1215 2560 parit
1239 2491 1552 2561 Dominum,
1574 2511 1746 2566 quem.
1765 2497 1915 2554 cordi

324 2571 598 2628 audientis
622 2575 899 2641 infuderit,
926 2587 981 2632 et
1003 2587 1177 2634 mater
1203 2581 1323 2652 ejus
1341 2582 1592 2651 efﬁcitur,
1611 2587 1658 2642 si
1679 2602 1777 2658 per
1797 2587 1916 2658 ejus

326 2675 513 2717 vocem
545 2679 698 2718 amor
733 2666 944 2722 Domini
977 2668 1029 2721 in
1061 2671 1292 2738 proximi
1325 2683 1504 2729 mente
1533 2687 1840 2746 generatur.

503 2815 927 2875 HEBDOMADA
965 2821 1060 2876 XII
1097 2822 1272 2880 POST
1309 2826 1731 2887 PENTECOST.

323 2941 518 2984 LECTIO
539 2946 812 2988 εριετοιάε
840 2950 998 2990 ΒΕΔΤῙ
1021 2953 1182 2994 PAULI.
1205 2956 1463 2998 APOS’I'OLI
1483 2962 1550 2998 AD
1569 2961 1905 3015 COIIIS'I'IIIOS,

963 3023 1000 3074 ι,
1025 3023 1142 3062 car.
1175 3025 1265 3064 xv.

399 3127 422 3161 ι
452 3109 651 3167 Notum
679 3117 830 3171 vobis
860 3117 1000 3174 facio
1029 3120 1412 3194 Evangelium,
1445 3128 1586 3196 quod
1617 3131 1902 3199 przedicavi

327 3218 348 3252 ε
383 3203 560 3269 vobis,
582 3208 724 3275 quod
746 3217 800 3263 et
824 3212 1137 3282 accepistis,
1161 3215 1215 3269 in
1238 3232 1351 3287 quo.
1366 3228 1423 3272 et
1441 3222 1618 3288 statis,
1642 3237 1740 3291 per
1758 3225 1902 3294 quod

327 3308 351 3341 ι
381 3299 438 3346 et
464 3294 769 3352 salvamini.
813 3298 932 3367 Qua
959 3304 1169 3359 ratione
1193 3307 1602 3374 pmedicaverim
1641 3313 1814 3380 vobis,
1853 3316 1901 3372 si

323 3398 344 3432 ‹
381 3385 605 3451 tenetis,
626 3387 728 3442 nisi
760 3387 959 3446 frustra
987 3394 1315 3452 credidistis.
1342 3398 1559 3456 Tradidi
1582 3403 1726 3460 enim
1751 3407 1902 3464 vobis

323 3490 348 3522 ι
377 3471 430 3527 in
459 3475 670 3544 primis,
702 3480 844 3549 quod
872 3489 928 3536 et
955 3485 1169 3555 accepi,
1188 3489 1446 3558 quoniam
1473 3490 1720 3552 Christus
1750 3513 1898 3553 mor.-

320 3579 342 3612 ι
379 3571 500 3619 tuus
525 3576 608 3620 est
632 3583 731 3637 pro
756 3574 1006 3640 peccatis.
1020 3577 1222 3634 nostris
1247 3583 1542 3637 secundum
1565 3582 1898 3657 Scripturas,

317 3669 344 3704 ι
375 3662 429 3708 et
457 3657 584 3726 quia
622 3662 859 3730 sepultus
887 3674 1006 3732 est,
1033 3675 1089 3723 et
1116 3671 1253 3739 qu'a.
1281 3676 1589 3730 resurrexit.
1621 3680 1780 3735 tertia
1811 3682 1900 3737 die

319 3761 341 3796 ι
375 3749 676 3805 secundum
701 3751 1038 3825 Scripturas,
1075 3767 1127 3814 et
1155 3763 1282 3832 quia
1309 3765 1458 3821 visus
1495 3776 1586 3822 est
1620 3769 1815 3842 Cepbte
1843 3782 1900 3829 et

316 3855 340 3889 s
372 3847 494 3909 post
545 3840 661 3897 haec
706 3845 987 3902 undecim-
1031 3851 1233 3908 Deinde
1280 3855 1429 3912 visus
1473 3866 1559 3913 est
1609 3840 1894 3932 plusquam

315 3943 338 3976 ι
373 3929 680 4000 quingentis
716 3933 976 3994 fratribus
1017 3940 1214 4008 simul,
1247 3960 1314 4014 ex
1351 3949 1562 4017 quibus.
1586 3929 1894 4012 multi—ma-

316 4033 342 4068 ι
373 4031 504 4076 nent
550 4039 720 4094 usque
771 4029 980 4097 adhuc,
1030 4033 1249 4102 quidam
1303 4047 1483 4094 autem
1533 4041 1889 4105 dormierunt.

316 4129 336 4162 ι
372 4112 573 4169 Deinde
613 4117 763 4173 visus
795 4129 879 4175 est
915 4119 1138 4190 Iacobo,
1175 4127 1370 4184 deinde
1406 4130 1679 4200 Apostolis
1717 4139 1892 4194 omni—

313 4218 336 4252 ι
372 4200 492 4257 bus.
523 4202 824 4262 Novissime
850 4219 1026 4265 autem
1054 4214 1295 4268 omnium
1314 4255 1328 4280 ,
1358 4225 1614 4289 tanquam
1642 4225 1891 4285 abortivo

311 4308 333 4341 ‹
367 4291 516 4347 visus
543 4303 627 4348 est
654 4303 710 4349 et
738 4298 889 4352 mihi.
922 4300 1032 4370 Ego
1057 4302 1201 4358 enim
1234 4319 1352 4359 sum
1382 4309 1636 4367 minimus
1661 4315 1891 4386 Aposto-

309 4401 330 4432 ι
367 4382 566 4450 lorum,
597 4389 688 4456 qui
715 4405 821 4445 non
847 4407 966 4447 sum
989 4394 1183 4466 dignus
1207 4401 1389 4456 vocari
1414 4382 1724 4475 Apostolus,
1754 4427 1887 4482 quo-

309 4491 328 4524 ε
368 4475 513 4530 niam
537 4489 854 4547 persecutus
876 4498 994 4538 sum
1023 4485 1321 4544 Ecclesiam
1347 4492 1463 4548 Dei.
1490 4493 1677 4554 Gratia
1701 4511 1882 4560 autem

307 4673 331 4706 ι
366 4673 469 4713 non
499 4658 616 4717 fuit.
652 4685 672 4718 ι

2023 1945 2192 2002 stolus
2220 1951 2544 2007 auctoritate
2590 1953 2828 2024 ﬁrmare,
2878 1961 3023 2031 quod
3064 1965 3428 2034 prmdicabat,
3473 1945 3620 2027 hunc

2020 2052 2141 2093 esse
2192 2038 2467 2098 Christum
2519 2045 2845 2105 salvatorem
2905 2056 3132 2121 mundi,
3188 2057 3320 2114 dicit
3371 2075 3387 2114 :
3445 2062 3616 2128 Quem

2023 2127 2230 2200 Moyses
2265 2142 2313 2186 et
2353 2135 2617 2204 propheta:
2652 2142 3122 2212 annuntiaverunt,
3165 2148 3285 2204 ideo
3324 2158 3382 2205 et
3420 2127 3618 2208 secun-

2020 2217 2146 2272 dum
2178 2219 2488 2292 Scripturas
2524 2229 2844 2295 prmdictum
2881 2247 3001 2289 esse
3039 2250 3163 2292 eum
3197 2251 3613 2310 commemorat,

2020 2317 2080 2362 ut
2110 2309 2260 2378 illud,
2293 2310 2448 2369 Sicut
2487 2317 2604 2373 ovis
2632 2320 2700 2374 ad
2735 2323 3068 2382 occisionem
3096 2329 3328 2396 ducitur,
3363 2342 3421 2388 et
3456 2337 3614 2405 quasi

2018 2413 2191 2470 agnus
2213 2417 2398 2458 coram
2428 2408 2684 2465 tondente
2708 2427 2768 2467 se
2797 2413 3148 2486 obmutescit,
3185 2429 3242 2476 et
3270 2422 3400 2477 illud
3427 2443 3441 2479 :
3480 2425 3613 2480 Tra-

2016 2489 2159 2546 ditus
2185 2501 2282 2558 εει,
2304 2507 2518 2566 propter
2543 2499 2845 2572 iniquitates
2877 2515 3105 2574 nostras,
3127 2519 3175 2564 et
3205 2510 3365 2566 livore
3385 2514 3500 2584 ejus
3524 2533 3612 2571 sa-

2017 2582 2130 2636 nati
2162 2599 2344 2640 sumus
2387 2585 2524 2659 (lsa.
2569 2592 2714 2664 ιλιι),
2748 2602 2804 2649 et
2846 2597 3018 2654 multa
3063 2599 3166 2655 alia
3192 2601 3262 2657 'in
3301 2582 3502 2663 divi—uis
3541 2609 3610 2664 de

2015 2675 2267 2745 passione
2297 2678 2415 2748 ejus
2443 2680 2689 2741 invenies
2703 2687 3024 2759 Scripturis.

2084 2767 2154 2820 ιιι
2180 2768 2306 2837 quia
2335 2771 2567 2841 sepultus
2590 2785 2698 2830 est.
2727 2776 2795 2833 Ut
2821 2779 2952 2836 illud
2979 2781 3134 2838 Isaia:
3165 2803 3178 2839 :
3212 2787 3279 2842 Et
3303 2787 3453 2844 dabit
3499 2790 3605 2846 im-

2009 2858 2130 2928 pios
2159 2875 2258 2930 pro
2296 2863 2578 2933 sepultura
2617 2875 2679 2923 et
2718 2869 3267 2944 divitespromorte
3309 2896 3428 2938 sua.
3469 2883 3604 2940 Item

2011 2948 2126 3018 ipse
2153 2968 2166 3004 :
2205 2948 2494 3023 Sepultum
2526 2955 2646 3025 ejus
2673 2961 2888 3018 sublata
2915 2975 3000 3020 est
3021 2967 3089 3026 de
3115 2971 3295 3026 medio

2080 3041 2150 3096 Et
2183 3061 2309 3116 quia
2346 3052 2628 3106 resurrexit
2667 3056 2821 3110 tertia
2859 3058 2945 3112 die
2975 3064 3264 3119 secundum
3279 3064 3600 3139 Scripturas.

2008 3131 2188 3190 Habes
2223 3136 2274 3191 in
2307 3137 2478 3206 Osca,
2503 3139 2800 3213 Yiniﬁcabit
2836 3165 2931 3203 nos
2955 3161 3070 3220 post
3097 3153 3231 3208 duos
3257 3131 3406 3223 dies,
3426 3160 3482 3215 in
3515 3163 3604 3217 die

2006 3227 2162 3282 tertia
2209 3231 2484 3288 suscitabit
2535 3251 2652 3303 nos,
2695 3247 2746 3292 et
2790 3239 3014 3299 silanus
3059 3244 3124 3298 in
3162 3259 3438 3318 conspectu
3483 3251 3601 3321 ejus

2005 3317 2200 3390 (Osee,
2230 3323 2328 3395 Vl).

2075 3408 2145 3466 Et
2169 3413 2294 3484 quia
2319 3415 2459 3473 visus
2485 3428 2560 3473 est
2580 3419 2791 3493 Caplla.
2819 3422 2878 3482 Id
2904 3433 2990 3482 est
3013 3426 3195 3495 Retro,
3217 3430 3598 3503 Cephasenim

2004 3497 2203 3570 Syrum
2227 3519 2422 3562 nomen
2453 3517 2572 3576 est;
2603 3514 2858 3582 apparuit
2881 3515 3067 3584 Petro,
3096 3519 3237 3576 sicut
3269 3497 3324 3577 in
3353 3523 3597 3596 Evange-

2000 3591 2076 3648 lio
2101 3595 2364 3666 scriptum
2392 3608 2497 3666 est,
2527 3604 2657 3673 quia
2687 3609 2930 3677 apparuit
2958 3609 3184 3668 Simoni.

2071 3704 2142 3760 Et
2165 3716 2282 3779 post
2304 3710 2418 3765 lateo
2439 3713 2702 3770 undecim.
2725 3715 2954 3784 Quando
2977 3721 3046 3776 ad
3070 3737 3166 3778 eos
3184 3723 3379 3796 ianuis
3393 3727 3594 3788 clausis

1999 3795 2265 3866 intravit,
2283 3801 2388 3856 hoc
2424 3803 2864 3877 intelligendum,
2899 3817 3027 3882 quia
3066 3813 3120 3868 in
3159 3795 3450 3888 Evangelio
3479 3837 3586 3878 non

1997 3892 2444 3962 omnes-scrin
2475 3905 2615 3952 sunv
2643 3899 2916 3968 visiones,
2959 3905 3054 3960 sed
3100 3914 3308 3964 tantum
3355 3915 3589 3982 quae-ad

1997 3979 2334 4036 audientium
2363 3983 2676 4042 suﬁicerent
2704 3988 2888 4045 ﬁdem.

2065 4067 2270 4126 Deinde
2297 4073 2553 4130 uisusest
2577 4076 2857 4151 plusquam
2888 4084 3181 4156 quingentis
3220 4089 3474 4159 fratribus
3513 4098 3589 4151 si-

1993 4158 2123 4225 mul,
2157 4177 2222 4215 ca:
2247 4163 2457 4234 quibus,
2486 4176 2590 4223 etc.
2622 4169 2696 4226 Ut
2733 4173 2879 4228 enim
2906 4175 3082 4244 major
3108 4158 3242 4235 ﬁdes
3288 4183 3584 4244 haberetur

1993 4250 2397 4309 multitudinem
2435 4259 2657 4314 testium
2701 4261 3056 4335 interposuit,
3086 4285 3152 4324 ex
3191 4273 3386 4342 quibus
3426 4281 3581 4337 multi

1992 4340 2176 4397 vivere
2214 4343 2470 4401 dicuntur
2506 4349 2600 4418 qui
2635 4355 2843 4421 possint
2885 4340 3420 4432 interrogatiidicere
3458 4384 3578 4439 quae

1993 4431 2268 4501 viderunt,
2288 4437 2442 4493 multi
2467 4454 2595 4496 vero
2613 4441 2727 4512 jam
2754 4445 2994 4503 dormire
3018 4431 3278 4516 dicuntur
3298 4457 3352 4512 in
3378 4431 3576 4520 morte.

449 4523 854 4580 ""."""‘"“"
876 4523 994 4538 ““'"
1023 4523 1321 4544 “""“’°'“"'
1347 4523 1463 4594 ἥδ’·
1490 4523 1677 4554 *³⁸⁷³⁸⁸³
1701 4523 1882 4560 “mem
1910 4546 1978 4608 Β.
2061 4523 2262 4581 Deinde
2300 4529 2440 4585 uisus
2468 4533 2804 4591 est'Jacobo.
2848 4537 3049 4597 Jacobo
3075 4543 3284 4616 ΑτΙριιωί
3327 4566 3574 4612 seorsum

449 4566 460 4616 i
489 4582 604 4616 sum
632 4570 683 4616 IrI
714 4572 856 4616 ("md
886 4588 1019 4616 ςηιη
1051 4584 1104 4616 nt
1148 4580 1316 4616 arnliq
1350 4595 1462 4616 mu.
1493 4584 1544 4616 ς..
1587 4604 1673 4616 ...Α
1714 4607 1876 4616 --μω

308 4581 329 4614 σ
366 4563 460 4620 Dei
489 4568 604 4622 sum
631 4569 684 4624 id
714 4572 857 4642 quod
885 4588 1024 4642 sum,
1051 4584 1107 4632 et
1147 4580 1318 4646 gratia
1350 4580 1466 4652 ejus
1491 4584 1545 4640 in
1586 4604 1674 4646 me
1714 4607 1884 4652 vacua
1911 4563 2054 4685 "ap

309 4673 326 4685 ,
367 4673 468 4685 Μ...
500 4658 597 4685 ι’.-ει
1677 4670 1682 4675 ’

2057 4618 2268 4687 paruit;
2300 4618 2481 4676 ferunt
2505 4625 2647 4680 enim
2671 4630 2814 4697 quod
2846 4630 3148 4701 ipse-Iacob
3173 4638 3576 4711 Alpbzei‘testa-

1979 4713 2072 4762 tus
2097 4715 2183 4764 est
2211 4709 2266 4764 in
2305 4724 2461 4767 creua
2491 4714 2736 4785 Domini,
2778 4721 2965 4778 dicens
3019 4744 3031 4780 :
3067 4709 3277 4786 Non-se
3310 4750 3574 4794 comessa-

1984 4813 2101 4852 rum
2123 4817 2333 4870 panem,
2359 4821 2522 4877 usque
2549 4809 2673 4865 dum
2702 4813 2894 4869 videret
2923 4815 3190 4876 Christum
3219 4841 3568 4900 resurgentem

1979 4905 2014 4942 a
2039 4891 2278 4947 mortuis.

2054 4980 2529 5057 Dcirtdc'apostolis
2555 4994 2816 5050 omnibus.
2844 4997 2997 5057 Multi
3023 5002 3111 5060 bic
3146 5009 3418 5074 apostolos
3447 5012 3568 5069 illos

1981 5085 2171 5128 omnes
2212 5080 2576 5150 septuaginta,
2620 5099 2759 5154 quos
2803 5087 3062 5150 Dominus
3108 5096 3256 5152 misit
3297 5101 3454 5158 binos
3497 5108 3564 5161 ad

1979 5164 2411 5234 pmdicandum,
2429 5172 2657 5245 intelligi
2685 5177 2888 5234 volunt.

2050 5253 2344 5313 Novissime
2363 5271 2538 5317 autem
2559 5269 2816 5337 omnium,
2841 5282 2948 5329 etc.
2975 5276 3135 5334 Visus
3160 5289 3245 5336 est
3265 5281 3341 5336 illi
3364 5283 3422 5339 in
3445 5286 3559 5352 via,

1977 5345 2194 5443 quando
2235 5347 2329 5403 lux
2376 5351 2734 5413 circumfulsit
2767 5375 2910 5427 eum,
2959 5367 3075 5423 sive
3108 5370 3160 5425 in
3194 5373 3392 5443 templo
3439 5345 3556 5434 haec

1976 5431 2097 5488 ideo
2119 5435 2271 5504 dicit,
2297 5455 2364 5495 ne
2385 5449 2641 5511 putarent
2669 5463 2791 5503 eum
2822 5453 3004 5509 audita
3030 5459 3207 5528 potius
3253 5431 3414 5532 quam
3437 5431 3552 5523 visa

1975 5537 2228 5594 narrare;
2258 5538 2505 5601 tanquam
2531 5535 2761 5592 abortivo
2792 5541 2943 5609 dicit,
2973 5548 3102 5616 quia
3132 5557 3215 5604 est
3252 5549 3550 5627 Synagugre

1974 5623 2218 5671 mortuus
2258 5626 2314 5673 et
2358 5631 2516 5677 natus
2561 5625 2818 5684 Ecclesia:
2865 5641 3120 5705 tanquam
3169 5623 3436 5710 abortivo,
3473 5623 3550 5703 de

1971 5702 2124 5770 cujus
2153 5706 2262 5761 vita
2291 5708 2468 5766 fuerat
2495 5714 2861 5787 desperatum,
2896 5702 2998 5777 nisi
3040 5740 3135 5794 per
3172 5702 3552 5798 gratiam'Do-

1971 5793 2102 5851 mini
2139 5797 2401 5856 violenter
2440 5801 2629 5862 fuisset
2667 5816 2930 5867 attractus
2961 5813 3012 5887 (Ι
3043 5793 3197 5874 Cor.‘
3211 5819 3321 5896 xv).
3364 5825 3549 5884 Attra-

371 4750 572 4856 Notunt
596 4759 734 4814 enim
773 4763 920 4819 vobis
941 4765 1080 4837 facio
1105 4770 1468 4848 Evangelium,
1495 4789 1601 4840 ctc.
1637 4784 1737 4856 (Ex
1765 4787 1884 4845 Pri-

301 4841 463 4913 mas.)
492 4843 590 4901 llic
616 4854 980 4940 pnetermisso
1003 4861 1193 4918 ordine
1217 4841 1564 4940 praedicandi,
1589 4841 1658 4931 ad

299 4945 426 4985 nam
451 4947 509 4988 se
539 4939 766 4994 contulit
795 4950 1232 5019 resurrectionis,
1257 4971 1322 5012 eo
1343 4961 1486 5029 quod
1512 4939 1752 5024 nonnulli
1778 4969 1880 5028 Co-

297 5020 618 5109 rintbiorum
646 5030 711 5086 de
739 5040 1134 5114 resurrectione
1161 5020 1488 5108 dubitarent.

367 5111 519 5220 Quod
535 5126 586 5220 ft
605 5123 895 5220 accepistis.
920 5127 975 5182 Id
997 5111 1101 5197 est,
1126 5136 1267 5204 quod
1288 5149 1568 5211 acceptum
1589 5146 1873 5220 habuistis,

294 5210 351 5256 et
378 5202 494 5258 ham
515 5205 667 5273 dicit,
696 5226 763 5266 ne
791 5213 864 5268 illi
893 5216 993 5272 hoc
1017 5235 1123 5275 non
1144 5202 1444 5285 credidisse
1471 5202 1800 5294 viderentur;

363 5290 431 5346 In
455 5310 557 5365 quo
580 5307 628 5352 et
653 5304 824 5356 statis.
857 5306 914 5360 Id
945 5318 1046 5378 est,
1077 5312 1132 5367 in
1159 5316 1314 5373 bonis
1341 5323 1595 5390 operibus
1623 5344 1872 5398 perseve-

293 5389 493 5449 rantes,
519 5386 575 5440 in
600 5388 752 5458 cujus
773 5395 1014 5453 doctrina
1043 5403 1109 5458 ad
1135 5386 1392 5464 cmlestia-
1403 5414 1534 5470 estis
1558 5386 1746 5475 erecti.

361 5473 468 5576 ξεν
490 5481 630 5549 quod
652 5492 698 5536 et
725 5486 1020 5546 salvamiui.
1049 5493 1107 5550 Il
1135 5507 1239 5566 est,
1267 5516 1365 5572 per
1393 5504 1547 5576 cujus
1570 5509 1870 5571 doctrinam

289 5563 516 5620 salutem
551 5575 782 5640 speratis
806 5579 1108 5638 animarum
1141 5597 1196 5642 et
1223 5605 1252 5644 a
1282 5563 1512 5652 diversis
1541 5599 1869 5660 inﬁrmitati-

287 5651 391 5709 bus
432 5671 740 5730 corporum,
785 5669 908 5736 quia
958 5673 1073 5731 sine
1120 5677 1223 5734 ﬁde
1272 5690 1685 5748 resurrectionis
1728 5697 1870 5765 perit

287 5747 595 5807 omnimodo
625 5769 744 5827 spes
774 5759 980 5818 salutis.
