  <div class='ocr_page' id='page_1' title='image "/cluster/home/n/w/nwhite01/storage/ocr_20150623/102/umn.31951002477395f/225.png"; bbox 0 0 3952 6456; ppageno 0'>
   <div class='ocr_carea' id='block_1_1' title="bbox 406 326 508 383">
    <p class='ocr_par' dir='ltr' id='par_1_1' title="bbox 406 326 508 383">
     <span class='ocr_line' id='line_1_1' title="bbox 406 326 508 383; baseline -0.029 0"><span class='ocrx_word' id='word_1_1' title='bbox 406 326 508 383; x_wconf 68' lang='lat'><strong>435</strong></span> 
     </span>
    </p>
   </div>
   <div class='ocr_carea' id='block_1_2' title="bbox 1706 303 2384 361">
    <p class='ocr_par' dir='ltr' id='par_1_2' title="bbox 1706 303 2384 361">
     <span class='ocr_line' id='line_1_2' title="bbox 1706 303 2384 361; baseline 0 -1"><span class='ocrx_word' id='word_1_2' title='bbox 1706 303 2055 361; x_wconf 65' lang='lat' dir='ltr'><strong>SMAllAGDI</strong></span> <span class='ocrx_word' id='word_1_3' title='bbox 2092 304 2384 360; x_wconf 73' lang='lat' dir='ltr'><strong>ABBATIS</strong></span> 
     </span>
    </p>
   </div>
   <div class='ocr_carea' id='block_1_3' title="bbox 3556 308 3660 361">
    <p class='ocr_par' dir='ltr' id='par_1_3' title="bbox 3556 308 3660 361">
     <span class='ocr_line' id='line_1_3' title="bbox 3556 308 3660 361; baseline 0 -1"><span class='ocrx_word' id='word_1_4' title='bbox 3556 308 3660 361; x_wconf 60' lang='grc' dir='ltr'><strong>4ἶῦ</strong></span> 
     </span>
    </p>
   </div>
   <div class='ocr_carea' id='block_1_4' title="bbox 405 419 3660 510">
    <p class='ocr_par' dir='ltr' id='par_1_4' title="bbox 405 419 3660 510">
     <span class='ocr_line' id='line_1_4' title="bbox 405 419 3660 510; baseline -0.008 -7"><span class='ocrx_word' id='word_1_5' title='bbox 405 455 527 503; x_wconf 76' lang='lat' dir='ltr'><strong>ctus</strong></span> <span class='ocrx_word' id='word_1_6' title='bbox 550 449 730 496; x_wconf 89' lang='lat' dir='ltr'><strong>autem</strong></span> <span class='ocrx_word' id='word_1_7' title='bbox 762 433 1227 510; x_wconf 72' lang='lat' dir='ltr'><strong>pricdicationibus</strong></span> <span class='ocrx_word' id='word_1_8' title='bbox 1254 446 1359 485; x_wconf 85' lang='lat' dir='ltr'><strong>non</strong></span> <span class='ocrx_word' id='word_1_9' title='bbox 1383 429 1607 485; x_wconf 82' lang='lat' dir='ltr'><strong>catenis.</strong></span> <span class='ocrx_word' id='word_1_10' title='bbox 1644 426 1712 481; x_wconf 82' lang='lat' dir='ltr'><strong>Et</strong></span> <span class='ocrx_word' id='word_1_11' title='bbox 1739 439 1835 496; x_wconf 90' lang='lat' dir='ltr'><strong>pro</strong></span> <span class='ocrx_word' id='word_1_12' title='bbox 1869 430 1979 477; x_wconf 79' lang='lat' dir='ltr'><strong>sttt-</strong></span> <span class='ocrx_word' id='word_1_13' title='bbox 2010 419 2055 479; x_wconf 76' lang='grc' dir='ltr'>Α</span> <span class='ocrx_word' id='word_1_14' title='bbox 2086 427 2189 486; x_wconf 86' lang='lat' dir='ltr'><strong>tur,</strong></span> <span class='ocrx_word' id='word_1_15' title='bbox 2207 421 2330 491; x_wconf 84' lang='lat' dir='ltr'><strong>quia</strong></span> <span class='ocrx_word' id='word_1_16' title='bbox 2353 429 2659 475; x_wconf 82' lang='lat' dir='ltr'><strong>sanctorum</strong></span> <span class='ocrx_word' id='word_1_17' title='bbox 2681 423 2821 478; x_wconf 84' lang='lat' dir='ltr'><strong>actio</strong></span> <span class='ocrx_word' id='word_1_18' title='bbox 2842 421 2910 475; x_wconf 90' lang='lat' dir='ltr'><strong>ab</strong></span> <span class='ocrx_word' id='word_1_19' title='bbox 2928 421 3071 475; x_wconf 89' lang='lat' dir='ltr'><strong>omni</strong></span> <span class='ocrx_word' id='word_1_20' title='bbox 3093 428 3248 491; x_wconf 83' lang='lat' dir='ltr'><strong>parte</strong></span> <span class='ocrx_word' id='word_1_21' title='bbox 3270 422 3660 493; x_wconf 82' lang='lat' dir='ltr'><strong>circumspecta</strong></span> 
     </span>
    </p>
   </div>
   <div class='ocr_carea' id='block_1_5' title="bbox 405 512 1982 605">
    <p class='ocr_par' dir='ltr' id='par_1_5' title="bbox 405 512 1982 605">
     <span class='ocr_line' id='line_1_5' title="bbox 405 512 1982 605; baseline -0.016 -16"><span class='ocrx_word' id='word_1_22' title='bbox 405 545 535 605; x_wconf 87' lang='lat' dir='ltr'><strong>pore</strong></span> <span class='ocrx_word' id='word_1_23' title='bbox 564 525 819 585; x_wconf 79' lang='lat' dir='ltr'><strong>novitatis</strong></span> <span class='ocrx_word' id='word_1_24' title='bbox 856 525 909 579; x_wconf 92' lang='lat' dir='ltr'><strong>in</strong></span> <span class='ocrx_word' id='word_1_25' title='bbox 952 522 1097 579; x_wconf 90' lang='lat' dir='ltr'><strong>vitiis</strong></span> <span class='ocrx_word' id='word_1_26' title='bbox 1137 520 1226 592; x_wconf 86' lang='lat' dir='ltr'><strong>qui</strong></span> <span class='ocrx_word' id='word_1_27' title='bbox 1256 526 1393 583; x_wconf 84' lang='lat' dir='ltr'><strong>erat,</strong></span> <span class='ocrx_word' id='word_1_28' title='bbox 1430 519 1483 572; x_wconf 85' lang='lat' dir='ltr'><strong>in</strong></span> <span class='ocrx_word' id='word_1_29' title='bbox 1521 516 1654 591; x_wconf 82' lang='lat' dir='ltr'><strong>legis</strong></span> <span class='ocrx_word' id='word_1_30' title='bbox 1682 512 1982 568; x_wconf 50' lang='lat' dir='ltr'><strong>eruditione</strong></span> 
     </span>
    </p>
   </div>
   <div class='ocr_carea' id='block_1_6' title="bbox 405 609 1981 695">
    <p class='ocr_par' dir='ltr' id='par_1_6' title="bbox 405 609 1981 695">
     <span class='ocr_line' id='line_1_6' title="bbox 405 609 1981 695; baseline -0.015 -18"><span class='ocrx_word' id='word_1_31' title='bbox 405 619 694 695; x_wconf 85' lang='lat' dir='ltr'><strong>perfectus.</strong></span> <span class='ocrx_word' id='word_1_32' title='bbox 728 614 856 672; x_wconf 88' lang='lat' dir='ltr'><strong>Sive</strong></span> <span class='ocrx_word' id='word_1_33' title='bbox 887 613 1006 668; x_wconf 91' lang='lat' dir='ltr'><strong>ideo</strong></span> <span class='ocrx_word' id='word_1_34' title='bbox 1028 611 1327 675; x_wconf 71' lang='lat' dir='ltr'><strong>abortivus,</strong></span> <span class='ocrx_word' id='word_1_35' title='bbox 1357 609 1481 678; x_wconf 90' lang='lat' dir='ltr'><strong>quia</strong></span> <span class='ocrx_word' id='word_1_36' title='bbox 1508 616 1683 663; x_wconf 97' lang='lat' dir='ltr'><strong>mater</strong></span> <span class='ocrx_word' id='word_1_37' title='bbox 1715 616 1981 675; x_wconf 74' lang='lat' dir='ltr'><strong>synagoga</strong></span> 
     </span>
    </p>
   </div>
   <div class='ocr_carea' id='block_1_7' title="bbox 404 696 1799 775">
    <p class='ocr_par' dir='ltr' id='par_1_7' title="bbox 404 696 1799 775">
     <span class='ocr_line' id='line_1_7' title="bbox 404 696 1799 775; baseline -0.013 -8"><span class='ocrx_word' id='word_1_38' title='bbox 404 727 470 767; x_wconf 89' lang='lat' dir='ltr'><strong>eu</strong></span> <span class='ocrx_word' id='word_1_39' title='bbox 480 726 526 763; x_wconf 85' lang='lat' dir='ltr'><strong>ni</strong></span> <span class='ocrx_word' id='word_1_40' title='bbox 559 707 699 764; x_wconf 86' lang='lat' dir='ltr'><strong>male</strong></span> <span class='ocrx_word' id='word_1_41' title='bbox 720 712 1037 775; x_wconf 89' lang='lat' dir='ltr'><strong>conceptum</strong></span> <span class='ocrx_word' id='word_1_42' title='bbox 1065 700 1545 772; x_wconf 90' lang='lat' dir='ltr'><strong>imperfectumque</strong></span> <span class='ocrx_word' id='word_1_43' title='bbox 1569 696 1799 768; x_wconf 83' lang='lat' dir='ltr'><strong>peperit.</strong></span> 
     </span>
    </p>
   </div>
   <div class='ocr_carea' id='block_1_8' title="bbox 476 781 1984 870">
    <p class='ocr_par' dir='ltr' id='par_1_8' title="bbox 476 781 1984 870">
     <span class='ocr_line' id='line_1_8' title="bbox 476 781 1984 870; baseline -0.011 -17"><span class='ocrx_word' id='word_1_44' title='bbox 476 796 589 870; x_wconf 84' lang='lat' dir='ltr'><strong>Ego</strong></span> <span class='ocrx_word' id='word_1_45' title='bbox 616 796 751 851; x_wconf 85' lang='lat' dir='ltr'><strong>enim</strong></span> <span class='ocrx_word' id='word_1_46' title='bbox 779 810 895 850; x_wconf 82' lang='lat' dir='ltr'><strong>sum</strong></span> <span class='ocrx_word' id='word_1_47' title='bbox 922 793 1167 847; x_wconf 81' lang='lat' dir='ltr'><strong>minimus</strong></span> <span class='ocrx_word' id='word_1_48' title='bbox 1194 788 1565 861; x_wconf 78' lang='lat' dir='ltr'><strong>apostolorum.</strong></span> <span class='ocrx_word' id='word_1_49' title='bbox 1596 785 1723 840; x_wconf 59' lang='lat' dir='ltr'><strong>llaec</strong></span> <span class='ocrx_word' id='word_1_50' title='bbox 1747 783 1890 838; x_wconf 89' lang='lat' dir='ltr'><strong>enim</strong></span> <span class='ocrx_word' id='word_1_51' title='bbox 1917 781 1984 837; x_wconf 88' lang='lat' dir='ltr'><strong>de</strong></span> 
     </span>
    </p>
   </div>
   <div class='ocr_carea' id='block_1_9' title="bbox 405 874 1985 957">
    <p class='ocr_par' dir='ltr' id='par_1_9' title="bbox 405 874 1985 957">
     <span class='ocr_line' id='line_1_9' title="bbox 405 874 1985 957; baseline -0.009 -15"><span class='ocrx_word' id='word_1_52' title='bbox 405 900 465 943; x_wconf 88' lang='lat' dir='ltr'><strong>se</strong></span> <span class='ocrx_word' id='word_1_53' title='bbox 490 894 712 957; x_wconf 81' lang='lat' dir='ltr'><strong>propter</strong></span> <span class='ocrx_word' id='word_1_54' title='bbox 736 883 1097 940; x_wconf 75' lang='lat' dir='ltr'><strong>humilitatem</strong></span> <span class='ocrx_word' id='word_1_55' title='bbox 1123 881 1270 944; x_wconf 91' lang='lat' dir='ltr'><strong>dicit,</strong></span> <span class='ocrx_word' id='word_1_56' title='bbox 1301 884 1556 934; x_wconf 64' lang='lat' dir='ltr'><strong>cartorum</strong></span> <span class='ocrx_word' id='word_1_57' title='bbox 1582 882 1699 930; x_wconf 89' lang='lat' dir='ltr'><strong>erat</strong></span> <span class='ocrx_word' id='word_1_58' title='bbox 1729 874 1985 928; x_wconf 85' lang='lat' dir='ltr'><strong>minimus</strong></span> 
     </span>
    </p>
   </div>
   <div class='ocr_carea' id='block_1_10' title="bbox 408 960 1984 1047">
    <p class='ocr_par' dir='ltr' id='par_1_10' title="bbox 408 960 1984 1047">
     <span class='ocr_line' id='line_1_10' title="bbox 408 960 1984 1047; baseline -0.011 -14"><span class='ocrx_word' id='word_1_59' title='bbox 408 987 648 1047; x_wconf 88' lang='lat' dir='ltr'><strong>tempore</strong></span> <span class='ocrx_word' id='word_1_60' title='bbox 683 989 791 1030; x_wconf 90' lang='lat' dir='ltr'><strong>non</strong></span> <span class='ocrx_word' id='word_1_61' title='bbox 831 973 1032 1029; x_wconf 86' lang='lat' dir='ltr'><strong>labore.</strong></span> <span class='ocrx_word' id='word_1_62' title='bbox 1074 970 1210 1026; x_wconf 75' lang='lat' dir='ltr'><strong>Nam</strong></span> <span class='ocrx_word' id='word_1_63' title='bbox 1252 967 1378 1024; x_wconf 89' lang='lat' dir='ltr'><strong>alibi</strong></span> <span class='ocrx_word' id='word_1_64' title='bbox 1417 966 1531 1021; x_wconf 87' lang='lat' dir='ltr'><strong>ait:</strong></span> <span class='ocrx_word' id='word_1_65' title='bbox 1575 962 1704 1018; x_wconf 78' lang='lat' dir='ltr'><strong>Plus</strong></span> <span class='ocrx_word' id='word_1_66' title='bbox 1746 960 1984 1017; x_wconf 84' lang='lat' dir='ltr'><strong>omnibus</strong></span> 
     </span>
    </p>
   </div>
   <div class='ocr_carea' id='block_1_11' title="bbox 406 1068 662 1126">
    <p class='ocr_par' dir='ltr' id='par_1_11' title="bbox 406 1068 662 1126">
     <span class='ocr_line' id='line_1_11' title="bbox 406 1068 662 1126; baseline -0.008 -2"><span class='ocrx_word' id='word_1_67' title='bbox 406 1068 662 1126; x_wconf 75' lang='lat' dir='ltr'><strong>laboravi.</strong></span> 
     </span>
    </p>
   </div>
   <div class='ocr_carea' id='block_1_12' title="bbox 481 1143 1986 1229">
    <p class='ocr_par' dir='ltr' id='par_1_12' title="bbox 481 1143 1986 1229">
     <span class='ocr_line' id='line_1_12' title="bbox 481 1143 1986 1229; baseline -0.011 -14"><span class='ocrx_word' id='word_1_68' title='bbox 481 1160 619 1229; x_wconf 83' lang='lat' dir='ltr'><strong>Quia</strong></span> <span class='ocrx_word' id='word_1_69' title='bbox 645 1176 748 1214; x_wconf 86' lang='lat' dir='ltr'><strong>non</strong></span> <span class='ocrx_word' id='word_1_70' title='bbox 770 1173 886 1212; x_wconf 85' lang='lat' dir='ltr'><strong>sum</strong></span> <span class='ocrx_word' id='word_1_71' title='bbox 912 1156 1101 1228; x_wconf 82' lang='lat' dir='ltr'><strong>dignus</strong></span> <span class='ocrx_word' id='word_1_72' title='bbox 1130 1153 1307 1209; x_wconf 81' lang='lat' dir='ltr'><strong>vocari</strong></span> <span class='ocrx_word' id='word_1_73' title='bbox 1344 1147 1633 1222; x_wconf 78' lang='lat' dir='ltr'><strong>apostolus,</strong></span> <span class='ocrx_word' id='word_1_74' title='bbox 1667 1154 1773 1202; x_wconf 86' lang='lat' dir='ltr'><strong>etc.</strong></span> <span class='ocrx_word' id='word_1_75' title='bbox 1807 1143 1986 1211; x_wconf 85' lang='lat' dir='ltr'><strong>Quare</strong></span> 
     </span>
    </p>
   </div>
   <div class='ocr_carea' id='block_1_13' title="bbox 405 1234 1985 1315">
    <p class='ocr_par' dir='ltr' id='par_1_13' title="bbox 405 1234 1985 1315">
     <span class='ocr_line' id='line_1_13' title="bbox 405 1234 1985 1315; baseline -0.015 -13"><span class='ocrx_word' id='word_1_76' title='bbox 405 1262 517 1302; x_wconf 83' lang='lat' dir='ltr'><strong>non</strong></span> <span class='ocrx_word' id='word_1_77' title='bbox 545 1255 617 1301; x_wconf 72' lang='lat' dir='ltr'><strong>snt</strong></span> <span class='ocrx_word' id='word_1_78' title='bbox 639 1245 836 1315; x_wconf 87' lang='lat' dir='ltr'><strong>dignus</strong></span> <span class='ocrx_word' id='word_1_79' title='bbox 861 1245 972 1313; x_wconf 89' lang='lat' dir='ltr'><strong>ipse</strong></span> <span class='ocrx_word' id='word_1_80' title='bbox 994 1255 1275 1312; x_wconf 78' lang='lat' dir='ltr'><strong>exponens</strong></span> <span class='ocrx_word' id='word_1_81' title='bbox 1307 1238 1382 1291; x_wconf 87' lang='lat' dir='ltr'><strong>ait</strong></span> <span class='ocrx_word' id='word_1_82' title='bbox 1412 1253 1429 1290; x_wconf 82' lang='lat'><strong>:</strong></span> <span class='ocrx_word' id='word_1_83' title='bbox 1459 1234 1722 1301; x_wconf 76' lang='lat' dir='ltr'><strong>Quoniam</strong></span> <span class='ocrx_word' id='word_1_84' title='bbox 1738 1237 1985 1299; x_wconf 67' lang='lat' dir='ltr'><strong>persecu-</strong></span> 
     </span>
    </p>
   </div>
   <div class='ocr_carea' id='block_1_14' title="bbox 407 1324 1989 1400">
    <p class='ocr_par' dir='ltr' id='par_1_14' title="bbox 407 1324 1989 1400">
     <span class='ocr_line' id='line_1_14' title="bbox 407 1324 1989 1400; baseline -0.012 -6"><span class='ocrx_word' id='word_1_85' title='bbox 407 1351 493 1394; x_wconf 82' lang='lat' dir='ltr'><strong>tus</strong></span> <span class='ocrx_word' id='word_1_86' title='bbox 513 1355 628 1394; x_wconf 84' lang='lat' dir='ltr'><strong>sum</strong></span> <span class='ocrx_word' id='word_1_87' title='bbox 648 1336 947 1392; x_wconf 81' lang='lat' dir='ltr'><strong>Ecclesium</strong></span> <span class='ocrx_word' id='word_1_88' title='bbox 973 1335 1087 1389; x_wconf 87' lang='lat' dir='ltr'><strong>Dei.</strong></span> <span class='ocrx_word' id='word_1_89' title='bbox 1111 1334 1278 1389; x_wconf 90' lang='lat' dir='ltr'><strong>Docet</strong></span> <span class='ocrx_word' id='word_1_90' title='bbox 1300 1347 1399 1386; x_wconf 82' lang='lat' dir='ltr'><strong>nos</strong></span> <span class='ocrx_word' id='word_1_91' title='bbox 1411 1330 1661 1400; x_wconf 86' lang='lat' dir='ltr'><strong>exemplo</strong></span> <span class='ocrx_word' id='word_1_92' title='bbox 1677 1341 1800 1390; x_wconf 89' lang='lat' dir='ltr'><strong>suo,</strong></span> <span class='ocrx_word' id='word_1_93' title='bbox 1824 1324 1989 1379; x_wconf 88' lang='lat' dir='ltr'><strong>etiam</strong></span> 
     </span>
    </p>
   </div>
   <div class='ocr_carea' id='block_1_15' title="bbox 408 1413 1988 1495">
    <p class='ocr_par' dir='ltr' id='par_1_15' title="bbox 408 1413 1988 1495">
     <span class='ocr_line' id='line_1_15' title="bbox 408 1413 1988 1495; baseline -0.009 -15"><span class='ocrx_word' id='word_1_94' title='bbox 408 1424 455 1480; x_wconf 79' lang='lat' dir='ltr'><strong>si</strong></span> <span class='ocrx_word' id='word_1_95' title='bbox 481 1422 549 1479; x_wconf 87' lang='lat' dir='ltr'><strong>ad</strong></span> <span class='ocrx_word' id='word_1_96' title='bbox 574 1437 816 1495; x_wconf 75' lang='lat' dir='ltr'><strong>prinsens</strong></span> <span class='ocrx_word' id='word_1_97' title='bbox 854 1422 1201 1493; x_wconf 84' lang='lat' dir='ltr'><strong>proficiamus</strong></span> <span class='ocrx_word' id='word_1_98' title='bbox 1237 1418 1434 1475; x_wconf 82' lang='lat' dir='ltr'><strong>deflere</strong></span> <span class='ocrx_word' id='word_1_99' title='bbox 1470 1417 1765 1488; x_wconf 72' lang='lat' dir='ltr'><strong>prmterita,</strong></span> <span class='ocrx_word' id='word_1_100' title='bbox 1797 1413 1988 1467; x_wconf 87' lang='lat' dir='ltr'><strong>melius</strong></span> 
     </span>
    </p>
   </div>
   <div class='ocr_carea' id='block_1_16' title="bbox 408 1500 1987 1579">
    <p class='ocr_par' dir='ltr' id='par_1_16' title="bbox 408 1500 1987 1579">
     <span class='ocr_line' id='line_1_16' title="bbox 408 1500 1987 1579; baseline -0.01 -10"><span class='ocrx_word' id='word_1_101' title='bbox 408 1522 493 1570; x_wconf 82' lang='lat' dir='ltr'><strong>est</strong></span> <span class='ocrx_word' id='word_1_102' title='bbox 528 1514 673 1569; x_wconf 85' lang='lat' dir='ltr'><strong>enim</strong></span> <span class='ocrx_word' id='word_1_103' title='bbox 708 1513 930 1568; x_wconf 90' lang='lat' dir='ltr'><strong>dimissa</strong></span> <span class='ocrx_word' id='word_1_104' title='bbox 959 1510 1231 1567; x_wconf 87' lang='lat' dir='ltr'><strong>recordari</strong></span> <span class='ocrx_word' id='word_1_105' title='bbox 1266 1515 1513 1579; x_wconf 88' lang='lat' dir='ltr'><strong>peccata,</strong></span> <span class='ocrx_word' id='word_1_106' title='bbox 1547 1520 1708 1576; x_wconf 76' lang='lat' dir='ltr'><strong>quam</strong></span> <span class='ocrx_word' id='word_1_107' title='bbox 1744 1500 1987 1558; x_wconf 85' lang='lat' dir='ltr'><strong>oblivisci</strong></span> 
     </span>
    </p>
   </div>
   <div class='ocr_carea' id='block_1_17' title="bbox 410 1594 1989 1673">
    <p class='ocr_par' dir='ltr' id='par_1_17' title="bbox 410 1594 1989 1673">
     <span class='ocr_line' id='line_1_17' title="bbox 410 1594 1989 1673; baseline -0.011 -12"><span class='ocrx_word' id='word_1_108' title='bbox 410 1606 721 1663; x_wconf 83' lang='lat' dir='ltr'><strong>commissa.</strong></span> <span class='ocrx_word' id='word_1_109' title='bbox 747 1605 1016 1673; x_wconf 81' lang='lat' dir='ltr'><strong>Scriptum</strong></span> <span class='ocrx_word' id='word_1_110' title='bbox 1032 1611 1115 1658; x_wconf 85' lang='lat' dir='ltr'><strong>est</strong></span> <span class='ocrx_word' id='word_1_111' title='bbox 1127 1602 1271 1658; x_wconf 84' lang='lat' dir='ltr'><strong>enim</strong></span> <span class='ocrx_word' id='word_1_112' title='bbox 1296 1619 1309 1655; x_wconf 91' lang='lat'><strong>:</strong></span> <span class='ocrx_word' id='word_1_113' title='bbox 1337 1598 1467 1665; x_wconf 84' lang='lat' dir='ltr'><strong>Fili,</strong></span> <span class='ocrx_word' id='word_1_114' title='bbox 1496 1597 1738 1669; x_wconf 79' lang='lat' dir='ltr'><strong>peccasti,</strong></span> <span class='ocrx_word' id='word_1_115' title='bbox 1762 1610 1827 1648; x_wconf 82' lang='lat' dir='ltr'><strong>ne</strong></span> <span class='ocrx_word' id='word_1_116' title='bbox 1849 1594 1989 1663; x_wconf 87' lang='lat' dir='ltr'><strong>adji-</strong></span> 
     </span>
    </p>
   </div>
   <div class='ocr_carea' id='block_1_18' title="bbox 410 1682 1981 1765">
    <p class='ocr_par' dir='ltr' id='par_1_18' title="bbox 410 1682 1981 1765">
     <span class='ocr_line' id='line_1_18' title="bbox 410 1682 1981 1765; baseline -0.008 -16"><span class='ocrx_word' id='word_1_117' title='bbox 410 1697 522 1750; x_wconf 84' lang='lat' dir='ltr'><strong>cias</strong></span> <span class='ocrx_word' id='word_1_118' title='bbox 542 1697 750 1757; x_wconf 82' lang='lat' dir='ltr'><strong>iterum,</strong></span> <span class='ocrx_word' id='word_1_119' title='bbox 775 1694 866 1748; x_wconf 86' lang='lat' dir='ltr'><strong>sed</strong></span> <span class='ocrx_word' id='word_1_120' title='bbox 889 1694 1020 1749; x_wconf 85' lang='lat' dir='ltr'><strong>etde</strong></span> <span class='ocrx_word' id='word_1_121' title='bbox 1041 1693 1318 1765; x_wconf 68' lang='lat' dir='ltr'><strong>praeteritis</strong></span> <span class='ocrx_word' id='word_1_122' title='bbox 1341 1691 1618 1761; x_wconf 83' lang='lat' dir='ltr'><strong>deprecare</strong></span> <span class='ocrx_word' id='word_1_123' title='bbox 1638 1685 1828 1758; x_wconf 81' lang='lat' dir='ltr'><strong>(Eccli.</strong></span> <span class='ocrx_word' id='word_1_124' title='bbox 1845 1682 1981 1754; x_wconf 86' lang='lat' dir='ltr'><strong>xxi).</strong></span> 
     </span>
    </p>
   </div>
   <div class='ocr_carea' id='block_1_19' title="bbox 2084 510 3665 582">
    <p class='ocr_par' dir='ltr' id='par_1_19' title="bbox 2084 510 3665 582">
     <span class='ocr_line' id='line_1_19' title="bbox 2084 510 3665 582; baseline 0.002 -17"><span class='ocrx_word' id='word_1_125' title='bbox 2084 520 2164 565; x_wconf 84' lang='lat' dir='ltr'><strong>est</strong></span> <span class='ocrx_word' id='word_1_126' title='bbox 2200 510 2336 565; x_wconf 83' lang='lat' dir='ltr'><strong>bona</strong></span> <span class='ocrx_word' id='word_1_127' title='bbox 2360 511 2784 567; x_wconf 75' lang='lat' dir='ltr'><strong>desiderabilitcr</strong></span> <span class='ocrx_word' id='word_1_128' title='bbox 2814 511 3124 582; x_wconf 89' lang='lat' dir='ltr'><strong>providens,</strong></span> <span class='ocrx_word' id='word_1_129' title='bbox 3148 511 3288 565; x_wconf 86' lang='lat' dir='ltr'><strong>mala</strong></span> <span class='ocrx_word' id='word_1_130' title='bbox 3313 512 3545 567; x_wconf 87' lang='lat' dir='ltr'><strong>solerter</strong></span> <span class='ocrx_word' id='word_1_131' title='bbox 3574 529 3665 568; x_wconf 85' lang='lat' dir='ltr'><strong>ca-</strong></span> 
     </span>
    </p>
   </div>
   <div class='ocr_carea' id='block_1_20' title="bbox 2083 600 3667 671">
    <p class='ocr_par' dir='ltr' id='par_1_20' title="bbox 2083 600 3667 671">
     <span class='ocr_line' id='line_1_20' title="bbox 2083 600 3667 671; baseline 0.004 -18"><span class='ocrx_word' id='word_1_132' title='bbox 2083 617 2233 656; x_wconf 88' lang='lat' dir='ltr'><strong>vens.</strong></span> <span class='ocrx_word' id='word_1_133' title='bbox 2260 600 2364 657; x_wconf 85' lang='lat' dir='ltr'><strong>Sed</strong></span> <span class='ocrx_word' id='word_1_134' title='bbox 2389 617 2487 656; x_wconf 91' lang='lat' dir='ltr'><strong>nos</strong></span> <span class='ocrx_word' id='word_1_135' title='bbox 2510 617 2651 671; x_wconf 67' lang='lat' dir='ltr'><strong>sa‘pc</strong></span> <span class='ocrx_word' id='word_1_136' title='bbox 2674 603 2796 657; x_wconf 84' lang='lat' dir='ltr'><strong>dum</strong></span> <span class='ocrx_word' id='word_1_137' title='bbox 2819 602 2941 657; x_wconf 89' lang='lat' dir='ltr'><strong>aliis</strong></span> <span class='ocrx_word' id='word_1_138' title='bbox 2964 604 3123 657; x_wconf 86' lang='lat' dir='ltr'><strong>rebus</strong></span> <span class='ocrx_word' id='word_1_139' title='bbox 3145 603 3491 669; x_wconf 84' lang='lat' dir='ltr'><strong>intendimus,</strong></span> <span class='ocrx_word' id='word_1_140' title='bbox 3516 602 3575 659; x_wconf 83' lang='lat' dir='ltr'><strong>lit</strong></span> <span class='ocrx_word' id='word_1_141' title='bbox 3603 615 3667 659; x_wconf 88' lang='lat' dir='ltr'><strong>ut</strong></span> 
     </span>
    </p>
   </div>
   <div class='ocr_carea' id='block_1_21' title="bbox 2083 691 3667 763">
    <p class='ocr_par' dir='ltr' id='par_1_21' title="bbox 2083 691 3667 763">
     <span class='ocr_line' id='line_1_21' title="bbox 2083 691 3667 763; baseline 0.001 -16"><span class='ocrx_word' id='word_1_142' title='bbox 2083 691 2187 747; x_wconf 85' lang='lat' dir='ltr'><strong>alia</strong></span> <span class='ocrx_word' id='word_1_143' title='bbox 2212 692 2563 763; x_wconf 83' lang='lat' dir='ltr'><strong>negligamus,</strong></span> <span class='ocrx_word' id='word_1_144' title='bbox 2595 701 2651 746; x_wconf 89' lang='lat' dir='ltr'><strong>ct</strong></span> <span class='ocrx_word' id='word_1_145' title='bbox 2690 691 2775 745; x_wconf 91' lang='lat' dir='ltr'><strong>ubi</strong></span> <span class='ocrx_word' id='word_1_146' title='bbox 2819 691 3158 763; x_wconf 73' lang='lat' dir='ltr'><strong>negligimus,</strong></span> <span class='ocrx_word' id='word_1_147' title='bbox 3182 692 3253 746; x_wconf 91' lang='lat' dir='ltr'><strong>ibi</strong></span> <span class='ocrx_word' id='word_1_148' title='bbox 3295 691 3667 763; x_wconf 76' lang='lat' dir='ltr'><strong>proculdubio</strong></span> 
     </span>
    </p>
   </div>
   <div class='ocr_carea' id='block_1_22' title="bbox 2083 780 3666 838">
    <p class='ocr_par' dir='ltr' id='par_1_22' title="bbox 2083 780 3666 838">
     <span class='ocr_line' id='line_1_22' title="bbox 2083 780 3666 838; baseline 0.001 -2"><span class='ocrx_word' id='word_1_149' title='bbox 2083 781 2298 837; x_wconf 88' lang='lat' dir='ltr'><strong>oculum</strong></span> <span class='ocrx_word' id='word_1_150' title='bbox 2325 798 2430 837; x_wconf 90' lang='lat' dir='ltr'><strong>non</strong></span> <span class='ocrx_word' id='word_1_151' title='bbox 2455 782 2738 837; x_wconf 90' lang='lat' dir='ltr'><strong>habemus.</strong></span> <span class='ocrx_word' id='word_1_152' title='bbox 2763 780 2899 836; x_wconf 88' lang='lat' dir='ltr'><strong>Nam</strong></span> <span class='ocrx_word' id='word_1_153' title='bbox 2923 796 3051 835; x_wconf 89' lang='lat' dir='ltr'><strong>ecce</strong></span> <span class='ocrx_word' id='word_1_154' title='bbox 3071 780 3379 837; x_wconf 83' lang='lat' dir='ltr'><strong>Pharisaeus</strong></span> <span class='ocrx_word' id='word_1_155' title='bbox 3413 783 3480 836; x_wconf 93' lang='lat' dir='ltr'><strong>ad</strong></span> <span class='ocrx_word' id='word_1_156' title='bbox 3510 783 3666 838; x_wconf 75' lang='lat' dir='ltr'><strong>exhi-</strong></span> 
     </span>
    </p>
   </div>
   <div class='ocr_carea' id='block_1_23' title="bbox 2083 875 3666 945">
    <p class='ocr_par' dir='ltr' id='par_1_23' title="bbox 2083 875 3666 945">
     <span class='ocr_line' id='line_1_23' title="bbox 2083 875 3666 945; baseline 0 -13"><span class='ocrx_word' id='word_1_157' title='bbox 2083 879 2314 932; x_wconf 88' lang='lat' dir='ltr'><strong>bendam</strong></span> <span class='ocrx_word' id='word_1_158' title='bbox 2353 878 2768 942; x_wconf 88' lang='lat' dir='ltr'><strong>abstinentiam,</strong></span> <span class='ocrx_word' id='word_1_159' title='bbox 2805 877 2870 931; x_wconf 88' lang='lat' dir='ltr'><strong>ad</strong></span> <span class='ocrx_word' id='word_1_160' title='bbox 2915 875 3327 945; x_wconf 78' lang='lat' dir='ltr'><strong>impende-udam</strong></span> <span class='ocrx_word' id='word_1_161' title='bbox 3358 877 3666 932; x_wconf 87' lang='lat' dir='ltr'><strong>misericor-</strong></span> 
     </span>
    </p>
   </div>
   <div class='ocr_carea' id='block_1_24' title="bbox 2086 967 3663 1039">
    <p class='ocr_par' dir='ltr' id='par_1_24' title="bbox 2086 967 3663 1039">
     <span class='ocr_line' id='line_1_24' title="bbox 2086 967 3663 1039; baseline -0.002 -15"><span class='ocrx_word' id='word_1_162' title='bbox 2086 968 2228 1025; x_wconf 88' lang='lat' dir='ltr'><strong>diam</strong></span> <span class='ocrx_word' id='word_1_163' title='bbox 2251 1010 2265 1034; x_wconf 94' lang='lat'><strong>,</strong></span> <span class='ocrx_word' id='word_1_164' title='bbox 2304 978 2358 1024; x_wconf 89' lang='lat' dir='ltr'><strong>et</strong></span> <span class='ocrx_word' id='word_1_165' title='bbox 2396 967 2707 1023; x_wconf 83' lang='lat' dir='ltr'><strong>referendas</strong></span> <span class='ocrx_word' id='word_1_166' title='bbox 2742 968 2854 1023; x_wconf 88' lang='lat' dir='ltr'><strong>Deo</strong></span> <span class='ocrx_word' id='word_1_167' title='bbox 2891 968 3091 1039; x_wconf 80' lang='lat' dir='ltr'><strong>gratias</strong></span> <span class='ocrx_word' id='word_1_168' title='bbox 3125 968 3341 1023; x_wconf 89' lang='lat' dir='ltr'><strong>oculum</strong></span> <span class='ocrx_word' id='word_1_169' title='bbox 3378 968 3663 1032; x_wconf 89' lang='lat' dir='ltr'><strong>habuerat,</strong></span> 
     </span>
    </p>
   </div>
   <div class='ocr_carea' id='block_1_25' title="bbox 2085 1059 3665 1131">
    <p class='ocr_par' dir='ltr' id='par_1_25' title="bbox 2085 1059 3665 1131">
     <span class='ocr_line' id='line_1_25' title="bbox 2085 1059 3665 1131; baseline 0.001 -16"><span class='ocrx_word' id='word_1_170' title='bbox 2085 1060 2179 1115; x_wconf 88' lang='lat' dir='ltr'><strong>sed</strong></span> <span class='ocrx_word' id='word_1_171' title='bbox 2215 1060 2281 1114; x_wconf 90' lang='lat' dir='ltr'><strong>ad</strong></span> <span class='ocrx_word' id='word_1_172' title='bbox 2318 1059 2640 1114; x_wconf 85' lang='lat' dir='ltr'><strong>humilitatis</strong></span> <span class='ocrx_word' id='word_1_173' title='bbox 2675 1060 2975 1115; x_wconf 87' lang='lat' dir='ltr'><strong>custodiam</strong></span> <span class='ocrx_word' id='word_1_174' title='bbox 3016 1074 3122 1113; x_wconf 86' lang='lat' dir='ltr'><strong>non</strong></span> <span class='ocrx_word' id='word_1_175' title='bbox 3160 1060 3414 1125; x_wconf 85' lang='lat' dir='ltr'><strong>habebat,</strong></span> <span class='ocrx_word' id='word_1_176' title='bbox 3447 1069 3501 1115; x_wconf 93' lang='lat' dir='ltr'><strong>et</strong></span> <span class='ocrx_word' id='word_1_177' title='bbox 3537 1062 3665 1131; x_wconf 74' lang='lat' dir='ltr'><strong>quid</strong></span> 
     </span>
    </p>
   </div>
   <div class='ocr_carea' id='block_1_26' title="bbox 2084 1152 3669 1224">
    <p class='ocr_par' dir='ltr' id='par_1_26' title="bbox 2084 1152 3669 1224">
     <span class='ocr_line' id='line_1_26' title="bbox 2084 1152 3669 1224; baseline 0.001 -18"><span class='ocrx_word' id='word_1_178' title='bbox 2084 1153 2324 1222; x_wconf 88' lang='lat' dir='ltr'><strong>prodest,</strong></span> <span class='ocrx_word' id='word_1_179' title='bbox 2358 1152 2499 1222; x_wconf 91' lang='lat' dir='ltr'><strong>quod</strong></span> <span class='ocrx_word' id='word_1_180' title='bbox 2529 1161 2715 1207; x_wconf 89' lang='lat' dir='ltr'><strong>contra</strong></span> <span class='ocrx_word' id='word_1_181' title='bbox 2752 1152 2987 1207; x_wconf 87' lang='lat' dir='ltr'><strong>hostium</strong></span> <span class='ocrx_word' id='word_1_182' title='bbox 3030 1152 3250 1207; x_wconf 76' lang='lat' dir='ltr'><strong>insidias</strong></span> <span class='ocrx_word' id='word_1_183' title='bbox 3285 1168 3423 1224; x_wconf 87' lang='lat' dir='ltr'><strong>pene</strong></span> <span class='ocrx_word' id='word_1_184' title='bbox 3453 1163 3562 1208; x_wconf 90' lang='lat' dir='ltr'><strong>tota</strong></span> <span class='ocrx_word' id='word_1_185' title='bbox 3592 1154 3669 1208; x_wconf 88' lang='lat' dir='ltr'><strong>ci-</strong></span> 
     </span>
    </p>
   </div>
   <div class='ocr_carea' id='block_1_27' title="bbox 2084 1239 3668 1312">
    <p class='ocr_par' dir='ltr' id='par_1_27' title="bbox 2084 1239 3668 1312">
     <span class='ocr_line' id='line_1_27' title="bbox 2084 1239 3668 1312; baseline 0.001 -15"><span class='ocrx_word' id='word_1_186' title='bbox 2084 1244 2223 1298; x_wconf 87' lang='lat' dir='ltr'><strong>vitas</strong></span> <span class='ocrx_word' id='word_1_187' title='bbox 2249 1251 2403 1296; x_wconf 88' lang='lat' dir='ltr'><strong>caute</strong></span> <span class='ocrx_word' id='word_1_188' title='bbox 2427 1242 2745 1306; x_wconf 88' lang='lat' dir='ltr'><strong>custoditur,</strong></span> <span class='ocrx_word' id='word_1_189' title='bbox 2771 1243 2816 1297; x_wconf 91' lang='lat' dir='ltr'><strong>si</strong></span> <span class='ocrx_word' id='word_1_190' title='bbox 2844 1257 3010 1296; x_wconf 89' lang='lat' dir='ltr'><strong>unum</strong></span> <span class='ocrx_word' id='word_1_191' title='bbox 3036 1239 3276 1296; x_wconf 79' lang='lat' dir='ltr'><strong>foramen</strong></span> <span class='ocrx_word' id='word_1_192' title='bbox 3307 1253 3551 1312; x_wconf 89' lang='lat' dir='ltr'><strong>apertum</strong></span> <span class='ocrx_word' id='word_1_193' title='bbox 3583 1258 3668 1299; x_wconf 86' lang='lat' dir='ltr'><strong>re-</strong></span> 
     </span>
    </p>
   </div>
   <div class='ocr_carea' id='block_1_28' title="bbox 2086 1331 3169 1402">
    <p class='ocr_par' dir='ltr' id='par_1_28' title="bbox 2086 1331 3169 1402">
     <span class='ocr_line' id='line_1_28' title="bbox 2086 1331 3169 1402; baseline -0.002 -15"><span class='ocrx_word' id='word_1_194' title='bbox 2086 1333 2350 1402; x_wconf 88' lang='lat' dir='ltr'><strong>linquitur</strong></span> <span class='ocrx_word' id='word_1_195' title='bbox 2376 1332 2517 1386; x_wconf 82' lang='lat' dir='ltr'><strong>unde</strong></span> <span class='ocrx_word' id='word_1_196' title='bbox 2547 1332 2614 1386; x_wconf 90' lang='lat' dir='ltr'><strong>ab</strong></span> <span class='ocrx_word' id='word_1_197' title='bbox 2643 1331 2887 1386; x_wconf 86' lang='lat' dir='ltr'><strong>hostibus</strong></span> <span class='ocrx_word' id='word_1_198' title='bbox 2916 1331 3169 1386; x_wconf 87' lang='lat' dir='ltr'><strong>intretur.</strong></span> 
     </span>
    </p>
   </div>
   <div class='ocr_carea' id='block_1_29' title="bbox 2157 1419 3666 1492">
    <p class='ocr_par' dir='ltr' id='par_1_29' title="bbox 2157 1419 3666 1492">
     <span class='ocr_line' id='line_1_29' title="bbox 2157 1419 3666 1492; baseline -0.003 -15"><span class='ocrx_word' id='word_1_199' title='bbox 2157 1423 2225 1477; x_wconf 84' lang='lat' dir='ltr'><strong>Et</strong></span> <span class='ocrx_word' id='word_1_200' title='bbox 2268 1422 2576 1492; x_wconf 78' lang='lat' dir='ltr'><strong>publicanus</strong></span> <span class='ocrx_word' id='word_1_201' title='bbox 2622 1439 2654 1475; x_wconf 89' lang='lat' dir='ltr'><strong>a</strong></span> <span class='ocrx_word' id='word_1_202' title='bbox 2701 1420 2851 1490; x_wconf 79' lang='lat' dir='ltr'><strong>longe</strong></span> <span class='ocrx_word' id='word_1_203' title='bbox 2889 1430 3055 1483; x_wconf 80' lang='lat' dir='ltr'><strong>stans,</strong></span> <span class='ocrx_word' id='word_1_204' title='bbox 3101 1419 3307 1474; x_wconf 75' lang='lat' dir='ltr'><strong>nolebat</strong></span> <span class='ocrx_word' id='word_1_205' title='bbox 3353 1436 3444 1473; x_wconf 83' lang='lat' dir='ltr'><strong>nec</strong></span> <span class='ocrx_word' id='word_1_206' title='bbox 3489 1420 3666 1473; x_wconf 76' lang='lat' dir='ltr'><strong>oculos</strong></span> 
     </span>
    </p>
   </div>
   <div class='ocr_carea' id='block_1_30' title="bbox 2086 1510 3667 1580">
    <p class='ocr_par' dir='ltr' id='par_1_30' title="bbox 2086 1510 3667 1580">
     <span class='ocr_line' id='line_1_30' title="bbox 2086 1510 3667 1580; baseline -0.004 -11"><span class='ocrx_word' id='word_1_207' title='bbox 2086 1515 2182 1577; x_wconf 78' lang='lat' dir='ltr'><strong>ad,</strong></span> <span class='ocrx_word' id='word_1_208' title='bbox 2214 1524 2321 1570; x_wconf 90' lang='lat' dir='ltr'><strong>etc.</strong></span> <span class='ocrx_word' id='word_1_209' title='bbox 2361 1512 2626 1579; x_wconf 84' lang='lat' dir='ltr'><strong>Quantam</strong></span> <span class='ocrx_word' id='word_1_210' title='bbox 2655 1512 2827 1566; x_wconf 81' lang='lat' dir='ltr'><strong>veniae</strong></span> <span class='ocrx_word' id='word_1_211' title='bbox 2866 1510 3119 1566; x_wconf 80' lang='lat' dir='ltr'><strong>ﬁduciam</strong></span> <span class='ocrx_word' id='word_1_212' title='bbox 3164 1510 3325 1579; x_wconf 88' lang='lat' dir='ltr'><strong>digne</strong></span> <span class='ocrx_word' id='word_1_213' title='bbox 3352 1510 3667 1580; x_wconf 77' lang='lat' dir='ltr'><strong>ptenitenti-</strong></span> 
     </span>
    </p>
   </div>
   <div class='ocr_carea' id='block_1_31' title="bbox 2085 1601 3667 1677">
    <p class='ocr_par' dir='ltr' id='par_1_31' title="bbox 2085 1601 3667 1677">
     <span class='ocr_line' id='line_1_31' title="bbox 2085 1601 3667 1677; baseline -0.004 -16"><span class='ocrx_word' id='word_1_214' title='bbox 2085 1606 2186 1662; x_wconf 91' lang='lat' dir='ltr'><strong>bus</strong></span> <span class='ocrx_word' id='word_1_215' title='bbox 2220 1606 2453 1677; x_wconf 65' lang='lat' dir='ltr'><strong>prmiet,</strong></span> <span class='ocrx_word' id='word_1_216' title='bbox 2490 1603 2631 1674; x_wconf 86' lang='lat' dir='ltr'><strong>quod</strong></span> <span class='ocrx_word' id='word_1_217' title='bbox 2666 1603 3008 1673; x_wconf 86' lang='lat' dir='ltr'><strong>publicanus,</strong></span> <span class='ocrx_word' id='word_1_218' title='bbox 3047 1601 3139 1672; x_wconf 86' lang='lat' dir='ltr'><strong>qui</strong></span> <span class='ocrx_word' id='word_1_219' title='bbox 3177 1611 3385 1656; x_wconf 87' lang='lat' dir='ltr'><strong>reatum</strong></span> <span class='ocrx_word' id='word_1_220' title='bbox 3420 1617 3532 1656; x_wconf 80' lang='lat' dir='ltr'><strong>siue</strong></span> <span class='ocrx_word' id='word_1_221' title='bbox 3571 1616 3667 1655; x_wconf 89' lang='lat' dir='ltr'><strong>ne-</strong></span> 
     </span>
    </p>
   </div>
   <div class='ocr_carea' id='block_1_32' title="bbox 2088 1689 3669 1766">
    <p class='ocr_par' dir='ltr' id='par_1_32' title="bbox 2088 1689 3669 1766">
     <span class='ocr_line' id='line_1_32' title="bbox 2088 1689 3669 1766; baseline -0.001 -19"><span class='ocrx_word' id='word_1_222' title='bbox 2088 1696 2273 1766; x_wconf 76' lang='lat' dir='ltr'><strong>quititn</strong></span> <span class='ocrx_word' id='word_1_223' title='bbox 2299 1692 2537 1765; x_wconf 78' lang='lat' dir='ltr'><strong>perfecte</strong></span> <span class='ocrx_word' id='word_1_224' title='bbox 2575 1692 2856 1762; x_wconf 78' lang='lat' dir='ltr'><strong>cognovit,</strong></span> <span class='ocrx_word' id='word_1_225' title='bbox 2887 1689 3058 1756; x_wconf 83' lang='lat' dir='ltr'><strong>ﬂevit,</strong></span> <span class='ocrx_word' id='word_1_226' title='bbox 3089 1690 3368 1745; x_wconf 85' lang='lat' dir='ltr'><strong>confessus</strong></span> <span class='ocrx_word' id='word_1_227' title='bbox 3394 1699 3507 1753; x_wconf 84' lang='lat' dir='ltr'><strong>est,</strong></span> <span class='ocrx_word' id='word_1_228' title='bbox 3540 1701 3594 1746; x_wconf 91' lang='lat' dir='ltr'><strong>et</strong></span> <span class='ocrx_word' id='word_1_229' title='bbox 3622 1690 3669 1745; x_wconf 78' lang='lat' dir='ltr'><strong>si</strong></span> 
     </span>
    </p>
   </div>
   <div class='ocr_carea' id='block_1_33' title="bbox 481 1763 3668 1853">
    <p class='ocr_par' dir='ltr' id='par_1_33' title="bbox 481 1763 3668 1853">
     <span class='ocr_line' id='line_1_33' title="bbox 481 1763 3668 1853; baseline -0.003 -14"><span class='ocrx_word' id='word_1_230' title='bbox 481 1784 667 1839; x_wconf 79' lang='lat' dir='ltr'><strong>Gratia</strong></span> <span class='ocrx_word' id='word_1_231' title='bbox 713 1794 883 1839; x_wconf 84' lang='lat' dir='ltr'><strong>autem</strong></span> <span class='ocrx_word' id='word_1_232' title='bbox 915 1785 1011 1839; x_wconf 88' lang='lat' dir='ltr'><strong>Dei</strong></span> <span class='ocrx_word' id='word_1_233' title='bbox 1038 1763 1153 1839; x_wconf 79' lang='lat' dir='ltr'><strong>sum</strong></span> <span class='ocrx_word' id='word_1_234' title='bbox 1180 1783 1235 1837; x_wconf 84' lang='lat' dir='ltr'><strong>id</strong></span> <span class='ocrx_word' id='word_1_235' title='bbox 1261 1783 1400 1853; x_wconf 83' lang='lat' dir='ltr'><strong>quod</strong></span> <span class='ocrx_word' id='word_1_236' title='bbox 1433 1784 1572 1843; x_wconf 80' lang='lat' dir='ltr'><strong>sunt,</strong></span> <span class='ocrx_word' id='word_1_237' title='bbox 1602 1787 1649 1833; x_wconf 88' lang='lat' dir='ltr'><strong>et</strong></span> <span class='ocrx_word' id='word_1_238' title='bbox 1674 1778 1845 1848; x_wconf 85' lang='lat' dir='ltr'><strong>gratia</strong></span> <span class='ocrx_word' id='word_1_239' title='bbox 1874 1775 1988 1845; x_wconf 77' lang='lat' dir='ltr'><strong>ejus</strong></span> <span class='ocrx_word' id='word_1_240' title='bbox 2017 1763 2062 1822; x_wconf 82' lang='grc' dir='ltr'><strong>Β</strong></span> <span class='ocrx_word' id='word_1_241' title='bbox 2090 1763 2319 1852; x_wconf 63' lang='lat' dir='ltr'><strong>iniustus</strong></span> <span class='ocrx_word' id='word_1_242' title='bbox 2347 1783 2415 1837; x_wconf 82' lang='lat' dir='ltr'><strong>ad</strong></span> <span class='ocrx_word' id='word_1_243' title='bbox 2440 1780 2695 1851; x_wconf 89' lang='lat' dir='ltr'><strong>templum</strong></span> <span class='ocrx_word' id='word_1_244' title='bbox 2733 1781 2916 1845; x_wconf 90' lang='lat' dir='ltr'><strong>venit,</strong></span> <span class='ocrx_word' id='word_1_245' title='bbox 2940 1778 3268 1847; x_wconf 78' lang='lat' dir='ltr'><strong>iustificatus</strong></span> <span class='ocrx_word' id='word_1_246' title='bbox 3295 1793 3326 1832; x_wconf 90' lang='lat' dir='ltr'><strong>a</strong></span> <span class='ocrx_word' id='word_1_247' title='bbox 3354 1778 3551 1849; x_wconf 82' lang='lat' dir='ltr'><strong>templo</strong></span> <span class='ocrx_word' id='word_1_248' title='bbox 3580 1793 3668 1831; x_wconf 83' lang='lat' dir='ltr'><strong>re-</strong></span> 
     </span>
    </p>
   </div>
   <div class='ocr_carea' id='block_1_34' title="bbox 409 1865 1993 1943">
    <p class='ocr_par' dir='ltr' id='par_1_34' title="bbox 409 1865 1993 1943">
     <span class='ocr_line' id='line_1_34' title="bbox 409 1865 1993 1943; baseline -0.007 -14"><span class='ocrx_word' id='word_1_249' title='bbox 409 1877 465 1929; x_wconf 83' lang='lat' dir='ltr'><strong>iu</strong></span> <span class='ocrx_word' id='word_1_250' title='bbox 491 1891 573 1930; x_wconf 85' lang='lat' dir='ltr'><strong>me</strong></span> <span class='ocrx_word' id='word_1_251' title='bbox 608 1892 775 1930; x_wconf 77' lang='lat' dir='ltr'><strong>vacua</strong></span> <span class='ocrx_word' id='word_1_252' title='bbox 813 1891 916 1929; x_wconf 79' lang='lat' dir='ltr'><strong>non</strong></span> <span class='ocrx_word' id='word_1_253' title='bbox 945 1874 1064 1943; x_wconf 75' lang='lat' dir='ltr'><strong>fuit.</strong></span> <span class='ocrx_word' id='word_1_254' title='bbox 1097 1873 1233 1941; x_wconf 85' lang='lat' dir='ltr'><strong>Quia</strong></span> <span class='ocrx_word' id='word_1_255' title='bbox 1268 1873 1440 1943; x_wconf 82' lang='lat' dir='ltr'><strong>gratia</strong></span> <span class='ocrx_word' id='word_1_256' title='bbox 1470 1885 1575 1939; x_wconf 85' lang='lat' dir='ltr'><strong>qua</strong></span> <span class='ocrx_word' id='word_1_257' title='bbox 1605 1865 1867 1935; x_wconf 87' lang='lat' dir='ltr'><strong>redempti</strong></span> <span class='ocrx_word' id='word_1_258' title='bbox 1893 1880 1993 1927; x_wconf 77' lang='lat' dir='ltr'><strong>su-,</strong></span> 
     </span>
    </p>
   </div>
   <div class='ocr_carea' id='block_1_35' title="bbox 410 1954 1985 2031">
    <p class='ocr_par' dir='ltr' id='par_1_35' title="bbox 410 1954 1985 2031">
     <span class='ocr_line' id='line_1_35' title="bbox 410 1954 1985 2031; baseline -0.008 -12"><span class='ocrx_word' id='word_1_259' title='bbox 410 1981 563 2031; x_wconf 84' lang='lat' dir='ltr'><strong>mus,</strong></span> <span class='ocrx_word' id='word_1_260' title='bbox 600 1964 875 2031; x_wconf 89' lang='lat' dir='ltr'><strong>laborem,</strong></span> <span class='ocrx_word' id='word_1_261' title='bbox 924 1974 1208 2026; x_wconf 85' lang='lat' dir='ltr'><strong>conatum,</strong></span> <span class='ocrx_word' id='word_1_262' title='bbox 1259 1962 1515 2016; x_wconf 87' lang='lat' dir='ltr'><strong>meritum</strong></span> <span class='ocrx_word' id='word_1_263' title='bbox 1561 1972 1669 2012; x_wconf 90' lang='lat' dir='ltr'><strong>non</strong></span> <span class='ocrx_word' id='word_1_264' title='bbox 1717 1954 1985 2027; x_wconf 75' lang='lat' dir='ltr'><strong>quiesivit.</strong></span> 
     </span>
    </p>
   </div>
   <div class='ocr_carea' id='block_1_36' title="bbox 411 2047 1988 2125">
    <p class='ocr_par' dir='ltr' id='par_1_36' title="bbox 411 2047 1988 2125">
     <span class='ocr_line' id='line_1_36' title="bbox 411 2047 1988 2125; baseline -0.006 -16"><span class='ocrx_word' id='word_1_265' title='bbox 411 2056 733 2123; x_wconf 84' lang='lat' dir='ltr'><strong>Quotidiana</strong></span> <span class='ocrx_word' id='word_1_266' title='bbox 750 2065 929 2110; x_wconf 88' lang='lat' dir='ltr'><strong>autem</strong></span> <span class='ocrx_word' id='word_1_267' title='bbox 949 2056 1120 2125; x_wconf 87' lang='lat' dir='ltr'><strong>gratia</strong></span> <span class='ocrx_word' id='word_1_268' title='bbox 1139 2062 1262 2124; x_wconf 91' lang='lat' dir='ltr'><strong>post</strong></span> <span class='ocrx_word' id='word_1_269' title='bbox 1281 2053 1605 2123; x_wconf 88' lang='lat' dir='ltr'><strong>baptismum</strong></span> <span class='ocrx_word' id='word_1_270' title='bbox 1617 2047 1988 2119; x_wconf 89' lang='lat' dir='ltr'><strong>quotidianum</strong></span> 
     </span>
    </p>
   </div>
   <div class='ocr_carea' id='block_1_37' title="bbox 410 2146 1235 2215">
    <p class='ocr_par' dir='ltr' id='par_1_37' title="bbox 410 2146 1235 2215">
     <span class='ocr_line' id='line_1_37' title="bbox 410 2146 1235 2215; baseline -0.006 -12"><span class='ocrx_word' id='word_1_271' title='bbox 410 2147 692 2203; x_wconf 79' lang='lat' dir='ltr'><strong>servitium</strong></span> <span class='ocrx_word' id='word_1_272' title='bbox 716 2146 921 2202; x_wconf 88' lang='lat' dir='ltr'><strong>laboris</strong></span> <span class='ocrx_word' id='word_1_273' title='bbox 941 2153 1235 2215; x_wconf 73' lang='lat' dir='ltr'><strong>exspectat.</strong></span> 
     </span>
    </p>
   </div>
   <div class='ocr_carea' id='block_1_38' title="bbox 750 2249 1655 2301">
    <p class='ocr_par' dir='ltr' id='par_1_38' title="bbox 750 2249 1655 2301">
     <span class='ocr_line' id='line_1_38' title="bbox 750 2249 1655 2301; baseline -0.01 -6"><span class='ocrx_word' id='word_1_274' title='bbox 750 2253 1087 2295; x_wconf 66' lang='grc' dir='ltr'><strong>ενλςοειιωι</strong></span> <span class='ocrx_word' id='word_1_275' title='bbox 1123 2252 1305 2301; x_wconf 64' lang='grc' dir='ltr'><strong>ΙᾸῙΟΕ,</strong></span> <span class='ocrx_word' id='word_1_276' title='bbox 1342 2251 1461 2291; x_wconf 72' lang='lat' dir='ltr'><strong>CAP.</strong></span> <span class='ocrx_word' id='word_1_277' title='bbox 1498 2249 1655 2289; x_wconf 69' lang='lat' dir='ltr'><strong>XVIII.</strong></span> 
     </span>
    </p>
   </div>
   <div class='ocr_carea' id='block_1_39' title="bbox 489 2324 1990 2393">
    <p class='ocr_par' dir='ltr' id='par_1_39' title="bbox 489 2324 1990 2393">
     <span class='ocr_line' id='line_1_39' title="bbox 489 2324 1990 2393; baseline -0.007 -9"><span class='ocrx_word' id='word_1_278' title='bbox 489 2346 510 2384; x_wconf 72' lang='grc' dir='ltr'>ι</span> <span class='ocrx_word' id='word_1_279' title='bbox 545 2329 664 2385; x_wconf 87' lang='lat' dir='ltr'><strong>Duo</strong></span> <span class='ocrx_word' id='word_1_280' title='bbox 691 2330 938 2385; x_wconf 87' lang='lat' dir='ltr'><strong>homines</strong></span> <span class='ocrx_word' id='word_1_281' title='bbox 968 2329 1326 2384; x_wconf 87' lang='lat' dir='ltr'><strong>ascenderunt</strong></span> <span class='ocrx_word' id='word_1_282' title='bbox 1360 2327 1417 2381; x_wconf 92' lang='lat' dir='ltr'><strong>in</strong></span> <span class='ocrx_word' id='word_1_283' title='bbox 1456 2324 1741 2393; x_wconf 84' lang='lat' dir='ltr'><strong>templum,</strong></span> <span class='ocrx_word' id='word_1_284' title='bbox 1784 2330 1843 2376; x_wconf 90' lang='lat' dir='ltr'><strong>ut</strong></span> <span class='ocrx_word' id='word_1_285' title='bbox 1867 2336 1990 2375; x_wconf 88' lang='lat' dir='ltr'><strong>ora-</strong></span> 
     </span>
    </p>
   </div>
   <div class='ocr_carea' id='block_1_40' title="bbox 417 2411 1990 2488">
    <p class='ocr_par' dir='ltr' id='par_1_40' title="bbox 417 2411 1990 2488">
     <span class='ocr_line' id='line_1_40' title="bbox 417 2411 1990 2488; baseline -0.006 -14"><span class='ocrx_word' id='word_1_286' title='bbox 417 2440 439 2474; x_wconf 71' lang='lat' dir='ltr'><strong>t</strong></span> <span class='ocrx_word' id='word_1_287' title='bbox 472 2430 614 2488; x_wconf 83' lang='lat' dir='ltr'><strong>rent,</strong></span> <span class='ocrx_word' id='word_1_288' title='bbox 658 2437 798 2478; x_wconf 89' lang='lat' dir='ltr'><strong>unus</strong></span> <span class='ocrx_word' id='word_1_289' title='bbox 830 2421 1135 2476; x_wconf 64' lang='lat' dir='ltr'><strong>l’haﬁsaaus</strong></span> <span class='ocrx_word' id='word_1_290' title='bbox 1170 2430 1227 2475; x_wconf 87' lang='lat' dir='ltr'><strong>et</strong></span> <span class='ocrx_word' id='word_1_291' title='bbox 1259 2420 1394 2473; x_wconf 90' lang='lat' dir='ltr'><strong>alter</strong></span> <span class='ocrx_word' id='word_1_292' title='bbox 1428 2416 1763 2488; x_wconf 89' lang='lat' dir='ltr'><strong>publicanus.</strong></span> <span class='ocrx_word' id='word_1_293' title='bbox 1801 2411 1990 2467; x_wconf 88' lang='lat' dir='ltr'><strong>Phari-</strong></span> 
     </span>
    </p>
   </div>
   <div class='ocr_carea' id='block_1_41' title="bbox 417 2505 1990 2582">
    <p class='ocr_par' dir='ltr' id='par_1_41' title="bbox 417 2505 1990 2582">
     <span class='ocr_line' id='line_1_41' title="bbox 417 2505 1990 2582; baseline -0.007 -15"><span class='ocrx_word' id='word_1_294' title='bbox 417 2530 440 2567; x_wconf 76' lang='grc' dir='ltr'>ι</span> <span class='ocrx_word' id='word_1_295' title='bbox 472 2526 612 2569; x_wconf 66' lang='lat' dir='ltr'><strong>sinus</strong></span> <span class='ocrx_word' id='word_1_296' title='bbox 640 2521 790 2568; x_wconf 87' lang='lat' dir='ltr'><strong>stans</strong></span> <span class='ocrx_word' id='word_1_297' title='bbox 813 2512 929 2568; x_wconf 68' lang='lat' dir='ltr'><strong>haec</strong></span> <span class='ocrx_word' id='word_1_298' title='bbox 957 2511 1096 2582; x_wconf 84' lang='lat' dir='ltr'><strong>apud</strong></span> <span class='ocrx_word' id='word_1_299' title='bbox 1126 2526 1185 2566; x_wconf 89' lang='lat' dir='ltr'><strong>se</strong></span> <span class='ocrx_word' id='word_1_300' title='bbox 1210 2511 1401 2565; x_wconf 90' lang='lat' dir='ltr'><strong>orabat</strong></span> <span class='ocrx_word' id='word_1_301' title='bbox 1428 2526 1443 2562; x_wconf 90' lang='lat'><strong>:</strong></span> <span class='ocrx_word' id='word_1_302' title='bbox 1477 2508 1644 2571; x_wconf 89' lang='lat' dir='ltr'><strong>Deus,</strong></span> <span class='ocrx_word' id='word_1_303' title='bbox 1663 2505 1866 2577; x_wconf 80' lang='lat' dir='ltr'><strong>gratias</strong></span> <span class='ocrx_word' id='word_1_304' title='bbox 1891 2519 1990 2574; x_wconf 81' lang='lat' dir='ltr'><strong>ago</strong></span> 
     </span>
    </p>
   </div>
   <div class='ocr_carea' id='block_1_42' title="bbox 415 2598 1991 2673">
    <p class='ocr_par' dir='ltr' id='par_1_42' title="bbox 415 2598 1991 2673">
     <span class='ocr_line' id='line_1_42' title="bbox 415 2598 1991 2673; baseline -0.006 -15"><span class='ocrx_word' id='word_1_305' title='bbox 415 2621 440 2658; x_wconf 71' lang='grc' dir='ltr'>ι</span> <span class='ocrx_word' id='word_1_306' title='bbox 475 2602 570 2659; x_wconf 84' lang='lat' dir='ltr'><strong>tibi</strong></span> <span class='ocrx_word' id='word_1_307' title='bbox 587 2644 602 2671; x_wconf 93' lang='lat'><strong>,</strong></span> <span class='ocrx_word' id='word_1_308' title='bbox 627 2604 754 2673; x_wconf 88' lang='lat' dir='ltr'><strong>quia</strong></span> <span class='ocrx_word' id='word_1_309' title='bbox 780 2618 887 2658; x_wconf 91' lang='lat' dir='ltr'><strong>non</strong></span> <span class='ocrx_word' id='word_1_310' title='bbox 914 2618 1035 2658; x_wconf 87' lang='lat' dir='ltr'><strong>sum</strong></span> <span class='ocrx_word' id='word_1_311' title='bbox 1054 2643 1070 2668; x_wconf 91' lang='lat'><strong>,</strong></span> <span class='ocrx_word' id='word_1_312' title='bbox 1097 2602 1236 2657; x_wconf 88' lang='lat' dir='ltr'><strong>sicut</strong></span> <span class='ocrx_word' id='word_1_313' title='bbox 1265 2601 1444 2657; x_wconf 72' lang='lat' dir='ltr'><strong>cmtcri</strong></span> <span class='ocrx_word' id='word_1_314' title='bbox 1472 2598 1749 2655; x_wconf 89' lang='lat' dir='ltr'><strong>hominum</strong></span> <span class='ocrx_word' id='word_1_315' title='bbox 1766 2636 1781 2662; x_wconf 89' lang='lat'><strong>,</strong></span> <span class='ocrx_word' id='word_1_316' title='bbox 1810 2603 1991 2665; x_wconf 79' lang='lat' dir='ltr'><strong>rapto-</strong></span> 
     </span>
    </p>
   </div>
   <div class='ocr_carea' id='block_1_43' title="bbox 417 2689 1987 2765">
    <p class='ocr_par' dir='ltr' id='par_1_43' title="bbox 417 2689 1987 2765">
     <span class='ocr_line' id='line_1_43' title="bbox 417 2689 1987 2765; baseline -0.005 -15"><span class='ocrx_word' id='word_1_317' title='bbox 417 2713 441 2750; x_wconf 61' lang='lat' dir='ltr'><strong>s</strong></span> <span class='ocrx_word' id='word_1_318' title='bbox 473 2708 583 2761; x_wconf 86' lang='lat' dir='ltr'><strong>res,</strong></span> <span class='ocrx_word' id='word_1_319' title='bbox 623 2695 840 2765; x_wconf 85' lang='lat' dir='ltr'><strong>injusti,</strong></span> <span class='ocrx_word' id='word_1_320' title='bbox 876 2695 1104 2751; x_wconf 87' lang='lat' dir='ltr'><strong>adulteri</strong></span> <span class='ocrx_word' id='word_1_321' title='bbox 1124 2731 1139 2761; x_wconf 93' lang='lat'><strong>,</strong></span> <span class='ocrx_word' id='word_1_322' title='bbox 1164 2694 1310 2749; x_wconf 86' lang='lat' dir='ltr'><strong>velut</strong></span> <span class='ocrx_word' id='word_1_323' title='bbox 1335 2693 1499 2748; x_wconf 90' lang='lat' dir='ltr'><strong>etiam</strong></span> <span class='ocrx_word' id='word_1_324' title='bbox 1533 2692 1621 2746; x_wconf 88' lang='lat' dir='ltr'><strong>hic</strong></span> <span class='ocrx_word' id='word_1_325' title='bbox 1648 2689 1987 2759; x_wconf 74' lang='lat' dir='ltr'><strong>publicanus,</strong></span> 
     </span>
    </p>
   </div>
   <div class='ocr_carea' id='block_1_44' title="bbox 419 2782 1992 2857">
    <p class='ocr_par' dir='ltr' id='par_1_44' title="bbox 419 2782 1992 2857">
     <span class='ocr_line' id='line_1_44' title="bbox 419 2782 1992 2857; baseline -0.004 -15"><span class='ocrx_word' id='word_1_326' title='bbox 419 2802 442 2837; x_wconf 70' lang='grc' dir='ltr'><strong><em>ο</em></strong></span> <span class='ocrx_word' id='word_1_327' title='bbox 468 2782 655 2857; x_wconf 77' lang='lat' dir='ltr'><strong>jejuno</strong></span> <span class='ocrx_word' id='word_1_328' title='bbox 701 2785 786 2842; x_wconf 89' lang='lat' dir='ltr'><strong>bis</strong></span> <span class='ocrx_word' id='word_1_329' title='bbox 828 2787 883 2841; x_wconf 90' lang='lat' dir='ltr'><strong>in</strong></span> <span class='ocrx_word' id='word_1_330' title='bbox 929 2787 1173 2852; x_wconf 87' lang='lat' dir='ltr'><strong>sabbato,</strong></span> <span class='ocrx_word' id='word_1_331' title='bbox 1213 2783 1558 2842; x_wconf 76' lang='lat' dir='ltr'><strong>decimasdo</strong></span> <span class='ocrx_word' id='word_1_332' title='bbox 1591 2782 1833 2838; x_wconf 89' lang='lat' dir='ltr'><strong>omnium</strong></span> <span class='ocrx_word' id='word_1_333' title='bbox 1871 2794 1992 2850; x_wconf 67' lang='lat' dir='ltr'><strong>qua:</strong></span> 
     </span>
    </p>
   </div>
   <div class='ocr_carea' id='block_1_45' title="bbox 419 2870 1993 2945">
    <p class='ocr_par' dir='ltr' id='par_1_45' title="bbox 419 2870 1993 2945">
     <span class='ocr_line' id='line_1_45' title="bbox 419 2870 1993 2945; baseline -0.003 -18"><span class='ocrx_word' id='word_1_334' title='bbox 419 2893 442 2927; x_wconf 73' lang='grc' dir='ltr'>ι</span> <span class='ocrx_word' id='word_1_335' title='bbox 472 2875 740 2945; x_wconf 79' lang='lat' dir='ltr'><strong>possideo.</strong></span> <span class='ocrx_word' id='word_1_336' title='bbox 772 2874 838 2930; x_wconf 83' lang='lat' dir='ltr'><strong>Et</strong></span> <span class='ocrx_word' id='word_1_337' title='bbox 862 2876 1178 2944; x_wconf 84' lang='lat' dir='ltr'><strong>publicanus</strong></span> <span class='ocrx_word' id='word_1_338' title='bbox 1202 2892 1233 2931; x_wconf 89' lang='lat' dir='ltr'><strong>a</strong></span> <span class='ocrx_word' id='word_1_339' title='bbox 1258 2876 1415 2944; x_wconf 84' lang='lat' dir='ltr'><strong>longe</strong></span> <span class='ocrx_word' id='word_1_340' title='bbox 1437 2880 1607 2938; x_wconf 86' lang='lat' dir='ltr'><strong>stans,</strong></span> <span class='ocrx_word' id='word_1_341' title='bbox 1643 2870 1862 2926; x_wconf 86' lang='lat' dir='ltr'><strong>nolebat</strong></span> <span class='ocrx_word' id='word_1_342' title='bbox 1892 2884 1993 2923; x_wconf 89' lang='lat' dir='ltr'><strong>nec</strong></span> 
     </span>
    </p>
   </div>
   <div class='ocr_carea' id='block_1_46' title="bbox 420 2964 1992 3037">
    <p class='ocr_par' dir='ltr' id='par_1_46' title="bbox 420 2964 1992 3037">
     <span class='ocr_line' id='line_1_46' title="bbox 420 2964 1992 3037; baseline 0 -21"><span class='ocrx_word' id='word_1_343' title='bbox 420 2985 439 3016; x_wconf 77' lang='grc' dir='ltr'>ι</span> <span class='ocrx_word' id='word_1_344' title='bbox 474 2966 662 3023; x_wconf 87' lang='lat' dir='ltr'><strong>oculos</strong></span> <span class='ocrx_word' id='word_1_345' title='bbox 705 2968 772 3022; x_wconf 88' lang='lat' dir='ltr'><strong>ad</strong></span> <span class='ocrx_word' id='word_1_346' title='bbox 812 2968 1009 3023; x_wconf 66' lang='lat' dir='ltr'><strong>coelum</strong></span> <span class='ocrx_word' id='word_1_347' title='bbox 1048 2968 1249 3033; x_wconf 87' lang='lat' dir='ltr'><strong>levare,</strong></span> <span class='ocrx_word' id='word_1_348' title='bbox 1295 2967 1390 3022; x_wconf 87' lang='lat' dir='ltr'><strong>sed</strong></span> <span class='ocrx_word' id='word_1_349' title='bbox 1428 2964 1765 3037; x_wconf 85' lang='lat' dir='ltr'><strong>percutiebat</strong></span> <span class='ocrx_word' id='word_1_350' title='bbox 1805 2969 1992 3032; x_wconf 86' lang='lat' dir='ltr'><strong>pectus</strong></span> 
     </span>
    </p>
   </div>
   <div class='ocr_carea' id='block_1_47' title="bbox 420 3052 1987 3129">
    <p class='ocr_par' dir='ltr' id='par_1_47' title="bbox 420 3052 1987 3129">
     <span class='ocr_line' id='line_1_47' title="bbox 420 3052 1987 3129; baseline -0.005 -17"><span class='ocrx_word' id='word_1_351' title='bbox 420 3073 440 3107; x_wconf 74' lang='grc' dir='ltr'><strong><em>ο</em></strong></span> <span class='ocrx_word' id='word_1_352' title='bbox 473 3058 855 3124; x_wconf 82' lang='lat' dir='ltr'><strong>suum,dieens</strong></span> <span class='ocrx_word' id='word_1_353' title='bbox 882 3074 895 3112; x_wconf 88' lang='lat'><strong>:</strong></span> <span class='ocrx_word' id='word_1_354' title='bbox 925 3057 1371 3129; x_wconf 76' lang='lat' dir='ltr'><strong>Deus,propitius</strong></span> <span class='ocrx_word' id='word_1_355' title='bbox 1395 3065 1513 3111; x_wconf 82' lang='lat' dir='ltr'><strong>esto</strong></span> <span class='ocrx_word' id='word_1_356' title='bbox 1539 3055 1668 3110; x_wconf 89' lang='lat' dir='ltr'><strong>mihi</strong></span> <span class='ocrx_word' id='word_1_357' title='bbox 1692 3052 1987 3126; x_wconf 81' lang='lat' dir='ltr'><strong>peccaturi.</strong></span> 
     </span>
    </p>
   </div>
   <div class='ocr_carea' id='block_1_48' title="bbox 2088 1869 3667 1946">
    <p class='ocr_par' dir='ltr' id='par_1_48' title="bbox 2088 1869 3667 1946">
     <span class='ocr_line' id='line_1_48' title="bbox 2088 1869 3667 1946; baseline -0.005 -15"><span class='ocrx_word' id='word_1_358' title='bbox 2088 1878 2183 1932; x_wconf 90' lang='lat' dir='ltr'><strong>diit</strong></span> <span class='ocrx_word' id='word_1_359' title='bbox 2204 1877 2217 1929; x_wconf 89' lang='lat'><strong>!</strong></span> <span class='ocrx_word' id='word_1_360' title='bbox 2239 1874 2438 1946; x_wconf 79' lang='lat' dir='ltr'><strong>Typice</strong></span> <span class='ocrx_word' id='word_1_361' title='bbox 2453 1882 2631 1927; x_wconf 88' lang='lat' dir='ltr'><strong>autem</strong></span> <span class='ocrx_word' id='word_1_362' title='bbox 2654 1871 2959 1926; x_wconf 76' lang='lat' dir='ltr'><strong>Phariszcus</strong></span> <span class='ocrx_word' id='word_1_363' title='bbox 2984 1869 3292 1925; x_wconf 77' lang='lat' dir='ltr'><strong>Judteorum</strong></span> <span class='ocrx_word' id='word_1_364' title='bbox 3314 1878 3396 1925; x_wconf 90' lang='lat' dir='ltr'><strong>est</strong></span> <span class='ocrx_word' id='word_1_365' title='bbox 3417 1871 3667 1941; x_wconf 79' lang='lat' dir='ltr'><strong>populus,</strong></span> 
     </span>
    </p>
   </div>
   <div class='ocr_carea' id='block_1_49' title="bbox 2089 1962 3666 2038">
    <p class='ocr_par' dir='ltr' id='par_1_49' title="bbox 2089 1962 3666 2038">
     <span class='ocr_line' id='line_1_49' title="bbox 2089 1962 3666 2038; baseline -0.003 -17"><span class='ocrx_word' id='word_1_366' title='bbox 2089 1969 2178 2038; x_wconf 86' lang='lat' dir='ltr'><strong>qui</strong></span> <span class='ocrx_word' id='word_1_367' title='bbox 2228 1982 2294 2022; x_wconf 86' lang='lat' dir='ltr'><strong>ex</strong></span> <span class='ocrx_word' id='word_1_368' title='bbox 2344 1963 2821 2037; x_wconf 81' lang='lat' dir='ltr'><strong>jiistilicationibus</strong></span> <span class='ocrx_word' id='word_1_369' title='bbox 2868 1963 3004 2034; x_wconf 83' lang='lat' dir='ltr'><strong>legis</strong></span> <span class='ocrx_word' id='word_1_370' title='bbox 3049 1962 3257 2017; x_wconf 79' lang='lat' dir='ltr'><strong>extollit</strong></span> <span class='ocrx_word' id='word_1_371' title='bbox 3301 1964 3491 2018; x_wconf 90' lang='lat' dir='ltr'><strong>merita</strong></span> <span class='ocrx_word' id='word_1_372' title='bbox 3541 1979 3666 2027; x_wconf 81' lang='lat' dir='ltr'><strong>sua;</strong></span> 
     </span>
    </p>
   </div>
   <div class='ocr_carea' id='block_1_50' title="bbox 2088 2054 3670 2132">
    <p class='ocr_par' dir='ltr' id='par_1_50' title="bbox 2088 2054 3670 2132">
     <span class='ocr_line' id='line_1_50' title="bbox 2088 2054 3670 2132; baseline -0.003 -18"><span class='ocrx_word' id='word_1_373' title='bbox 2088 2060 2405 2132; x_wconf 83' lang='lat' dir='ltr'><strong>publicanus</strong></span> <span class='ocrx_word' id='word_1_374' title='bbox 2439 2072 2569 2113; x_wconf 87' lang='lat' dir='ltr'><strong>vero</strong></span> <span class='ocrx_word' id='word_1_375' title='bbox 2605 2057 2823 2128; x_wconf 83' lang='lat' dir='ltr'><strong>gentilis</strong></span> <span class='ocrx_word' id='word_1_376' title='bbox 2850 2064 2963 2121; x_wconf 88' lang='lat' dir='ltr'><strong>est,</strong></span> <span class='ocrx_word' id='word_1_377' title='bbox 3003 2056 3095 2126; x_wconf 90' lang='lat' dir='ltr'><strong>qui</strong></span> <span class='ocrx_word' id='word_1_378' title='bbox 3137 2054 3295 2126; x_wconf 78' lang='lat' dir='ltr'><strong>longe</strong></span> <span class='ocrx_word' id='word_1_379' title='bbox 3323 2071 3353 2110; x_wconf 91' lang='lat' dir='ltr'><strong>a</strong></span> <span class='ocrx_word' id='word_1_380' title='bbox 3382 2055 3493 2110; x_wconf 88' lang='lat' dir='ltr'><strong>Deo</strong></span> <span class='ocrx_word' id='word_1_381' title='bbox 3526 2056 3670 2126; x_wconf 85' lang='lat' dir='ltr'><strong>posi—</strong></span> 
     </span>
    </p>
   </div>
   <div class='ocr_carea' id='block_1_51' title="bbox 2089 2149 3669 2219">
    <p class='ocr_par' dir='ltr' id='par_1_51' title="bbox 2089 2149 3669 2219">
     <span class='ocr_line' id='line_1_51' title="bbox 2089 2149 3669 2219; baseline -0.004 -13"><span class='ocrx_word' id='word_1_382' title='bbox 2089 2161 2197 2218; x_wconf 91' lang='lat' dir='ltr'><strong>tus,</strong></span> <span class='ocrx_word' id='word_1_383' title='bbox 2242 2149 2533 2206; x_wconf 82' lang='lat' dir='ltr'><strong>cenlltctur</strong></span> <span class='ocrx_word' id='word_1_384' title='bbox 2576 2154 2796 2219; x_wconf 86' lang='lat' dir='ltr'><strong>peccata</strong></span> <span class='ocrx_word' id='word_1_385' title='bbox 2844 2160 2962 2210; x_wconf 87' lang='lat' dir='ltr'><strong>sua,</strong></span> <span class='ocrx_word' id='word_1_386' title='bbox 3011 2161 3243 2216; x_wconf 80' lang='lat' dir='ltr'><strong>quorum</strong></span> <span class='ocrx_word' id='word_1_387' title='bbox 3291 2160 3431 2200; x_wconf 86' lang='lat' dir='ltr'><strong>unus</strong></span> <span class='ocrx_word' id='word_1_388' title='bbox 3481 2161 3669 2216; x_wconf 59' lang='lat' dir='ltr'><strong>super</strong></span> 
     </span>
    </p>
   </div>
   <div class='ocr_carea' id='block_1_52' title="bbox 2087 2235 3670 2304">
    <p class='ocr_par' dir='ltr' id='par_1_52' title="bbox 2087 2235 3670 2304">
     <span class='ocr_line' id='line_1_52' title="bbox 2087 2235 3670 2304; baseline -0.003 -8"><span class='ocrx_word' id='word_1_389' title='bbox 2087 2241 2284 2297; x_wconf 84' lang='lat' dir='ltr'><strong>biendo</strong></span> <span class='ocrx_word' id='word_1_390' title='bbox 2306 2238 2529 2295; x_wconf 88' lang='lat' dir='ltr'><strong>recessit</strong></span> <span class='ocrx_word' id='word_1_391' title='bbox 2554 2236 2889 2301; x_wconf 88' lang='lat' dir='ltr'><strong>humiliatus,</strong></span> <span class='ocrx_word' id='word_1_392' title='bbox 2923 2236 3062 2290; x_wconf 86' lang='lat' dir='ltr'><strong>alter</strong></span> <span class='ocrx_word' id='word_1_393' title='bbox 3099 2235 3445 2290; x_wconf 81' lang='lat' dir='ltr'><strong>lamentando</strong></span> <span class='ocrx_word' id='word_1_394' title='bbox 3478 2249 3670 2304; x_wconf 85' lang='lat' dir='ltr'><strong>appro-</strong></span> 
     </span>
    </p>
   </div>
   <div class='ocr_carea' id='block_1_53' title="bbox 2087 2328 2898 2404">
    <p class='ocr_par' dir='ltr' id='par_1_53' title="bbox 2087 2328 2898 2404">
     <span class='ocr_line' id='line_1_53' title="bbox 2087 2328 2898 2404; baseline -0.007 -17"><span class='ocrx_word' id='word_1_395' title='bbox 2087 2333 2352 2404; x_wconf 88' lang='lat' dir='ltr'><strong>pinquare</strong></span> <span class='ocrx_word' id='word_1_396' title='bbox 2378 2329 2578 2385; x_wconf 88' lang='lat' dir='ltr'><strong>meruit</strong></span> <span class='ocrx_word' id='word_1_397' title='bbox 2609 2328 2898 2384; x_wconf 82' lang='lat' dir='ltr'><strong>cxaltatus.</strong></span> 
     </span>
    </p>
   </div>
   <div class='ocr_carea' id='block_1_54' title="bbox 2160 2417 3670 2491">
    <p class='ocr_par' dir='ltr' id='par_1_54' title="bbox 2160 2417 3670 2491">
     <span class='ocr_line' id='line_1_54' title="bbox 2160 2417 3670 2491; baseline -0.003 -15"><span class='ocrx_word' id='word_1_398' title='bbox 2160 2422 2300 2489; x_wconf 84' lang='lat' dir='ltr'><strong>Quia</strong></span> <span class='ocrx_word' id='word_1_399' title='bbox 2342 2423 2510 2475; x_wconf 82' lang='lat' dir='ltr'><strong>omnis</strong></span> <span class='ocrx_word' id='word_1_400' title='bbox 2533 2421 2621 2491; x_wconf 79' lang='lat' dir='ltr'><strong>qui</strong></span> <span class='ocrx_word' id='word_1_401' title='bbox 2648 2436 2703 2473; x_wconf 84' lang='lat' dir='ltr'><strong>se</strong></span> <span class='ocrx_word' id='word_1_402' title='bbox 2751 2419 2946 2473; x_wconf 77' lang='lat' dir='ltr'><strong>exultat</strong></span> <span class='ocrx_word' id='word_1_403' title='bbox 2984 2417 3364 2479; x_wconf 82' lang='lat' dir='ltr'><strong>lmmilinbitur,</strong></span> <span class='ocrx_word' id='word_1_404' title='bbox 3394 2427 3443 2472; x_wconf 89' lang='lat' dir='ltr'><strong>et</strong></span> <span class='ocrx_word' id='word_1_405' title='bbox 3501 2420 3591 2489; x_wconf 77' lang='lat' dir='ltr'><strong>qui</strong></span> <span class='ocrx_word' id='word_1_406' title='bbox 3616 2434 3670 2472; x_wconf 81' lang='lat' dir='ltr'><strong>se</strong></span> 
     </span>
    </p>
   </div>
   <div class='ocr_carea' id='block_1_55' title="bbox 2088 2508 3667 2579">
    <p class='ocr_par' dir='ltr' id='par_1_55' title="bbox 2088 2508 3667 2579">
     <span class='ocr_line' id='line_1_55' title="bbox 2088 2508 3667 2579; baseline -0.004 -10"><span class='ocrx_word' id='word_1_407' title='bbox 2088 2513 2329 2569; x_wconf 85' lang='lat' dir='ltr'><strong>humiliat</strong></span> <span class='ocrx_word' id='word_1_408' title='bbox 2377 2510 2716 2566; x_wconf 75' lang='lat' dir='ltr'><strong>exaltabitur.</strong></span> <span class='ocrx_word' id='word_1_409' title='bbox 2755 2510 2824 2564; x_wconf 83' lang='lat' dir='ltr'><strong>Et</strong></span> <span class='ocrx_word' id='word_1_410' title='bbox 2850 2509 2917 2564; x_wconf 90' lang='lat' dir='ltr'><strong>de</strong></span> <span class='ocrx_word' id='word_1_411' title='bbox 2937 2516 3170 2578; x_wconf 85' lang='lat' dir='ltr'><strong>utroque</strong></span> <span class='ocrx_word' id='word_1_412' title='bbox 3215 2508 3412 2579; x_wconf 88' lang='lat' dir='ltr'><strong>populo</strong></span> <span class='ocrx_word' id='word_1_413' title='bbox 3440 2508 3667 2579; x_wconf 70' lang='lat' dir='ltr'><strong>priefato</strong></span> 
     </span>
    </p>
   </div>
   <div class='ocr_carea' id='block_1_56' title="bbox 2089 2599 3668 2673">
    <p class='ocr_par' dir='ltr' id='par_1_56' title="bbox 2089 2599 3668 2673">
     <span class='ocr_line' id='line_1_56' title="bbox 2089 2599 3668 2673; baseline -0.006 -11"><span class='ocrx_word' id='word_1_414' title='bbox 2089 2615 2147 2662; x_wconf 91' lang='lat' dir='ltr'><strong>et</strong></span> <span class='ocrx_word' id='word_1_415' title='bbox 2174 2606 2241 2661; x_wconf 90' lang='lat' dir='ltr'><strong>de</strong></span> <span class='ocrx_word' id='word_1_416' title='bbox 2266 2603 2411 2659; x_wconf 90' lang='lat' dir='ltr'><strong>omni</strong></span> <span class='ocrx_word' id='word_1_417' title='bbox 2437 2603 2692 2673; x_wconf 89' lang='lat' dir='ltr'><strong>superbo,</strong></span> <span class='ocrx_word' id='word_1_418' title='bbox 2721 2600 2808 2656; x_wconf 80' lang='lat' dir='ltr'><strong>vel</strong></span> <span class='ocrx_word' id='word_1_419' title='bbox 2837 2600 3027 2655; x_wconf 84' lang='lat' dir='ltr'><strong>humili</strong></span> <span class='ocrx_word' id='word_1_420' title='bbox 3063 2607 3209 2655; x_wconf 90' lang='lat' dir='ltr'><strong>recte</strong></span> <span class='ocrx_word' id='word_1_421' title='bbox 3226 2607 3404 2671; x_wconf 89' lang='lat' dir='ltr'><strong>potest</strong></span> <span class='ocrx_word' id='word_1_422' title='bbox 3424 2599 3668 2669; x_wconf 83' lang='lat' dir='ltr'><strong>intelligi.</strong></span> 
     </span>
    </p>
   </div>
   <div class='ocr_carea' id='block_1_57' title="bbox 2091 2690 3670 2765">
    <p class='ocr_par' dir='ltr' id='par_1_57' title="bbox 2091 2690 3670 2765">
     <span class='ocr_line' id='line_1_57' title="bbox 2091 2690 3670 2765; baseline -0.006 -11"><span class='ocrx_word' id='word_1_423' title='bbox 2091 2700 2234 2755; x_wconf 89' lang='lat' dir='ltr'><strong>sicut</strong></span> <span class='ocrx_word' id='word_1_424' title='bbox 2261 2707 2313 2751; x_wconf 83' lang='lat' dir='ltr'><strong>et</strong></span> <span class='ocrx_word' id='word_1_425' title='bbox 2335 2696 2487 2762; x_wconf 82' lang='lat' dir='ltr'><strong>illud,</strong></span> <span class='ocrx_word' id='word_1_426' title='bbox 2519 2694 2661 2765; x_wconf 82' lang='lat' dir='ltr'><strong>quod</strong></span> <span class='ocrx_word' id='word_1_427' title='bbox 2685 2693 2810 2749; x_wconf 88' lang='lat' dir='ltr'><strong>alibi</strong></span> <span class='ocrx_word' id='word_1_428' title='bbox 2831 2692 3064 2765; x_wconf 87' lang='lat' dir='ltr'><strong>legimus</strong></span> <span class='ocrx_word' id='word_1_429' title='bbox 3090 2710 3103 2746; x_wconf 90' lang='lat'>:</span> <span class='ocrx_word' id='word_1_430' title='bbox 3133 2693 3267 2747; x_wconf 79' lang='lat' dir='ltr'><strong>Ante</strong></span> <span class='ocrx_word' id='word_1_431' title='bbox 3294 2692 3501 2745; x_wconf 79' lang='lat' dir='ltr'><strong>ruinam</strong></span> <span class='ocrx_word' id='word_1_432' title='bbox 3526 2690 3670 2745; x_wconf 73' lang='lat' dir='ltr'><strong>exal-</strong></span> 
     </span>
    </p>
   </div>
   <div class='ocr_carea' id='block_1_58' title="bbox 2091 2782 3665 2857">
    <p class='ocr_par' dir='ltr' id='par_1_58' title="bbox 2091 2782 3665 2857">
     <span class='ocr_line' id='line_1_58' title="bbox 2091 2782 3665 2857; baseline -0.004 -14"><span class='ocrx_word' id='word_1_433' title='bbox 2091 2798 2237 2843; x_wconf 86' lang='lat' dir='ltr'><strong>tatur</strong></span> <span class='ocrx_word' id='word_1_434' title='bbox 2265 2803 2376 2852; x_wconf 82' lang='lat' dir='ltr'><strong>cer,</strong></span> <span class='ocrx_word' id='word_1_435' title='bbox 2405 2795 2454 2840; x_wconf 85' lang='lat' dir='ltr'><strong>et</strong></span> <span class='ocrx_word' id='word_1_436' title='bbox 2482 2795 2605 2840; x_wconf 81' lang='lat' dir='ltr'><strong>ante</strong></span> <span class='ocrx_word' id='word_1_437' title='bbox 2648 2783 2871 2857; x_wconf 81' lang='lat' dir='ltr'><strong>gloriam</strong></span> <span class='ocrx_word' id='word_1_438' title='bbox 2911 2783 3223 2839; x_wconf 81' lang='lat' dir='ltr'><strong>humilialur</strong></span> <span class='ocrx_word' id='word_1_439' title='bbox 3276 2782 3458 2855; x_wconf 84' lang='lat' dir='ltr'><strong>(Prov.</strong></span> <span class='ocrx_word' id='word_1_440' title='bbox 3508 2782 3623 2853; x_wconf 81' lang='lat' dir='ltr'><strong>xvi)</strong></span> <span class='ocrx_word' id='word_1_441' title='bbox 3650 2824 3665 2849; x_wconf 94' lang='lat'><strong>,</strong></span> 
     </span>
    </p>
   </div>
   <div class='ocr_carea' id='block_1_59' title="bbox 2091 2871 3667 2950">
    <p class='ocr_par' dir='ltr' id='par_1_59' title="bbox 2091 2871 3667 2950">
     <span class='ocr_line' id='line_1_59' title="bbox 2091 2871 3667 2950; baseline -0.003 -19"><span class='ocrx_word' id='word_1_442' title='bbox 2091 2885 2422 2950; x_wconf 88' lang='lat' dir='ltr'><strong>quapropter</strong></span> <span class='ocrx_word' id='word_1_443' title='bbox 2467 2883 2523 2931; x_wconf 88' lang='lat' dir='ltr'><strong>et</strong></span> <span class='ocrx_word' id='word_1_444' title='bbox 2571 2873 2637 2929; x_wconf 90' lang='lat' dir='ltr'><strong>de</strong></span> <span class='ocrx_word' id='word_1_445' title='bbox 2666 2874 2847 2929; x_wconf 88' lang='lat' dir='ltr'><strong>verbis</strong></span> <span class='ocrx_word' id='word_1_446' title='bbox 2873 2873 3001 2928; x_wconf 88' lang='lat' dir='ltr'><strong>elati</strong></span> <span class='ocrx_word' id='word_1_447' title='bbox 3031 2871 3311 2937; x_wconf 63' lang='lat' dir='ltr'><strong>Pharisaei,</strong></span> <span class='ocrx_word' id='word_1_448' title='bbox 3346 2872 3542 2942; x_wconf 90' lang='lat' dir='ltr'><strong>quibus</strong></span> <span class='ocrx_word' id='word_1_449' title='bbox 3569 2873 3667 2927; x_wconf 85' lang='lat' dir='ltr'><strong>liu-</strong></span> 
     </span>
    </p>
   </div>
   <div class='ocr_carea' id='block_1_60' title="bbox 2091 2963 3670 3038">
    <p class='ocr_par' dir='ltr' id='par_1_60' title="bbox 2091 2963 3670 3038">
     <span class='ocr_line' id='line_1_60' title="bbox 2091 2963 3670 3038; baseline -0.005 -14"><span class='ocrx_word' id='word_1_450' title='bbox 2091 2969 2293 3024; x_wconf 90' lang='lat' dir='ltr'><strong>miliari</strong></span> <span class='ocrx_word' id='word_1_451' title='bbox 2347 2967 2569 3032; x_wconf 88' lang='lat' dir='ltr'><strong>meruit,</strong></span> <span class='ocrx_word' id='word_1_452' title='bbox 2617 2980 2908 3038; x_wconf 89' lang='lat' dir='ltr'><strong>possumus</strong></span> <span class='ocrx_word' id='word_1_453' title='bbox 2948 2981 3013 3020; x_wconf 84' lang='lat' dir='ltr'><strong>ex</strong></span> <span class='ocrx_word' id='word_1_454' title='bbox 3052 2965 3267 3020; x_wconf 78' lang='lat' dir='ltr'><strong>diverso</strong></span> <span class='ocrx_word' id='word_1_455' title='bbox 3312 2964 3540 3019; x_wconf 84' lang='lat' dir='ltr'><strong>formam</strong></span> <span class='ocrx_word' id='word_1_456' title='bbox 3569 2963 3670 3017; x_wconf 80' lang='lat' dir='ltr'><strong>lm-</strong></span> 
     </span>
    </p>
   </div>
   <div class='ocr_carea' id='block_1_61' title="bbox 2096 3054 3670 3129">
    <p class='ocr_par' dir='ltr' id='par_1_61' title="bbox 2096 3054 3670 3129">
     <span class='ocr_line' id='line_1_61' title="bbox 2096 3054 3670 3129; baseline -0.004 -14"><span class='ocrx_word' id='word_1_457' title='bbox 2096 3061 2365 3125; x_wconf 74' lang='lat' dir='ltr'><strong>militatis,</strong></span> <span class='ocrx_word' id='word_1_458' title='bbox 2414 3075 2518 3129; x_wconf 89' lang='lat' dir='ltr'><strong>qua</strong></span> <span class='ocrx_word' id='word_1_459' title='bbox 2546 3058 2919 3123; x_wconf 89' lang='lat' dir='ltr'><strong>sublimemur,</strong></span> <span class='ocrx_word' id='word_1_460' title='bbox 2956 3071 3248 3122; x_wconf 88' lang='lat' dir='ltr'><strong>assumere,</strong></span> <span class='ocrx_word' id='word_1_461' title='bbox 3279 3064 3339 3110; x_wconf 88' lang='lat' dir='ltr'><strong>ut</strong></span> <span class='ocrx_word' id='word_1_462' title='bbox 3388 3056 3525 3110; x_wconf 87' lang='lat' dir='ltr'><strong>sicut</strong></span> <span class='ocrx_word' id='word_1_463' title='bbox 3581 3054 3670 3109; x_wconf 90' lang='lat' dir='ltr'><strong>ille</strong></span> 
     </span>
    </p>
   </div>
   <div class='ocr_carea' id='block_1_62' title="bbox 419 3122 3671 3219">
    <p class='ocr_par' dir='ltr' id='par_1_62' title="bbox 419 3122 3671 3219">
     <span class='ocr_line' id='line_1_62' title="bbox 419 3122 3671 3219; baseline -0.001 -18"><span class='ocrx_word' id='word_1_464' title='bbox 419 3167 439 3200; x_wconf 72' lang='grc' dir='ltr'>ι</span> <span class='ocrx_word' id='word_1_465' title='bbox 474 3148 642 3205; x_wconf 80' lang='lat' dir='ltr'><strong>Amen</strong></span> <span class='ocrx_word' id='word_1_466' title='bbox 672 3149 795 3205; x_wconf 84' lang='lat' dir='ltr'><strong>dico</strong></span> <span class='ocrx_word' id='word_1_467' title='bbox 827 3150 1003 3217; x_wconf 83' lang='lat' dir='ltr'><strong>vobis,</strong></span> <span class='ocrx_word' id='word_1_468' title='bbox 1035 3122 1313 3206; x_wconf 62' lang='lat' dir='ltr'><strong>descendit</strong></span> <span class='ocrx_word' id='word_1_469' title='bbox 1336 3150 1427 3204; x_wconf 91' lang='lat' dir='ltr'><strong>hic</strong></span> <span class='ocrx_word' id='word_1_470' title='bbox 1455 3122 1783 3219; x_wconf 75' lang='lat' dir='ltr'><strong>justiﬁcatus</strong></span> <span class='ocrx_word' id='word_1_471' title='bbox 1808 3146 1862 3200; x_wconf 91' lang='lat' dir='ltr'><strong>in</strong></span> <span class='ocrx_word' id='word_1_472' title='bbox 1894 3146 1992 3201; x_wconf 87' lang='lat' dir='ltr'><strong>do—</strong></span> <span class='ocrx_word' id='word_1_473' title='bbox 2018 3122 2062 3184; x_wconf 84' lang='lat' dir='ltr'><strong>C</strong></span> <span class='ocrx_word' id='word_1_474' title='bbox 2095 3122 2472 3215; x_wconf 73' lang='lat' dir='ltr'><strong>consideratis,</strong></span> <span class='ocrx_word' id='word_1_475' title='bbox 2501 3147 2820 3218; x_wconf 73' lang='lat' dir='ltr'><strong>cipejorum</strong></span> <span class='ocrx_word' id='word_1_476' title='bbox 2846 3122 3023 3212; x_wconf 86' lang='lat' dir='ltr'><strong>vitiis,</strong></span> <span class='ocrx_word' id='word_1_477' title='bbox 3053 3156 3106 3202; x_wconf 88' lang='lat' dir='ltr'><strong>ct</strong></span> <span class='ocrx_word' id='word_1_478' title='bbox 3140 3146 3253 3202; x_wconf 89' lang='lat' dir='ltr'><strong>suis</strong></span> <span class='ocrx_word' id='word_1_479' title='bbox 3279 3146 3565 3201; x_wconf 87' lang='lat' dir='ltr'><strong>virtutibus</strong></span> <span class='ocrx_word' id='word_1_480' title='bbox 3588 3153 3671 3199; x_wconf 83' lang='lat' dir='ltr'><strong>est</strong></span> 
     </span>
    </p>
   </div>
   <div class='ocr_carea' id='block_1_63' title="bbox 419 3235 1993 3307">
    <p class='ocr_par' dir='ltr' id='par_1_63' title="bbox 419 3235 1993 3307">
     <span class='ocr_line' id='line_1_63' title="bbox 419 3235 1993 3307; baseline -0.002 -17"><span class='ocrx_word' id='word_1_481' title='bbox 419 3258 439 3290; x_wconf 71' lang='grc' dir='ltr'>ι</span> <span class='ocrx_word' id='word_1_482' title='bbox 474 3254 620 3294; x_wconf 81' lang='lat' dir='ltr'><strong>mum</strong></span> <span class='ocrx_word' id='word_1_483' title='bbox 653 3254 807 3294; x_wconf 85' lang='lat' dir='ltr'><strong>suam</strong></span> <span class='ocrx_word' id='word_1_484' title='bbox 838 3241 908 3295; x_wconf 88' lang='lat' dir='ltr'><strong>ah</strong></span> <span class='ocrx_word' id='word_1_485' title='bbox 932 3240 1041 3295; x_wconf 88' lang='lat' dir='ltr'><strong>illo.</strong></span> <span class='ocrx_word' id='word_1_486' title='bbox 1065 3239 1203 3307; x_wconf 83' lang='lat' dir='ltr'><strong>Quia</strong></span> <span class='ocrx_word' id='word_1_487' title='bbox 1225 3238 1403 3295; x_wconf 89' lang='lat' dir='ltr'><strong>omnis</strong></span> <span class='ocrx_word' id='word_1_488' title='bbox 1429 3238 1522 3307; x_wconf 90' lang='lat' dir='ltr'><strong>qui</strong></span> <span class='ocrx_word' id='word_1_489' title='bbox 1551 3253 1611 3293; x_wconf 91' lang='lat' dir='ltr'><strong>se</strong></span> <span class='ocrx_word' id='word_1_490' title='bbox 1637 3235 1864 3302; x_wconf 85' lang='lat' dir='ltr'><strong>exaltat,</strong></span> <span class='ocrx_word' id='word_1_491' title='bbox 1892 3235 1993 3288; x_wconf 89' lang='lat' dir='ltr'><strong>hu-</strong></span> 
     </span>
    </p>
   </div>
   <div class='ocr_carea' id='block_1_64' title="bbox 422 3327 1809 3398">
    <p class='ocr_par' dir='ltr' id='par_1_64' title="bbox 422 3327 1809 3398">
     <span class='ocr_line' id='line_1_64' title="bbox 422 3327 1809 3398; baseline -0.001 -18"><span class='ocrx_word' id='word_1_492' title='bbox 422 3347 440 3380; x_wconf 76' lang='grc' dir='ltr'>ι</span> <span class='ocrx_word' id='word_1_493' title='bbox 477 3328 795 3394; x_wconf 89' lang='lat' dir='ltr'><strong>miliabitur,</strong></span> <span class='ocrx_word' id='word_1_494' title='bbox 821 3337 876 3384; x_wconf 91' lang='lat' dir='ltr'><strong>et</strong></span> <span class='ocrx_word' id='word_1_495' title='bbox 903 3330 995 3398; x_wconf 87' lang='lat' dir='ltr'><strong>qui</strong></span> <span class='ocrx_word' id='word_1_496' title='bbox 1025 3343 1082 3384; x_wconf 89' lang='lat' dir='ltr'><strong>se</strong></span> <span class='ocrx_word' id='word_1_497' title='bbox 1108 3329 1380 3395; x_wconf 88' lang='lat' dir='ltr'><strong>bumiliat,</strong></span> <span class='ocrx_word' id='word_1_498' title='bbox 1409 3327 1753 3383; x_wconf 85' lang='lat' dir='ltr'><strong>exaltabitur.</strong></span> <span class='ocrx_word' id='word_1_499' title='bbox 1790 3345 1809 3378; x_wconf 71' lang='grc' dir='ltr'><strong><em>ι</em></strong></span> 
     </span>
    </p>
   </div>
   <div class='ocr_carea' id='block_1_65' title="bbox 485 3420 1988 3491">
    <p class='ocr_par' dir='ltr' id='par_1_65' title="bbox 485 3420 1988 3491">
     <span class='ocr_line' id='line_1_65' title="bbox 485 3420 1988 3491; baseline -0.002 -16"><span class='ocrx_word' id='word_1_500' title='bbox 485 3421 606 3477; x_wconf 78' lang='lat' dir='ltr'><strong>Bito</strong></span> <span class='ocrx_word' id='word_1_501' title='bbox 636 3421 870 3477; x_wconf 76' lang='lat' dir='ltr'><strong>homines</strong></span> <span class='ocrx_word' id='word_1_502' title='bbox 895 3422 1235 3477; x_wconf 75' lang='lat' dir='ltr'><strong>ascenderunt</strong></span> <span class='ocrx_word' id='word_1_503' title='bbox 1272 3422 1328 3476; x_wconf 84' lang='lat' dir='ltr'><strong>in</strong></span> <span class='ocrx_word' id='word_1_504' title='bbox 1362 3420 1639 3491; x_wconf 77' lang='lat' dir='ltr'><strong>templum,</strong></span> <span class='ocrx_word' id='word_1_505' title='bbox 1678 3428 1735 3473; x_wconf 81' lang='lat' dir='ltr'><strong>ut</strong></span> <span class='ocrx_word' id='word_1_506' title='bbox 1759 3429 1988 3483; x_wconf 83' lang='lat' dir='ltr'><strong>orarent,</strong></span> 
     </span>
    </p>
   </div>
   <div class='ocr_carea' id='block_1_66' title="bbox 417 3508 1991 3583">
    <p class='ocr_par' dir='ltr' id='par_1_66' title="bbox 417 3508 1991 3583">
     <span class='ocr_line' id='line_1_66' title="bbox 417 3508 1991 3583; baseline 0 -18"><span class='ocrx_word' id='word_1_507' title='bbox 417 3528 554 3566; x_wconf 74' lang='lat' dir='ltr'><strong>unus</strong></span> <span class='ocrx_word' id='word_1_508' title='bbox 585 3508 891 3566; x_wconf 76' lang='lat' dir='ltr'><strong>Pharist</strong></span> <span class='ocrx_word' id='word_1_509' title='bbox 922 3520 971 3566; x_wconf 86' lang='lat' dir='ltr'><strong>et</strong></span> <span class='ocrx_word' id='word_1_510' title='bbox 998 3510 1132 3566; x_wconf 87' lang='lat' dir='ltr'><strong>alter</strong></span> <span class='ocrx_word' id='word_1_511' title='bbox 1154 3510 1497 3566; x_wconf 78' lang='lat' dir='ltr'><strong>Publicauus.</strong></span> <span class='ocrx_word' id='word_1_512' title='bbox 1533 3509 1632 3583; x_wconf 79' lang='lat' dir='ltr'><strong>(Ex</strong></span> <span class='ocrx_word' id='word_1_513' title='bbox 1657 3508 1848 3582; x_wconf 84' lang='lat' dir='ltr'><strong>Beda.)</strong></span> <span class='ocrx_word' id='word_1_514' title='bbox 1889 3510 1991 3565; x_wconf 87' lang='lat' dir='ltr'><strong>Pu-</strong></span> 
     </span>
    </p>
   </div>
   <div class='ocr_carea' id='block_1_67' title="bbox 416 3598 1993 3671">
    <p class='ocr_par' dir='ltr' id='par_1_67' title="bbox 416 3598 1993 3671">
     <span class='ocr_line' id='line_1_67' title="bbox 416 3598 1993 3671; baseline 0.002 -18"><span class='ocrx_word' id='word_1_515' title='bbox 416 3598 664 3654; x_wconf 87' lang='lat' dir='ltr'><strong>blicanus</strong></span> <span class='ocrx_word' id='word_1_516' title='bbox 686 3599 966 3656; x_wconf 84' lang='lat' dir='ltr'><strong>humiliter</strong></span> <span class='ocrx_word' id='word_1_517' title='bbox 985 3614 1169 3666; x_wconf 89' lang='lat' dir='ltr'><strong>orans,</strong></span> <span class='ocrx_word' id='word_1_518' title='bbox 1194 3602 1262 3657; x_wconf 87' lang='lat' dir='ltr'><strong>ad</strong></span> <span class='ocrx_word' id='word_1_519' title='bbox 1287 3601 1375 3656; x_wconf 89' lang='lat' dir='ltr'><strong>illa</strong></span> <span class='ocrx_word' id='word_1_520' title='bbox 1399 3600 1636 3671; x_wconf 55' lang='lat' dir='ltr'><strong>pum-fata:</strong></span> <span class='ocrx_word' id='word_1_521' title='bbox 1659 3602 1852 3666; x_wconf 68' lang='lat' dir='ltr'><strong>vidum,</strong></span> <span class='ocrx_word' id='word_1_522' title='bbox 1891 3602 1993 3656; x_wconf 87' lang='lat' dir='ltr'><strong>hoc</strong></span> 
     </span>
    </p>
   </div>
   <div class='ocr_carea' id='block_1_68' title="bbox 417 3687 1991 3762">
    <p class='ocr_par' dir='ltr' id='par_1_68' title="bbox 417 3687 1991 3762">
     <span class='ocr_line' id='line_1_68' title="bbox 417 3687 1991 3762; baseline -0.001 -16"><span class='ocrx_word' id='word_1_523' title='bbox 417 3687 524 3757; x_wconf 69' lang='lat' dir='ltr'><strong>eat,</strong></span> <span class='ocrx_word' id='word_1_524' title='bbox 561 3691 819 3746; x_wconf 76' lang='lat' dir='ltr'><strong>Ecclesia:</strong></span> <span class='ocrx_word' id='word_1_525' title='bbox 846 3691 1086 3747; x_wconf 85' lang='lat' dir='ltr'><strong>membra</strong></span> <span class='ocrx_word' id='word_1_526' title='bbox 1110 3692 1364 3762; x_wconf 87' lang='lat' dir='ltr'><strong>pertinet,</strong></span> <span class='ocrx_word' id='word_1_527' title='bbox 1396 3693 1461 3747; x_wconf 86' lang='lat' dir='ltr'><strong>de</strong></span> <span class='ocrx_word' id='word_1_528' title='bbox 1484 3693 1680 3761; x_wconf 82' lang='lat' dir='ltr'><strong>quibus</strong></span> <span class='ocrx_word' id='word_1_529' title='bbox 1717 3706 1883 3762; x_wconf 84' lang='lat' dir='ltr'><strong>supra</strong></span> <span class='ocrx_word' id='word_1_530' title='bbox 1905 3690 1991 3745; x_wconf 92' lang='lat' dir='ltr'><strong>di-</strong></span> 
     </span>
    </p>
   </div>
   <div class='ocr_carea' id='block_1_69' title="bbox 418 3780 1992 3841">
    <p class='ocr_par' dir='ltr' id='par_1_69' title="bbox 418 3780 1992 3841">
     <span class='ocr_line' id='line_1_69' title="bbox 418 3780 1992 3841; baseline 0.001 -6"><span class='ocrx_word' id='word_1_531' title='bbox 418 3782 603 3835; x_wconf 89' lang='lat' dir='ltr'><strong>citur:</strong></span> <span class='ocrx_word' id='word_1_532' title='bbox 643 3781 785 3835; x_wconf 89' lang='lat' dir='ltr'><strong>Deus</strong></span> <span class='ocrx_word' id='word_1_533' title='bbox 822 3788 1001 3836; x_wconf 88' lang='lat' dir='ltr'><strong>autem</strong></span> <span class='ocrx_word' id='word_1_534' title='bbox 1035 3798 1143 3838; x_wconf 89' lang='lat' dir='ltr'><strong>non</strong></span> <span class='ocrx_word' id='word_1_535' title='bbox 1175 3780 1338 3838; x_wconf 82' lang='lat' dir='ltr'><strong>faciet</strong></span> <span class='ocrx_word' id='word_1_536' title='bbox 1373 3783 1661 3840; x_wconf 86' lang='lat' dir='ltr'><strong>vindictam</strong></span> <span class='ocrx_word' id='word_1_537' title='bbox 1699 3783 1992 3841; x_wconf 84' lang='lat' dir='ltr'><strong>electorum</strong></span> 
     </span>
    </p>
   </div>
   <div class='ocr_carea' id='block_1_70' title="bbox 419 3870 1992 3933">
    <p class='ocr_par' dir='ltr' id='par_1_70' title="bbox 419 3870 1992 3933">
     <span class='ocr_line' id='line_1_70' title="bbox 419 3870 1992 3933; baseline 0.004 -8"><span class='ocrx_word' id='word_1_538' title='bbox 419 3886 639 3925; x_wconf 77' lang='lat' dir='ltr'><strong>suorum</strong></span> <span class='ocrx_word' id='word_1_539' title='bbox 666 3870 1011 3933; x_wconf 84' lang='lat' dir='ltr'><strong>clamantium</strong></span> <span class='ocrx_word' id='word_1_540' title='bbox 1042 3873 1111 3927; x_wconf 89' lang='lat' dir='ltr'><strong>ad</strong></span> <span class='ocrx_word' id='word_1_541' title='bbox 1136 3887 1215 3926; x_wconf 89' lang='lat' dir='ltr'><strong>se.</strong></span> <span class='ocrx_word' id='word_1_542' title='bbox 1255 3873 1561 3930; x_wconf 73' lang='lat' dir='ltr'><strong>Pharisaius</strong></span> <span class='ocrx_word' id='word_1_543' title='bbox 1587 3884 1768 3930; x_wconf 85' lang='lat' dir='ltr'><strong>autem</strong></span> <span class='ocrx_word' id='word_1_544' title='bbox 1796 3875 1992 3931; x_wconf 79' lang='lat' dir='ltr'><strong>merita</strong></span> 
     </span>
    </p>
   </div>
   <div class='ocr_carea' id='block_1_71' title="bbox 411 3962 1993 4033">
    <p class='ocr_par' dir='ltr' id='par_1_71' title="bbox 411 3962 1993 4033">
     <span class='ocr_line' id='line_1_71' title="bbox 411 3962 1993 4033; baseline 0.004 -16"><span class='ocrx_word' id='word_1_545' title='bbox 411 3962 627 4032; x_wconf 87' lang='lat' dir='ltr'><strong>jactans</strong></span> <span class='ocrx_word' id='word_1_546' title='bbox 650 3963 717 4017; x_wconf 87' lang='lat' dir='ltr'><strong>ad</strong></span> <span class='ocrx_word' id='word_1_547' title='bbox 743 3977 807 4018; x_wconf 90' lang='lat' dir='ltr'><strong>ea</strong></span> <span class='ocrx_word' id='word_1_548' title='bbox 830 3962 897 4017; x_wconf 91' lang='lat' dir='ltr'><strong>de</strong></span> <span class='ocrx_word' id='word_1_549' title='bbox 924 3963 1117 4033; x_wconf 90' lang='lat' dir='ltr'><strong>quibus</strong></span> <span class='ocrx_word' id='word_1_550' title='bbox 1147 3964 1406 4021; x_wconf 83' lang='lat' dir='ltr'><strong>terribilis</strong></span> <span class='ocrx_word' id='word_1_551' title='bbox 1429 3966 1482 4019; x_wconf 93' lang='lat' dir='ltr'><strong>in</strong></span> <span class='ocrx_word' id='word_1_552' title='bbox 1505 3966 1851 4023; x_wconf 76' lang='lat' dir='ltr'><strong>conclusione</strong></span> <span class='ocrx_word' id='word_1_553' title='bbox 1871 3981 1993 4023; x_wconf 82' lang='lat' dir='ltr'><strong>sen-</strong></span> 
     </span>
    </p>
   </div>
   <div class='ocr_carea' id='block_1_72' title="bbox 420 4053 1991 4126">
    <p class='ocr_par' dir='ltr' id='par_1_72' title="bbox 420 4053 1991 4126">
     <span class='ocr_line' id='line_1_72' title="bbox 420 4053 1991 4126; baseline 0.002 -16"><span class='ocrx_word' id='word_1_554' title='bbox 420 4054 586 4110; x_wconf 80' lang='lat' dir='ltr'><strong>tentia</strong></span> <span class='ocrx_word' id='word_1_555' title='bbox 613 4053 882 4111; x_wconf 85' lang='lat' dir='ltr'><strong>subditur.</strong></span> <span class='ocrx_word' id='word_1_556' title='bbox 916 4054 1462 4113; x_wconf 73' lang='lat' dir='ltr'><strong>YerumtamenFilius</strong></span> <span class='ocrx_word' id='word_1_557' title='bbox 1489 4056 1720 4116; x_wconf 81' lang='lat' dir='ltr'><strong>hominis</strong></span> <span class='ocrx_word' id='word_1_558' title='bbox 1747 4058 1991 4126; x_wconf 86' lang='lat' dir='ltr'><strong>veniens,</strong></span> 
     </span>
    </p>
   </div>
   <div class='ocr_carea' id='block_1_73' title="bbox 418 4146 1324 4217">
    <p class='ocr_par' dir='ltr' id='par_1_73' title="bbox 418 4146 1324 4217">
     <span class='ocr_line' id='line_1_73' title="bbox 418 4146 1324 4217; baseline 0.002 -16"><span class='ocrx_word' id='word_1_559' title='bbox 418 4156 578 4217; x_wconf 80' lang='lat' dir='ltr'><strong>putas</strong></span> <span class='ocrx_word' id='word_1_560' title='bbox 604 4147 842 4203; x_wconf 88' lang='lat' dir='ltr'><strong>inveniet</strong></span> <span class='ocrx_word' id='word_1_561' title='bbox 871 4146 1027 4203; x_wconf 81' lang='lat' dir='ltr'><strong>fidem</strong></span> <span class='ocrx_word' id='word_1_562' title='bbox 1055 4147 1109 4202; x_wconf 90' lang='lat' dir='ltr'><strong>in</strong></span> <span class='ocrx_word' id='word_1_563' title='bbox 1138 4149 1324 4205; x_wconf 73' lang='lat' dir='ltr'><strong>terra?</strong></span> 
     </span>
    </p>
   </div>
   <div class='ocr_carea' id='block_1_74' title="bbox 489 4236 1992 4313">
    <p class='ocr_par' dir='ltr' id='par_1_74' title="bbox 489 4236 1992 4313">
     <span class='ocr_line' id='line_1_74' title="bbox 489 4236 1992 4313; baseline 0.003 -21"><span class='ocrx_word' id='word_1_564' title='bbox 489 4237 794 4294; x_wconf 78' lang='lat' dir='ltr'><strong>Pharisteus</strong></span> <span class='ocrx_word' id='word_1_565' title='bbox 820 4248 964 4295; x_wconf 79' lang='lat' dir='ltr'><strong>stans</strong></span> <span class='ocrx_word' id='word_1_566' title='bbox 991 4236 1102 4295; x_wconf 78' lang='lat' dir='ltr'><strong>lure</strong></span> <span class='ocrx_word' id='word_1_567' title='bbox 1127 4240 1267 4311; x_wconf 80' lang='lat' dir='ltr'><strong>apud</strong></span> <span class='ocrx_word' id='word_1_568' title='bbox 1289 4257 1344 4295; x_wconf 83' lang='lat' dir='ltr'><strong>se</strong></span> <span class='ocrx_word' id='word_1_569' title='bbox 1370 4242 1585 4297; x_wconf 82' lang='lat' dir='ltr'><strong>ambat:</strong></span> <span class='ocrx_word' id='word_1_570' title='bbox 1605 4242 1770 4307; x_wconf 79' lang='lat' dir='ltr'><strong>Deus,</strong></span> <span class='ocrx_word' id='word_1_571' title='bbox 1795 4243 1992 4313; x_wconf 85' lang='lat' dir='ltr'><strong>gratias</strong></span> 
     </span>
    </p>
   </div>
   <div class='ocr_carea' id='block_1_75' title="bbox 419 4329 1996 4403">
    <p class='ocr_par' dir='ltr' id='par_1_75' title="bbox 419 4329 1996 4403">
     <span class='ocr_line' id='line_1_75' title="bbox 419 4329 1996 4403; baseline 0.003 -19"><span class='ocrx_word' id='word_1_572' title='bbox 419 4346 517 4400; x_wconf 80' lang='lat' dir='ltr'><strong>ago</strong></span> <span class='ocrx_word' id='word_1_573' title='bbox 543 4329 635 4384; x_wconf 86' lang='lat' dir='ltr'><strong>tibi</strong></span> <span class='ocrx_word' id='word_1_574' title='bbox 662 4330 807 4401; x_wconf 87' lang='lat' dir='ltr'><strong>quia,</strong></span> <span class='ocrx_word' id='word_1_575' title='bbox 840 4336 945 4385; x_wconf 87' lang='lat' dir='ltr'><strong>etc.</strong></span> <span class='ocrx_word' id='word_1_576' title='bbox 976 4329 1220 4397; x_wconf 86' lang='lat' dir='ltr'><strong>Quatuor</strong></span> <span class='ocrx_word' id='word_1_577' title='bbox 1248 4339 1376 4386; x_wconf 88' lang='lat' dir='ltr'><strong>sunt</strong></span> <span class='ocrx_word' id='word_1_578' title='bbox 1403 4332 1631 4402; x_wconf 78' lang='lat' dir='ltr'><strong>species,</strong></span> <span class='ocrx_word' id='word_1_579' title='bbox 1662 4334 1857 4403; x_wconf 87' lang='lat' dir='ltr'><strong>quibus</strong></span> <span class='ocrx_word' id='word_1_580' title='bbox 1877 4348 1996 4388; x_wconf 85' lang='lat' dir='ltr'><strong>om-</strong></span> 
     </span>
    </p>
   </div>
   <div class='ocr_carea' id='block_1_76' title="bbox 419 4423 1991 4493">
    <p class='ocr_par' dir='ltr' id='par_1_76' title="bbox 419 4423 1991 4493">
     <span class='ocr_line' id='line_1_76' title="bbox 419 4423 1991 4493; baseline 0.002 -16"><span class='ocrx_word' id='word_1_581' title='bbox 419 4424 506 4478; x_wconf 84' lang='lat' dir='ltr'><strong>nis</strong></span> <span class='ocrx_word' id='word_1_582' title='bbox 541 4431 721 4477; x_wconf 81' lang='lat' dir='ltr'><strong>tumor</strong></span> <span class='ocrx_word' id='word_1_583' title='bbox 751 4423 1118 4493; x_wconf 83' lang='lat' dir='ltr'><strong>arrogantium</strong></span> <span class='ocrx_word' id='word_1_584' title='bbox 1157 4423 1575 4479; x_wconf 84' lang='lat' dir='ltr'><strong>demonstratur.</strong></span> <span class='ocrx_word' id='word_1_585' title='bbox 1623 4425 1757 4481; x_wconf 87' lang='lat' dir='ltr'><strong>Cum</strong></span> <span class='ocrx_word' id='word_1_586' title='bbox 1792 4426 1991 4480; x_wconf 87' lang='lat' dir='ltr'><strong>bonum</strong></span> 
     </span>
    </p>
   </div>
   <div class='ocr_carea' id='block_1_77' title="bbox 419 4513 1991 4585">
    <p class='ocr_par' dir='ltr' id='par_1_77' title="bbox 419 4513 1991 4585">
     <span class='ocr_line' id='line_1_77' title="bbox 419 4513 1991 4585; baseline 0.002 -18"><span class='ocrx_word' id='word_1_587' title='bbox 419 4523 514 4569; x_wconf 86' lang='lat' dir='ltr'><strong>aut</strong></span> <span class='ocrx_word' id='word_1_588' title='bbox 538 4530 569 4570; x_wconf 86' lang='lat' dir='ltr'><strong>a</strong></span> <span class='ocrx_word' id='word_1_589' title='bbox 596 4515 902 4585; x_wconf 83' lang='lat' dir='ltr'><strong>semetipsis</strong></span> <span class='ocrx_word' id='word_1_590' title='bbox 936 4513 1135 4570; x_wconf 85' lang='lat' dir='ltr'><strong>habere</strong></span> <span class='ocrx_word' id='word_1_591' title='bbox 1159 4515 1445 4579; x_wconf 60' lang='lat' dir='ltr'><strong>aestimant.</strong></span> <span class='ocrx_word' id='word_1_592' title='bbox 1471 4524 1566 4571; x_wconf 89' lang='lat' dir='ltr'><strong>aut</strong></span> <span class='ocrx_word' id='word_1_593' title='bbox 1598 4516 1644 4572; x_wconf 88' lang='lat' dir='ltr'><strong>si</strong></span> <span class='ocrx_word' id='word_1_594' title='bbox 1673 4518 1774 4572; x_wconf 82' lang='lat' dir='ltr'><strong>sibi</strong></span> <span class='ocrx_word' id='word_1_595' title='bbox 1808 4519 1991 4571; x_wconf 88' lang='lat' dir='ltr'><strong>datum</strong></span> 
     </span>
    </p>
   </div>
   <div class='ocr_carea' id='block_1_78' title="bbox 420 4604 1993 4676">
    <p class='ocr_par' dir='ltr' id='par_1_78' title="bbox 420 4604 1993 4676">
     <span class='ocr_line' id='line_1_78' title="bbox 420 4604 1993 4676; baseline 0.003 -18"><span class='ocrx_word' id='word_1_596' title='bbox 420 4607 652 4673; x_wconf 85' lang='lat' dir='ltr'><strong>desuper</strong></span> <span class='ocrx_word' id='word_1_597' title='bbox 687 4604 935 4670; x_wconf 87' lang='lat' dir='ltr'><strong>credunt,</strong></span> <span class='ocrx_word' id='word_1_598' title='bbox 969 4618 1070 4673; x_wconf 87' lang='lat' dir='ltr'><strong>pro</strong></span> <span class='ocrx_word' id='word_1_599' title='bbox 1105 4605 1217 4659; x_wconf 90' lang='lat' dir='ltr'><strong>suis</strong></span> <span class='ocrx_word' id='word_1_600' title='bbox 1251 4619 1309 4659; x_wconf 89' lang='lat' dir='ltr'><strong>se</strong></span> <span class='ocrx_word' id='word_1_601' title='bbox 1340 4605 1442 4660; x_wconf 91' lang='lat' dir='ltr'><strong>hoe</strong></span> <span class='ocrx_word' id='word_1_602' title='bbox 1476 4606 1748 4676; x_wconf 87' lang='lat' dir='ltr'><strong>accepisse</strong></span> <span class='ocrx_word' id='word_1_603' title='bbox 1786 4607 1993 4662; x_wconf 85' lang='lat' dir='ltr'><strong>meritis</strong></span> 
     </span>
    </p>
   </div>
   <div class='ocr_carea' id='block_1_79' title="bbox 420 4693 1991 4768">
    <p class='ocr_par' dir='ltr' id='par_1_79' title="bbox 420 4693 1991 4768">
     <span class='ocr_line' id='line_1_79' title="bbox 420 4693 1991 4768; baseline 0.003 -20"><span class='ocrx_word' id='word_1_604' title='bbox 420 4702 633 4765; x_wconf 87' lang='lat' dir='ltr'><strong>putant,</strong></span> <span class='ocrx_word' id='word_1_605' title='bbox 661 4701 756 4749; x_wconf 89' lang='lat' dir='ltr'><strong>aut</strong></span> <span class='ocrx_word' id='word_1_606' title='bbox 781 4702 928 4749; x_wconf 84' lang='lat' dir='ltr'><strong>certe</strong></span> <span class='ocrx_word' id='word_1_607' title='bbox 963 4710 1088 4750; x_wconf 79' lang='lat' dir='ltr'><strong>cum</strong></span> <span class='ocrx_word' id='word_1_608' title='bbox 1115 4693 1327 4764; x_wconf 77' lang='lat' dir='ltr'><strong>iactant</strong></span> <span class='ocrx_word' id='word_1_609' title='bbox 1353 4711 1412 4752; x_wconf 87' lang='lat' dir='ltr'><strong>se</strong></span> <span class='ocrx_word' id='word_1_610' title='bbox 1448 4696 1666 4763; x_wconf 87' lang='lat' dir='ltr'><strong>habere,</strong></span> <span class='ocrx_word' id='word_1_611' title='bbox 1703 4700 1849 4768; x_wconf 86' lang='lat' dir='ltr'><strong>quod</strong></span> <span class='ocrx_word' id='word_1_612' title='bbox 1884 4713 1991 4753; x_wconf 83' lang='lat' dir='ltr'><strong>non</strong></span> 
     </span>
    </p>
   </div>
   <div class='ocr_carea' id='block_1_80' title="bbox 422 4785 1991 4860">
    <p class='ocr_par' dir='ltr' id='par_1_80' title="bbox 422 4785 1991 4860">
     <span class='ocr_line' id='line_1_80' title="bbox 422 4785 1991 4860; baseline 0.002 -19"><span class='ocrx_word' id='word_1_613' title='bbox 422 4786 643 4852; x_wconf 80' lang='lat' dir='ltr'><strong>habent,</strong></span> <span class='ocrx_word' id='word_1_614' title='bbox 679 4794 774 4840; x_wconf 89' lang='lat' dir='ltr'><strong>aut</strong></span> <span class='ocrx_word' id='word_1_615' title='bbox 795 4785 1061 4856; x_wconf 89' lang='lat' dir='ltr'><strong>despectis</strong></span> <span class='ocrx_word' id='word_1_616' title='bbox 1087 4787 1295 4843; x_wconf 66' lang='lat' dir='ltr'><strong>ueteris</strong></span> <span class='ocrx_word' id='word_1_617' title='bbox 1326 4788 1672 4858; x_wconf 65' lang='lat' dir='ltr'><strong>singulariter</strong></span> <span class='ocrx_word' id='word_1_618' title='bbox 1693 4792 1863 4847; x_wconf 79' lang='lat' dir='ltr'><strong>videri</strong></span> <span class='ocrx_word' id='word_1_619' title='bbox 1897 4806 1991 4860; x_wconf 85' lang='lat' dir='ltr'><strong>ap-</strong></span> 
     </span>
    </p>
   </div>
   <div class='ocr_carea' id='block_1_81' title="bbox 423 4878 2041 4950">
    <p class='ocr_par' dir='ltr' id='par_1_81' title="bbox 423 4878 2041 4950">
     <span class='ocr_line' id='line_1_81' title="bbox 423 4878 2041 4950; baseline 0.004 -19"><span class='ocrx_word' id='word_1_620' title='bbox 423 4886 612 4948; x_wconf 89' lang='lat' dir='ltr'><strong>petunt</strong></span> <span class='ocrx_word' id='word_1_621' title='bbox 655 4878 854 4933; x_wconf 88' lang='lat' dir='ltr'><strong>habere</strong></span> <span class='ocrx_word' id='word_1_622' title='bbox 899 4879 1040 4946; x_wconf 90' lang='lat' dir='ltr'><strong>quod</strong></span> <span class='ocrx_word' id='word_1_623' title='bbox 1082 4879 1319 4944; x_wconf 87' lang='lat' dir='ltr'><strong>habent,</strong></span> <span class='ocrx_word' id='word_1_624' title='bbox 1374 4896 1478 4950; x_wconf 90' lang='lat' dir='ltr'><strong>qua</strong></span> <span class='ocrx_word' id='word_1_625' title='bbox 1526 4881 1829 4938; x_wconf 73' lang='lat' dir='ltr'><strong>Pliaris&#39;eus</strong></span> <span class='ocrx_word' id='word_1_626' title='bbox 1874 4882 1990 4937; x_wconf 76' lang='lat' dir='ltr'><strong>ista:</strong></span> <span class='ocrx_word' id='word_1_627' title='bbox 2040 4892 2041 4895; x_wconf 78' lang='lat'>‘</span> 
     </span>
    </p>
   </div>
   <div class='ocr_carea' id='block_1_82' title="bbox 414 4969 1991 5045">
    <p class='ocr_par' dir='ltr' id='par_1_82' title="bbox 414 4969 1991 5045">
     <span class='ocr_line' id='line_1_82' title="bbox 414 4969 1991 5045; baseline 0.004 -20"><span class='ocrx_word' id='word_1_628' title='bbox 414 4971 691 5040; x_wconf 73' lang='lat' dir='ltr'><strong>jactantim</strong></span> <span class='ocrx_word' id='word_1_629' title='bbox 719 4976 870 5041; x_wconf 80' lang='lat' dir='ltr'><strong>peste</strong></span> <span class='ocrx_word' id='word_1_630' title='bbox 895 4969 1169 5029; x_wconf 85' lang='lat' dir='ltr'><strong>laborasse</strong></span> <span class='ocrx_word' id='word_1_631' title='bbox 1191 4972 1625 5042; x_wconf 85' lang='lat' dir='ltr'><strong>deprehenditur,</strong></span> <span class='ocrx_word' id='word_1_632' title='bbox 1657 4976 1748 5045; x_wconf 85' lang='lat' dir='ltr'><strong>qui</strong></span> <span class='ocrx_word' id='word_1_633' title='bbox 1788 4973 1991 5031; x_wconf 80' lang='lat' dir='ltr'><strong>idcirco</strong></span> 
     </span>
    </p>
   </div>
   <div class='ocr_carea' id='block_1_83' title="bbox 423 5062 1987 5143">
    <p class='ocr_par' dir='ltr' id='par_1_83' title="bbox 423 5062 1987 5143">
     <span class='ocr_line' id='line_1_83' title="bbox 423 5062 1987 5143; baseline 0.003 -26"><span class='ocrx_word' id='word_1_634' title='bbox 423 5064 490 5117; x_wconf 85' lang='lat' dir='ltr'><strong>de</strong></span> <span class='ocrx_word' id='word_1_635' title='bbox 528 5062 726 5133; x_wconf 87' lang='lat' dir='ltr'><strong>templo</strong></span> <span class='ocrx_word' id='word_1_636' title='bbox 752 5063 955 5133; x_wconf 83' lang='lat' dir='ltr'><strong>absque</strong></span> <span class='ocrx_word' id='word_1_637' title='bbox 981 5064 1366 5136; x_wconf 83' lang='lat' dir='ltr'><strong>justiticatione</strong></span> <span class='ocrx_word' id='word_1_638' title='bbox 1402 5065 1697 5143; x_wconf 68' lang='lat' dir='ltr'><strong>descendit,</strong></span> <span class='ocrx_word' id='word_1_639' title='bbox 1739 5067 1864 5136; x_wconf 80' lang='lat' dir='ltr'><strong>quia</strong></span> <span class='ocrx_word' id='word_1_640' title='bbox 1900 5067 1987 5120; x_wconf 86' lang='lat' dir='ltr'><strong>bo-</strong></span> 
     </span>
    </p>
   </div>
   <div class='ocr_carea' id='block_1_84' title="bbox 426 5154 1994 5225">
    <p class='ocr_par' dir='ltr' id='par_1_84' title="bbox 426 5154 1994 5225">
     <span class='ocr_line' id='line_1_84' title="bbox 426 5154 1994 5225; baseline 0.005 -19"><span class='ocrx_word' id='word_1_641' title='bbox 426 5168 618 5207; x_wconf 86' lang='lat' dir='ltr'><strong>norum</strong></span> <span class='ocrx_word' id='word_1_642' title='bbox 657 5169 879 5224; x_wconf 89' lang='lat' dir='ltr'><strong>operum</strong></span> <span class='ocrx_word' id='word_1_643' title='bbox 939 5157 1129 5210; x_wconf 78' lang='lat' dir='ltr'><strong>merita</strong></span> <span class='ocrx_word' id='word_1_644' title='bbox 1168 5156 1267 5211; x_wconf 85' lang='lat' dir='ltr'><strong>sibi</strong></span> <span class='ocrx_word' id='word_1_645' title='bbox 1325 5156 1480 5225; x_wconf 89' lang='lat' dir='ltr'><strong>quasi</strong></span> <span class='ocrx_word' id='word_1_646' title='bbox 1515 5154 1863 5225; x_wconf 83' lang='lat' dir='ltr'><strong>singulariter</strong></span> <span class='ocrx_word' id='word_1_647' title='bbox 1899 5159 1994 5215; x_wconf 88' lang='lat' dir='ltr'><strong>tri-</strong></span> 
     </span>
    </p>
   </div>
   <div class='ocr_carea' id='block_1_85' title="bbox 425 5239 1703 5316">
    <p class='ocr_par' dir='ltr' id='par_1_85' title="bbox 425 5239 1703 5316">
     <span class='ocr_line' id='line_1_85' title="bbox 425 5239 1703 5316; baseline 0.002 -19"><span class='ocrx_word' id='word_1_648' title='bbox 425 5246 613 5307; x_wconf 86' lang='lat' dir='ltr'><strong>buens,</strong></span> <span class='ocrx_word' id='word_1_649' title='bbox 642 5246 816 5300; x_wconf 85' lang='lat' dir='ltr'><strong>oranti</strong></span> <span class='ocrx_word' id='word_1_650' title='bbox 844 5245 1128 5315; x_wconf 84' lang='lat' dir='ltr'><strong>publicano</strong></span> <span class='ocrx_word' id='word_1_651' title='bbox 1156 5261 1214 5301; x_wconf 89' lang='lat' dir='ltr'><strong>se</strong></span> <span class='ocrx_word' id='word_1_652' title='bbox 1240 5246 1495 5316; x_wconf 68' lang='lat' dir='ltr'><strong>praetulit.</strong></span> <span class='ocrx_word' id='word_1_653' title='bbox 1696 5239 1703 5245; x_wconf 81' lang='grc'><em>’</em></span> 
     </span>
    </p>
   </div>
   <div class='ocr_carea' id='block_1_86' title="bbox 489 5334 1998 5407">
    <p class='ocr_par' dir='ltr' id='par_1_86' title="bbox 489 5334 1998 5407">
     <span class='ocr_line' id='line_1_86' title="bbox 489 5334 1998 5407; baseline 0.003 -19"><span class='ocrx_word' id='word_1_654' title='bbox 489 5334 686 5404; x_wconf 76' lang='lat' dir='ltr'><strong>Jejuno</strong></span> <span class='ocrx_word' id='word_1_655' title='bbox 711 5334 788 5389; x_wconf 84' lang='lat' dir='ltr'><strong>bis</strong></span> <span class='ocrx_word' id='word_1_656' title='bbox 810 5334 865 5389; x_wconf 82' lang='lat' dir='ltr'><strong>in</strong></span> <span class='ocrx_word' id='word_1_657' title='bbox 887 5335 1123 5400; x_wconf 86' lang='lat' dir='ltr'><strong>sabbato,</strong></span> <span class='ocrx_word' id='word_1_658' title='bbox 1149 5336 1377 5388; x_wconf 83' lang='lat' dir='ltr'><strong>decimas</strong></span> <span class='ocrx_word' id='word_1_659' title='bbox 1399 5335 1467 5388; x_wconf 85' lang='lat' dir='ltr'><strong>do</strong></span> <span class='ocrx_word' id='word_1_660' title='bbox 1491 5334 1719 5388; x_wconf 77' lang='lat' dir='ltr'><strong>omnium</strong></span> <span class='ocrx_word' id='word_1_661' title='bbox 1741 5353 1857 5406; x_wconf 71' lang='grc' dir='ltr'><strong>(μίαν</strong></span> <span class='ocrx_word' id='word_1_662' title='bbox 1880 5356 1998 5407; x_wconf 78' lang='lat' dir='ltr'><strong>pos-</strong></span> 
     </span>
    </p>
   </div>
   <div class='ocr_carea' id='block_1_87' title="bbox 423 5424 1999 5495">
    <p class='ocr_par' dir='ltr' id='par_1_87' title="bbox 423 5424 1999 5495">
     <span class='ocr_line' id='line_1_87' title="bbox 423 5424 1999 5495; baseline 0.004 -16"><span class='ocrx_word' id='word_1_663' title='bbox 423 5426 587 5481; x_wconf 70' lang='lat' dir='ltr'><strong>sideo.</strong></span> <span class='ocrx_word' id='word_1_664' title='bbox 611 5424 859 5481; x_wconf 86' lang='lat' dir='ltr'><strong>Ezechiel</strong></span> <span class='ocrx_word' id='word_1_665' title='bbox 880 5426 1143 5495; x_wconf 85' lang='lat' dir='ltr'><strong>propheta</strong></span> <span class='ocrx_word' id='word_1_666' title='bbox 1168 5426 1235 5479; x_wconf 90' lang='lat' dir='ltr'><strong>de</strong></span> <span class='ocrx_word' id='word_1_667' title='bbox 1258 5425 1490 5479; x_wconf 86' lang='lat' dir='ltr'><strong>ostensis</strong></span> <span class='ocrx_word' id='word_1_668' title='bbox 1517 5424 1617 5478; x_wconf 88' lang='lat' dir='ltr'><strong>sibi</strong></span> <span class='ocrx_word' id='word_1_669' title='bbox 1644 5427 1763 5481; x_wconf 54' lang='lat' dir='ltr'><strong>caeli</strong></span> <span class='ocrx_word' id='word_1_670' title='bbox 1793 5430 1999 5485; x_wconf 88' lang='lat' dir='ltr'><strong>anima-</strong></span> 
     </span>
    </p>
   </div>
   <div class='ocr_carea' id='block_1_88' title="bbox 425 5512 1999 5583">
    <p class='ocr_par' dir='ltr' id='par_1_88' title="bbox 425 5512 1999 5583">
     <span class='ocr_line' id='line_1_88' title="bbox 425 5512 1999 5583; baseline 0.004 -14"><span class='ocrx_word' id='word_1_671' title='bbox 425 5515 565 5572; x_wconf 85' lang='lat' dir='ltr'><strong>libus</strong></span> <span class='ocrx_word' id='word_1_672' title='bbox 609 5517 799 5571; x_wconf 88' lang='lat' dir='ltr'><strong>seribit</strong></span> <span class='ocrx_word' id='word_1_673' title='bbox 844 5530 860 5569; x_wconf 87' lang='lat'><strong>:</strong></span> <span class='ocrx_word' id='word_1_674' title='bbox 912 5515 986 5568; x_wconf 81' lang='lat' dir='ltr'><strong>Et</strong></span> <span class='ocrx_word' id='word_1_675' title='bbox 1037 5521 1201 5567; x_wconf 86' lang='lat' dir='ltr'><strong>totum</strong></span> <span class='ocrx_word' id='word_1_676' title='bbox 1246 5530 1433 5582; x_wconf 83' lang='lat' dir='ltr'><strong>corpus</strong></span> <span class='ocrx_word' id='word_1_677' title='bbox 1478 5512 1686 5583; x_wconf 76' lang='lat' dir='ltr'><strong>plenum</strong></span> <span class='ocrx_word' id='word_1_678' title='bbox 1732 5519 1897 5574; x_wconf 78' lang='lat' dir='ltr'><strong>oculis</strong></span> <span class='ocrx_word' id='word_1_679' title='bbox 1944 5522 1999 5575; x_wconf 85' lang='lat' dir='ltr'><strong>in</strong></span> 
     </span>
    </p>
   </div>
   <div class='ocr_carea' id='block_1_89' title="bbox 357 5600 1999 5694">
    <p class='ocr_par' dir='ltr' id='par_1_89' title="bbox 357 5600 1999 5694">
     <span class='ocr_line' id='line_1_89' title="bbox 357 5600 1999 5694; baseline 0.002 -36"><span class='ocrx_word' id='word_1_680' title='bbox 357 5683 367 5694; x_wconf 43' lang='lat'>.</span> <span class='ocrx_word' id='word_1_681' title='bbox 424 5607 645 5659; x_wconf 72' lang='lat' dir='ltr'><strong>circuitu</strong></span> <span class='ocrx_word' id='word_1_682' title='bbox 684 5607 917 5676; x_wconf 85' lang='lat' dir='ltr'><strong>ipsarum</strong></span> <span class='ocrx_word' id='word_1_683' title='bbox 950 5600 1165 5673; x_wconf 78' lang='lat' dir='ltr'><strong>(Ezech.</strong></span> <span class='ocrx_word' id='word_1_684' title='bbox 1200 5600 1260 5670; x_wconf 87' lang='lat' dir='ltr'><strong>I),</strong></span> <span class='ocrx_word' id='word_1_685' title='bbox 1291 5610 1524 5669; x_wconf 89' lang='lat' dir='ltr'><strong>quatuor</strong></span> <span class='ocrx_word' id='word_1_686' title='bbox 1550 5617 1774 5670; x_wconf 86' lang='lat' dir='ltr'><strong>corpora</strong></span> <span class='ocrx_word' id='word_1_687' title='bbox 1803 5612 1999 5680; x_wconf 82' lang='lat' dir='ltr'><strong>quippe</strong></span> 
     </span>
    </p>
   </div>
   <div class='ocr_carea' id='block_1_90' title="bbox 428 5689 1996 5764">
    <p class='ocr_par' dir='ltr' id='par_1_90' title="bbox 428 5689 1996 5764">
     <span class='ocr_line' id='line_1_90' title="bbox 428 5689 1996 5764; baseline 0.006 -17"><span class='ocrx_word' id='word_1_688' title='bbox 428 5696 736 5750; x_wconf 84' lang='lat' dir='ltr'><strong>animalium</strong></span> <span class='ocrx_word' id='word_1_689' title='bbox 767 5702 1020 5764; x_wconf 84' lang='lat' dir='ltr'><strong>quatuor,</strong></span> <span class='ocrx_word' id='word_1_690' title='bbox 1054 5689 1254 5746; x_wconf 84' lang='lat' dir='ltr'><strong>idcirco</strong></span> <span class='ocrx_word' id='word_1_691' title='bbox 1286 5690 1440 5761; x_wconf 84' lang='lat' dir='ltr'><strong>plena</strong></span> <span class='ocrx_word' id='word_1_692' title='bbox 1476 5691 1643 5746; x_wconf 81' lang='lat' dir='ltr'><strong>oculis</strong></span> <span class='ocrx_word' id='word_1_693' title='bbox 1681 5693 1996 5756; x_wconf 70' lang='lat' dir='ltr'><strong>describunt-</strong></span> 
     </span>
    </p>
   </div>
   <div class='ocr_carea' id='block_1_91' title="bbox 2020 4469 2072 4528">
    <p class='ocr_par' dir='ltr' id='par_1_91' title="bbox 2020 4469 2072 4528">
     <span class='ocr_line' id='line_1_91' title="bbox 2020 4469 2072 4528; baseline 0 0"><span class='ocrx_word' id='word_1_694' title='bbox 2020 4469 2072 4528; x_wconf 91' lang='lat' dir='ltr'><strong>D</strong></span> 
     </span>
    </p>
   </div>
   <div class='ocr_carea' id='block_1_92' title="bbox 2094 3234 3673 3309">
    <p class='ocr_par' dir='ltr' id='par_1_92' title="bbox 2094 3234 3673 3309">
     <span class='ocr_line' id='line_1_92' title="bbox 2094 3234 3673 3309; baseline -0.005 -10"><span class='ocrx_word' id='word_1_695' title='bbox 2094 3243 2333 3299; x_wconf 85' lang='lat' dir='ltr'><strong>elevatus</strong></span> <span class='ocrx_word' id='word_1_696' title='bbox 2360 3243 2429 3298; x_wconf 88' lang='lat' dir='ltr'><strong>ad</strong></span> <span class='ocrx_word' id='word_1_697' title='bbox 2456 3243 2692 3306; x_wconf 89' lang='lat' dir='ltr'><strong>ruinam,</strong></span> <span class='ocrx_word' id='word_1_698' title='bbox 2724 3241 2800 3296; x_wconf 90' lang='lat' dir='ltr'><strong>ita</strong></span> <span class='ocrx_word' id='word_1_699' title='bbox 2832 3256 2934 3295; x_wconf 88' lang='lat' dir='ltr'><strong>nos</strong></span> <span class='ocrx_word' id='word_1_700' title='bbox 2962 3256 3068 3296; x_wconf 89' lang='lat' dir='ltr'><strong>non</strong></span> <span class='ocrx_word' id='word_1_701' title='bbox 3098 3234 3283 3296; x_wconf 77' lang='lat' dir='ltr'><strong>nostra</strong></span> <span class='ocrx_word' id='word_1_702' title='bbox 3311 3238 3481 3294; x_wconf 86' lang='lat' dir='ltr'><strong>solum</strong></span> <span class='ocrx_word' id='word_1_703' title='bbox 3506 3237 3673 3309; x_wconf 86' lang='lat' dir='ltr'><strong>pigri-</strong></span> 
     </span>
    </p>
   </div>
   <div class='ocr_carea' id='block_1_93' title="bbox 2093 3327 3672 3401">
    <p class='ocr_par' dir='ltr' id='par_1_93' title="bbox 2093 3327 3672 3401">
     <span class='ocr_line' id='line_1_93' title="bbox 2093 3327 3672 3401; baseline -0.005 -11"><span class='ocrx_word' id='word_1_704' title='bbox 2093 3334 2190 3400; x_wconf 83' lang='lat' dir='ltr'><strong>tia,</strong></span> <span class='ocrx_word' id='word_1_705' title='bbox 2225 3334 2319 3390; x_wconf 88' lang='lat' dir='ltr'><strong>sed</strong></span> <span class='ocrx_word' id='word_1_706' title='bbox 2351 3340 2407 3389; x_wconf 91' lang='lat' dir='ltr'><strong>et</strong></span> <span class='ocrx_word' id='word_1_707' title='bbox 2454 3332 2736 3387; x_wconf 89' lang='lat' dir='ltr'><strong>meliorum</strong></span> <span class='ocrx_word' id='word_1_708' title='bbox 2765 3329 3062 3385; x_wconf 85' lang='lat' dir='ltr'><strong>virtutibus</strong></span> <span class='ocrx_word' id='word_1_709' title='bbox 3096 3328 3374 3401; x_wconf 87' lang='lat' dir='ltr'><strong>inspectis,</strong></span> <span class='ocrx_word' id='word_1_710' title='bbox 3422 3327 3672 3383; x_wconf 87' lang='lat' dir='ltr'><strong>humilie—</strong></span> 
     </span>
    </p>
   </div>
   <div class='ocr_carea' id='block_1_94' title="bbox 2091 3421 3673 3497">
    <p class='ocr_par' dir='ltr' id='par_1_94' title="bbox 2091 3421 3673 3497">
     <span class='ocr_line' id='line_1_94' title="bbox 2091 3421 3673 3497; baseline -0.008 -13"><span class='ocrx_word' id='word_1_711' title='bbox 2091 3443 2215 3485; x_wconf 88' lang='lat' dir='ltr'><strong>mur</strong></span> <span class='ocrx_word' id='word_1_712' title='bbox 2269 3427 2335 3482; x_wconf 85' lang='lat' dir='ltr'><strong>ad</strong></span> <span class='ocrx_word' id='word_1_713' title='bbox 2382 3424 2648 3497; x_wconf 87' lang='lat' dir='ltr'><strong>gloriam,</strong></span> <span class='ocrx_word' id='word_1_714' title='bbox 2694 3428 2963 3493; x_wconf 88' lang='lat' dir='ltr'><strong>quatenus</strong></span> <span class='ocrx_word' id='word_1_715' title='bbox 3012 3421 3383 3490; x_wconf 87' lang='lat' dir='ltr'><strong>unusquisque</strong></span> <span class='ocrx_word' id='word_1_716' title='bbox 3425 3427 3673 3473; x_wconf 84' lang='lat' dir='ltr'><strong>nostrum</strong></span> 
     </span>
    </p>
   </div>
   <div class='ocr_carea' id='block_1_95' title="bbox 2092 3508 3673 3587">
    <p class='ocr_par' dir='ltr' id='par_1_95' title="bbox 2092 3508 3673 3587">
     <span class='ocr_line' id='line_1_95' title="bbox 2092 3508 3673 3587; baseline -0.006 -14"><span class='ocrx_word' id='word_1_717' title='bbox 2092 3519 2208 3573; x_wconf 70' lang='lat' dir='ltr'><strong>hinc</strong></span> <span class='ocrx_word' id='word_1_718' title='bbox 2233 3514 2372 3587; x_wconf 89' lang='lat' dir='ltr'><strong>apud</strong></span> <span class='ocrx_word' id='word_1_719' title='bbox 2403 3530 2463 3570; x_wconf 90' lang='lat' dir='ltr'><strong>se</strong></span> <span class='ocrx_word' id='word_1_720' title='bbox 2496 3513 2718 3585; x_wconf 75' lang='lat' dir='ltr'><strong>supplex</strong></span> <span class='ocrx_word' id='word_1_721' title='bbox 2760 3526 2827 3567; x_wconf 83' lang='lat' dir='ltr'><strong>ac</strong></span> <span class='ocrx_word' id='word_1_722' title='bbox 2853 3511 3154 3567; x_wconf 85' lang='lat' dir='ltr'><strong>submissus</strong></span> <span class='ocrx_word' id='word_1_723' title='bbox 3205 3510 3456 3565; x_wconf 84' lang='lat' dir='ltr'><strong>obsecret</strong></span> <span class='ocrx_word' id='word_1_724' title='bbox 3485 3524 3500 3562; x_wconf 88' lang='lat'><strong>:</strong></span> <span class='ocrx_word' id='word_1_725' title='bbox 3530 3508 3673 3563; x_wconf 88' lang='lat' dir='ltr'><strong>Deus</strong></span> 
     </span>
    </p>
   </div>
   <div class='ocr_carea' id='block_1_96' title="bbox 2090 3599 3673 3680">
    <p class='ocr_par' dir='ltr' id='par_1_96' title="bbox 2090 3599 3673 3680">
     <span class='ocr_line' id='line_1_96' title="bbox 2090 3599 3673 3680; baseline -0.008 -15"><span class='ocrx_word' id='word_1_726' title='bbox 2090 3609 2451 3680; x_wconf 85' lang='lat' dir='ltr'><strong>omnipotens,</strong></span> <span class='ocrx_word' id='word_1_727' title='bbox 2468 3606 2727 3662; x_wconf 87' lang='lat' dir='ltr'><strong>miserere</strong></span> <span class='ocrx_word' id='word_1_728' title='bbox 2748 3603 2972 3673; x_wconf 86' lang='lat' dir='ltr'><strong>supplici</strong></span> <span class='ocrx_word' id='word_1_729' title='bbox 3004 3610 3117 3667; x_wconf 89' lang='lat' dir='ltr'><strong>tuo,</strong></span> <span class='ocrx_word' id='word_1_730' title='bbox 3136 3601 3262 3671; x_wconf 88' lang='lat' dir='ltr'><strong>quia</strong></span> <span class='ocrx_word' id='word_1_731' title='bbox 3290 3616 3397 3655; x_wconf 89' lang='lat' dir='ltr'><strong>non</strong></span> <span class='ocrx_word' id='word_1_732' title='bbox 3422 3615 3537 3656; x_wconf 87' lang='lat' dir='ltr'><strong>sum</strong></span> <span class='ocrx_word' id='word_1_733' title='bbox 3567 3599 3673 3654; x_wconf 85' lang='lat' dir='ltr'><strong>sic—</strong></span> 
     </span>
    </p>
   </div>
   <div class='ocr_carea' id='block_1_97' title="bbox 2089 3690 3670 3763">
    <p class='ocr_par' dir='ltr' id='par_1_97' title="bbox 2089 3690 3670 3763">
     <span class='ocr_line' id='line_1_97' title="bbox 2089 3690 3670 3763; baseline -0.007 -7"><span class='ocrx_word' id='word_1_734' title='bbox 2089 3709 2152 3756; x_wconf 91' lang='lat' dir='ltr'><strong>ut</strong></span> <span class='ocrx_word' id='word_1_735' title='bbox 2199 3699 2470 3755; x_wconf 89' lang='lat' dir='ltr'><strong>innumeri</strong></span> <span class='ocrx_word' id='word_1_736' title='bbox 2521 3697 2662 3753; x_wconf 87' lang='lat' dir='ltr'><strong>servi</strong></span> <span class='ocrx_word' id='word_1_737' title='bbox 2704 3697 2782 3750; x_wconf 88' lang='lat' dir='ltr'><strong>tui</strong></span> <span class='ocrx_word' id='word_1_738' title='bbox 2823 3703 3136 3763; x_wconf 88' lang='lat' dir='ltr'><strong>contemptu</strong></span> <span class='ocrx_word' id='word_1_739' title='bbox 3183 3692 3360 3747; x_wconf 63' lang='lat' dir='ltr'><strong>seculi</strong></span> <span class='ocrx_word' id='word_1_740' title='bbox 3392 3690 3670 3755; x_wconf 80' lang='lat' dir='ltr'><strong>sublimes,</strong></span> 
     </span>
    </p>
   </div>
   <div class='ocr_carea' id='block_1_98' title="bbox 2085 3781 3670 3863">
    <p class='ocr_par' dir='ltr' id='par_1_98' title="bbox 2085 3781 3670 3863">
     <span class='ocr_line' id='line_1_98' title="bbox 2085 3781 3670 3863; baseline -0.008 -16"><span class='ocrx_word' id='word_1_741' title='bbox 2085 3791 2311 3863; x_wconf 65' lang='lat' dir='ltr'><strong>justitia:</strong></span> <span class='ocrx_word' id='word_1_742' title='bbox 2342 3789 2540 3845; x_wconf 89' lang='lat' dir='ltr'><strong>merito</strong></span> <span class='ocrx_word' id='word_1_743' title='bbox 2584 3787 2845 3859; x_wconf 82' lang='lat' dir='ltr'><strong>gloriosi,</strong></span> <span class='ocrx_word' id='word_1_744' title='bbox 2896 3785 3165 3841; x_wconf 86' lang='lat' dir='ltr'><strong>castitatis</strong></span> <span class='ocrx_word' id='word_1_745' title='bbox 3216 3784 3372 3839; x_wconf 85' lang='lat' dir='ltr'><strong>laude</strong></span> <span class='ocrx_word' id='word_1_746' title='bbox 3419 3781 3670 3853; x_wconf 82' lang='lat' dir='ltr'><strong>angelici,</strong></span> 
     </span>
    </p>
   </div>
   <div class='ocr_carea' id='block_1_99' title="bbox 2090 3872 3674 3946">
    <p class='ocr_par' dir='ltr' id='par_1_99' title="bbox 2090 3872 3674 3946">
     <span class='ocr_line' id='line_1_99' title="bbox 2090 3872 3674 3946; baseline -0.008 -9"><span class='ocrx_word' id='word_1_747' title='bbox 2090 3882 2239 3937; x_wconf 86' lang='lat' dir='ltr'><strong>velut</strong></span> <span class='ocrx_word' id='word_1_748' title='bbox 2263 3880 2425 3936; x_wconf 82' lang='lat' dir='ltr'><strong>etiam</strong></span> <span class='ocrx_word' id='word_1_749' title='bbox 2447 3877 2601 3932; x_wconf 91' lang='lat' dir='ltr'><strong>multi</strong></span> <span class='ocrx_word' id='word_1_750' title='bbox 2626 3876 2839 3931; x_wconf 90' lang='lat' dir='ltr'><strong>illorum</strong></span> <span class='ocrx_word' id='word_1_751' title='bbox 2859 3876 2948 3945; x_wconf 89' lang='lat' dir='ltr'><strong>qui</strong></span> <span class='ocrx_word' id='word_1_752' title='bbox 2971 3884 3091 3944; x_wconf 85' lang='lat' dir='ltr'><strong>post</strong></span> <span class='ocrx_word' id='word_1_753' title='bbox 3110 3874 3310 3946; x_wconf 82' lang='lat' dir='ltr'><strong>ﬂagitia</strong></span> <span class='ocrx_word' id='word_1_754' title='bbox 3323 3872 3535 3944; x_wconf 88' lang='lat' dir='ltr'><strong>publica</strong></span> <span class='ocrx_word' id='word_1_755' title='bbox 3561 3886 3674 3942; x_wconf 61' lang='lat' dir='ltr'><strong>pne.</strong></span> 
     </span>
    </p>
   </div>
   <div class='ocr_carea' id='block_1_100' title="bbox 2093 3965 3671 4036">
    <p class='ocr_par' dir='ltr' id='par_1_100' title="bbox 2093 3965 3671 4036">
     <span class='ocr_line' id='line_1_100' title="bbox 2093 3965 3671 4036; baseline -0.009 -5"><span class='ocrx_word' id='word_1_756' title='bbox 2093 3973 2314 4031; x_wconf 85' lang='lat' dir='ltr'><strong>nitendo</strong></span> <span class='ocrx_word' id='word_1_757' title='bbox 2342 3969 2440 4026; x_wconf 90' lang='lat' dir='ltr'><strong>tibi</strong></span> <span class='ocrx_word' id='word_1_758' title='bbox 2462 3976 2776 4023; x_wconf 85' lang='lat' dir='ltr'><strong>meruerunt</strong></span> <span class='ocrx_word' id='word_1_759' title='bbox 2797 3981 2917 4021; x_wconf 90' lang='lat' dir='ltr'><strong>esse</strong></span> <span class='ocrx_word' id='word_1_760' title='bbox 2947 3966 3146 4030; x_wconf 87' lang='lat' dir='ltr'><strong>devoti,</strong></span> <span class='ocrx_word' id='word_1_761' title='bbox 3175 3966 3264 4036; x_wconf 89' lang='lat' dir='ltr'><strong>qui</strong></span> <span class='ocrx_word' id='word_1_762' title='bbox 3282 3966 3446 4021; x_wconf 88' lang='lat' dir='ltr'><strong>etiam</strong></span> <span class='ocrx_word' id='word_1_763' title='bbox 3472 3965 3516 4019; x_wconf 90' lang='lat' dir='ltr'><strong>si</strong></span> <span class='ocrx_word' id='word_1_764' title='bbox 3543 3965 3671 4034; x_wconf 63' lang='lat' dir='ltr'><strong>quid</strong></span> 
     </span>
    </p>
   </div>
   <div class='ocr_carea' id='block_1_101' title="bbox 2092 4055 3670 4133">
    <p class='ocr_par' dir='ltr' id='par_1_101' title="bbox 2092 4055 3670 4133">
     <span class='ocr_line' id='line_1_101' title="bbox 2092 4055 3670 4133; baseline -0.008 -12"><span class='ocrx_word' id='word_1_765' title='bbox 2092 4065 2219 4120; x_wconf 78' lang='lat' dir='ltr'><strong>boui</strong></span> <span class='ocrx_word' id='word_1_766' title='bbox 2242 4072 2329 4119; x_wconf 89' lang='lat' dir='ltr'><strong>tua</strong></span> <span class='ocrx_word' id='word_1_767' title='bbox 2358 4060 2529 4133; x_wconf 84' lang='lat' dir='ltr'><strong>gratia</strong></span> <span class='ocrx_word' id='word_1_768' title='bbox 2557 4058 2825 4130; x_wconf 84' lang='lat' dir='ltr'><strong>largiente</strong></span> <span class='ocrx_word' id='word_1_769' title='bbox 2852 4056 3050 4121; x_wconf 82' lang='lat' dir='ltr'><strong>fecero,</strong></span> <span class='ocrx_word' id='word_1_770' title='bbox 3076 4072 3183 4127; x_wconf 85' lang='lat' dir='ltr'><strong>quo</strong></span> <span class='ocrx_word' id='word_1_771' title='bbox 3203 4057 3309 4110; x_wconf 84' lang='lat' dir='ltr'><strong>line</strong></span> <span class='ocrx_word' id='word_1_772' title='bbox 3323 4057 3438 4112; x_wconf 57' lang='lat' dir='ltr'><strong>haec</strong></span> <span class='ocrx_word' id='word_1_773' title='bbox 3452 4055 3670 4121; x_wconf 82' lang='lat' dir='ltr'><strong>faciam,</strong></span> 
     </span>
    </p>
   </div>
   <div class='ocr_carea' id='block_1_102' title="bbox 2093 4148 3320 4224">
    <p class='ocr_par' dir='ltr' id='par_1_102' title="bbox 2093 4148 3320 4224">
     <span class='ocr_line' id='line_1_102' title="bbox 2093 4148 3320 4224; baseline -0.006 -17"><span class='ocrx_word' id='word_1_774' title='bbox 2093 4169 2265 4224; x_wconf 81' lang='lat' dir='ltr'><strong>quave</strong></span> <span class='ocrx_word' id='word_1_775' title='bbox 2293 4168 2323 4207; x_wconf 88' lang='lat' dir='ltr'><strong>a</strong></span> <span class='ocrx_word' id='word_1_776' title='bbox 2360 4160 2412 4207; x_wconf 90' lang='lat' dir='ltr'><strong>te</strong></span> <span class='ocrx_word' id='word_1_777' title='bbox 2450 4150 2788 4205; x_wconf 86' lang='lat' dir='ltr'><strong>districtione</strong></span> <span class='ocrx_word' id='word_1_778' title='bbox 2827 4159 3084 4219; x_wconf 87' lang='lat' dir='ltr'><strong>pensetur</strong></span> <span class='ocrx_word' id='word_1_779' title='bbox 3112 4148 3320 4218; x_wconf 81' lang='lat' dir='ltr'><strong>ignoro.</strong></span> 
     </span>
    </p>
   </div>
   <div class='ocr_carea' id='block_1_103' title="bbox 2345 4278 3414 4340">
    <p class='ocr_par' dir='ltr' id='par_1_103' title="bbox 2345 4278 3414 4340">
     <span class='ocr_line' id='line_1_103' title="bbox 2345 4278 3414 4340; baseline -0.006 0"><span class='ocrx_word' id='word_1_780' title='bbox 2345 4283 2413 4340; x_wconf 83' lang='lat' dir='ltr'><strong>IN</strong></span> <span class='ocrx_word' id='word_1_781' title='bbox 2452 4282 2704 4338; x_wconf 79' lang='lat' dir='ltr'><strong>NATALI</strong></span> <span class='ocrx_word' id='word_1_782' title='bbox 2743 4280 2985 4337; x_wconf 75' lang='lat' dir='ltr'><strong>SANCTI</strong></span> <span class='ocrx_word' id='word_1_783' title='bbox 3023 4278 3414 4336; x_wconf 71' lang='lat' dir='ltr'><strong>LAURENTII.</strong></span> 
     </span>
    </p>
   </div>
   <div class='ocr_carea' id='block_1_104' title="bbox 2234 4410 3519 4456">
    <p class='ocr_par' dir='ltr' id='par_1_104' title="bbox 2234 4410 3519 4456">
     <span class='ocr_line' id='line_1_104' title="bbox 2234 4410 3519 4456; baseline -0.005 0"><span class='ocrx_word' id='word_1_784' title='bbox 2234 4413 2428 4456; x_wconf 79' lang='lat' dir='ltr'><strong>LBCTIO</strong></span> <span class='ocrx_word' id='word_1_785' title='bbox 2463 4412 2634 4452; x_wconf 78' lang='lat' dir='ltr'><strong>EPIST.</strong></span> <span class='ocrx_word' id='word_1_786' title='bbox 2675 4413 2831 4453; x_wconf 77' lang='lat' dir='ltr'><strong>PAULI</strong></span> <span class='ocrx_word' id='word_1_787' title='bbox 2874 4411 3124 4451; x_wconf 74' lang='grc' dir='ltr'><strong>Δι’οὸΤοιί</strong></span> <span class='ocrx_word' id='word_1_788' title='bbox 3162 4410 3230 4449; x_wconf 74' lang='lat' dir='ltr'><strong>AD</strong></span> <span class='ocrx_word' id='word_1_789' title='bbox 3268 4410 3519 4450; x_wconf 63' lang='grc' dir='ltr'><strong>ωωκτιι.</strong></span> 
     </span>
    </p>
   </div>
   <div class='ocr_carea' id='block_1_105' title="bbox 2266 4487 3205 4547">
    <p class='ocr_par' dir='ltr' id='par_1_105' title="bbox 2266 4487 3205 4547">
     <span class='ocr_line' id='line_1_105' title="bbox 2266 4487 3205 4547; baseline -0.007 -1"><span class='ocrx_word' id='word_1_790' title='bbox 2266 4487 2269 4490; x_wconf 41' lang='grc'><em>⁴</em></span> <span class='ocrx_word' id='word_1_791' title='bbox 2599 4505 2868 4547; x_wconf 60' lang='lat' dir='ltr'><strong>secenas.</strong></span> <span class='ocrx_word' id='word_1_792' title='bbox 2910 4502 3029 4543; x_wconf 65' lang='lat' dir='ltr'><strong>car.</strong></span> <span class='ocrx_word' id='word_1_793' title='bbox 3070 4502 3146 4543; x_wconf 80' lang='lat' dir='ltr'><strong>ix.</strong></span> <span class='ocrx_word' id='word_1_794' title='bbox 3198 4526 3205 4539; x_wconf 86' lang='lat'><em>,</em></span> 
     </span>
    </p>
   </div>
   <div class='ocr_carea' id='block_1_106' title="bbox 2172 4624 3670 4698">
    <p class='ocr_par' dir='ltr' id='par_1_106' title="bbox 2172 4624 3670 4698">
     <span class='ocr_line' id='line_1_106' title="bbox 2172 4624 3670 4698; baseline -0.003 -17"><span class='ocrx_word' id='word_1_795' title='bbox 2172 4649 2191 4681; x_wconf 69' lang='grc' dir='ltr'><em>ς</em></span> <span class='ocrx_word' id='word_1_796' title='bbox 2236 4628 2337 4696; x_wconf 87' lang='lat' dir='ltr'><strong>Qui</strong></span> <span class='ocrx_word' id='word_1_797' title='bbox 2364 4643 2526 4698; x_wconf 88' lang='lat' dir='ltr'><strong>parce</strong></span> <span class='ocrx_word' id='word_1_798' title='bbox 2554 4625 2785 4681; x_wconf 88' lang='lat' dir='ltr'><strong>seminat</strong></span> <span class='ocrx_word' id='word_1_799' title='bbox 2812 4641 2977 4696; x_wconf 91' lang='lat' dir='ltr'><strong>parce</strong></span> <span class='ocrx_word' id='word_1_800' title='bbox 2996 4635 3052 4680; x_wconf 90' lang='lat' dir='ltr'><strong>et</strong></span> <span class='ocrx_word' id='word_1_801' title='bbox 3073 4633 3260 4680; x_wconf 89' lang='lat' dir='ltr'><strong>metet.</strong></span> <span class='ocrx_word' id='word_1_802' title='bbox 3288 4624 3356 4679; x_wconf 89' lang='lat' dir='ltr'><strong>Et</strong></span> <span class='ocrx_word' id='word_1_803' title='bbox 3385 4624 3475 4694; x_wconf 90' lang='lat' dir='ltr'><strong>qui</strong></span> <span class='ocrx_word' id='word_1_804' title='bbox 3505 4625 3670 4679; x_wconf 89' lang='lat' dir='ltr'><strong>semi-</strong></span> 
     </span>
    </p>
   </div>
   <div class='ocr_carea' id='block_1_107' title="bbox 2102 4716 3664 4774">
    <p class='ocr_par' dir='ltr' id='par_1_107' title="bbox 2102 4716 3664 4774">
     <span class='ocr_line' id='line_1_107' title="bbox 2102 4716 3664 4774; baseline -0.002 -4"><span class='ocrx_word' id='word_1_805' title='bbox 2102 4739 2120 4770; x_wconf 71' lang='grc' dir='ltr'><strong>ε</strong></span> <span class='ocrx_word' id='word_1_806' title='bbox 2166 4729 2257 4774; x_wconf 88' lang='lat' dir='ltr'><strong>nat</strong></span> <span class='ocrx_word' id='word_1_807' title='bbox 2284 4721 2336 4774; x_wconf 92' lang='lat' dir='ltr'><strong>in</strong></span> <span class='ocrx_word' id='word_1_808' title='bbox 2352 4716 2816 4774; x_wconf 86' lang='lat' dir='ltr'><strong>benedictionibus</strong></span> <span class='ocrx_word' id='word_1_809' title='bbox 2843 4716 2908 4770; x_wconf 93' lang='lat' dir='ltr'><strong>de</strong></span> <span class='ocrx_word' id='word_1_810' title='bbox 2932 4716 3391 4771; x_wconf 84' lang='lat' dir='ltr'><strong>benedictionibus</strong></span> <span class='ocrx_word' id='word_1_811' title='bbox 3413 4722 3664 4770; x_wconf 90' lang='lat' dir='ltr'><strong>etmetet.</strong></span> 
     </span>
    </p>
   </div>
   <div class='ocr_carea' id='block_1_108' title="bbox 2101 4806 3667 4879">
    <p class='ocr_par' dir='ltr' id='par_1_108' title="bbox 2101 4806 3667 4879">
     <span class='ocr_line' id='line_1_108' title="bbox 2101 4806 3667 4879; baseline -0.002 -17"><span class='ocrx_word' id='word_1_812' title='bbox 2101 4829 2120 4862; x_wconf 69' lang='grc' dir='ltr'><em>α</em></span> <span class='ocrx_word' id='word_1_813' title='bbox 2168 4809 2549 4879; x_wconf 84' lang='lat' dir='ltr'><strong>Unusquisque</strong></span> <span class='ocrx_word' id='word_1_814' title='bbox 2587 4815 2749 4878; x_wconf 89' lang='lat' dir='ltr'><strong>prout</strong></span> <span class='ocrx_word' id='word_1_815' title='bbox 2788 4806 3077 4861; x_wconf 89' lang='lat' dir='ltr'><strong>destinavit</strong></span> <span class='ocrx_word' id='word_1_816' title='bbox 3113 4807 3165 4861; x_wconf 91' lang='lat' dir='ltr'><strong>in</strong></span> <span class='ocrx_word' id='word_1_817' title='bbox 3193 4806 3356 4861; x_wconf 85' lang='lat' dir='ltr'><strong>corde</strong></span> <span class='ocrx_word' id='word_1_818' title='bbox 3382 4819 3481 4861; x_wconf 91' lang='lat' dir='ltr'><strong>suo</strong></span> <span class='ocrx_word' id='word_1_819' title='bbox 3504 4845 3521 4869; x_wconf 91' lang='lat'><strong>,</strong></span> <span class='ocrx_word' id='word_1_820' title='bbox 3557 4820 3667 4859; x_wconf 90' lang='lat' dir='ltr'><strong>non</strong></span> 
     </span>
    </p>
   </div>
   <div class='ocr_carea' id='block_1_109' title="bbox 2103 4894 3668 4955">
    <p class='ocr_par' dir='ltr' id='par_1_109' title="bbox 2103 4894 3668 4955">
     <span class='ocr_line' id='line_1_109' title="bbox 2103 4894 3668 4955; baseline -0.003 -3"><span class='ocrx_word' id='word_1_821' title='bbox 2103 4921 2121 4952; x_wconf 75' lang='grc' dir='ltr'>ι</span> <span class='ocrx_word' id='word_1_822' title='bbox 2170 4917 2233 4955; x_wconf 71' lang='lat' dir='ltr'><strong>ex</strong></span> <span class='ocrx_word' id='word_1_823' title='bbox 2258 4898 2477 4954; x_wconf 85' lang='lat' dir='ltr'><strong>tristitia</strong></span> <span class='ocrx_word' id='word_1_824' title='bbox 2505 4905 2597 4952; x_wconf 88' lang='lat' dir='ltr'><strong>aut</strong></span> <span class='ocrx_word' id='word_1_825' title='bbox 2623 4912 2689 4952; x_wconf 90' lang='lat' dir='ltr'><strong>ex</strong></span> <span class='ocrx_word' id='word_1_826' title='bbox 2706 4896 3047 4952; x_wconf 80' lang='lat' dir='ltr'><strong>necessitate.</strong></span> <span class='ocrx_word' id='word_1_827' title='bbox 3080 4896 3319 4952; x_wconf 87' lang='lat' dir='ltr'><strong>Ililarem</strong></span> <span class='ocrx_word' id='word_1_828' title='bbox 3345 4894 3487 4949; x_wconf 92' lang='lat' dir='ltr'><strong>enim</strong></span> <span class='ocrx_word' id='word_1_829' title='bbox 3513 4895 3668 4949; x_wconf 84' lang='lat' dir='ltr'><strong>dato-</strong></span> 
     </span>
    </p>
   </div>
   <div class='ocr_carea' id='block_1_110' title="bbox 2103 4978 3667 5059">
    <p class='ocr_par' dir='ltr' id='par_1_110' title="bbox 2103 4978 3667 5059">
     <span class='ocr_line' id='line_1_110' title="bbox 2103 4978 3667 5059; baseline -0.001 -18"><span class='ocrx_word' id='word_1_830' title='bbox 2103 4978 2121 5041; x_wconf 59' lang='grc' dir='ltr'>ἑ</span> <span class='ocrx_word' id='word_1_831' title='bbox 2168 5005 2281 5045; x_wconf 82' lang='lat' dir='ltr'><strong>rem</strong></span> <span class='ocrx_word' id='word_1_832' title='bbox 2309 4988 2483 5059; x_wconf 89' lang='lat' dir='ltr'><strong>diligit</strong></span> <span class='ocrx_word' id='word_1_833' title='bbox 2514 4988 2689 5053; x_wconf 90' lang='lat' dir='ltr'><strong>Deus,</strong></span> <span class='ocrx_word' id='word_1_834' title='bbox 2719 4995 2911 5058; x_wconf 90' lang='lat' dir='ltr'><strong>potens</strong></span> <span class='ocrx_word' id='word_1_835' title='bbox 2945 4995 3121 5041; x_wconf 88' lang='lat' dir='ltr'><strong>autem</strong></span> <span class='ocrx_word' id='word_1_836' title='bbox 3152 4995 3236 5041; x_wconf 88' lang='lat' dir='ltr'><strong>est</strong></span> <span class='ocrx_word' id='word_1_837' title='bbox 3272 4984 3413 5041; x_wconf 90' lang='lat' dir='ltr'><strong>Deus</strong></span> <span class='ocrx_word' id='word_1_838' title='bbox 3449 5000 3667 5040; x_wconf 84' lang='lat' dir='ltr'><strong>onmem</strong></span> 
     </span>
    </p>
   </div>
   <div class='ocr_carea' id='block_1_111' title="bbox 2103 5074 3667 5148">
    <p class='ocr_par' dir='ltr' id='par_1_111' title="bbox 2103 5074 3667 5148">
     <span class='ocr_line' id='line_1_111' title="bbox 2103 5074 3667 5148; baseline 0 -19"><span class='ocrx_word' id='word_1_839' title='bbox 2103 5100 2119 5129; x_wconf 80' lang='grc' dir='ltr'>ι</span> <span class='ocrx_word' id='word_1_840' title='bbox 2169 5079 2396 5148; x_wconf 75' lang='lat' dir='ltr'><strong>gratiam</strong></span> <span class='ocrx_word' id='word_1_841' title='bbox 2426 5078 2696 5133; x_wconf 90' lang='lat' dir='ltr'><strong>abundare</strong></span> <span class='ocrx_word' id='word_1_842' title='bbox 2727 5076 2904 5132; x_wconf 88' lang='lat' dir='ltr'><strong>facere</strong></span> <span class='ocrx_word' id='word_1_843' title='bbox 2931 5076 2984 5130; x_wconf 92' lang='lat' dir='ltr'><strong>in</strong></span> <span class='ocrx_word' id='word_1_844' title='bbox 3015 5076 3167 5132; x_wconf 90' lang='lat' dir='ltr'><strong>vobis</strong></span> <span class='ocrx_word' id='word_1_845' title='bbox 3189 5117 3203 5142; x_wconf 91' lang='lat'><strong>,</strong></span> <span class='ocrx_word' id='word_1_846' title='bbox 3240 5085 3300 5130; x_wconf 92' lang='lat' dir='ltr'><strong>ut</strong></span> <span class='ocrx_word' id='word_1_847' title='bbox 3334 5075 3387 5129; x_wconf 90' lang='lat' dir='ltr'><strong>in</strong></span> <span class='ocrx_word' id='word_1_848' title='bbox 3414 5074 3667 5129; x_wconf 84' lang='lat' dir='ltr'><strong>omnibus</strong></span> 
     </span>
    </p>
   </div>
   <div class='ocr_carea' id='block_1_112' title="bbox 2105 5163 3664 5236">
    <p class='ocr_par' dir='ltr' id='par_1_112' title="bbox 2105 5163 3664 5236">
     <span class='ocr_line' id='line_1_112' title="bbox 2105 5163 3664 5236; baseline 0 -19"><span class='ocrx_word' id='word_1_849' title='bbox 2105 5186 2123 5217; x_wconf 83' lang='grc'><strong>‹</strong></span> <span class='ocrx_word' id='word_1_850' title='bbox 2170 5179 2381 5236; x_wconf 78' lang='lat' dir='ltr'><strong>semper</strong></span> <span class='ocrx_word' id='word_1_851' title='bbox 2410 5179 2625 5221; x_wconf 88' lang='lat' dir='ltr'><strong>omnem</strong></span> <span class='ocrx_word' id='word_1_852' title='bbox 2654 5163 3028 5220; x_wconf 74' lang='lat' dir='ltr'><strong>sufﬁcientiam</strong></span> <span class='ocrx_word' id='word_1_853' title='bbox 3056 5165 3346 5228; x_wconf 88' lang='lat' dir='ltr'><strong>habentes,</strong></span> <span class='ocrx_word' id='word_1_854' title='bbox 3379 5163 3664 5217; x_wconf 88' lang='lat' dir='ltr'><strong>abundclis</strong></span> 
     </span>
    </p>
   </div>
   <div class='ocr_carea' id='block_1_113' title="bbox 2112 5252 3664 5329">
    <p class='ocr_par' dir='ltr' id='par_1_113' title="bbox 2112 5252 3664 5329">
     <span class='ocr_line' id='line_1_113' title="bbox 2112 5252 3664 5329; baseline -0.003 -21"><span class='ocrx_word' id='word_1_855' title='bbox 2112 5276 2124 5308; x_wconf 76' lang='grc' dir='ltr'><strong><em>ι</em></strong></span> <span class='ocrx_word' id='word_1_856' title='bbox 2173 5258 2225 5311; x_wconf 91' lang='lat' dir='ltr'><strong>in</strong></span> <span class='ocrx_word' id='word_1_857' title='bbox 2249 5272 2409 5312; x_wconf 91' lang='lat' dir='ltr'><strong>omne</strong></span> <span class='ocrx_word' id='word_1_858' title='bbox 2431 5272 2565 5329; x_wconf 87' lang='lat' dir='ltr'><strong>opus</strong></span> <span class='ocrx_word' id='word_1_859' title='bbox 2604 5257 2823 5319; x_wconf 89' lang='lat' dir='ltr'><strong>bonum,</strong></span> <span class='ocrx_word' id='word_1_860' title='bbox 2851 5256 2991 5311; x_wconf 90' lang='lat' dir='ltr'><strong>sicut</strong></span> <span class='ocrx_word' id='word_1_861' title='bbox 3014 5255 3271 5324; x_wconf 89' lang='lat' dir='ltr'><strong>scriptum</strong></span> <span class='ocrx_word' id='word_1_862' title='bbox 3298 5261 3382 5309; x_wconf 91' lang='lat' dir='ltr'><strong>est</strong></span> <span class='ocrx_word' id='word_1_863' title='bbox 3412 5272 3424 5304; x_wconf 86' lang='lat'><strong>:</strong></span> <span class='ocrx_word' id='word_1_864' title='bbox 3450 5252 3664 5322; x_wconf 80' lang='lat' dir='ltr'><strong>DiSper-</strong></span> 
     </span>
    </p>
   </div>
   <div class='ocr_carea' id='block_1_114' title="bbox 2105 5343 3668 5417">
    <p class='ocr_par' dir='ltr' id='par_1_114' title="bbox 2105 5343 3668 5417">
     <span class='ocr_line' id='line_1_114' title="bbox 2105 5343 3668 5417; baseline -0.003 -17"><span class='ocrx_word' id='word_1_865' title='bbox 2105 5360 2137 5400; x_wconf 66' lang='grc' dir='ltr'><strong>ς’</strong></span> <span class='ocrx_word' id='word_1_866' title='bbox 2172 5349 2260 5411; x_wconf 79' lang='lat' dir='ltr'><strong>sit,</strong></span> <span class='ocrx_word' id='word_1_867' title='bbox 2293 5346 2441 5402; x_wconf 87' lang='lat' dir='ltr'><strong>dedit</strong></span> <span class='ocrx_word' id='word_1_868' title='bbox 2467 5346 2812 5417; x_wconf 90' lang='lat' dir='ltr'><strong>pauperibus,</strong></span> <span class='ocrx_word' id='word_1_869' title='bbox 2838 5345 3045 5417; x_wconf 88' lang='lat' dir='ltr'><strong>justitia</strong></span> <span class='ocrx_word' id='word_1_870' title='bbox 3075 5344 3189 5412; x_wconf 79' lang='lat' dir='ltr'><strong>ejus</strong></span> <span class='ocrx_word' id='word_1_871' title='bbox 3208 5352 3389 5407; x_wconf 80' lang='lat' dir='ltr'><strong>manet</strong></span> <span class='ocrx_word' id='word_1_872' title='bbox 3421 5343 3474 5397; x_wconf 88' lang='lat' dir='ltr'><strong>in</strong></span> <span class='ocrx_word' id='word_1_873' title='bbox 3499 5358 3668 5397; x_wconf 72' lang='lat' dir='ltr'><strong>saccu-</strong></span> 
     </span>
    </p>
   </div>
   <div class='ocr_carea' id='block_1_115' title="bbox 2107 5432 3666 5503">
    <p class='ocr_par' dir='ltr' id='par_1_115' title="bbox 2107 5432 3666 5503">
     <span class='ocr_line' id='line_1_115' title="bbox 2107 5432 3666 5503; baseline -0.003 -14"><span class='ocrx_word' id='word_1_874' title='bbox 2107 5457 2124 5489; x_wconf 83' lang='grc'>‹</span> <span class='ocrx_word' id='word_1_875' title='bbox 2171 5437 2279 5491; x_wconf 80' lang='lat' dir='ltr'><strong>lam</strong></span> <span class='ocrx_word' id='word_1_876' title='bbox 2325 5435 2525 5493; x_wconf 64' lang='lat' dir='ltr'><strong>saeculi.</strong></span> <span class='ocrx_word' id='word_1_877' title='bbox 2563 5436 2664 5503; x_wconf 90' lang='lat' dir='ltr'><strong>Qui</strong></span> <span class='ocrx_word' id='word_1_878' title='bbox 2690 5444 2869 5490; x_wconf 89' lang='lat' dir='ltr'><strong>autem</strong></span> <span class='ocrx_word' id='word_1_879' title='bbox 2910 5434 3250 5489; x_wconf 87' lang='lat' dir='ltr'><strong>administrat</strong></span> <span class='ocrx_word' id='word_1_880' title='bbox 3286 5447 3469 5489; x_wconf 88' lang='lat' dir='ltr'><strong>semen</strong></span> <span class='ocrx_word' id='word_1_881' title='bbox 3501 5432 3666 5486; x_wconf 86' lang='lat' dir='ltr'><strong>semi-</strong></span> 
     </span>
    </p>
   </div>
   <div class='ocr_carea' id='block_1_116' title="bbox 2105 5520 3666 5597">
    <p class='ocr_par' dir='ltr' id='par_1_116' title="bbox 2105 5520 3666 5597">
     <span class='ocr_line' id='line_1_116' title="bbox 2105 5520 3666 5597; baseline -0.002 -19"><span class='ocrx_word' id='word_1_882' title='bbox 2105 5546 2123 5578; x_wconf 71' lang='grc' dir='ltr'>ε</span> <span class='ocrx_word' id='word_1_883' title='bbox 2172 5526 2358 5594; x_wconf 89' lang='lat' dir='ltr'><strong>nanti,</strong></span> <span class='ocrx_word' id='word_1_884' title='bbox 2399 5534 2454 5582; x_wconf 91' lang='lat' dir='ltr'><strong>et</strong></span> <span class='ocrx_word' id='word_1_885' title='bbox 2475 5541 2668 5597; x_wconf 88' lang='lat' dir='ltr'><strong>panem</strong></span> <span class='ocrx_word' id='word_1_886' title='bbox 2699 5527 2766 5580; x_wconf 90' lang='lat' dir='ltr'><strong>ad</strong></span> <span class='ocrx_word' id='word_1_887' title='bbox 2803 5524 3232 5580; x_wconf 89' lang='lat' dir='ltr'><strong>manducandum</strong></span> <span class='ocrx_word' id='word_1_888' title='bbox 3262 5521 3560 5594; x_wconf 61' lang='lat' dir='ltr'><strong>prgestabit.</strong></span> <span class='ocrx_word' id='word_1_889' title='bbox 3600 5520 3666 5575; x_wconf 84' lang='lat' dir='ltr'><strong>Et</strong></span> 
     </span>
    </p>
   </div>
   <div class='ocr_carea' id='block_1_117' title="bbox 2104 5611 3665 5685">
    <p class='ocr_par' dir='ltr' id='par_1_117' title="bbox 2104 5611 3665 5685">
     <span class='ocr_line' id='line_1_117' title="bbox 2104 5611 3665 5685; baseline -0.001 -19"><span class='ocrx_word' id='word_1_890' title='bbox 2104 5634 2122 5666; x_wconf 84' lang='grc'><strong><em>‹</em></strong></span> <span class='ocrx_word' id='word_1_891' title='bbox 2171 5614 2318 5669; x_wconf 87' lang='lat' dir='ltr'><strong>multi</strong></span> <span class='ocrx_word' id='word_1_892' title='bbox 2326 5614 2545 5683; x_wconf 86' lang='lat' dir='ltr'><strong>plicabit</strong></span> <span class='ocrx_word' id='word_1_893' title='bbox 2560 5630 2741 5669; x_wconf 85' lang='lat' dir='ltr'><strong>semen</strong></span> <span class='ocrx_word' id='word_1_894' title='bbox 2757 5622 3013 5681; x_wconf 89' lang='lat' dir='ltr'><strong>vestrum,</strong></span> <span class='ocrx_word' id='word_1_895' title='bbox 3034 5623 3085 5672; x_wconf 90' lang='lat' dir='ltr'><strong>et</strong></span> <span class='ocrx_word' id='word_1_896' title='bbox 3104 5612 3315 5685; x_wconf 86' lang='lat' dir='ltr'><strong>augebit</strong></span> <span class='ocrx_word' id='word_1_897' title='bbox 3330 5611 3665 5667; x_wconf 83' lang='lat' dir='ltr'><strong>incrementa</strong></span> 
     </span>
    </p>
   </div>
   <div class='ocr_carea' id='block_1_118' title="bbox 2105 5705 2922 5775">
    <p class='ocr_par' dir='ltr' id='par_1_118' title="bbox 2105 5705 2922 5775">
     <span class='ocr_line' id='line_1_118' title="bbox 2105 5705 2922 5775; baseline 0.004 -19"><span class='ocrx_word' id='word_1_898' title='bbox 2105 5723 2123 5756; x_wconf 73' lang='grc' dir='ltr'>ι</span> <span class='ocrx_word' id='word_1_899' title='bbox 2168 5706 2379 5774; x_wconf 80' lang='lat' dir='ltr'><strong>frugum</strong></span> <span class='ocrx_word' id='word_1_900' title='bbox 2403 5705 2624 5775; x_wconf 68' lang='lat' dir='ltr'><strong>justitice</strong></span> <span class='ocrx_word' id='word_1_901' title='bbox 2650 5715 2861 5760; x_wconf 66' lang='lat' dir='ltr'><strong>vestrm.</strong></span> <span class='ocrx_word' id='word_1_902' title='bbox 2901 5724 2922 5759; x_wconf 70' lang='grc' dir='ltr'><strong><em>ι</em></strong></span> 
     </span>
    </p>
   </div>
  </div>
