3952 6412
275 297 382 357 ιδ’]

1124 294 1643 355 COLLECTIONES
1680 292 1749 349 IN
1789 290 2169 353 EPISTOLAS
2208 297 2297 353 ΕΤ
2335 298 2751 358 EVANGELIA.

3436 303 3541 362 εδδ

344 415 452 483 Qui
464 430 623 481 parce
643 413 865 469 seminat
885 429 1042 484 parce
1064 422 1114 467 et
1134 421 1308 468 metet.
1357 410 1459 479 (Ex
1481 410 1741 483 Primas.)
1791 408 1847 465 Η
1876 410 1925 468 Α
1959 426 1977 459 ‹
2023 410 2225 467 cadens
2264 411 2320 467 in
2347 421 2550 472 terram
2586 424 2860 472 mortuum
2896 413 3103 482 ~fucrit,
3154 416 3329 489 ipsum
3366 418 3539 475 solum

269 517 379 574 est,
410 508 500 581 qui
530 523 723 579 parum
770 507 960 563 tribuit
987 508 1207 580 egenti,
1232 521 1427 579 parum
1457 508 1686 580 accipiet
1709 523 1855 563 mer-

270 601 421 654 cedis
438 639 453 665 ,
483 601 779 655 secundum
809 588 1198 657 miscricorditc
1224 598 1779 671 operaunusquisque
1802 605 1859 656 et

269 694 491 763 przemia
518 694 743 765 recipiet
762 700 989 749 aeterna.

346 783 411 839 Et
447 786 535 857 qui
573 786 794 841 seminat
821 787 876 842 in
899 786 1339 842 benedictionibus
1382 784 1446 841 de
1472 785 1849 841 benedictioni-

270 875 364 930 bus
390 886 437 930 et
463 885 635 932 metet.
653 876 838 946 Qualis
861 876 1027 932 fuerit
1045 878 1283 944 devotio,
1316 878 1439 937 talis
1468 877 1578 934 erit
1595 885 1651 932 et
1670 892 1852 932 remu-

269 967 507 1032 neratio,
552 967 643 1038 qui
674 977 830 1040 grato
859 969 1040 1025 animo
1070 978 1125 1024 et
1147 968 1503 1035 suilicienter,
1534 975 1624 1023 aut
1670 982 1851 1023 rerum

268 1061 647 1132 temporalium
676 1062 1101 1134 eleemOsynam,
1129 1070 1224 1117 aut
1274 1060 1673 1133 przcdieationis
1708 1059 1849 1115 indi-

268 1152 414 1223 genti
439 1153 829 1211 ministraverit
857 1154 1041 1217 verba,
1069 1151 1400 1209 sulﬁeienter
1430 1160 1484 1207 et
1512 1151 1662 1223 large
1691 1166 1722 1205 a
1745 1150 1850 1206 Do—

273 1244 428 1300 mino
462 1245 691 1315 accipiet
730 1246 970 1315 praemia.
999 1244 1213 1299 Avarus
1255 1244 1398 1297 enim
1430 1241 1736 1298 mercedem
1782 1256 1848 1297 ex

267 1350 336 1390 eo
366 1335 510 1405 quod
536 1336 739 1391 invitus
778 1336 1023 1401 dederit,
1088 1350 1194 1390 non
1251 1334 1491 1398 habebit,
1544 1331 1851 1389 benedictio

264 1424 413 1481 enim
443 1434 500 1480 et
537 1425 715 1483 dantis
755 1434 982 1491 :eterna,
1015 1424 1331 1496 accipientis
1356 1437 1595 1494 praesens
1620 1421 1852 1479 edicitur

261 1516 627 1588 eleemosyna.

338 1605 706 1679 Unusquisque
737 1617 892 1678 prout
917 1608 1195 1665 destinavit
1220 1624 1274 1662 tn
1300 1606 1453 1662 corde
1486 1622 1608 1673 suo,
1650 1622 1753 1661 non
1785 1621 1851 1659 ea:

262 1700 481 1753 tristitia
520 1709 610 1753 aut
637 1716 703 1754 ea:
748 1701 1071 1755 necessitate.
1119 1698 1175 1754 ιιι
1213 1708 1315 1764 est,
1345 1707 1607 1770 quantum
1658 1696 1850 1752 statuit

263 1788 348 1843 vel
376 1788 541 1859 elegit
569 1790 895 1858 pauperibus
930 1790 1060 1845 dare
1085 1831 1101 1857 ,
1142 1805 1248 1843 non
1274 1796 1495 1844 coactus
1539 1788 1631 1844 sed
1657 1789 1849 1841 volun-

264 1880 458 1934 tarius.
488 1878 693 1933 Tobias
718 1878 863 1934 enim
898 1879 1007 1933 tilio
1053 1894 1151 1934 suo
1180 1879 1257 1933 ait
1288 1896 1300 1931 :
1355 1875 1413 1932 Si
1438 1876 1723 1949 plurimum
1754 1878 1848 1932 tibi

262 1979 340 2025 est
372 2011 387 2036 ,
436 1954 721 2040 plurimum
765 1968 965 2033 tribue,
997 1970 1044 2024 si
1072 1970 1350 2041 exiguum,
1377 1968 1567 2040 exigua
1612 1968 1849 2039 indigen-

260 2058 401 2115 tibus
429 2060 760 2114 communica
795 2058 949 2131 (Tob.
976 2058 1076 2130 tv).

336 2148 578 2205 Hilarem
603 2151 740 2205 enim
774 2150 1009 2204 datorem
1032 2149 1205 2221 diligit
1228 2150 1393 2203 Deus.
1424 2146 1679 2204 Salomon
1700 2147 1848 2203 enim

262 2242 431 2297 dicit:
463 2240 527 2295 In
556 2242 697 2296 omni
720 2241 844 2295 dato
874 2240 1095 2296 hilarem
1117 2234 1204 2312 [ac
1228 2239 1425 2295 vultum
1455 2249 1623 2295 tuum.
1654 2237 1844 2312 (Eccli.

263 2332 450 2403 xxxv).
482 2333 614 2387 Nam
636 2342 691 2387 et
721 2333 775 2386 in
808 2332 1113 2387 divinarum
1140 2332 1547 2401 Scripturarum
1575 2345 1846 2396 sermone,

260 2421 523 2477 Dominus
550 2421 664 2476 vult
690 2421 917 2477 hilarem
945 2438 1101 2477 suum
1131 2422 1397 2477 datorem.

334 2512 512 2567 Potest
533 2522 709 2567 autem
734 2513 874 2568 Deus
899 2528 1103 2567 onmem
1125 2514 1352 2585 gratiam
1380 2513 1650 2568 abundare
1673 2512 1847 2583 facere

259 2604 315 2657 in
348 2604 509 2658 vobis.
553 2602 631 2659 Ne
665 2604 891 2659 timeant
918 2605 1148 2675 iunpiam
1181 2605 1615 2677 eleemosynarii,
1640 2606 1762 2662 ideo
1792 2607 1846 2663 in

259 2710 426 2765 opere
450 2695 837 2750 misericordiae
861 2694 977 2760 Dei,
1003 2695 1597 2765 prmponitpotentiam.
1616 2693 1845 2751 Omnem

258 2787 495 2857 gratiam
527 2787 655 2842 dicit
680 2787 795 2841 sive
818 2786 1030 2857 capiam
1063 2786 1299 2857 frugum,
1357 2786 1674 2858 fructusque
1718 2803 1845 2859 pro-

257 2889 512 2945 ventum,
571 2879 688 2935 sive
745 2894 939 2935 sensus
975 2879 1401 2945 abundantiam,
1457 2880 1845 2951 sapientiteque

259 2972 615 3026 intellectum.

329 3060 397 3117 Ut
425 3063 480 3116 in
503 3061 743 3116 omnibus
771 3078 975 3133 semper
997 3062 1358 3133 suﬁcientiam
1385 3063 1651 3118 habentes.
1677 3063 1757 3120 Ac
1796 3064 1839 3120 si

257 3155 483 3219 diceret,
505 3169 720 3209 omnem
748 3151 1123 3209 subicientium
1156 3161 1265 3209 tam
1290 3155 1648 3224 spiritualium
1679 3171 1845 3225 quam

1966 523 1986 556 σ
2032 513 2233 561 manet.
2260 505 2319 563 Si
2340 516 2521 565 autem
2546 518 2819 566 mortuum
2843 510 3028 578 fuerit,
3050 512 3279 568 multum
3304 513 3541 571 fructum

1964 615 1984 647 ‹
2029 595 2206 652 atl‘crt.
2262 597 2364 666 Qui
2396 608 2542 656 amat
2568 601 2807 657 animam
2861 618 3014 659 suam
3041 605 3234 675 perdet
3286 620 3442 672 eam,
3488 615 3544 662 ct

1964 706 1983 740 ‹
2023 689 2116 759 qui
2149 689 2265 745 odit
2289 689 2525 746 animam
2555 708 2709 748 suam
2762 694 2818 749 in
2846 695 2949 751 hoc
3001 697 3221 761 mundo,
3278 697 3334 751 in
3365 696 3539 753 vitam

1961 800 1981 834 ς
2022 791 2285 839 ceterum
2314 785 2551 840 custodit
2574 800 2717 841 eam.
2751 784 2810 842 Si
2836 787 2959 857 quis
2978 787 3109 844 mihi
3139 788 3417 845 ministrat
3448 804 3537 845 me

1962 891 1981 923 ι
2026 882 2304 944 sequatur,
2331 875 2491 930 etubi
2510 890 2629 930 sum
2656 890 2777 948 ego,
2802 875 2875 932 ibi
2890 884 2946 932 et
2971 878 3218 935 minister
3239 891 3390 935 meus
3403 877 3530 933 erit.

1958 980 1978 1012 ι
2016 962 2072 1018 Si
2096 965 2220 1034 quis
2240 965 2372 1021 mihi
2400 966 2811 1032 ministraverit,
2839 967 3219 1025 bonoriiicabit
3233 985 3356 1025 eum
3371 969 3536 1027 Pater

1958 1072 1979 1103 ε
2025 1070 2198 1121 meus,
2229 1055 2321 1126 qui
2349 1056 2403 1110 in
2430 1056 2584 1112 ecelis
2610 1065 2713 1112 est.
2761 1077 2782 1110 ι

2026 1144 2370 1208 Amen,amen
2425 1146 2542 1200 dico
2596 1147 2736 1202 vobis
2778 1160 2796 1198 :
2849 1130 2970 1203 Nisi
3014 1165 3238 1218 granum
3286 1149 3537 1219 frumenti

1952 1235 2143 1289 cadens
2164 1237 2218 1290 in
2240 1245 2437 1291 terram
2472 1247 2736 1291 mortuum
2776 1238 2973 1308 fuerit,
3011 1241 3181 1310 ipsum
3212 1239 3382 1294 solum
3422 1258 3536 1295 nta-

1952 1336 2054 1380 net.
2083 1324 2141 1380 Si
2169 1336 2342 1380 autem
2367 1340 2630 1383 mortuum
2675 1328 2867 1399 fuerit;
2909 1328 3133 1383 multant
3163 1328 3397 1400 fructum
3445 1331 3534 1399 af-

1951 1418 2071 1488 fert.
2118 1416 2191 1473 Se
2217 1428 2398 1474 autem
2429 1421 2645 1479 dicebat
2694 1422 2867 1492 ipsum
2914 1436 3039 1477 esse
3095 1421 3531 1479 mortiﬁcandum

1949 1515 2005 1562 ct
2063 1506 2547 1579 multiplicandum.
2619 1510 3050 1568 blortiiicandum
3107 1514 3163 1568 iu
3215 1513 3535 1570 inﬁdelitate

1949 1596 2301 1740 :udasorum,
2357 1601 2823 1673 multiplicandum
2895 1604 3000 1662 fide
3062 1607 3308 1663 omnium
3363 1621 3535 1678 popu-

1971 1703 2147 1740 0mm.

1971 1703 2147 1743 orum.

1879 1757 1925 1816 Β
2027 1779 2132 1847 Qui
2157 1793 2301 1838 amat
2327 1785 2560 1842 animant
2596 1805 2749 1843 suam
2784 1790 2961 1862 perdet
2989 1808 3125 1847 eam.
3150 1791 3302 1860 Quod
3324 1793 3535 1850 duobus

1953 1873 2127 1930 modis
2154 1873 2378 1948 intelligi
2404 1886 2602 1949 potest,
2650 1882 2743 1953 qui
2784 1890 2935 1938 amat
2977 1887 3198 1953 perdet,
3234 1885 3286 1939 id
3317 1893 3431 1953 est,
3486 1888 3531 1941 si

1951 1977 2104 2018 amas
2133 1965 2362 2034 perdes,
2390 1968 2435 2023 si
2465 1969 2618 2038 cupis
2664 1971 2831 2025 vitam
2860 1980 3046 2029 tenere
3067 1972 3123 2028 in
3146 1972 3385 2042 Christo,
3425 1975 3531 2030 noli
3584 1984 3593 2001 ‘

1951 2052 2145 2108 timere
2166 2056 2307 2110 mori
2330 2072 2432 2127 pro
2456 2056 2695 2114 Christo.
2724 2059 2860 2117 Item
2888 2060 2996 2119 alio
3043 2064 3225 2129 modo,
3254 2065 3346 2135 qni
3388 2074 3533 2120 autat

1951 2143 2185 2198 animam
2216 2162 2369 2201 suam
2391 2148 2570 2219 perdet
2597 2166 2712 2205 eam
2744 2166 2763 2203 :
2798 2152 2906 2208 noli
2937 2167 3123 2210 amare
3168 2154 3222 2210 in
3262 2155 3368 2213 bac
3398 2156 3531 2221 vita,

1951 2249 2019 2289 ne
2043 2235 2239 2304 perdas
2262 2237 2314 2293 in
2338 2247 2538 2295 :eterna
2562 2241 2691 2296 vita.

2022 2325 2090 2383 Et
2120 2330 2212 2401 qui
2258 2330 2366 2386 odit
2405 2333 2639 2389 animum
2672 2352 2825 2389 suam
2855 2337 2910 2392 in
2952 2337 3050 2393 hoc
3099 2338 3318 2405 mundo,
3349 2339 3404 2394 in
3429 2341 3533 2395 rita

1948 2430 2145 2476 aterna
2167 2422 2393 2477 custodit
2416 2441 2553 2479 eam.
2585 2425 2727 2497 Ergo
2761 2429 2907 2498 quod
2953 2444 3117 2500 supra
3160 2429 3364 2486 dictum
3408 2440 3530 2499 est,

1946 2512 2038 2581 qui
2066 2522 2211 2568 amat
2255 2513 2679 2587 subintelligitur
2704 2517 2760 2572 in
2788 2519 2893 2574 hoc
2918 2520 3139 2587 mundo,
3184 2518 3301 2590 ipse
3348 2520 3536 2593 itaque

1946 2603 2156 2674 perdet.
2188 2603 2291 2672 Qui
2318 2616 2500 2661 autem
2532 2607 2647 2686 odit
2682 2608 2872 2680 utique
2896 2609 2950 2665 in
2978 2610 3083 2666 hoc
3113 2611 3332 2677 mundo,
3364 2612 3420 2669 in
3453 2614 3534 2668 vi~

1947 2701 2001 2748 ta
2030 2703 2232 2749 aeterna
2262 2697 2501 2755 custodit
2527 2713 2668 2753 eam.
2701 2696 2894 2772 Magna
2942 2710 2997 2756 et
3027 2702 3167 2760 mira
3216 2703 3484 2761 sententia
3511 2704 3529 2757 !

1946 2786 2400 2856 quemadmodum
2437 2786 2675 2847 hominis
2720 2790 2775 2845 in
2806 2790 3043 2846 animam
3094 2808 3248 2848 suam
3295 2809 3451 2849 amor
3474 2802 3535 2848 ut

1945 2887 2154 2947 pereat,
2184 2879 2366 2935 odium
2386 2896 2453 2935 ne
2476 2882 2770 2951 percat?Si
2793 2883 2934 2939 male
2954 2885 3243 2952 amoveris,
3263 2893 3392 2941 tunc
3415 2886 3534 2941 odi-

1946 2973 2050 3035 sti,
2088 2971 2134 3027 si
2188 2972 2327 3029 bene
2370 2972 2585 3038 oderis,
2613 2980 2744 3029 tunc
2798 2974 3015 3030 amas'i.
3044 2974 3256 3031 Felices
3278 2975 3370 3046 qui
3398 2974 3532 3029 ode-

1946 3066 2075 3114 runt
2111 3062 2467 3116 custodiendo
2487 3103 2502 3128 ,
2532 3077 2599 3116 ne
2634 3063 2863 3134 perdant
2887 3063 2975 3118 hic
3000 3064 3252 3119 amando.
3282 3064 3382 3121 Hic
3413 3065 3531 3120 ani-

1948 3167 2050 3207 ma:
2071 3152 2289 3209 nomine
2313 3153 2419 3208 vita
2442 3168 2681 3224 pratscas
2713 3152 3030 3225 designatur
3051 3194 3067 3220 ,
3108 3153 3191 3208 vel
3223 3154 3388 3209 etiam
3418 3155 3520 3210 bn-

259 3246 424 3302 (tiam
450 3246 752 3301 carnalium
775 3245 924 3301 dabit
945 3246 1098 3301 vobis
1124 3245 1405 3314 Dominus,
1436 3257 1497 3303 ut
1525 3264 1687 3305 omne
1709 3265 1846 3321 epus
1939 3245 2032 3316 jus
2055 3246 2181 3302 vita:
2211 3245 2499 3301 delectatio
2526 3287 2541 3312 ,
2579 3262 2699 3316 qua:
2736 3247 3010 3318 perdenda
3039 3254 3145 3311 est,
3185 3254 3247 3301 ut
3300 3244 3532 3304 feliciter

257 3338 458 3392 bonum
484 3378 499 3402 ,
540 3337 653 3391 sive
690 3337 994 3392 devotionis
1045 3337 1099 3392 in
1138 3338 1507 3393 misericordia
1535 3380 1550 3404 ,
1589 3339 1702 3394 sive
1726 3356 1848 3393 cru-

257 3427 479 3483 ditionis
506 3428 559 3482 in
587 3427 855 3494 doctrina,
896 3428 1124 3497 implere
1161 3429 1381 3499 possitis
1426 3438 1605 3484 mente
1652 3430 1841 3485 libera.

332 3521 587 3592 Dispersit
617 3521 761 3576 dedit
805 3520 1157 3593 pauperibus,
1192 3522 1403 3592 justitia
1433 3523 1548 3593 ejus
1582 3534 1752 3578 manet
1790 3524 1844 3579 in

256 3614 508 3670 saxulum
574 3616 774 3671 sa'cui'i.
844 3616 900 3671 Id
955 3625 1079 3682 est,
1125 3617 1341 3685 divisit,
1380 3617 1529 3673 dedit
1565 3618 1841 3690 pluribus,

258 3704 380 3761 ideo
404 3724 509 3762 non
542 3708 668 3775 uni,
722 3708 815 3764 sed
862 3707 1138 3779 pluribus,
1171 3710 1295 3779 quia
1343 3707 1516 3778 majus
1561 3717 1645 3764 est
1671 3711 1845 3767 oratio

257 3799 550 3854 nniltorum
605 3817 767 3871 quam
802 3800 982 3855 unius.
1035 3800 1112 3855 De
1143 3800 1304 3857 rebus
1336 3800 1481 3855 enim
1534 3803 1845 3874 temporali-

257 3887 377 3954 bus,
397 3889 440 3944 si
459 3890 593 3945 bene
614 3888 1011 3960 dispensentur,
1032 3888 1459 3959 :eternajustitia
1474 3900 1841 3961 comparatur.

328 3980 434 4045 Qui
471 3992 645 4036 autem
670 3981 1006 4036 administrat
1029 3998 1202 4036 semen
1227 3983 1533 4049 seminanti,
1571 3993 1618 4037 et
1656 4000 1844 4054 panem

257 4072 327 4125 ad
352 4072 781 4127 manducandum
803 4113 818 4138 ,
865 4081 970 4127 etc.
1035 4073 1147 4128 Hoc
1174 4073 1319 4127 enim
1373 4073 1438 4128 de
1464 4072 1613 4127 verbi
1640 4074 1842 4128 semine

256 4162 463 4218 dictum
508 4163 561 4217 in
600 4171 787 4218 sancto
830 4163 1181 4234 intelligimus
1223 4163 1516 4235 Evangelio
1542 4206 1557 4229 ,
1600 4164 1691 4218 ubi
1736 4163 1843 4221 Do-

258 4253 437 4308 mintts
464 4268 739 4322 exponens
793 4253 1070 4323 discipulis
1102 4252 1419 4323 parabolam
1467 4255 1691 4310 seminis
1721 4256 1838 4310 ait:

256 4340 444 4397 Semen
473 4352 547 4396 est
592 4343 800 4397 verbum
832 4343 927 4397 Dei
974 4410 979 4413 _
1031 4345 1163 4411 (Luc
1180 4343 1320 4416 ml).
1344 4343 1423 4401 Ac
1450 4345 1494 4401 si
1522 4348 1842 4418 praedicato-

257 4433 410 4489 ribus
446 4433 736 4504 Apostolus
764 4434 969 4490 dicerct
1005 4452 1019 4489 :
1053 4434 1199 4492 Deus
1225 4436 1318 4507 qui
1347 4438 1503 4493 vobis
1535 4439 1677 4494 dedit
1722 4440 1838 4494 olii-
1864 4476 1916 4536 Β

252 4525 399 4579 cium
431 4524 677 4591 docendi,
727 4540 909 4580 eseam
955 4541 1062 4580 non
1093 4526 1366 4582 subtrahit
1390 4529 1655 4600 corporis.
1709 4530 1836 4587 Sive

255 4617 348 4687 qui
370 4616 523 4673 vobis
543 4617 901 4687 dispensando
927 4619 1116 4674 tribuit
1140 4620 1473 4687 facultatem,
1499 4638 1593 4677 vos
1616 4623 1836 4680 minime

255 4708 493 4778 patietur
521 4709 756 4765 esurire.

333 4798 396 4851 Et
421 4797 782 4871 multiplicauit
809 4818 983 4856 semen
1011 4811 1256 4856 vestrum.
1312 4803 1368 4857 Id
1391 4812 1498 4868 est,
1540 4818 1721 4858 rerum
1745 4820 1839 4860 vo-

258 4889 341 4944 bis
363 4901 710 4963 augmentum
746 4892 929 4960 faciet,
957 4893 1041 4949 vel
1069 4910 1379 4949 sermonum
1410 4912 1422 4949 :
1460 4895 1593 4949 Date
1618 4905 1665 4949 et
1689 4895 1839 4951 dabi-

260 4990 346 5033 tur
372 4980 530 5045 vobis,
557 4981 689 5037 dicit
713 4983 1102 5054 Dominus,qui
1129 4985 1276 5038 enim
1309 5001 1406 5056 pro
1432 4986 1545 5041 Deo
1567 4986 1680 5042 sive
1700 5002 1841 5057 prsc-

260 5073 541 5129 dicationis
561 5076 805 5141 verbum,
822 5076 934 5131 sive
961 5076 1351 5132 misericordiae
1378 5077 1586 5132 dederit
1613 5078 1843 5133 alimen-

260 5173 394 5229 tum,
418 5173 472 5219 et
500 5166 589 5220 hic
615 5174 669 5219 et
702 5166 754 5221 in
786 5165 965 5221 futuro
996 5167 1226 5237 accipiet
1253 5167 1382 5222 iilud
1406 5168 1837 5240 multiplicatum.

330 5254 399 5308 Et
447 5256 653 5327 augebit
680 5258 1001 5313 incrementa
1033 5258 1243 5329 frugum
1272 5259 1498 5329 justitia:
1525 5270 1724 5315 vestrm.
1757 5261 1845 5317 In-

259 5356 596 5403 erementum
628 5346 841 5419 frugum
863 5348 1088 5419 justitite
1120 5349 1266 5415 dicit,
1302 5351 1417 5407 sive
1444 5349 1726 5407 facultates
1755 5368 1827 5407 re-

260 5453 404 5503 rum,
435 5438 550 5492 sive
596 5439 900 5494 doctrinam
955 5455 1299 5509 sermonum,
1363 5442 1429 5498 de
1479 5442 1657 5514 fructu
1702 5445 1840 5500 enim

259 5525 520 5584 labiorum
549 5544 787 5595 suorum,
833 5532 909 5584 ait
947 5529 1227 5599 Salomon,
1268 5533 1553 5589 satiabitur
1609 5535 1837 5605 sapiens.

598 5637 933 5679 ILVANCELIUI
969 5639 1207 5689 JOANNIS,
1246 5640 1364 5680 ωτι.
1399 5642 1495 5681 XII.

353 5738 369 5770 ς
394 5722 757 5788 Atuenpancn
790 5718 909 5773 dico
936 5717 1088 5773 vobis
1128 5735 1139 5770 :
1168 5715 1279 5773 Nisi
1318 5735 1543 5792 granum
1584 5718 1839 5775 frumenti

1948 3338 2191 3393 invenias
2214 3338 2548 3394 voluntatem
2574 3349 2721 3395 tuam
2770 3340 2823 3394 in
2868 3355 3037 3412 regno
3061 3339 3185 3405 Dei,
3218 3355 3382 3412 quam
3428 3340 3534 3396 for-

1949 3428 2078 3483 titer
2116 3428 2295 3483 vicisti
2346 3429 2400 3483 iu
2442 3430 2547 3484 hoc
2591 3428 2807 3485 szeculo.
2858 3427 2993 3483 Nam
3040 3431 3215 3485 sancti
3266 3438 3536 3502 martyres

1945 3520 2069 3575 odio
2082 3520 2390 3577 habuerunt
2404 3521 2544 3576 banc
2565 3528 2888 3591 przesentem
2908 3521 3074 3577 vitam
3096 3537 3196 3594 pro
3211 3521 3414 3579 Christi
3436 3540 3533 3580 no-

1946 3612 2110 3679 mine,
2156 3612 2284 3668 dum
2333 3613 2505 3685 magis
2525 3613 2813 3669 voluerunt
2848 3614 2987 3670 bane
3009 3622 3333 3685 prarscntcm
3361 3615 3531 3670 vitam

1945 3702 2192 3773 perdere,
2225 3718 2388 3774 quam
2416 3703 2698 3760 Christum
2731 3720 2951 3777 negare.

2017 3794 2078 3851 Si
2105 3798 2223 3868 quis
2256 3797 2385 3852 mihi
2412 3798 2712 3865 ministrat,
2735 3814 2817 3852 me
2848 3808 3116 3869 sequatur.
3146 3798 3285 3867 Quid
3315 3806 3397 3855 cst
3441 3814 3531 3856 me

1946 3896 2247 3959 sequatur,
2287 3889 2392 3945 nisi
2432 3905 2520 3946 me
2558 3890 2835 3946 imitetur?
2882 3889 3190 3947 Ministmnt
3232 3906 3365 3962 ergo
3401 3890 3529 3949 Jcsu

1944 3980 2194 4047 Christo,
2233 3980 2327 4050 qui
2362 3996 2468 4035 non
2495 3996 2592 4035 sua
2620 3989 2891 4052 quterunt,
2940 3983 3035 4037 sed
3060 3997 3183 4051 qua:
3218 3980 3344 4038 Jesu
3371 3982 3532 4039 Chri-

1943 4071 2043 4133 sti,
2081 4069 2184 4125 hoe
2219 4071 2366 4125 enim
2404 4078 2507 4137 est,
2534 4086 2620 4127 me
2654 4080 2932 4142 sequatur.
2958 4072 3087 4128 Vias
3119 4073 3359 4128 ambulet
3380 4089 3532 4129 meas

1942 4173 2049 4212 non
2085 4173 2213 4213 suas
2238 4198 2254 4224 ,
2294 4158 2437 4215 sicut
2472 4158 2599 4213 alibi
2630 4160 2901 4230 scriptum
2934 4168 3056 4215 est:
3092 4160 3198 4227 Qui
3233 4178 3289 4216 se
3316 4161 3441 4217 dicit
3468 4165 3524 4217 iu

1940 4245 2149 4302 Christo
2202 4264 2446 4315 manere,
2483 4248 2633 4303 debet
2670 4248 2805 4303 sicut
2851 4247 2942 4304 ille
2985 4248 3273 4305 ambulavit
3322 4260 3370 4305 et
3418 4253 3528 4323 ipse

1941 4338 2212 4395 ambulare
2240 4338 2293 4409 (1
2331 4339 2497 4394 Joan.
2527 4338 2612 4411 ιι).
2663 4340 2842 4395 Etiam
2897 4341 2942 4396 si
2978 4341 3209 4413 porrigit
3259 4343 3522 4398 esurienti

1940 4445 2169 4502 panem,
2197 4432 2262 4487 de
2290 4430 2663 4487 misericordia
2710 4430 2891 4488 facere
2940 4432 3117 4496 debet,
3175 4449 3281 4489 non
3327 4435 3394 4490 de
3435 4433 3522 4505 ja-

1943 4522 2186 4589 ctantia,
2235 4538 2340 4578 non
2390 4522 2536 4578 aliud
2575 4538 2819 4595 quaerere
2878 4540 3040 4595 quam
3095 4539 3231 4596 opus
3281 4526 3524 4593 bonum,

1944 4617 2219 4671 nesciente
2257 4615 2474 4671 sinistra
2519 4616 2650 4686 quid
2692 4614 2858 4671 faciat
2903 4617 3123 4672 dextera
3174 4615 3392 4689 (Matth.
3420 4616 3522 4683 vi),

1944 4709 1998 4764 id
2042 4716 2147 4774 est,
2193 4714 2255 4763 ut
2292 4707 2620 4764 alienaretur
2670 4707 2900 4765 intentio
2926 4708 3238 4779 cupiditatis
3267 4709 3335 4766 ad
3357 4724 3523 4781 opera

1943 4801 2248 4858 charitatis.

2018 4891 2089 4947 Et
2124 4891 2215 4947 ubi
2240 4907 2331 4963 ego
2355 4908 2474 4947 sum
2492 4932 2507 4957 ,
2539 4891 2650 4946 illic
2672 4901 2721 4947 et
2746 4892 2985 4948 minister
3003 4911 3148 4950 meus
3171 4895 3289 4949 erit.
3321 4894 3526 4951 Merces

1946 4989 2032 5039 est
2076 4982 2281 5037 amoris
2325 4990 2382 5037 et
2414 4981 2652 5052 pretium
2707 4983 2889 5052 operis
2919 5024 2934 5048 ,
2999 4983 3051 5039 ei
3107 4984 3199 5054 qui
3251 4984 3527 5040 ministrat

1944 5072 2162 5128 Christo
2188 5113 2204 5138 ,
2244 5086 2365 5127 csse
2404 5085 2529 5127 cum
2590 5070 2808 5127 Christo
2835 5112 2850 5138 ,
2904 5081 2961 5128 et
3019 5088 3182 5145 quem
3243 5072 3479 5130 fructum
3505 5115 3523 5140 ,

1943 5181 2105 5236 quam
2143 5164 2490 5230 mercedem,
2553 5163 2696 5233 quo‘d
2747 5164 3026 5233 prmmium
3082 5163 3158 5219 illi
3218 5165 3519 5235 promittat,

1945 5256 2251 5312 audiamus.

2020 5346 2083 5404 Si
2103 5347 2221 5419 quis
2246 5347 2375 5400 mihi
2408 5345 2781 5401 ministraverit
2810 5387 2827 5412 ,
2869 5344 3240 5415 honoriﬁcabit
3278 5360 3396 5399 eum
3419 5343 3528 5401 Ρι-

1947 5450 2027 5495 ter
2053 5456 2220 5505 meus,
2251 5441 2343 5510 qui
2379 5447 2456 5493 est
2487 5438 2546 5493 in
2589 5439 2751 5493 ratiis.
2793 5438 2912 5507 Quo
2937 5440 3165 5503 honore,
3199 5438 3302 5493 nisi
3347 5447 3409 5492 ut
3450 5436 3529 5493 sit

1948 5529 2208 5587 cumFilio
2232 5531 2385 5601 ejus?
2411 5530 2555 5601 quod
2580 5530 2723 5585 enim
2753 5530 3004 5601 superius
3023 5530 3126 5583 ait:
3153 5525 3253 5582 Ubi
3274 5544 3366 5599 ego
3381 5544 3521 5593 sunt,

1948 5625 2058 5680 illic
2079 5634 2129 5679 et
2156 5626 2396 5679 minister
2412 5639 2558 5677 meus
2592 5624 2710 5687 erit,
2740 5623 2844 5677 hoc
2873 5621 3188 5692 intelligitur
3208 5621 3523 5689 exposuimus

1949 5732 2071 5772 cum
2096 5715 2247 5783 dicit,
2274 5712 2661 5771 llonoritlcabit
2682 5727 2805 5767 cum
2832 5712 2990 5768 Pater
3034 5725 3207 5766 meus.
3236 5710 3522 5781 Nunquam
