3952 6430
445 271 551 326 459

1760 258 2114 317 SMARAGDI
2149 259 2446 318 ABBATIS

3602 256 3716 311 M0

444 380 709 452 majorem
748 382 1004 436 honorem
1028 377 1275 449 accipere
1301 376 1498 448 poterit
1524 375 1832 446 adoptatus,
1855 389 2016 444 quam
2046 377 2094 436 Α
2120 381 2241 430 ctus
2286 372 2422 445 legis
2464 381 2726 428 aeternam
2763 370 2977 428 confert
3023 369 3270 425 salutem.
3332 369 3438 425 Sed
3469 386 3577 427 non
3635 387 3704 426 es

444 482 506 529 ut
535 472 608 529 sit
630 473 720 526 ubi
749 479 835 525 est
862 469 1082 533 unicus,
1111 484 1219 522 non
1241 466 1467 539 aequalis
1500 466 1676 525 factus
1720 465 2020 531 divinitati,

444 563 542 622 sed
564 561 851 620 consocius
877 558 1187 613 :eternitati.

562 669 985 728 HEBDOMADA
1017 668 1135 725 XIII
1171 669 1348 751 POST
1383 667 1904 727 PEN‘I‘ECOSTEN.

523 780 719 822 ιεετιο
754 778 914 820 ann
951 778 1109 820 rsum
1147 754 1406 820 aros'rou
1445 780 1514 820 an
1549 778 1810 820 contrita.
1862 776 1927 830 ιι,

1110 849 1231 890 εΑι».
1272 850 1355 890 Ill.

516 944 536 979 ι
581 925 863 982 Fiduciam
880 925 1038 981 talem
1061 926 1322 982 habemus
1345 941 1440 996 per
1456 924 1728 982 Christum
1746 926 1814 981 ad
1828 925 2022 992 Deum,

445 1036 464 1068 ι
511 1033 619 1072 non
649 1017 795 1088 quod
815 1017 1143 1073 sufﬁcientes
1167 1019 1339 1073 simus
1364 1018 1602 1089 cogitare
1631 1017 1833 1087 aliquid
1858 1033 1889 1072 a
1927 1032 2026 1073 no-

447 1128 466 1161 ι
509 1109 617 1174 bis,
643 1110 797 1179 quasi
824 1125 889 1165 ex
915 1110 1095 1174 nobis,
1122 1108 1216 1165 sed
1239 1108 1560 1164 sufﬁcientia
1588 1117 1772 1164 nostra
1802 1122 1870 1164 ex
1913 1108 2025 1164 Deo

447 1219 466 1249 ι
510 1209 616 1255 εει.
671 1201 772 1268 Qui
802 1210 856 1256 et
886 1202 1110 1256 idoneos
1149 1216 1248 1257 nos
1277 1199 1408 1256 fecit
1455 1202 1739 1258 ministros
1766 1202 1901 1257 Novi
1923 1202 2027 1258 Τε-

445 1316 463 1342 .
507 1294 783 1359 stamenti,
813 1309 917 1348 non
955 1294 1137 1349 littera
1163 1294 1256 1349 sed
1288 1294 1501 1365 spiritu.
1533 1294 1744 1350 Littera
1767 1295 1911 1349 enim
1936 1310 2027 1351 oc-

442 1404 460 1434 c
503 1384 656 1447 cidit,
681 1384 906 1455 spiritus
937 1394 1117 1440 autem
1140 1385 1402 1441 vivificat.
1437 1384 1593 1452 Quod
1619 1386 1663 1440 si
1690 1385 2023 1443 ministratio

441 1492 459 1524 ι
505 1473 697 1529 mortis
717 1473 911 1529 litteris
938 1474 1237 1530 deformata
1255 1476 1311 1530 in
1337 1474 1604 1545 lapidibus
1630 1473 1732 1529 fuit
1755 1476 1809 1530 in
1826 1475 2021 1547 gloria,

442 1588 460 1615 η
506 1566 582 1621 ita
608 1576 667 1622 ut
697 1582 803 1621 non
833 1576 1053 1639 possent
1102 1568 1197 1622 filii
1233 1567 1396 1623 Israel
1438 1568 1719 1624 intendere
1744 1568 1799 1623 in
1827 1567 2023 1623 faciem

440 1674 459 1706 ι
508 1655 660 1722 Μοεί,
690 1666 910 1728 propter
938 1657 1163 1729 gloriam
1189 1658 1371 1712 vultus
1412 1658 1531 1728 ejus
1554 1672 1676 1728 quae
1702 1668 2017 1723 evacuatur,

2126 470 2240 517 toto
2251 462 2658 533 Scripturarum
2679 470 2831 517 textu
2851 459 3175 532 generaliter
3202 460 3576 532 accipiendum
3596 472 3705 528 est,

2124 566 2250 606 nam
2288 558 2414 606 sunt
2466 550 2646 621 aliqua
2688 565 2809 620 qua:
2838 565 2983 604 nunc
3006 548 3303 603 secundum
3348 548 3588 604 historia:
3610 565 3703 602 or-

2124 640 2305 696 dinem
2335 642 2531 697 debent
2557 641 2846 706 custodiri,
2888 648 2949 695 ut
2975 647 3059 696 est
3106 639 3236 696 illud
3264 656 3279 693 :
3318 640 3480 704 Audi,
3507 639 3706 707 Israel,

2123 730 2381 786 Dominus
2407 730 2548 786 Deus
2577 740 2697 786 tuus
2730 730 2873 785 Deus
2905 746 3041 786 unus
3089 740 3166 784 est
3198 726 3379 786 (Deut.
3406 731 3505 803 vi),
3532 739 3591 786 et
3633 731 3696 786 si-

2123 820 2273 877 milia
2301 821 2450 877 talia.
3719 829 3747 905 ι

2195 914 2349 983 Quod
2368 916 2417 970 si
2445 914 2760 969 ministratio
2802 911 2983 967 mortis
3010 910 3197 966 litteris
3223 909 3520 983 deformata
3544 914 3596 968 in
3621 912 3704 968 ια-

2122 1006 2330 1077 pidibus
2351 1007 2451 1078 fuit
2469 1008 2525 1061 in
2543 1006 2733 1078 gloria.
2749 1006 2806 1061 Id
2825 1015 2931 1068 est,
2945 1004 3088 1059 silex
3107 1006 3247 1075 apud
3266 1005 3520 1077 antiquos
3538 1008 3704 1061 dabat

2123 1106 2444 1169 przesentcm
2473 1099 2720 1170 gloriam,
2751 1099 2815 1153 iis
2836 1098 2930 1168 qui
2972 1113 3094 1153 eam
3124 1099 3421 1154 secundum
3464 1099 3699 1154 litteram

2123 1190 2506 1259 sequebantur,
2531 1198 2735 1260 quanto
2774 1189 2947 1260 magis
2988 1204 3083 1244 eos
3123 1204 3267 1244 nunc
3301 1187 3584 1260 glorificat,
3603 1191 3699 1259 qui

2122 1297 2242 1338 eam
2273 1283 2630 1353 spiritualiter
2673 1290 3066 1352 exsequuntur.

2194 1371 2283 1426 Ita
2316 1381 2373 1426 ut
2394 1388 2499 1426 non
2520 1373 2719 1442 possint
2746 1370 2865 1440 ﬁlii,
2899 1378 3005 1426 etc.
3086 1368 3225 1437 Quia
3255 1369 3479 1426 visibilis
3505 1385 3671 1426 carna

2121 1462 2253 1518 lium
2269 1479 2496 1534 operum
2519 1462 2691 1534 gloria
2716 1469 3028 1525 evacuatur,
3050 1476 3149 1532 per
3171 1458 3500 1532 spiritualem
3524 1459 3705 1515 Evan-

2121 1555 2246 1627 gelii
2285 1554 2535 1625 gloriam,
2566 1553 2660 1609 sed
2700 1553 2775 1608 ita
2795 1560 3110 1619 evacuatur,
3150 1559 3210 1606 ut
3232 1553 3286 1607 in
3316 1551 3507 1607 melius
3535 1567 3700 1607 sensu

2122 1645 2381 1701 interiore
2438 1646 2731 1716 proficiat,
2781 1645 2923 1699 sicut
2974 1643 3200 1699 infantia
3252 1659 3351 1715 per
3390 1643 3701 1700 adolemu-

439 1766 457 1796 ι
501 1722 1140 1822 quomodo-non'magis
1168 1722 1500 1806 ministratio
1546 1722 1772 1822 spiritus
1810 1751 1916 1807 erit
1963 1722 2019 1806 in

2129 1738 2260 1791 tiam
2314 1744 2593 1791 senectute
2645 1745 2959 1801 evacuatur,
3003 1735 3145 1790 sicut
3188 1744 3245 1789 et
3268 1751 3452 1791 semen
3493 1737 3546 1791 in
3589 1735 3701 1793 fm-

438 1856 457 1885 ι
504 1836 670 1908 gloria
695 1838 718 1892 ?
762 1836 896 1892 Nam
924 1840 970 1893 si
1001 1839 1327 1894 ministratio
1342 1839 1709 1897 damnationis
1732 1840 2018 1911 gloriaest,

435 1949 454 1978 ε
501 1928 671 1983 multo
725 1930 899 2001 magis
966 1929 1212 1985 abundat
1260 1929 1624 1986 ministerium
1678 1929 1909 2000 iustitia:
1961 1930 2017 1986 in

439 2038 457 2068 ι
503 2019 698 2090 gloria.
746 2038 767 2073 ι
1142 2092 1147 2096 1

502 2106 785 2163 Fiduciam
819 2110 977 2164 talem
1005 2109 1255 2164 habemus
1282 2125 1376 2179 per
1412 2106 1678 2164 Christum
1714 2108 1785 2163 ad
1825 2108 2016 2165 Deum.

429 2198 509 2254 Ac
545 2199 591 2254 si
637 2198 844 2255 diceret
887 2198 977 2254 illa
1021 2199 1218 2255 fiducia
1253 2198 1683 2271 inexpugnabilis
1732 2206 1856 2273 est,
1902 2214 2021 2268 quae

428 2305 536 2344 non
563 2304 629 2345 ex
656 2289 836 2358 nobis,
871 2291 964 2347 sed
1002 2306 1070 2346 ex
1093 2290 1312 2346 Christo
1338 2300 1441 2355 est,
1478 2305 1583 2360 qua
1619 2304 1716 2345 nos
1736 2305 1833 2360 per
1860 2290 2019 2345 fidem

432 2387 673 2457 nostram
698 2380 868 2452 gratia
894 2381 1070 2452 magis
1098 2396 1260 2452 quam
1291 2379 1533 2450 Epistula
1581 2379 1817 2436 humana
1867 2394 2020 2434 com-

434 2471 675 2525 mendat.

506 2561 629 2616 Non
654 2562 795 2634 quod
816 2562 1123 2633 suﬂicicntes
1147 2562 1311 2617 simus
1332 2561 1561 2632 cogitare
1576 2560 1780 2633 aliquid
1793 2580 1825 2616 a
1847 2563 2018 2617 nobis.

428 2653 487 2709 Id
512 2661 616 2720 est,
667 2654 801 2708 nihil
852 2664 1037 2708 nostra
1080 2653 1344 2723 sapientia
1398 2652 1486 2708 vel
1526 2653 1726 2707 virtute
1762 2652 1815 2707 in
1855 2668 2019 2707 causa

430 2758 626 2803 vestra:
648 2747 841 2804 salutis
867 2763 1177 2819 operantur.
1225 2746 1352 2801 Vult
1380 2745 1527 2801 enim
1569 2745 1858 2800 ostendere
1885 2745 2021 2800 nihil

426 2854 487 2893 se
525 2854 626 2893 suo
650 2853 813 2893 sensu
835 2854 898 2892 ac
924 2836 1280 2907 possibilitate
1310 2834 1363 2889 in
1388 2834 1660 2889 salvandis
1673 2836 1923 2904 gentibus
1936 2834 2021 2889 vel

427 2930 671 3003 cogitare
715 2927 801 2984 vel
842 2926 1038 2992 facere,
1087 2943 1209 2983 cum
1240 2926 1424 2996 utique
1443 2925 1603 2996 pauci
1628 2925 1900 2991 homines,
1921 2926 2022 2980 bu-

426 3023 608 3089 miles,
640 3021 900 3093 imperiti,
928 3029 983 3076 et
1017 3035 1156 3091 pene
1182 3019 1388 3078 rustici.
1407 3018 1526 3073 sine
1548 3016 1644 3072 Dei
1669 3018 1843 3090 gratia
1878 3034 2020 3073 nun-

2122 1836 2290 1883 ctum.
2328 1826 2518 1881 Melior
2562 1827 2781 1896 quidem
2820 1825 3027 1881 fructus
3045 1826 3274 1895 semine,
3304 1827 3399 1881 sed
3425 1842 3699 1896 nunquam

2122 1917 2239 1973 sine
2261 1917 2470 1972 semine
2492 1916 2700 1972 fructus
2724 1918 2991 1990 exsurgit,
3035 1925 3093 1972 ct
3117 1932 3223 1972 non
3255 1916 3416 1986 perit,
3448 1918 3542 1972 sed
3568 1917 3702 1971 mul-

2123 2008 2401 2079 tiplicatur
2455 2024 2642 2065 semen
2690 2009 2746 2064 in
2801 2008 3001 2064 fructu.
3086 2006 3179 2063 Sic
3226 2022 3357 2079 ergo
3407 2016 3702 2062 evacuatur

2121 2107 2183 2154 ut
2202 2098 2473 2165 dilatetur,
2522 2100 2664 2155 sicut
2711 2100 2827 2169 ipse
2872 2099 3036 2154 dicit:
3090 2097 3221 2153 Cum
3265 2108 3441 2153 autem
3480 2099 3699 2162 venerit,

2118 2190 2259 2262 quod
2279 2191 2564 2262 perfectum
2594 2200 2691 2258 est,
2728 2190 3065 2246 evacuabitur
3088 2189 3228 2261 quod
3273 2205 3339 2243 ex
3374 2199 3525 2261 parte
3548 2200 3621 2245 est
3645 2190 3696 2262 (ι

2121 2281 2246 2338 Cor.
2269 2280 2413 2352 xm).
2648 2279 2658 2289 ’

2193 2373 2469 2441 Quomodo
2493 2392 2597 2431 non
2643 2375 2833 2447 magis,
2858 2383 2961 2431 etc.
3012 2374 3070 2431 Id
3094 2381 3179 2430 est
3207 2383 3415 2441 nostra,
3449 2389 3569 2446 qua:
3592 2390 3698 2431 non

2118 2478 2433 2537 evacuatur,
2462 2470 2589 2540 quia
2618 2468 2858 2541 perfecta
2878 2478 2985 2526 est.

2193 2562 2337 2618 Nam
2355 2563 2403 2618 si
2421 2564 2739 2619 ministratio
2758 2562 3112 2617 damnatioms
3139 2562 3413 2633 gloriaest.
3438 2561 3702 2633 Superius

2121 2653 2256 2731 legis
2281 2653 2761 2721 ministrationem,
2799 2668 2944 2709 nunc
2993 2653 3447 2708 ministrationem
3476 2652 3701 2707 damna»

2124 2749 2285 2804 tionis
2306 2748 2538 2804 vocavit.
2584 2747 2710 2803 Ι]εο
2736 2745 3065 2801 ministratio
3090 2745 3302 2811 mortis,
3322 2744 3449 2816 quia
3474 2744 3588 2800 sola
3604 2758 3701 2812 per

2120 2852 2182 2894 se
2209 2854 2316 2893 non
2370 2838 2641 2893 liberabat
2679 2853 2712 2893 a
2761 2846 2959 2893 morte.
3010 2836 3136 2892 Ideo
3171 2836 3337 2892 etiam
3375 2835 3703 2889 ministratio

2121 2930 2502 2996 damnationis,
2534 2929 2660 2999 quia
2688 2944 2810 2986 reos
2842 2930 2960 2985 sine
2981 2928 3090 2984 ullo
3117 2927 3445 2998 poenitentiae
3464 2927 3702 2982 remedio

2122 3023 2377 3095 prmsenti
2414 3022 2699 3078 addicebat
2718 3022 2905 3077 exitio.

427 3131 589 3186 quam
620 3076 931 3171 universum
981 3076 1239 3169 niundum
1269 3111 1479 3166 salvare
1521 3076 1844 3180 potuissent.
1893 3111 2019 3167 Ideo
2044 3076 2090 3140 C
2122 3076 2149 3095 τ
2196 3114 2366 3169 Multo
2392 3114 2559 3186 magis
2589 3113 2814 3168 abundet
2848 3112 3192 3167 ministerium
3226 3109 3454 3181 justitiw
3482 3109 3538 3165 in
3588 3106 3702 3179 glo-

429 3216 612 3275 autcm
636 3207 739 3262 hoc
770 3203 1054 3275 prtemisit,
1091 3203 1217 3272 quia
1240 3201 1484 3257 dicturus
1506 3209 1645 3266 erat,
1675 3207 1826 3255 tanto
1846 3200 2022 3270 majus
2121 3209 2223 3262 ria.
2270 3207 2517 3263 Abundat
2545 3220 2674 3261 vere
2702 3206 2755 3260 in
2777 3204 3025 3276 gloriam,
3056 3204 3107 3257 id
3136 3211 3224 3258 es;
3247 3211 3537 3266 mmmam,
3575 3198 3705 3269 quia

428 3314 489 3353 se
517 3296 881 3353 ministerium
908 3294 1231 3366 suscepisse,
1263 3308 1426 3363 quam
1454 3290 1660 3357 Mosen,
1685 3298 1888 3362 quanto
1912 3307 2022 3347 ma—
2113 3297 2326 3369 iustitia
2376 3297 2547 3369 gratis
2596 3296 2713 3352 sine
2739 3295 2989 3367 legalium
3016 3301 3408 3364 prmceptomm
3446 3292 3703 3347 observa-

429 3391 519 3461 jus
537 3399 620 3447 est
641 3388 847 3445 Novum
880 3389 1286 3444 Testamentum
1324 3400 1353 3439 a
1380 3385 1517 3457 lege,
1564 3401 1685 3455 qua:
1729 3385 2018 3440 abscondi-
2125 3389 2270 3445 tione
2290 3387 2576 3459 justifieat.

428 3493 542 3538 tum
570 3483 626 3538 in
654 3497 714 3536 se
740 3479 1017 3535 Christum
1044 3475 1314 3547 mysteriis
1347 3475 1670 3529 adumbrata
1720 3474 2016 3530 retinebat.

2496 3493 2834 3535 EVANGEIJUI
2872 3492 3055 3541 HABCI,
3081 3490 3201 3531 CAP.
3227 3489 3325 3529 νιι.

428 3572 547 3629 Νοιι
577 3571 719 3643 quod
739 3570 944 3640 aliquid
973 3567 1072 3628 sibi
1102 3574 1347 3635 arroget,
1391 3564 1486 3619 sed
1512 3572 1574 3635 ut
1599 3579 1698 3635 per
1718 3565 2019 3621 doctrinam
2194 3589 2217 3623 ι
2260 3570 2462 3626 Exiens
2485 3567 2644 3625 Jesus
2672 3570 2738 3625 de
2766 3568 2962 3622 finibus
2989 3564 3301 3637 Tyri,venit
3321 3578 3417 3635 per
3440 3561 3701 3618 Sidonem

427 3680 604 3730 suam,
631 3678 753 3734 qua:
777 3663 830 3717 in
854 3660 1071 3717 Christo
1088 3666 1192 3724 est,
1228 3656 1442 3712 facilius
1455 3671 1549 3712 eos
1575 3672 1607 3711 a
1625 3655 1776 3712 falsis
1808 3665 2022 3727 aposto-
2125 3682 2143 3713 ι
2191 3662 2258 3718 ad
2288 3676 2439 3716 mare
2466 3659 2701 3717 Galilaeze
2722 3659 2865 3713 inter
2880 3658 3087 3713 medios
3117 3656 3254 3712 fines
3271 3654 3705 3725 Decapoleos.Et

427 3754 497 3810 lis
522 3761 760 3810 revocet.

501 3844 607 3912 Qui
644 3844 862 3899 idoneos
898 3858 994 3896 nos
1038 3840 1159 3912 fecit
1187 3838 1454 3895 ministros
1505 3836 1646 3893 Novi
1680 3836 1722 3891 Τ
1722 3840 2015 3893 estamenti.

429 3937 489 3993 Id
524 3947 632 4004 est,
655 3936 724 3991 ad
745 3935 1077 4007 implendum
1103 3932 1439 4005 apostolatus
1478 3932 1733 3986 ollicium.

501 4028 625 4085 Non
652 4027 848 4094 littera,
878 4027 969 4082 sed
993 4026 1204 4099 spiritu.
1249 4024 1304 4081 Id
1329 4031 1435 4090 est,
1462 4039 1576 4092 non.
1595 4022 1833 4080 carnalis
1860 4023 2017 4096 legis,

428 4121 523 4179 sed
546 4120 910 4193 spiritualium
939 4127 1352 4191 praeceptorum.

502 4212 702 4269 Littera
732 4213 872 4268 enim
900 4211 1110 4266 occidit.
1140 4208 1239 4283 (Ex
1284 4208 1540 4283 August.)
1581 4208 1684 4266 Ubi
1711 4218 1816 4276 est,
1847 4225 2017 4277 mors,

427 4304 706 4360 contentio
730 4311 843 4370 tua,
895 4302 987 4358 ubi
1033 4309 1119 4358 est
1143 4300 1364 4358 aculeus
1392 4300 1564 4357 tuus?
1610 4300 1850 4372 Exponit
1893 4316 2021 4356 acu-

2125 3772 2144 3805 ι
2190 3752 2464 3808 adducunt
2489 3751 2540 3808 ei
2571 3750 2793 3807 surdum
2822 3757 2883 3805 et
2918 3756 3150 3815 mutum,
3178 3756 3233 3803 et
3272 3744 3706 3818 deprecabantur

2124 3864 2143 3895 ι
2188 3858 2333 3910 eum,
2366 3852 2428 3900 ut
2464 3842 2705 3914 imponat
2739 3840 2818 3896 illi
2866 3832 3107 3895 manuni.
3175 3840 3243 3901 Et
3293 3836 3705 3909 apprehendens

2124 3954 2143 3987 ι
2188 3951 2312 3992 eum
2343 3935 2411 3992 de
2437 3935 2594 3990 turba
2624 3948 2870 3989 seorsum
2895 3932 3044 3986 misit
3071 3931 3268 4003 digitos
3318 3946 3445 3987 suos
3472 3929 3529 3984 in
3558 3930 3704 3985 auri-

2124 4046 2143 4080 ι
2190 4028 2343 4083 cuias
2368 4026 2506 4096 ejus,
2522 4034 2577 4080 et
2595 4039 2867 4095 exspuens
2896 4022 3075 4092 tetigit
3098 4023 3338 4092 linguam
3359 4019 3495 4092 ejus.
3524 4021 3591 4077 Et
3613 4039 3703 4077 su-

2126 4137 2144 4170 ι
2179 4118 2428 4190 spiciens
2456 4117 2509 4172 in
2537 4116 2735 4172 coelum
2764 4113 3047 4185 ingemuit,
3069 4122 3125 4169 et
3147 4114 3226 4167 ait
3253 4112 3329 4168 illi
3360 4132 3373 4168 :
3399 4114 3699 4186 Ephphcta,

2126 4229 2144 4260 ι
2187 4208 2333 4280 quod
2367 4216 2452 4265 est
2485 4207 2789 4278 adaperire.
2830 4205 2899 4260 Et
2934 4203 3117 4260 statim
3148 4210 3349 4274 aperta:
3378 4211 3507 4260 sunt
3545 4219 3702 4259 aures

2125 4318 2144 4352 ι
2190 4297 2331 4370 ejus,
2356 4307 2414 4358 et
2446 4300 2682 4357 solutum
2708 4306 2791 4355 est
2821 4296 3095 4354 vinculum
3125 4295 3320 4366 lingua:
3347 4294 3486 4364 ejus,
3521 4304 3578 4352 et
3625 4296 3701 4351 lo-

428 4396 572 4452 leum
598 4415 611 4452 :
653 4396 911 4464 Aculeus,
962 4395 1160 4465 inquit,
1197 4394 1388 4450 mortis
1409 4403 1716 4465 peccatum,
1744 4405 1802 4450 et
1824 4394 2018 4465 adjun-
2042 4430 2097 4491 Β
2128 4409 2147 4442 ι
2193 4392 2461 4491 quebatur
2490 4400 2657 4447 recte.
3094 4388 3201 4443 illis
3229 4402 3298 4442 ne
3320 4387 3406 4442 cui
3432 4387 3696 4491 dicerent.

426 4490 504 4559 git
526 4506 641 4546 rem
673 4490 999 4554 mirabilem,
1029 4488 1202 4545 virtus
1215 4489 1422 4558 peccati
1444 4488 1548 4553 lex,
1566 4496 1848 4559 peccatum
1870 4488 2016 4542 enim

427 4582 712 4637 ardentius
737 4584 1032 4647 excitatur,
1054 4584 1273 4652 quando
1295 4584 1634 4653 prohibetur,
1655 4583 1751 4639 sed
1766 4583 1811 4639 si
1834 4582 2017 4638 littera

427 4675 590 4741 adsit,
642 4674 818 4746 gratia
844 4673 1007 4729 desit.
1032 4673 1144 4730 Lex
1171 4674 1352 4730 littera
1386 4683 1490 4742 est,
1508 4691 1639 4731 ecce
1658 4674 1868 4747 legem:
1899 4673 2015 4729 Non

428 4767 805 4838 concupisces,
852 4782 953 4838 ego
986 4767 1129 4833 dico,
1175 4767 1301 4837 quia
1354 4767 1460 4823 nisi
1488 4776 1540 4824 te
1575 4766 1793 4838 adjuvet
1843 4767 2016 4837 gratia

428 4858 712 4914 ardentius
763 4858 1137 4928 concupisces,
1192 4859 1296 4915 hoc
1328 4867 1437 4926 est,
1476 4858 1621 4931 quod
1666 4858 1870 4914 dictum
1908 4866 2017 4921 est,

428 4950 610 5003 iittera
635 4948 855 5004 occidit.
909 4948 1017 5022 (Ea:
1038 4948 1294 5021 Primos.)
1345 4948 1404 5006 Si
1433 4951 1501 5006 ad
1527 4947 1862 5021 prmteritum
1885 4946 2020 5017 legis

431 5055 647 5114 tempus
678 5043 936 5114 aspicias,
969 5051 1079 5099 tum
1106 5044 1287 5100 littera
1310 5044 1597 5101 occidebat
1630 5040 2008 5112 pmvaricato

433 5150 544 5203 res,
575 5136 622 5192 si
651 5144 747 5190 aut
795 5134 1032 5192 Sabbata
1063 5153 1173 5193 non
1196 5138 1605 5199 observassent,
1652 5139 1748 5186 aut
1772 5130 2019 5188 carnales

431 5228 681 5287 victimas
737 5244 847 5286 non
897 5231 1237 5287 obtulissent.
1314 5228 1469 5282 Nunc
1514 5240 1648 5280 vero
1684 5224 1760 5279 ita
1796 5225 2017 5292 occidit,

431 5320 479 5377 si
526 5320 778 5379 carnales
815 5321 1156 5378 caeremonia:
1187 5320 1244 5374 in
1285 5313 1575 5372 oﬂ‘eréndis
1618 5308 1794 5370 'tauris
1846 5322 1903 5370 et
1941 5315 2022 5369 vi-

432 5414 563 5469 tulis
620 5412 1039 5475 custodiantur,
1096 5424 1232 5479 quas
1304 5403 1615 5461 observatio
1677 5405 1865 5474 gratia:
1903 5402 2021 5472 jam

436 5508 670 5563 removit
699 5546 716 5573 ,
768 5521 894 5577 qua:
938 5503 1128 5570 utique
1187 5510 1334 5552 nunc
1380 5494 1427 5550 si
1466 5494 1823 5549 observentur
1870 5495 2019 5551 occi-

437 5600 588 5654 dunt.

412 5684 419 5685 ί
508 5690 737 5760 Spiritus
759 5696 936 5744 autem
963 5681 1203 5750 viri/ient.
1245 5678 1301 5735 Id
1333 5686 1433 5746 est,
1484 5674 1781 5750 spiritualis
1815 5678 2022 5735 intclle~

2127 4501 2148 4534 ι
2190 4482 2404 4550 Quanto
2452 4490 2635 4537 autem
2677 4481 2758 4537 eis
2795 4479 3166 4551 prmcipiebat,
3202 4487 3351 4535 tanto
3379 4478 3553 4550 magis
3582 4479 3701 4549 plus

2127 4589 2147 4623 ι
2192 4572 2583 4644 prmdicabant,
2622 4579 2679 4625 et
2703 4585 2769 4625 eo
2798 4569 3029 4639 amplius
3082 4569 3491 4624 admirabantur
3517 4569 3702 4623 dicen—

2127 4682 2145 4713 ι
2195 4671 2276 4717 tes
2309 4681 2322 4716 :
2382 4661 2529 4717 Bene
2556 4660 2738 4717 omnia
2767 4660 2916 4727 fecit,
2969 4668 3025 4716 et
3051 4660 3245 4717 surdos
3273 4660 3402 4716 fecit
3423 4660 3610 4716 audire
3645 4669 3703 4716 et

2127 4772 2147 4805 ι
2194 4762 2372 4807 mutos
2399 4752 2566 4823 loqui.
2607 4772 2625 4805 ι

2192 4847 2390 4901 Exiens
2416 4846 2524 4902 les:
2546 4864 2571 4900 s
2591 4845 2655 4900 de
2680 4844 2873 4915 ﬁnibus
2901 4844 3047 4916 Tyri,
3076 4845 3207 4901 venit
3237 4862 3331 4918 per
3360 4844 3607 4901 Sidonem
3628 4844 3701 4898 ad

2120 4956 2265 4994 mare
2279 4937 2516 4995 Galilwa:
2538 4939 2674 4993 inter
2686 4938 2881 4992 medios
2892 4936 3023 5007 ﬁnes
3040 4936 3356 5008 Decapoleos
3395 4936 3493 5007 (Ex
3512 4936 3698 5006 Beda.)

2121 5030 2406 5099 Decapolis
2426 5036 2530 5095 est,
2584 5036 2646 5083 ut
2671 5028 2787 5098 ipso
2821 5029 3040 5084 nomine
3066 5030 3281 5100 probat,
3316 5028 3464 5097 regio
3510 5027 3699 5082 decem

2117 5122 2332 5177 urbium
2372 5130 2522 5176 trans
2557 5118 2846 5177 Jordanem
2887 5121 2956 5175 ad
2990 5120 3264 5177 Orientem
3301 5161 3319 5186 ,
3376 5120 3521 5176 circa
3570 5120 3702 5191 Ilip-

2120 5228 2272 5282 pum,
2304 5221 2361 5267 et
2383 5211 2605 5277 Pellam,
2621 5220 2675 5269 et
2699 5211 2991 5277 Gadaram,
3007 5219 3194 5267 contra
3221 5210 3701 5279 Cal.l:eam.-Quod

2120 5319 2253 5374 ergo
2282 5303 2498 5371 dicitur,
2532 5304 2658 5375 quia
2683 5303 2944 5358 Dominus
2969 5302 3113 5358 venit
3163 5303 3230 5358 ad
3263 5319 3411 5359 mare
3443 5302 3700 5370 Galilaae,

2123 5395 2267 5450 inter
2296 5396 2500 5452 medios
2530 5395 2668 5451 fines
2695 5394 3046 5464 Decapoleos,
3084 5410 3192 5449 non
3242 5395 3388 5465 ipsos
3426 5397 3561 5452 lines
3596 5397 3698 5451 De-

2123 5488 2327 5557 capolis
2377 5503 2499 5543 cum
2526 5487 2761 5542 intrasse
2800 5485 3088 5557 significat,
3143 5501 3318 5559 neque
3351 5487 3497 5541 enim
3552 5503 3704 5543 mare

2127 5585 2277 5634 trans
2308 5577 2592 5649 navigasse
2621 5578 2838 5643 dicitur,
2895 5576 2991 5633 sed
3029 5578 3207 5648 potius
3243 5577 3310 5633 ad
3352 5595 3504 5633 mare
3528 5576 3729 5650 usque~

2128 5674 2361 5743 venisse,
2419 5681 2578 5744 atque
2606 5672 2672 5729 ad
2705 5671 2878 5742 ipsum
2912 5670 3220 5744 pervenisse
3257 5670 3432 5727 locum
3470 5672 3560 5743 qui
3590 5686 3705 5727 me-
