3952 6434
232 283 334 340 Ml

1078 305 1607 367 COLLECTIONES
1642 298 1715 363 ΙΝ
1750 306 2130 365 EPISTOLAS
2164 305 2252 362 ET
2288 305 2702 364 EVANGELLA.

3405 309 3507 367 ΗΞ

231 424 353 480 dios
382 421 518 479 ﬁnes
540 421 823 493 Decapolis
848 420 1006 493 longe
1035 429 1191 477 trans
1215 435 1366 476 mare
1415 421 1622 491 positos
1647 421 1817 491 respi—
1844 424 1892 482 A
1921 430 2149 487 reserat,
2197 424 2353 495 cujus
2398 423 2637 496 linguam
2688 424 2948 480 Dominus
2996 434 3142 481 tactu
3199 425 3502 497 sapientiae.
3553 476 3563 486 .

230 514 429 570 ciebat.

206 642 207 645 η
306 603 376 659 Et
397 604 667 659 adduetml
699 603 746 659 ei
774 600 995 658 surdum
1020 610 1068 656 et
1098 609 1322 666 mutum,
1344 610 1393 655 et
1405 602 1823 672 deprecabantur

233 715 382 764 eum,
442 706 499 751 ut
555 698 789 768 imponat
823 694 903 750 illi
949 709 1187 749 manum.
1274 691 1485 748 Surdus
1528 701 1585 748 et
1639 701 1822 748 mutus

233 796 341 851 est,
380 786 471 855 qui
527 800 629 842 nec
668 800 829 841 aures
879 782 1164 840 audiendis
1211 783 1309 839 Dei
1361 783 1566 850 verbis,
1612 799 1715 839 nec
1758 797 1822 839 os

234 877 409 947 aperit
436 875 840 946 proloquendis.
897 874 1097 941 Quales
1126 888 1352 931 necesse
1385 884 1494 942 est,
1552 882 1614 930 ut
1639 875 1696 930 hi
1727 874 1821 945 qui

234 967 382 1038 loqui
429 965 544 1035 jam
597 975 654 1021 et
680 965 868 1020 audire
916 965 1100 1021 divina
1140 965 1357 1037 eloquia
1395 966 1559 1036 longo
1600 981 1703 1021 usu
1742 965 1824 1020 di-

235 1058 508 1122 dicerunt,
537 1056 767 1111 Domino
796 1056 1038 1111 sanando
1076 1054 1333 1122 oderant,
1361 1065 1634 1128 quatenus
1683 1070 1821 1127 quos

235 1151 472 1205 humana
516 1148 784 1221 fragilitas
818 1149 1027 1219 nequit,
1059 1148 1173 1216 ipse
1203 1149 1393 1219 gratia:
1442 1165 1555 1205 sua:
1598 1148 1823 1204 dextera

235 1246 428 1300 salvet.

308 1336 378 1391 Et
412 1336 801 1408 apprehendens
824 1352 941 1391 eum
969 1337 1034 1392 de
1063 1334 1216 1389 turba
1237 1331 1825 1405 seorsum.Appreben-

233 1426 371 1484 dens
386 1444 617 1498 namque
645 1429 919 1483 inﬁrmum
939 1428 1007 1483 de
1024 1426 1178 1482 turba
1208 1441 1453 1481 seorsum
1476 1424 1678 1489 educit,
1698 1438 1819 1478 cum

235 1529 473 1574 mentem
502 1520 739 1589 peccatis
754 1519 1063 1590 languidam
1091 1516 1421 1573 visitationis
1450 1531 1561 1571 sua:
1606 1514 1823 1584 pietatis

234 1608 535 1674 illustrans,
558 1624 589 1663 a
616 1614 890 1664 consuetis
913 1623 1162 1663 numana:
1193 1605 1625 1663 conversationis
1655 1603 1822 1658 mori-

233 1701 336 1758 bus
358 1709 569 1765 avocat,
590 1700 660 1756 ad
683 1699 955 1770 sequenda
969 1708 1365 1769 praeceptorum
1384 1711 1608 1752 suorum
1627 1694 1821 1750 itinera

234 1801 413 1850 vocat.

306 1884 455 1941 Misit
474 1884 665 1955 digitos
687 1900 810 1939 suos
836 1884 892 1938 in
934 1882 1226 1937 auriculas.
1285 1881 1497 1937 Mittere
1532 1878 1730 1952 digitos
1767 1879 1819 1934 in

235 1977 507 2033 auriculas
537 1982 638 2039 est,
692 1990 818 2030 cum
866 1989 965 2044 per
1003 1974 1142 2028 dona
1169 1972 1344 2029 sancti
1376 1970 1637 2041 Spiritus
1662 1982 1824 2023 aures

234 2067 417 2124 cordis
450 2067 520 2121 ad
567 2064 913 2135 intelligenda
956 2079 1022 2119 ac
1058 2063 1401 2133 suscipienda
1429 2061 1599 2116 verba
1632 2059 1825 2114 salutis

237 2161 430 2232 aperit.
489 2158 623 2213 Nam
681 2159 907 2227 digitum
949 2156 1046 2211 Dei
1084 2154 1344 2226 appellari
1399 2152 1660 2223 Spiritum
1701 2165 1815 2205 san-

238 2262 386 2309 ctum
428 2260 657 2307 testatur
704 2250 820 2318 ipse
852 2248 1115 2303 Dominus
1162 2262 1286 2303 cum
1320 2245 1453 2301 dicit
1477 2243 1681 2299 Judaeis
1708 2256 1738 2330 ἱ

236 2352 329 2407 ego
346 2336 579 2404 indigito
603 2334 695 2388 Dei
711 2332 1171 2400 ejiciodwmonia,
1184 2330 1291 2392 lilii
1337 2330 1494 2384 vestri
1529 2328 1827 2399 inquo'eii-

237 2432 385 2486 ciunt
403 2426 760 2499 (Max:320)?
776 2426 929 2493 Quod
946 2440 1227 2495 esponens
1238 2425 1380 2479 alius
1391 2423 1723 2494 evangelista
1740 2421 1826 2477 di-

224 2505 334 2579 ‘cit:
348 2519 412 2575 Si
429 2536 521 2590 ego
539 2523 592 2573 in
603 2519 793 2588 spiritu
811 2516 906 2572 Dei
920 2517 1074 2588 cjicio
1089 2517 1354 2570 daemonia
1370 2514 1590 2584 (Matth.
1606 2528 1702 2581 nl,
1722 2513 1824 2584 28)

237 2624 293 2669 et
309 2613 441 2683 Magi
465 2614 517 2667 in
541 2612 778 2683 {Egypto
795 2610 1037 2680 superati
1058 2610 1339 2672 dixerunt,
1373 2608 1605 2677 Spiriius
1630 2606 1724 2662 Dei
1747 2615 1828 2661 est

237 2707 324 2759 hic
366 2704 725 2772 (E;e0d.vut).
749 2704 815 2758 Et
837 2703 923 2759 les
967 2705 1021 2757 in
1051 2703 1254 2758 tabulis
1283 2703 1456 2773 digito
1490 2702 1583 2757 Dei
1616 2701 1822 2771 scripta

239 2799 326 2846 est
350 2790 595 2861 lapideis.
625 2790 804 2861 Digito
829 2804 957 2861 ergo
996 2789 1093 2844 Dei
1120 2790 1176 2845 in
1218 2787 1490 2844 auriculis
1527 2788 1678 2843 missi
1711 2787 1830 2857 ejus

240 2882 332 2949 qui
353 2881 626 2936 sanandus
651 2888 790 2946 erat,
813 2880 954 2935 dona
989 2887 1117 2935 sunt
1146 2885 1319 2935 sancti
1350 2878 1611 2949 Spiritus,
1632 2878 1830 2947 quibus

238 2972 426 3037 corda,
457 2987 576 3042 quae
597 2988 629 3026 a
654 2972 737 3029 via
759 2971 1005 3026 veritatis
1028 2971 1436 3035 aberraverunt,
1451 2968 1518 3023 ad
1547 2969 1830 3025 scientiam

240 3064 430 3119 salutis
463 3063 787 3118 audiendam
829 3062 1254 3133 discendamque
1288 3073 1530 3117 revocat.
1604 3060 1673 3114 Et
1701 3060 1829 3130 quia

240 3156 451 3227 cognita
478 3154 727 3210 veritatis
757 3154 875 3210 luce
897 3153 1049 3225 sequi
1069 3121 1344 3209 confessio
1359 3152 1537 3219 debet,
1558 3158 1684 3223 apte
1706 3121 1831 3207 sub-
1858 3121 1902 3183 Ο

236 3244 482 3315 jungitur
506 3260 521 3299 :

314 3335 381 3389 Et
394 3351 650 3406 exspuens
665 3336 830 3407 tetigit
847 3336 1079 3407 linguam
1092 3334 1228 3405 ejus.
1243 3335 1311 3390 Et
1325 3347 1616 3405 exspuens,
1632 3334 1831 3404 quippe

241 3427 524 3494 Dominus,
546 3427 785 3499 linguam
808 3428 1002 3498 tangit,
1039 3443 1164 3483 cum
1185 3427 1253 3482 ad
1274 3426 1673 3484 confessionem
1705 3425 1831 3482 ﬁdei

242 3536 339 3574 ora
362 3521 820 3576 catechizatorum
855 3520 1095 3586 instruit,
1135 3515 1261 3575 cum
1296 3536 1394 3575 ora
1442 3519 1536 3575 diu
1572 3520 1732 3575 bruta
1763 3520 1832 3574 ad

242 3613 406 3668 verba
433 3614 714 3685 sapientiae
735 3611 1057 3684 proferenda
1084 3628 1207 3668 cum
1228 3621 1376 3668 tactu
1392 3627 1503 3667 sua:
1513 3611 1733 3682 pietatis
1755 3610 1833 3665 in-

244 3703 460 3760 format.
509 3704 739 3776 Sputum
768 3721 1002 3778 namque
1034 3706 1248 3761 Domini
1284 3721 1537 3776 saporem
1584 3705 1834 3776 designat

243 3795 544 3867 sapientiae,
570 3811 691 3867 qua:
718 3804 855 3852 teste
876 3797 997 3853 viro
1019 3797 1265 3868 sapiente
1295 3797 1569 3867 loquitur:
1611 3794 1728 3866 Ego
1766 3812 1833 3851 ea:

243 3903 332 3942 ore
356 3884 612 3941 ditissimi
633 3886 806 3957 prodii
830 3888 1198 3958 primogenita.

314 3978 383 4032 Et
405 3979 694 4050 suspiciens
716 3977 771 4031 in
794 3975 1000 4031 caelum.
1066 3975 1325 4048 Suspexit
1355 3990 1591 4046 namque
1634 3975 1690 4030 in
1718 3987 1831 4030 ete-

244 4067 378 4133 lum,
409 4075 472 4122 ut
495 4066 619 4122 inde
661 4065 826 4121 mutis
851 4064 1145 4136 loquelam,
1178 4063 1302 4120 inde
1330 4064 1572 4135 auditum
1627 4062 1830 4128 surdis,

246 4160 369 4216 inde
393 4161 601 4216 cunctis
614 4157 1019 4214 inﬁrmitatibus
1037 4156 1302 4212 medelam
1317 4156 1536 4211 doceret
1548 4168 1669 4209 esse
1690 4169 1833 4223 qua:-

246 4251 493 4307 rendam.

317 4339 603 4410 Ingemuit.
653 4338 922 4411 Ingemuit
945 4346 1149 4403 autem,
1177 4353 1286 4393 non
1316 4337 1445 4407 quia
1468 4336 1571 4407 ipsi
1593 4352 1729 4408 opus
1747 4352 1833 4393 es-

244 4438 349 4496 set,
380 4445 502 4485 cum
533 4431 736 4501 gemitu
762 4429 967 4500 aliquid
993 4439 1179 4500 petere
1209 4445 1241 4484 a
1263 4429 1459 4496 Patre,
1496 4429 1590 4500 qui
1631 4417 1830 4486 cuncta

243 4520 553 4592 petentibus
583 4520 750 4575 donat
774 4535 900 4576 eum
924 4518 1104 4587 Patre,
1158 4521 1254 4577 sed
1290 4528 1352 4575 ut
1395 4521 1551 4577 nobis
1583 4522 1831 4592 gemendi

247 4615 401 4670 daret
429 4612 757 4683 exemplum,
796 4627 921 4669 eum
955 4612 1041 4669 vel
1082 4628 1184 4684 pro
1233 4613 1461 4680 nostris,
1496 4613 1582 4670 vel
1606 4628 1706 4685 pro
1731 4629 1832 4671 no—

248 4715 483 4761 atrorum
537 4704 812 4760 erratibus
856 4703 1234 4779 proximorum
1283 4720 1535 4775 superna:
1578 4704 1832 4776 praesidia

248 4795 469 4866 pictatis
484 4795 822 4850 invocamus.

320 4882 389 4937 Et
418 4884 491 4938 ait
517 4882 617 4949 illi,
640 4883 940 4955 Ephplteta,
958 4883 1099 4956 quod
1126 4893 1201 4941 est
1223 4883 1521 4955 adaperire.
1551 4884 1705 4954 Quod
1733 4902 1832 4942 au—

249 4981 358 5030 tem
379 4973 477 5039 ait,
499 4974 788 5045 epbpheta,
808 4974 978 5041 idest,
1003 4974 1310 5046 adaperire,
1336 4976 1405 5031 ad
1430 4976 1593 5033 aures
1612 4978 1832 5048 proprie

248 5064 505 5136 pertth.
555 5063 730 5119 Aures
774 5065 973 5120 etenim
1024 5064 1093 5120 ad
1140 5063 1465 5121 audiendum
1505 5069 1831 5137 aperienda),

250 5154 434 5225 lingua
459 5168 609 5217 vero,
639 5163 700 5209 ut
726 5155 871 5227 loqui
900 5157 1094 5226 possit,
1127 5169 1159 5210 a
1204 5155 1521 5212 retinaculis
1563 5167 1684 5213 erat
1720 5174 1833 5214 sua:

252 5243 523 5300 tarditatis
548 5244 827 5301 solvenda.
922 5240 927 5243 ’

321 5334 394 5389 Et
434 5337 613 5390 statim
661 5346 857 5408 apertae
898 5346 1023 5393 sunt
1049 5354 1204 5393 aures
1233 5336 1347 5408 ejus
1389 5345 1439 5392 et
1485 5337 1716 5394 solutum
1757 5350 1835 5396 est

249 5427 514 5482 vinculum
541 5425 737 5497 lingua:
758 5427 893 5498 ejus,
909 5437 957 5482 et
971 5426 1319 5496 loquebantur
1340 5437 1493 5483 recte.
1520 5426 1615 5485 Ille
1633 5430 1835 5485 etenim

251 5517 399 5573 solus
425 5525 575 5572 recte
592 5515 852 5587 loquitur,
881 5517 998 5572 sive
1022 5517 1192 5573 Deum
1217 5517 1548 5584 conﬁtendo,
1572 5518 1688 5575 sive
1711 5518 1835 5576 aliis

251 5609 631 5680 praedicando,
677 5607 831 5678 cujus
888 5610 1132 5665 auditum
1180 5619 1239 5665 ut
1281 5612 1595 5669 cmlestibus
1665 5615 1835 5684 possit

253 5700 560 5759 auscultare
589 5708 641 5757 et
685 5699 1058 5759 obsecundare
1100 5702 1400 5771 mandatis,
1432 5703 1610 5760 divina
1650 5705 1829 5776 gratia

1917 530 2038 584 qua:
2063 514 2178 584 ip'e
2218 523 2326 579 est,
2371 516 2440 570 ad
2484 515 2809 584 loquendum
2842 515 3096 571 instituit.
3135 517 3280 572 Talis
3326 527 3508 573 autem

1919 606 2114 661 merito
2141 614 2321 676 potest
2352 605 2536 661 dicere
2561 621 2685 661 cum
2720 606 3008 662 Psalmista
3035 625 3049 663 :
3090 607 3334 673 Domine,
3366 607 3509 662 labia

1919 715 2034 753 mea
2062 699 2284 768 aperies,
2313 709 2361 753 et
2405 715 2462 753 os
2508 716 2682 754 meum
2725 701 3059 755 annuntiabit
3103 700 3313 755 laudem
3360 710 3507 756 tuam

1920 788 2096 863 (Psal.
2122 790 2198 865 ι).
2221 791 2290 846 ΕΙ.
2311 806 2434 847 cum
2461 790 2602 847 Isaia
2622 808 2636 846 :
2657 790 2917 847 Dominus
2945 792 3088 846 dedit
3117 794 3247 847 mihi
3272 792 3509 864 linguam

1918 882 2201 946 eruditam,
2233 891 2291 937 ut
2335 884 2501 937 sciam
2539 892 2835 938 sustentare
2887 900 3006 937 eum
3053 884 3145 954 qui
3186 882 3366 954 lapsus
3408 892 3507 937 est.

1927 970 2096 1027 Verbo
2121 972 2273 1044 erigit
2296 990 2472 1037 mane,
2494 990 2650 1029 mane
2672 974 2825 1046 erigit
2850 974 2979 1028 mihi
3006 991 3189 1029 aurem
3212 983 3268 1028 ut
3290 973 3509 1028 audiam

1918 1063 2072 1134 quasi
2100 1063 2410 1134 magistrum
2452 1063 2611 1135 (lsai.
2642 1066 2720 1131 ι).

1992 1150 2062 1205 Et
2085 1154 2331 1223 prtecepit
2369 1152 2475 1208 illis
2510 1170 2574 1207 ne
2616 1154 2702 1207 cui
2744 1152 2961 1218 diceret,
2993 1163 3193 1224 quanto
3233 1163 3409 1208 autem
3436 1154 3512 1208 eis

1920 1242 2275 1316 praecipiebat,
2302 1252 2448 1297 tanto
2473 1244 2640 1313 magis
2668 1241 2787 1316 plus
2818 1244 3201 1315 pradicabant,
3234 1255 3285 1299 ct
3310 1262 3370 1300 co
3399 1261 3517 1299 am-

1920 1332 2058 1405 plius
2081 1332 2482 1388 admirabantur
2518 1334 2748 1389 dicentes
2781 1351 2801 1390 :
2826 1334 2969 1389 Bene
2988 1336 3167 1390 omnia
3205 1335 3349 1405 fecit,
3393 1352 3517 1389 sur-

1922 1425 2017 1479 dos
2038 1424 2160 1494 fecit
2183 1424 2371 1479 audire
2397 1434 2446 1479 et
2490 1434 2667 1481 mutos
2709 1424 2871 1498 loqui.
2904 1425 2960 1481 Si
2988 1427 3196 1483 sciebat
3224 1444 3338 1491 eos,
3367 1428 3512 1484 sicut

1923 1514 2011 1570 ille
2034 1513 2127 1584 qui
2157 1522 2313 1569 notas
2340 1513 2574 1569 habebat
2597 1523 2652 1569 et
2682 1523 2980 1585 przesentes
3006 1524 3061 1571 et
3106 1515 3319 1573 futuras
3345 1518 3518 1573 homi-

1923 1619 2054 1659 num
2099 1603 2425 1668 voluntates,
2467 1611 2622 1659 tanto
2669 1606 2843 1677 magis
2867 1607 3276 1676 praedicaturus,
3312 1616 3515 1678 quanto

1923 1693 2096 1764 magis
2138 1708 2208 1749 ne
2246 1694 2607 1763 przedicarent
2653 1695 2735 1750 eis
2768 1696 3141 1766 przecipiebat,
3167 1705 3229 1752 ut
3252 1698 3381 1767 quid
3411 1699 3517 1754 hoc

1850 1772 1898 1831 Β
1926 1785 2274 1856 praecipiebat
2301 1826 2317 1847 ,
2370 1786 2474 1840 nisi
2532 1786 2660 1856 quia
2715 1787 2884 1858 pigris
2932 1789 3150 1844 volebat
3202 1791 3512 1857 ostendere,

1922 1883 2125 1945 quanto
2149 1875 2477 1940 studiosius,
2524 1885 2840 1947 quantoque
2873 1877 3173 1935 ferventius
3199 1896 3322 1935 eum
3370 1897 3512 1951 pm:—

1924 1970 2105 2027 dicare
2130 1969 2382 2035 debeant,
2415 1970 2613 2041 quibus
2652 1969 2812 2039 jubet
2836 1980 2897 2026 ut
2935 1973 3264 2042 praedicent,
3301 1975 3515 2044 quandc

1925 2062 1999 2117 illi
2026 2062 2119 2132 qui
2139 2061 2564 2132 prohibebantur
2595 2070 2776 2117 tacere
2803 2078 2910 2119 non
2930 2071 3240 2134 potuerant.

2046 2193 2467 2251 HEBDOMADA
2500 2194 2621 2251 XIV
2654 2194 2831 2252 POST
2873 2195 3391 2254 PENTECOSTEN.

1924 2322 2183 2363 EPISTOLA
2209 2324 2370 2363 ΒΕΑΤῙ
2399 2324 2554 2364 PAULI
2585 2324 2843 2365 APOS'I‘OIJ
2871 2326 2938 2387 ,γυ
2961 2325 3205 2367 GMATAS
3226 2353 3241 2377 ,
3268 2327 3389 2367 CAP.
3426 2328 3511 2368 111.

2015 2442 2035 2475 ‹
2072 2423 2305 2480 Abraha:
2351 2425 2510 2480 dictae
2552 2432 2680 2481 sunt
2733 2426 3187 2497 repromissioncs
3224 2435 3278 2482 et
3319 2428 3516 2483 semini

1934 2534 1952 2568 ι
1993 2515 2127 2585 ejus.
2154 2515 2271 2571 Non
2298 2516 2430 2571 dicit
2453 2524 2509 2572 et
2536 2516 2854 2582 seminibus,
2886 2518 3041 2589 quasi
3074 2519 3127 2573 in
3154 2518 3361 2584 multis,
3412 2518 3508 2573 sed

1932 2626 1951 2658 ο
1989 2608 2143 2678 quasi
2165 2608 2216 2662 in
2242 2624 2369 2675 uno,
2400 2617 2457 2664 et
2477 2610 2672 2664 semini
2699 2620 2790 2665 tuo
2819 2611 2962 2681 quod
2983 2618 3068 2666 est
3096 2611 3368 2668 Christus.
3398 2611 3516 2667 Hoc

1934 2719 1953 2752 ‹
1990 2708 2169 2757 autem
2195 2701 2317 2756 dico
2350 2708 2731 2756 testamentum
2759 2702 3138 2758 conﬁrmatum
3172 2717 3202 2756 a
3228 2702 3338 2758 Deo
3359 2744 3373 2768 ,
3400 2718 3522 2772 qua:

1935 2810 1953 2844 ι
1991 2801 2111 2862 post
2137 2792 2523 2864 quadragintos
2550 2800 2608 2847 et
2633 2793 2855 2864 triginta
2897 2808 3070 2848 annos
3115 2792 3257 2848 facta
3296 2801 3382 2849 est
3411 2792 3520 2858 lex,

1935 2902 1954 2934 ι
1993 2899 2099 2938 non
2144 2883 2360 2939 irritum
2390 2883 2520 2940 facit
2570 2884 2639 2939 ad
2682 2885 3053 2940 evacuandam
3080 2885 3520 2955 promissionem.

1936 2992 1955 3024 ι
1992 2970 2127 3026 Nam
2165 2972 2212 3027 si
2254 2987 2320 3026 ex
2367 2971 2483 3043 lege
2509 2971 2834 3040 lmreditas,
2860 2972 2976 3042 jam
3025 2989 3135 3028 non
3179 2989 3247 3028 ex
3296 2975 3522 3044 promis-

1941 3082 1960 3114 ι
1996 3062 2169 3119 sione.
2219 3062 2453 3117 Abralue
2491 3070 2673 3117 autem
2720 3078 2818 3133 per
2859 3062 3274 3132 promissionem
3306 3064 3520 3119 donavit

1940 3172 1959 3205 ι
1997 3152 2158 3208 Deus.
2185 3151 2323 3221 Quid
2359 3153 2524 3224 igitur
2548 3152 2673 3207 lex?
2698 3161 2916 3224 propter
2940 3154 3405 3225 transgressiones
3428 3170 3523 3225 po-

1936 3265 1955 3297 ι
1991 3246 2094 3302 sita
2123 3252 2227 3311 est,
2253 3245 2425 3301 donec
2457 3245 2669 3301 veniret
2691 3246 3017 3311 semen,‘eui
3041 3246 3387 3316 promiserat,
3431 3262 3521 3301 or-

1936 3355 1955 3387 ι
1993 3336 2178 3391 dinata
2227 3351 2328 3406 per
2358 3337 2579 3407 angelos
2622 3337 2677 3391 in
2729 3353 2893 3393 manu
2941 3338 3288 3393 mediatoris.
3324 3339 3525 3395 Media-

1937 3446 1955 3476 ι
1994 3432 2081 3481 tor
2117 3432 2300 3479 autem
2332 3425 2495 3479 unius
2525 3440 2632 3480 non
2678 3433 2784 3490 est,
2830 3427 2974 3482 Deus
3024 3434 3203 3481 autem
3232 3443 3372 3483 unus
3417 3435 3523 3484 est.

1937 3535 1955 3568 ε
1995 3516 2102 3571 Lex
2128 3531 2258 3588 ergo
2302 3515 2563 3572 adversus
2602 3516 2869 3587 promissa
2909 3514 3044 3570 Dei?
3073 3515 3235 3571 absit.
3286 3515 3343 3572 Si
3374 3517 3522 3573 enim

1937 3621 1956 3653 σ
1993 3605 2117 3660 data
2138 3611 2282 3660 esset
2305 3603 2414 3671 lex,
2442 3620 2564 3675 quae
2590 3612 2774 3675 posset
2798 3604 3099 3671 viviﬁcare,
3131 3591 3369 3660 vere'cx
3401 3604 3521 3677 lege

1936 3714 1955 3749 ο
1994 3705 2140 3753 esset
2167 3695 2401 3766 iustitia.
2432 3695 2543 3753 Sed
2580 3696 2850 3752 conclusit
2873 3696 3158 3767 Scriptura
3197 3697 3378 3752 omnia
3424 3696 3527 3753 sub

1936 3808 1956 3841 ι
1994 3798 2238 3859 peccato,
2260 3799 2322 3843 ut
2343 3787 2634 3858 promissio
2660 3803 2729 3845 ex
2755 3788 2863 3844 ﬁde
2900 3785 3029 3845 Iesu
3072 3785 3275 3844 Christi
3304 3789 3528 3846 daretur

1937 3900 1956 3935 ι
1992 3880 2359 3937 credentibus.
2404 3900 2425 3933 ι

2002 3970 2230 4025 Abrahae
2267 3969 2424 4024 dictis
2453 3976 2576 4024 sunt
2617 3968 3046 4040 repromissiones
3073 3977 3120 4024 et
3158 3970 3347 4024 semini
3385 3969 3522 4041 ejus.

1933 4064 2035 4132 (Ex
2055 4060 2304 4134 Hieron.)
2334 4060 2577 4132 Simplex
2611 4071 2794 4117 autem
2817 4077 3029 4126 sensus,
3070 4066 3163 4133 qui
3195 4062 3248 4116 in
3274 4063 3377 4118 hoc
3404 4063 3525 4120 loco

1932 4153 2155 4219 texitur,
2183 4152 2326 4208 hanc
2361 4152 2471 4208 vim
2500 4152 2699 4219 habet,
2746 4160 2810 4207 ut
2845 4152 3040 4207 doceat
3067 4152 3361 4223 Apostolus
3411 4170 3521 4209 non

1931 4258 2091 4314 posse
2129 4258 2228 4313 per
2262 4242 2457 4314 legem,
2481 4257 2603 4313 quae
2628 4250 2820 4312 postea
2853 4243 2978 4297 data
3010 4249 3115 4307 est,
3145 4243 3523 4312 repromissio-

1931 4350 2053 4401 nes,
2073 4349 2195 4406 quis
2239 4342 2400 4389 antea
2440 4333 2597 4389 facta:
2623 4342 2751 4389 sunt
2782 4333 2849 4388 ad
2896 4333 3171 4389 Abraham
3215 4334 3442 4398 destrui,
3468 4344 3526 4391 et

1931 4426 2233 4498 posteriora
2265 4426 2541 4496 prioribus
2583 4423 2960 4496 przejudieare,
2994 4440 3116 4481 eum
3148 4427 3523 4497 repromissio-

1935 4533 2033 4573 nes
2063 4517 2132 4572 ad
2157 4515 2430 4572 Abraham
2460 4524 2588 4571 ante
2623 4515 3047 4586 quadringentos
3087 4516 3308 4586 triginta
3348 4532 3523 4575 annos

1934 4610 2074 4664 date
2094 4608 2224 4673 sint,
2254 4607 2399 4678 quod
2434 4606 2890 4663 benedicerentur
2915 4607 2969 4662 in
2997 4606 3089 4663 illo
3130 4608 3398 4666 universe
3427 4627 3523 4665 na-

1932 4699 2145 4764 tiones,
2193 4697 2328 4769 legis
2384 4705 2565 4753 autem
2609 4699 2951 4763 observatio,
2999 4699 3143 4769 quod
3172 4700 3265 4770 qui
3304 4700 3524 4759 iecisset

1932 4810 2074 4861 eam,
2123 4794 2334 4851 viveret
2358 4794 2413 4849 in
2443 4809 2528 4861 ea,
2567 4801 2694 4865 post
2725 4795 3152 4868 quadringentos
3182 4796 3403 4868 triginta
3428 4816 3524 4857 an-

1931 4904 2032 4944 nos
2061 4887 2191 4943 Mosi
2227 4888 2353 4943 data
2374 4888 2446 4943 sit
2473 4888 2529 4942 in
2556 4895 2739 4944 monte
2768 4886 2941 4943 Sinai.

2009 4977 2133 5033 Non
2152 4978 2299 5044 dicit,
2327 4987 2374 5033 et
2412 4978 2716 5043 seminibus,
2761 4979 2914 5051 quasi
2936 4979 2992 5033 in
3017 4979 3216 5046 multis,
3247 4982 3340 5036 sed
3371 4985 3524 5054 quasi

1935 5065 1991 5120 in
2012 5081 2116 5120 uno
2136 5074 2185 5121 et
2206 5065 2497 5120 seminituo
2522 5066 2663 5137 quod
2690 5076 2767 5122 est
2791 5064 3057 5123 Christus.
3078 5067 3275 5125 Semen
3292 5070 3525 5129 Abrahte

1938 5155 2214 5227 apostolus
2241 5156 2518 5212 Christum
2564 5157 2953 5229 interpretatus
2992 5167 3096 5214 est.
3141 5158 3343 5217 Omnes
3379 5160 3525 5217 Seri-

1848 5296 1849 5299 η
1938 5256 2128 5318 pturas
2162 5263 2324 5304 sensu
2350 5262 2416 5303 ac
2451 5248 2710 5303 memoria
2739 5263 3057 5321 peragrans,
3084 5266 3362 5323 nunquam
3404 5252 3525 5322 plu-

1939 5340 2039 5396 rali
2067 5353 2293 5395 numero
2316 5341 2523 5395 semina
2551 5341 2752 5410 scripta
2774 5343 2969 5413 reperi,
2996 5344 3090 5399 sed
3107 5344 3224 5399 sive
3242 5344 3296 5399 in
3323 5344 3520 5402 bonam

1936 5433 2053 5489 sive
2095 5433 2148 5488 in
2187 5433 2382 5489 malam
2405 5442 2615 5504 partem
2646 5449 2861 5505 semper
2883 5436 3165 5507 singulari.

2007 5522 2125 5578 Hoc
2144 5533 2321 5578 autem
2346 5524 2489 5591 dico,
2517 5534 2883 5581 testamentum
2914 5527 3282 5596 confirmatum
3320 5542 3352 5579 a
3385 5525 3515 5584 Deo.

1935 5614 2342 5671 Testamentum
2391 5624 2551 5672 vocat
2601 5617 2994 5686 promissiones
3037 5615 3270 5672 Abralue
3319 5615 3518 5687 factas,

1934 5721 2053 5777 qua:
2091 5722 2198 5764 non
2238 5715 2467 5778 possunt
2496 5705 2564 5763 ab
2611 5706 2829 5764 homine
2878 5706 3152 5776 evacuari,
3195 5722 3319 5764 cum
3350 5708 3517 5769 etiam
