3952 6418
429 285 534 342 M5

1703 267 1979 328 SMARAG
1988 268 2054 324 ιιι
2090 267 2381 326 ΑΒΒΔΤΙΒ

3572 254 3684 311 ιιι

430 396 709 452 hominum
747 394 1072 446 testamenta
1115 387 1206 454 jus
1233 399 1390 440 suum
1434 390 1676 447 teneant,
1705 389 1760 436 et
1807 379 2004 436 resolvi
2034 383 2085 444 Α
2109 395 2278 450 usque
2307 380 2432 436 dum
2459 377 2708 434 Christus
2750 376 2986 442 veniret,
3017 373 3086 429 de
3129 386 3240 444 quo
3275 370 3408 426 dicit
3439 390 3450 426 :
3482 369 3686 428 Semen

433 499 538 540 non
562 482 790 554 possint,
819 478 865 533 si
895 474 1207 532 solemniter
1232 472 1436 528 fuerint
1469 472 1736 526 ordinata.

503 576 602 630 llic
627 580 774 628 certe
815 571 860 624 si
892 581 1198 636 quaeramus
1242 573 1424 619 utrum
1476 563 1578 618 hoe
1623 569 2008 626 testamentum

434 666 575 738 quod
605 663 736 719 dicit
771 661 1147 716 conﬁrmatum
1195 673 1224 712 a
1272 657 1500 712 Domino
1539 671 1646 710 non
1684 653 1946 710 inﬁrmari
1977 668 2009 708 a

435 755 586 824 lege,
625 766 745 820 qua:
775 755 898 818 post
927 745 1350 816 quadringentos
1382 743 1600 814 triginta
1647 757 1818 796 annos
1864 742 2009 795 facta

435 851 539 908 est,
569 849 749 898 utrum
797 851 998 892 novum
1031 850 1099 889 an
1127 843 1283 888 vetns
1327 831 1729 902 intelligendum
1770 831 1856 893 sit,
1891 829 2010 898 quis

438 931 766 1002 respondere
794 928 1006 984 dubitet
1035 925 1272 980 novum?
1305 923 1398 978 sed
1425 922 1478 976 in
1504 921 1834 992 propheticis
1878 919 2014 975 latc-

439 1022 552 1076 bris
573 1019 920 1083 occultatum,
950 1017 1122 1071 donec
1143 1015 1355 1068 veniret
1391 1022 1623 1082 tempus,
1653 1026 1760 1081 quo
1805 1009 2013 1066 revela-

440 1120 594 1166 retur
627 1109 682 1164 in
715 1107 952 1164 Christo.

515 1201 646 1268 Qua:
681 1209 796 1272 post
839 1197 1246 1270 quadringentos
1267 1235 1284 1262 ,
1320 1203 1425 1248 etc.
1463 1193 1564 1266 (Ex
1596 1189 1843 1262 Hieron.)
1871 1189 2012 1260 Sup-

443 1291 666 1360 putandi
705 1290 757 1344 in
783 1289 885 1343 hoe
910 1287 1030 1340 loco
1057 1286 1194 1347 anni
1223 1286 1290 1340 ab
1315 1299 1380 1339 eo
1415 1292 1656 1354 tempore
1694 1297 1800 1351 quo
1831 1281 2013 1335 Domi-

440 1394 547 1434 nus
571 1381 639 1434 ad
675 1378 948 1434 Abraham
979 1377 1188 1431 loeutus
1227 1384 1311 1430 est
1360 1373 1545 1428 dicens
1595 1391 1608 1426 :
1644 1371 1712 1426 Et
1740 1373 1795 1426 in
1823 1371 2015 1425 sentina

449 1481 534 1524 tuo
586 1467 952 1522 benedicentur
997 1482 1172 1518 omnes
1219 1476 1390 1535 gentes
1442 1461 1612 1534 (Gen.
1659 1479 1766 1524 xtl,
1828 1462 2014 1529 xx"),

449 1575 618 1629 usque
644 1559 711 1614 ad
741 1559 1101 1630 legislaturein
1131 1557 1333 1619 Mosen,
1353 1564 1531 1610 utrum
1561 1552 1940 1625 quadringenti
1964 1559 2020 1606 et

2105 473 2194 528 cui
2225 472 2632 543 repromiserat.
2739 527 2760 535 _

2179 564 2488 622 Ordinatam
2504 580 2598 634 per
2621 559 2852 634 angelos.
2893 559 2996 631 (Ex
3017 557 3248 614 Primas.
3264 556 3284 628 )
3301 556 3414 612 lioc
3433 555 3553 611 loco
3579 554 3692 610 Mo-

2108 673 2204 713 sen
2228 655 2498 726 signiﬁcat
2533 654 2703 724 legem
2746 667 2842 722 per
2861 651 3114 720 angelum
3147 647 3359 702 Domini
3387 646 3687 716 accepisse,

2109 749 2252 804 sicut
2297 745 2605 816 Stephanus
2655 741 2790 798 dicit
2840 758 2854 798 :
2916 739 3019 794 Hic
3063 747 3141 793 est
3192 737 3286 808 qui
3333 737 3434 808 fuit
3489 737 3547 790 in
3595 752 3688 790 ec-

2109 838 2288 900 clesia,
2315 838 2370 890 in
2393 835 2676 890 solitudine
2704 849 2823 888 cum
2860 829 3066 901 angelo,
3089 828 3179 898 qui
3206 827 3514 898 loquebatur
3537 827 3585 880 ei
3632 825 3688 880 in

2111 937 2284 984 monte
2307 927 2463 983 Sinai
2499 927 2636 995 (Act.
2667 923 2784 995 vn).
2815 922 2923 995 (Ea:
2953 919 3198 990 Hieron.)
3223 919 3282 974 lu
3311 917 3460 974 omni
3500 916 3686 974 Veteri

2111 1019 2460 1076 Testamento
2499 1017 2590 1070 ubi
2636 1015 2859 1084 angelus
2884 1012 3118 1082 primum
3148 1010 3300 1066 visus
3343 1007 3602 1072 refertur,
3629 1016 3690 1061 et

2109 1119 2297 1178 postea
2333 1107 2486 1177 quasi
2517 1107 2660 1161 Deus
2707 1105 2929 1173 loquens
2949 1142 2962 1166 ,
3007 1099 3282 1155 inducitur
3309 1097 3532 1168 angelus
3565 1097 3689 1166 qui-

2112 1205 2233 1260 dem
2268 1220 2394 1258 vere
2424 1219 2498 1258 ex
2526 1201 2788 1256 ministris
2824 1199 3100 1269 pluribus,
3148 1196 3455 1266 quicunque
3497 1193 3576 1248 sit.
3607 1192 3692 1245 vi-

2113 1311 2239 1360 sus,
2274 1293 2370 1349 sed
2401 1295 2453 1347 in
2481 1292 2572 1347 illo
2615 1290 2880 1346 media-tor
2922 1287 3178 1356 loquitur,
3225 1284 3318 1355 qui
3349 1283 3479 1338 dicit
3519 1297 3535 1336 :
3574 1280 3690 1350 Ego

2113 1399 2229 1437 sum
2267 1383 2408 1436 Deus
2435 1381 2720 1444 Atraham,
2755 1389 2802 1433 et
2842 1377 2980 1432 Deus
3020 1376 3208 1432 Isaac.
3250 1384 3300 1429 et
3346 1373 3488 1428 Deus
3520 1371 3690 1426 Iacob

2117 1473 2312 1546 (Exod.
2341 1473 2426 1545 ιιι)

2187 1567 2254 1621 ιιι
2283 1583 2441 1620 manu
2464 1563 2787 1618 mediatoris.
2815 1561 2913 1632 (Ex
2937 1556 3192 1628 Primus.)
3225 1556 3570 1612 Mediatorcm
3601 1550 3694 1607 Je-

451 1651 669 1722 triginta
700 1649 827 1712 sint,
867 1647 950 1702 vel
1002 1646 1270 1716 quomodo
1314 1647 1367 1700 in
1396 1645 1590 1700 Genesi
1643 1643 1744 1714 ipsi
1787 1641 2018 1696 Abraba‘.

2144 1672 2239 1709 ,ιιιιι
2263 1655 2562 1718 Christum,
2591 1652 2659 1707 de
2677 1666 2785 1721 quo
2814 1658 2870 1704 et
2909 1649 2976 1702 ad
3000 1646 3344 1701 Timotheum
3393 1643 3651 1698 scribitur
3675 1659 3688 1694 :

449 1741 706 1795 Dominus
742 1739 1042 1810 pollicetur,
1075 1737 1216 1808 quod
1246 1745 1368 1806 post
1393 1735 1816 1816 quadringentos
1845 1746 2019 1785 annos

2144 1744 2272 1800 Unus
2307 1744 2462 1808 Deus,
2490 1758 2647 1818 _unus
2702 1740 2958 1794 mediator
2999 1737 3095 1790 Dei
3143 1745 3189 1790 et
3226 1733 3493 1788 hominum
3538 1730 3692 1794 hoino

449 1831 518 1884 de
545 1839 685 1884 terra
725 1829 1001 1884 servitutis
1043 1828 1135 1882 ﬁlii
1184 1827 1302 1897 ejus
1345 1824 1545 1879 exituri
1572 1825 1710 1888 sint,
1739 1838 1844 1876 non
1875 1820 2020 1874 enim

453 1938 615 1992 parva
639 1937 725 1976 res
754 1929 858 1986 est,
885 1929 941 1976 et
979 1935 1010 1973 a
1037 1919 1217 1974 multis
1257 1915 1506 1988 quaesita,
1536 1913 1718 1970 nescio
1741 1929 1809 1966 an
1835 1910 1902 1965 ab
1930 1909 2024 1964 ali-

453 2030 560 2085 quo
582 2014 654 2068 sit
689 2015 928 2068 inventa.

525 2105 646 2178 (Ea:
673 2102 930 2173 Primus.)
966 2101 1152 2172 Neque
1189 2099 1311 2169 quis
1351 2105 1503 2168 putet
1527 2111 1647 2152 esse
1672 2091 2022 2155 contrarium,

456 2197 711 2266 quoniam
736 2194 788 2248 in
821 2193 958 2248 libro
977 2190 1253 2246 Gencscos
1276 2188 1546 2243 Abraham
1573 2201 1604 2240 a
1639 2186 1750 2240 Deo
1789 2183 2022 2238 dicitur:

459 2288 627 2352 Scito,
656 2300 1006 2356 pra’noscens,
1031 2282 1170 2354 quod
1213 2279 1543 2351 peregrinum
1574 2277 1813 2346 futurum
1853 2273 1919 2328 sit
1949 2289 2030 2327 se-

462 2394 576 2434 men
601 2387 749 2431 tuum
778 2375 832 2428 in
874 2383 1015 2428 terra
1064 2388 1168 2425 non
1193 2387 1311 2435 sua,
1339 2377 1387 2423 et
1429 2367 1706 2439 subjicient
1745 2381 1832 2418 eos
1870 2363 2030 2417 serri-

458 2473 580 2536 tuti,
625 2479 674 2524 et
726 2469 946 2540 aﬂligent
984 2465 1385 2538 quadringentos
1415 2478 1578 2516 annos
1621 2459 1776 2531 (Gen.
1813 2457 1938 2529 xv),
1976 2465 2033 2511 et

461 2563 549 2617 hic
568 2559 838 2631 apostolus
858 2558 1076 2629 triginta
1091 2571 1262 2610 annos
1283 2553 1512 2624 amplius
1537 2551 1707 2624 ponit.
1724 2549 1874 2617 Quod
1903 2549 2032 2604 dicit

461 2661 643 2706 autem
667 2651 769 2704 hoc
790 2656 873 2702 est
901 2661 918 2699 :
939 2644 1334 2718 septuagesimo
1353 2641 1528 2698 aetatis
1555 2655 1664 2695 sua:
1689 2653 1832 2693 axuto
1862 2636 2032 2690 Abra-

461 2751 587 2798 ham
632 2742 838 2812 accepit
865 2756 896 2795 a
927 2740 1036 2795 Deo
1084 2737 1573 2810 repromissionem.
1608 2734 1685 2788 Ex
1733 2749 1840 2804 quo
1892 2743 2032 2788 tem—

460 2850 592 2906 pore
619 2849 788 2904 usque
816 2833 883 2888 ad
913 2831 1120 2886 initium
1149 2831 1279 2902 legis
1329 2828 1607 2894 lllosaiem,
1653 2825 2033 2899 quadringenti

461 2939 518 2983 et
559 2927 777 2999 triginta
821 2925 948 2980 anni
997 2925 1101 2979 hac
1145 2923 1352 2978 ratione
1389 2921 1748 2992 complentur,
1778 2935 1845 2974 ex
1897 2927 2032 2972 tesi-

461 3035 592 3092 pore
643 3015 1074 3089 repromissionis
1117 3031 1286 3085 usque
1335 3014 1402 3092 ad
1441 3012 1794 3069 centesimum
1831 3023 2034 3064 annum

461 3069 590 3092 .~--
1195 3069 1216 3085 ι
1266 3069 1276 3070 κ

461 3111 724 3176 Abrahre,
782 3107 996 3181 quando
1047 3107 1194 3160 Isaac
1253 3087 1558 3161 nasciturus
1611 3102 1794 3168 ﬁlius,
1847 3069 2108 3168 vigintiC

457 3205 698 3275 quinque
749 3202 876 3256 anni
933 3206 1314 3271 numerantur,
1369 3205 1555 3268 postea
1613 3195 1802 3264 quinto
1863 3192 2039 3248 aztatis

463 3308 605 3349 anno
635 3293 782 3348 Isaae
808 3290 1064 3360 parvulus
1093 3290 1160 3343 ab
1209 3287 1470 3342 lsmahele
1497 3285 1661 3354 erepit
1685 3282 1867 3354 afﬂigi,
1899 3282 2040 3337 sicut

466 3385 609 3440 idem
644 3381 916 3454 apostolus
960 3381 1014 3434 in
1048 3381 1152 3435 hac
1185 3381 1300 3449 ipsa
1329 3377 1554 3448 epistola
1602 3382 1884 3432 memorat.
1917 3374 2041 3428 Evi-

465 3478 660 3532 denter
701 3490 830 3546 ergo
870 3480 1220 3537 monstratur,
1251 3468 1545 3527 secundum
1590 3481 1894 3524 sermonem
1944 3465 2043 3521 Dei

467 3565 536 3620 ad
564 3562 836 3619 Abraham
880 3561 1102 3626 factum,
1129 3566 1250 3630 post
1289 3557 1506 3628 triginta
1541 3569 1714 3611 annos
1753 3553 2041 3631 rcpromis—
2085 3623 2092 3631 _

407 3706 413 3722 ,
451 3654 638 3712 .sionis
679 3668 862 3709 semen
893 3652 1010 3722 ejus
1037 3647 1474 3721 persecutoribus
1511 3645 1759 3704 laborare
1787 3645 2036 3714 {cepisse

543 3743 686 3798 Nam
709 3744 754 3798 si
781 3758 845 3796 ea:
863 3741 992 3812 lege,
1011 3749 1114 3796 etc.
1141 3739 1221 3796 Ae
1244 3739 1290 3794 si
1321 3739 1543 3804 diceret,
1560 3753 1666 3794 non
1697 3752 1763 3794 es
1784 3735 1900 3808 lege
1921 3750 2043 3806 quas

471 3833 710 3892 nondum
738 3841 856 3887 erat
877 3872 893 3898 ,
933 3832 1028 3888 sed
1055 3847 1119 3887 ex
1151 3829 1568 3901 repromissione
1600 3828 1832 3884 Abrahae
1873 3825 2043 3881 dona-

473 3936 588 3982 tum
615 3932 699 3980 est
743 3941 960 3992 semen,
1008 3925 1150 3995 quod
1185 3933 1270 3982 est
1317 3923 1585 3990 Christus,
1615 3921 1674 3980 in
1712 3934 1820 3990 quo
1855 3933 2040 3974 omnes

472 4017 920 4076 bcnedieerentur
945 4025 1156 4087 gentes.

545 4125 686 4194 Quid
707 4127 869 4197 igitur
907 4123 1012 4190 lex,
1038 4134 1142 4180 etc.
1175 4123 1275 4196 (Ex
1314 4121 1560 4195 Hieron.)
1602 4121 1702 4180 llic
1739 4120 1918 4176 dicere
1949 4134 2046 4190 po—

474 4227 616 4276 terat
638 4218 860 4289 aliquis:
884 4215 1024 4284 Quid
1047 4230 1268 4271 necesse
1291 4213 1393 4270 luit
1417 4213 1588 4284 legem
1605 4219 1728 4282 post
1750 4210 1854 4265 450
1875 4226 2047 4267 armos

475 4308 908 4380 repromissionis
931 4306 1068 4372 dari,
1099 4321 1223 4362 eum
1259 4313 1317 4361 et
1356 4303 1481 4358 data
1509 4303 1630 4373 lege
1673 4301 1908 4372 suspicio
1951 4300 2048 4358 den

475 4409 695 4455 structae
737 4397 1042 4468 sponsionis
1068 4393 1306 4466 potuerit
1331 4393 1552 4454 oheriri,
1583 4400 1640 4448 et
1683 4399 1933 4447 manente
1963 4405 2049 4446 re-

477 4488 851 4560 promissione,
875 4501 984 4542 nou
1007 4483 1289 4558 profutura
1321 4481 1412 4538 lex
1445 4483 1573 4538 data
1596 4483 1689 4548 sit,
1718 4496 1883 4552 quam
1909 4495 2048 4552 pra:-

478 4581 668 4637 videns
707 4577 982 4650 apostolus
1040 4575 1392 4646 qumstionem
1427 4575 1484 4630 in
1535 4573 1886 4644 sequentibus
1931 4571 2049 4641 ipse

478 4671 580 4728 sibi
603 4669 858 4741 proponit
893 4667 1079 4724 dicens
1104 4683 1118 4719 :
1143 4663 1284 4730 Quid
1327 4665 1488 4736 igitur
1514 4664 1636 4720 lex?
1661 4664 1792 4719 item
1837 4661 1951 4732 ipse
1978 4660 2052 4717 si-

479 4763 646 4820 bimet
667 4758 964 4830 respondit,
994 4756 1177 4812 dicens
1203 4773 1220 4810 :
1256 4755 1477 4827 Propter
1497 4753 1938 4825 transgressiones
1959 4766 2052 4830 po-

481 4858 586 4911 sita
627 4862 725 4918 est,
746 4851 908 4905 donec
937 4849 1126 4904 ueniret
1158 4857 1416 4912 sanctum,
1462 4847 1547 4902 cui
1593 4844 1908 4917 promissum
1951 4826 2047 4896 est.

483 4947 614 5002 Post
637 4941 897 4998 offensam
926 4937 1068 4995 enim
1108 4938 1162 4994 in
1185 4951 1366 4994 eremo
1387 4935 1588 5008 populi,
1617 4941 1741 5006 post
1771 4931 2052 4987 adoratum

485 5029 734 5095 vitulum,
771 5037 828 5084 et
866 5043 1108 5085 murmur
1157 5028 1211 5084 in
1259 5028 1448 5092 Deum,
1476 5025 1564 5079 lex
1595 5019 2056 5092 transgressiones

486 5120 824 5195 prohibitura
866 5121 1146 5176 successit.
1202 5118 1326 5194 (Ex
1377 5113 1643 5186 August.)
1690 5111 1804 5168 Lex
1837 5119 2086 5189 propter,

490 5211 944 5284 transgressiones
969 5211 1144 5282 posita
1171 5219 1285 5274 est,
1325 5215 1387 5262 ut
1419 5205 1690 5275 acciperet
1733 5204 1894 5261 homo
1919 5217 2058 5274 prae-

487 5310 664 5371 cepta,
699 5301 927 5372 superbe
976 5301 1043 5356 de
1071 5299 1186 5354 suis
1232 5297 1441 5352 viribus
1484 5293 1694 5359 ﬁdens,
1749 5293 1803 5348 in
1857 5291 2056 5362 quibus

487 5395 764 5460 deﬁciens,
795 5402 849 5448 et
875 5391 1050 5448 factus
1067 5391 1226 5446 etiam
1261 5386 1661 5458 praevaricator,
1689 5384 2054 5450 liberatorem,

491 5485 932 5555 Salvatoremqne
954 5481 1274 5552 requireret.
1313 5476 1393 5531 Ita
1428 5477 1589 5531 timor
1632 5474 1765 5546 legis
1799 5474 2056 5530 lmmilem

493 5575 693 5633 factum
742 5584 996 5646 tanquam
1025 5569 1346 5643 predagogns
1397 5568 1462 5621 ad
1511 5566 1669 5620 ﬁdem
1723 5567 2057 5636 gratiamque

493 5668 832 5736 perduceret,
845 5673 901 5722 et
922 5678 1024 5720 non
1042 5656 1345 5728 transgredi
1362 5657 1441 5712 vel
1458 5664 1688 5726 cogeret,
1710 5657 1790 5713 vel
1816 5656 2053 5721 doceret,

2125 1836 2363 1891 Christus
2390 1833 2544 1888 Iesus
2573 1831 2626 1903 (Ι
2657 1830 2884 1886 Timoth.
2931 1827 3015 1901 ιι).
3046 1827 3204 1882 Manu
3255 1823 3568 1880 mediatoris
3595 1837 3692 1890 po-

2125 1927 2350 1982 tentiam
2374 1934 2428 1982 et.
2451 1925 2707 1979 virtutem
2731 1921 2849 1991 ejus
2882 1921 3141 1975 debemus
3170 1916 3435 1985 accipere.
3467 1912 3696 1980 Quidam

2125 2019 2477 2072 mediatorcm
2515 2013 2697 2070 Mosen
2745 2019 2952 2082 putant.
3009 2008 3141 2064 Nam
3195 2015 3250 2061 et
3287 2006 3492 2068 Moses,
3523 2003 3699 2065 aiunt,

2125 2108 2267 2162 inter
2300 2107 2468 2160 Deum
2489 2113 2544 2159 et
2561 2102 2813 2174 populum
2836 2100 3046 2156 medius
3071 2097 3192 2162 fuit,
3220 2096 3298 2151 sic
3326 2095 3471 2150 enim
3496 2093 3610 2163 ipse
3631 2090 3698 2144 ad

2126 2198 2379 2269 ριψιιΙιιιιι
2420 2197 2539 2251 ait:
2572 2192 2732 2250 Facie
2788 2193 2856 2248 ad
2905 2191 3095 2245 faciem
3140 2184 3362 2244 loeutns'
3402 2193 3488 2242 est
3539 2183 3700 2238 nobis

2128 2290 2390 2345 Dominus
2415 2288 2468 2341 in
2505 2294 2688 2341 monte
2720 2284 2784 2338 de
2813 2283 2988 2337 medio
3031 2280 3190 2352 ignis,
3223 2293 3324 2348 ego
3343 2283 3623 2346 sequester
3648 2281 3705 2328 et

2129 2383 2339 2440 medius
2381 2379 2459 2434 fni
2503 2379 2644 2434 inter
2681 2377 2847 2430 Deum
2875 2383 2930 2430 et
2958 2389 3054 2430 vos
3087 2373 3139 2428 in
3171 2382 3414 2440 tempore
3461 2367 3554 2422 illo
3579 2407 3595 2430 ,
3646 2374 3707 2420 ut

2132 2474 2512 2532 annnntiarem
2565 2469 2718 2524 vobis
2751 2469 2916 2522 verba
2961 2464 3096 2534 ejus.
3135 2461 3242 2536 (E1:
3279 2457 3522 2531 Hieron.)
3567 2459 3703 2526 Quia

2129 2582 2258 2621 vero
2288 2562 2535 2618 lectionis
2564 2559 2698 2614 ordo
2732 2555 2986 2614 confusus
3031 2563 3137 2621 est,
3179 2559 3236 2608 et
3260 2550 3559 2624 hyperbato
3589 2563 3710 2617 per-

2132 2655 2402 2717 turbatur,
2455 2649 2534 2706 sic
2572 2648 2729 2703 nobis
2768 2645 3072 2701 reddendus
3125 2642 3338 2698 videtur
3386 2657 3400 2692 :
3451 2638 3560 2692 Lex
3612 2653 3710 2706 po-

2131 2745 2237 2800 sita
2284 2750 2368 2796 est
2414 2755 2510 2810 per
2548 2737 2768 2806 angelos
2811 2735 2868 2792 in
2911 2748 3072 2788 manu
3101 2727 3445 2792 mediatoris,
3486 2736 3710 2796 propter

2133 2831 2590 2904 transgressiones
2619 2828 2870 2883 ordinata
2897 2839 2995 2896 per
3030 2821 3474 2894 angelos,.donee
3501 2814 3713 2870 veniret

2133 2943 2338 2993 snnen,
2365 2924 2451 2980 cui
2479 2921 2860 2994 repromissum
2888 2924 2990 2982 est,
3021 2929 3205 2970 semen
3232 2919 3432 2974 autem,
3459 2903 3602 2962 haud
3623 2905 3714 2959 du-

2137 3023 2308 3085 bium,
2355 3017 2486 3088 quin
2533 3015 2807 3073 Christum
2843 3009 3129 3082 signiﬁcet,
3165 3004 3233 3059 de
3276 3016 3383 3073 quo
3423 2998 3716 3088 Mattiariis

2137 3115 2216 3170 ait
2253 3131 2268 3168 :
2301 3085 2454 3166 Liher
2482 3103 2831 3179 generatiou's
2852 3097 2983 3156 Iesu
3008 3095 3221 3160 Christi,
3265 3091 3366 3162 ﬁlii
3395 3087 3584 3153 David,
3615 3085 3717 3156 ﬁlii

2139 3205 2404 3262 Abraham
2429 3199 2644 3275 (Matth.
2672 3195 2734 3268 ι).

2212 3269 2476 3352 Mediutor
2503 3297 2680 3344 autem
2717 3286 2874 3340 unius
2909 3299 3016 3366 non
3059 3288 3156 3335 est.
3194 3273 3526 3332 Subauditur
3554 3269 3720 3325 unius

2140 3389 2314 3462 partis
2362 3400 2468 3441 non
2516 3389 2599 3438 est
2633 3377 2932 3439 mediator,
2979 3364 3073 3428 sed
3116 3369 3257 3428 inter
3298 3364 3466 3429 duas,
3507 3369 3567 3418 ut
3607 3372 3722 3414 me-

2141 3481 2265 3540 dius
2295 3479 2388 3536 sit.
3055 3517 3062 3524 .

2215 3571 2354 3626 Deus
2398 3575 2572 3621 autem
2625 3577 2762 3616 unus
2791 3566 2888 3615 est.
2917 3555 3032 3614 ιιοε
3065 3562 3246 3610 autem
3298 3551 3418 3605 ideo
3452 3545 3620 3611 addit,
3652 3557 3724 3598 ne

2142 3664 2263 3735 quis
2318 3663 2537 3729 putaret
2585 3651 2860 3710 Christum
2909 3647 2979 3704 ab
3028 3644 3236 3702 unitate
3273 3639 3467 3704 divinae
3512 3641 3724 3688 natura:

2143 3725 2358 3826 penitus
2400 3762 2523 3804 esse
2559 3745 2812 3808 divisum,
2855 3739 2985 3814 quia
3031 3732 3348 3794 mediatoris
3395 3725 3726 3818 suscepisset

2143 3843 2468 4001 01122290
2511 3925 2758 3982 adversus
2801 3917 3058 3992 promissa
3094 3913 3230 3969 Dei?
3253 3911 3412 4001 absit.
3456 3905 3535 3961 Ac
3565 3904 3612 3960 si
3644 3903 3726 3960 di-

2145 4029 2332 4079 ceret:
2365 3998 2476 4074 Lex
2507 4015 2600 4070 Dei
2627 4010 2892 4084 promissa
2935 4021 3042 4062 non
3091 4001 3290 4068 aufert,
3321 3998 3417 4056 sed
3455 4002 3730 4070 prmparat

2146 4115 2215 4172 ad
2260 4111 2542 4184 promissa.
2579 4105 2734 4161 Sicut
2767 4099 3034 4157 mediator
3063 4095 3158 4150 Dei
3184 4101 3239 4149 et
3263 4091 3542 4148 hominum
3581 4087 3729 4142 inter

2147 4175 2366 4260 daniem
2394 4207 2450 4255 et
2499 4193 2850 4264 accipientem
2897 4187 3066 4259 legem
3098 4183 3304 4239 medius
3342 4179 3482 4246 fuit,
3514 4179 3592 4234 sic
3636 4175 3724 4230 lex

2148 4297 2262 4368 ipsa
2280 4336 2296 4362 ,
2346 4306 2468 4364 qua:
2503 4296 2628 4364 post
2683 4280 3155 4355 repromissionem
3211 4281 3267 4332 et
3313 4271 3726 4346 eompletiouem

2150 4362 2268 4456 ejus
2297 4362 2472 4440 media
2509 4362 2811 4446 subrepsit,
2841 4388 2960 4446 qua:
3008 4385 3114 4426 non
3158 4367 3364 4424 idcirco
3411 4362 3727 4420 arbitranda

2148 4488 2233 4536 est
2251 4471 2720 4547 repromissionem
2749 4466 3061 4529 excludere,
3085 4477 3190 4536 qua
3213 4467 3404 4531 postea
3441 4458 3728 4514 subsecuta

2149 4582 2268 4623 eam
2320 4579 2440 4636 qua:
2475 4561 2628 4632 prius
2671 4557 2802 4622 fuit,
2827 4555 3104 4612 videretur
3145 4551 3386 4615 abolere,
3414 4548 3510 4607 sed
3555 4560 3625 4602 ex
3662 4559 3730 4599 eo

2151 4657 2294 4734 quod
2338 4635 2454 4710 non
2482 4650 2659 4722 potuit
2691 4645 3004 4711 viviﬁcare,
3051 4659 3152 4700 nec
3197 4643 3254 4699 id
3299 4643 3537 4699 tribuere
3582 4635 3729 4707 quod

2152 4727 2500 4818 repromissio
2538 4741 2711 4812 prima
2740 4737 2976 4807 pollicita
3005 4743 3112 4802 est,
3147 4732 3491 4789 manifestum
3543 4737 3629 4784 est
3672 4727 3726 4782 in

2153 4835 2452 4894 custodiam
2476 4847 2595 4889 eam
2624 4827 3058 4900 repromissionis
3091 4841 3202 4882 non
3237 4825 3293 4880 iu
3323 4821 3727 4884 subversionem

2157 4928 2358 4984 datam.

2229 5016 2288 5074 Si
2321 5015 2458 5074 enim
2504 5013 2632 5068 data
2658 5021 2788 5068 esset
2817 5011 2918 5075 lex,
2953 5019 3058 5066 etc.
3102 5005 3226 5063 Ideo
3263 5021 3369 5060 non
3402 5002 3729 5066 viviﬁmbat,

2158 5109 2285 5180 quia
2335 5113 2619 5178 peceatum
2657 5102 2917 5175 originale
2967 5099 3183 5156 auferre
3231 5113 3340 5154 non
3372 5102 3604 5166 poterat,
3643 5091 3734 5148 vel
3781 5105 3794 5113 ’

2161 5208 2310 5256 certe
2338 5198 2466 5270 quia
2506 5213 2613 5252 non
2653 5196 2932 5252 hircorum
2975 5200 3070 5248 aut
3115 5200 3415 5251 taurorum,
3439 5188 3534 5244 sed
3575 5185 3735 5241 Chri-

2159 5291 2229 5348 sti
2251 5290 2512 5361 sanguine
2531 5295 2650 5346 erat
2676 5287 2787 5342 vita
2817 5285 3082 5342 drmanda.

2245 5380 2370 5436 Vere
2401 5396 2468 5434 ea:
2511 5379 2620 5450 lege
2661 5386 2790 5432 esset
2812 5375 3046 5447 justitia.
3078 5374 3285 5430 Donum
3312 5370 3591 5444 promissa:
3624 5366 3738 5422 hm-
3833 5391 3850 5406 ο

2162 5472 2409 5528 reditatis
2431 5469 2698 5541 justitiam
2719 5466 3068 5531 nominavit,
3098 5480 3163 5520 ac
3195 5465 3240 5520 si
3287 5464 3513 5528 diceret,
3539 5460 3585 5514 si
3610 5459 3739 5515 data

2163 5571 2309 5618 esset
2345 5562 2452 5626 lex,
2493 5576 2612 5630 qua:
2657 5558 2828 5629 possit
2872 5563 3135 5628 prmstare
3169 5555 3357 5618 vit-am,
3402 5560 3457 5608 et
3501 5550 3556 5604 id
3592 5548 3740 5618 quod

2167 5652 2510 5724 repromissio
2561 5651 2920 5729 spoponderat
2966 5646 3240 5713 exhibere,
3279 5657 3404 5699 vere
3449 5639 3743 5716 promissio
