3952 6420
190 312 294 369 445

1036 312 1554 370 COLLECTIONES
1591 312 1661 369 IN
1700 312 2079 372 EPISTOLAS
2120 317 2206 372 ET
2246 318 2656 377 EVANGELIA.

3354 320 3464 376 bili

192 446 293 502 per
334 429 509 501 legem
548 436 826 499 putaretur
848 429 1086 484 exclusa.
1142 428 1296 484 Nunc
1338 437 1516 485 autem
1553 439 1775 500 propter
1800 439 1849 498 Α
1883 451 1901 483 ι
1937 434 2177 505 alligavit
2214 437 2436 492 vulnera
2464 440 2599 509 ejus,
2634 440 2923 496 infundens
2958 442 3136 497 oleum
3169 451 3223 497 ct
3248 443 3453 500 vinum.

196 521 681 589 transgressiones,
709 533 766 573 ut
800 535 963 590 supra
990 520 1246 585 diximus,
1283 521 1459 591 posita
1489 522 1661 592 magis
1680 538 1775 577 eos

194 615 373 684 arguit
409 621 739 684 peccatores,
790 614 987 684 quibus
1030 622 1151 685 post
1200 616 1674 685 repromissioncm
1720 617 1775 671 in

195 705 517 770 custodiam,
548 713 604 759 et
636 714 693 759 ut
722 704 795 758 ita
844 704 1041 766 dicam.
1075 706 1127 759 in
1173 720 1453 762 carcerem
1489 708 1613 762 data
1667 716 1772 772 est,

193 803 257 850 ut
300 795 391 865 qui
426 794 730 867 voluntarie
775 795 1066 850 noluerunt
1111 796 1414 853 innocentis
1459 804 1776 865 exspectare

192 887 521 957 promissum
541 927 557 952 ,
588 886 851 957 legalibus
879 887 1110 943 vinculis
1144 887 1448 958 praepediti,
1482 895 1539 942 et
1574 887 1631 942 in
1660 901 1778 942 ser-

192 977 417 1031 vitutem
450 979 827 1032 mandatorum
866 978 1111 1044 redacti,
1143 980 1552 1034 custodirentur
1581 978 1638 1034 in
1687 979 1779 1033 ad-

190 1076 356 1122 ventu
398 1067 592 1123 futurae
619 1068 744 1124 lidei
772 1068 824 1123 in
855 1067 1090 1135 Christo,
1133 1085 1253 1140 quae
1289 1068 1448 1125 linem
1480 1070 1775 1139 repromis-

192 1160 363 1213 sionis
388 1158 626 1216 all'erret.
814 1167 821 1174 ’

264 1249 370 1305 Sed
399 1249 651 1304 conclusit
673 1251 848 1305 omnia
877 1251 971 1305 sub
992 1260 1224 1320 peccato.
1250 1252 1352 1324 (Ex
1383 1250 1636 1321 Primos.)
1667 1250 1774 1307 Ad-

194 1340 443 1395 veniente
470 1340 707 1405 Christo,
738 1341 831 1410 qui
861 1343 961 1396 sub
1006 1342 1122 1413 lege
1157 1341 1290 1396 Mosi
1336 1351 1509 1403 erant.
1535 1342 1773 1397 conclusi

158 1476 162 1480 .
190 1440 316 1484 sunt
341 1431 442 1485 sub
468 1440 711 1501 peccato,
736 1432 779 1486 si
809 1432 951 1485 ultra
992 1432 1043 1486 in
1074 1432 1207 1501 legis
1236 1433 1610 1487 observatione
1652 1448 1775 1503 per-

192 1534 413 1575 manere
440 1520 728 1576 voluerint.
760 1521 897 1587 Quia
949 1521 1221 1576 maledicti
1271 1523 1363 1591 qui
1406 1524 1611 1578 umbra:
1642 1523 1774 1594 legis

190 1613 570 1677 descrvicrint,
598 1613 826 1667 veritate
866 1623 1150 1682 praesente.
1182 1614 1314 1669 Nam
1345 1623 1401 1670 et
1443 1616 1547 1670 hoc
1586 1624 1772 1670 osten-

191 1706 293 1770 dit,
318 1704 460 1774 quod
505 1720 610 1760 non
642 1707 815 1776 potuit
865 1705 1114 1771 inveniri,
1158 1707 1248 1776 qui
1290 1707 1471 1760 omnia
1501 1715 1769 1777 praecepta

1882 546 1899 576 ι
1941 526 2005 580 Et
2025 528 2473 597 imponensillum
2505 530 2877 599 injumentum
2911 549 3067 588 suum
3095 534 3249 589 duxit
3270 535 3322 588 in
3347 542 3460 589 sta-

1881 634 1899 665 ι
1937 617 2142 676 bulum.
2180 626 2233 674 ct
2267 634 2453 674 curam
2500 621 2616 689 ejus
2645 624 2774 694 egit.
2804 624 2874 679 Et
2899 625 3071 679 alteri
3118 626 3206 681 die
3228 626 3457 697 protulit

1882 726 1899 758 σ
1941 709 2072 763 duos
2101 710 2371 777 denarios,
2402 720 2458 766 et
2491 713 2637 768 dedit
2672 716 2985 782 stabulario,
3013 725 3067 770 et
3098 717 3174 771 ait
3201 735 3214 770 :
3254 716 3453 772 Curam

1882 816 1899 847 ι
1938 797 2079 853 illius
2107 801 2278 864 ha‘ce,
2330 810 2385 855 et
2422 804 2779 873 quodcunque
2815 810 3325 878 supercrogaveris,
3357 823 3458 877 ego

1881 905 1900 937 ι
1934 904 2054 942 cum
2078 891 2290 945 rediero
2305 891 2523 946 reddam
2554 894 2668 948 tibi.
2687 894 2818 961 Quis
2835 896 3029 950 horum
3055 897 3218 950 trium
3240 897 3457 952 videtur

1882 996 1899 1027 ι
1936 978 2031 1033 tibi
2070 981 2351 1048 proximus
2395 982 2561 1039 fuisse
2605 984 2701 1050 illi,
2732 985 2824 1055 qui
2858 986 3047 1041 incidit
3091 987 3145 1044 in
3179 988 3458 1043 latrones?

1879 1091 1897 1121 ι
1934 1072 2004 1126 At
2034 1072 2121 1127 ille
2144 1075 2281 1129 dixit
2310 1076 2455 1144 :‘Qui
2492 1078 2622 1133 fecit
2661 1079 3089 1135 misericordiam
3111 1081 3166 1135 in
3191 1080 3361 1137 illum.
3389 1082 3456 1137 Et

1880 1183 1900 1231 ι
1938 1166 2012 1219 ait
2050 1165 2125 1220 illi
2152 1165 2310 1223 Jesus
2342 1188 2355 1223 :
2383 1171 2531 1225 Vade
2575 1178 2630 1225 et
2666 1170 2752 1227 fac
2779 1172 3046 1227 similiter.
3079 1191 3097 1225 ι

1946 1278 2095 1333 Beati
2128 1280 2266 1335 oculi
2296 1284 2387 1354 qui
2413 1284 2583 1337 vident
2608 1302 2727 1356 qua:
2766 1302 2852 1339 vos
2883 1286 3086 1341 videtis.
3127 1288 3228 1359 (Ex
3260 1287 3453 1355 Beda.)

1872 1367 1988 1422 Non
2037 1369 2175 1423 oculi
2204 1369 2516 1426 Scribarum
2556 1384 2611 1428 et
2661 1373 3080 1440 Pharisazorum,
3116 1376 3208 1447 qui
3264 1392 3461 1446 corpus

1874 1456 2084 1512 Domini
2131 1467 2338 1514 tantum
2394 1463 2677 1528 viderunt,
2707 1464 2802 1519 sed
2840 1465 2917 1518 illi
2963 1466 3106 1521 beati
3153 1467 3330 1531 oeuli,
3363 1468 3455 1535 qui

1871 1548 1987 1616 ejus
2028 1560 2253 1620 possunt
2281 1567 2609 1621 cognoscere
2636 1563 3006 1620 sacramenta,
3039 1557 3105 1611 de
3153 1556 3351 1626 quibus
3377 1556 3459 1612 di-

1873 1641 2017 1694 citur
2048 1660 2064 1695 :
2093 1640 2159 1694 Et
2212 1641 2449 1695 revelasti
2491 1661 2553 1696 ea
2606 1643 2840 1713 parvulis
2892 1644 3119 1717 (Matth.
3159 1646 3278 1716 χι),
3313 1646 3459 1705 beati

1873 1730 2011 1784 oculi
2042 1731 2384 1799 parvulorum
2406 1772 2421 1798 ,
2455 1733 2653 1802 quibus
2679 1743 2735 1790 et
2768 1750 2827 1790 se
2855 1743 2911 1790 et
2928 1734 3146 1792 Patrem
3176 1737 3345 1794 Filius
3370 1752 3459 1795 re-

191 1795 326 1866 legis
357 1795 621 1864 impleret.
670 1795 796 1849 Sive
845 1796 1100 1851 conclusa
1127 1797 1199 1850 sit
1235 1797 1367 1850 dicit
1397 1797 1498 1851 sub
1522 1806 1766 1865 peccato,
1798 1778 1847 1837 Β

191 1883 247 1941 id
267 1893 371 1948 est,
400 1883 751 1953 deprehendit
786 1885 963 1939 omnia
995 1887 1096 1939 sub
1138 1894 1362 1955 peccato
1389 1901 1510 1940 esse
1558 1886 1773 1941 conclu-

191 1988 283 2047 sa,
323 1984 383 2029 ut
424 1983 702 2045 peccatum
746 1975 846 2030 nis'
898 1975 953 2029 in
1011 1975 1232 2030 Christo
1280 1976 1564 2030 credentes
1607 1975 1772 2030 decli-

190 2081 326 2121 nare
367 2082 472 2121 non
506 2067 735 2137 possint,
765 2076 820 2121 et
866 2066 945 2121 sic
984 2082 1205 2121 necesse
1237 2075 1401 2133 esset,
1432 2075 1490 2120 ut
1534 2082 1634 2136 per
1678 2081 1769 2122 so-

190 2160 296 2214 lam
326 2160 484 2215 lidem
513 2162 580 2215 ad
626 2162 947 2230 promissam
977 2161 1207 2236 salutem
1255 2160 1606 2229 pervenirent
1651 2175 1772 2215 cre-

190 2249 400 2305 dentes.
431 2251 561 2305 Item
586 2250 857 2316 conclusi,
892 2251 946 2306 id
972 2258 1083 2317 est,
1116 2251 1170 2305 in
1207 2250 1374 2304 multa
1417 2250 1663 2305 distracti
1701 2266 1766 2306 ex

190 2341 418 2396 diversis
444 2342 932 2403 observationibus,
967 2340 1213 2410 occupati
1238 2342 1291 2395 in
1326 2341 1512 2395 schola
1541 2340 1674 2412 legis
1702 2342 1771 2396 ad

191 2432 493 2487 doctrinam
524 2432 646 2487 ﬁdei
676 2432 1184 2502 servabamur,qu:e
1216 2431 1419 2486 Christi
1469 2439 1587 2486 erat
1633 2441 1770 2486 tem-

190 2538 324 2592 pore
360 2523 665 2578 revelanda.

264 2611 330 2666 Ut
352 2615 628 2684 promissio
661 2630 725 2669 ex
768 2614 874 2683 fide
902 2612 1033 2668 Iesu
1064 2614 1259 2669 Christi
1288 2615 1505 2670 daretur
1548 2616 1769 2670 creden-

190 2704 347 2757 tibus.
383 2704 483 2774 (Ex
514 2705 758 2776 Hieron.)
793 2705 845 2759 ιιι
875 2714 977 2765 est.
1022 2721 1242 2761 necesse
1272 2715 1414 2761 esset
1442 2708 1555 2763 sola
1586 2716 1644 2761 ut
1666 2707 1770 2764 fide

188 2797 389 2853 Christi
444 2798 675 2853 salvaret
706 2799 1008 2854 credentes.
1060 2798 1172 2855 Nec
1216 2816 1346 2854 vero
1396 2802 1770 2856 aestimandum

189 2892 516 2961 scripturam
561 2900 835 2947 auctorem
868 2906 989 2945 esse
1017 2892 1245 2961 peccati,
1275 2893 1402 2961 quia
1452 2893 1633 2947 omnia
1669 2893 1770 2947 sub

189 2989 415 3050 peccato
454 2981 786 3036 conclusisse
831 2981 1066 3046 dicatur,
1112 2996 1236 3035 cum
1281 2982 1595 3035 mandatum
1625 2983 1770 3050 quod

190 3090 255 3130 ex
276 3072 398 3140 jure
427 3073 761 3143 prmcipitur,
798 3072 1048 3128 ostendat
1079 3073 1259 3143 potius
1294 3082 1593 3144 arguatque
1642 3089 1769 3143 pec-

189 3172 369 3219 catum
389 3205 404 3231 ,
443 3180 606 3234 quam
635 3165 707 3220 sit
754 3179 919 3220 caiisa
961 3164 1187 3235 peccati.
1218 3163 1498 3231 Quomodo
1523 3173 1579 3218 et
1602 3163 1767 3232 iudex

189 3272 297 3311 non
331 3265 414 3312 est
442 3264 626 3311 auctor
664 3257 884 3313 sceleris
923 3271 1155 3327 nequam
1187 3256 1435 3311 homines
1459 3256 1762 3321 vinciendo,

192 3346 287 3401 sed
313 3346 585 3402 concludit
612 3361 707 3402 eos
743 3354 799 3402 et
830 3354 1086 3402 nocentes
1130 3345 1411 3401 sententia)
1441 3360 1550 3400 sua:
1579 3353 1767 3400 aucto—

192 3437 353 3491 ritate
384 3440 728 3506 pronuntiat;
760 3446 820 3492 ut
849 3434 1063 3493 debitos
1096 3454 1270 3508 poenae
1313 3437 1644 3509 indulgentia
1674 3453 1770 3508 po-

192 3539 306 3586 stea
325 3571 340 3597 ,
376 3531 422 3586 si
445 3531 693 3596 voluerit,
718 3531 1051 3603 principalis
1066 3531 1327 3586 absolvat.

574 3637 910 3677 nvmcsuuu
949 3637 1131 3686 LUC/tt,
1171 3637 1290 3678 car.
1332 3638 1385 3676 ι.

269 3730 288 3762 ι
334 3712 479 3767 Beati
513 3712 655 3768 oculi
689 3712 783 3783 qui
810 3712 1016 3768 vident
1065 3729 1185 3783 qua:
1222 3727 1321 3768 vos
1371 3713 1588 3767 videtis.
1638 3713 1772 3767 Dico

196 3821 221 3857 ι
257 3805 401 3859 enim
437 3806 611 3871 vobis,
656 3805 799 3875 quod
831 3805 984 3858 multi
1011 3820 1166 3875 reges
1190 3812 1247 3859 et
1271 3806 1549 3874 prophetae
1587 3803 1773 3859 voluc—

196 3914 219 3947 r
256 3903 379 3951 runt
406 3896 591 3953 videre
626 3911 746 3965 quae
780 3911 876 3951 vos
905 3895 1120 3960 videtis,
1152 3902 1208 3950 et
1253 3910 1359 3949 non
1393 3895 1662 3959 viderunt,
1718 3901 1773 3949 et

197 4007 216 4038 ε
253 3986 438 4042 audire
458 4003 578 4057 quae
604 3986 804 4043 auditis
826 3994 1010 4041 etnon
1037 3984 1344 4039 audierunt.
1394 3985 1460 4039 Et
1486 4000 1614 4040 ecce
1646 3983 1770 4052 qui-

196 4095 215 4127 ‹
257 4077 377 4130 dam
402 4075 749 4155 legisperitus
769 4075 1025 4140 surrexit,
1059 4083 1274 4130 tentans
1296 4075 1446 4129 illum
1467 4083 1524 4129 et
1550 4074 1768 4129 dicens:

198 4186 216 4217 ι
259 4166 531 4237 Magister,
562 4166 690 4237 quid
733 4165 980 4221 faciendo
1028 4167 1194 4221 vitam
1244 4173 1498 4219 attentam
1534 4163 1773 4234 posside-

196 4276 215 4308 ι
253 4257 352 4311 Ξ·ο⁴ἒ
375 4255 446 4310 At
477 4255 566 4310 ille
604 4255 743 4310 dixit
770 4256 836 4309 ad
866 4270 989 4309 eum
1017 4273 1029 4308 :
1059 4254 1116 4308 in
1171 4254 1287 4324 lege
1335 4254 1464 4322 quid
1509 4253 1772 4322 scriptum

196 4365 214 4397 ι
253 4347 371 4401 cst?
416 4345 694 4411 Quomodo
724 4344 891 4413 legis?
920 4343 1013 4398 llle
1053 4343 1382 4413 respondens
1430 4336 1580 4397 dixit'
1599 4359 1611 4395 :
1642 4341 1775 4396 Dili-

195 4459 213 4490 s
255 4453 350 4507 ges
377 4434 665 4490 Dominum
692 4435 862 4489 Deum
895 4442 1044 4490 tuum
1089 4451 1154 4489 es
1191 4442 1302 4489 toto
1346 4429 1510 4489 corde
1557 4443 1666 4500 tuo,
1702 4448 1769 4489 ex

195 4550 214 4580 ι
258 4536 366 4583 tota
395 4527 574 4582 anima
601 4537 711 4594 tua,
741 4536 796 4583 et
841 4543 909 4584 ex
937 4528 1189 4585 omnibus
1212 4528 1418 4583 viribus
1448 4528 1572 4592 tuis,
1605 4537 1660 4584 et
1702 4544 1771 4583 ex

193 4639 215 4669 ι
253 4617 398 4672 omni
424 4626 604 4672 mente
633 4624 812 4683 tua,et
838 4619 1143 4688 proximum
1174 4628 1325 4673 tuum
1345 4619 1486 4674 sicut
1515 4620 1766 4690 teipsum.

197 4732 215 4762 ι
254 4712 506 4782 Dixitque
541 4711 617 4767 illi
650 4730 664 4766 :
696 4711 861 4767 Recte
888 4711 1229 4781 respondisti.
1266 4711 1378 4768 Hoc
1404 4710 1489 4767 fac
1513 4721 1569 4768 et
1597 4713 1766 4769 vives.

197 4821 216 4854 ι
257 4801 348 4856 ille
387 4812 569 4857 autem
599 4803 782 4859 volens
802 4803 1104 4874 justilicare
1138 4805 1506 4875 semetipsum,
1537 4806 1674 4861 dixit
1701 4806 1769 4860 ad

198 4911 217 4946 ι
254 4891 437 4949 Jcsum
472 4913 484 4949 :
518 4895 585 4949 Et
628 4896 749 4965 quis
795 4904 879 4951 est
917 4910 1070 4952 meus
1097 4897 1417 4967 proximus?
1454 4897 1768 4967 Suspiciens

196 5005 216 5039 ι
253 4996 430 5041 autem
460 4985 615 5042 Jesus
642 4988 811 5042 dixit:
850 4985 1022 5042 Homo
1050 4987 1266 5057 quidam
1304 4989 1663 5044 descendebat
1703 4988 1772 5043 ab

195 5097 217 5132 ι
256 5078 592 5136 Hierusalem
632 5079 687 5135 in
712 5078 952 5147 Iericho,
981 5089 1037 5134 et
1060 5081 1248 5136 incidit
1276 5082 1331 5135 in
1377 5083 1633 5136 latrones.
1666 5080 1768 5148 Qui

196 5186 218 5220 ι
255 5169 419 5223 etiam
470 5169 890 5239 dispoliaverunt
951 5185 1113 5237 eum,
1168 5179 1224 5225 et
1279 5172 1452 5243 plagis
1503 5173 1770 5243 impositis

196 5279 216 5313 ι
254 5260 503 5315 abierunt
524 5263 783 5317 semiviro
821 5263 1028 5317 relicto.
1059 5260 1270 5319 Accidit
1296 5274 1477 5319 autem
1502 5273 1561 5318 ut
1586 5280 1769 5320 sacer-

197 5369 217 5402 ι
255 5352 352 5406 dos
388 5352 606 5422 quidam
662 5353 1011 5408 descenderet
1054 5353 1241 5408 eadem
1283 5354 1390 5418 via,
1432 5362 1486 5409 et
1512 5355 1630 5410 viso
1677 5356 1768 5411 illo

197 5459 216 5491 ι
256 5442 567 5509 praeterivit.
593 5439 854 5496 Similiter
882 5451 937 5498 et
963 5442 1152 5497 Levita
1174 5460 1299 5499 cum
1325 5453 1470 5500 esset
1507 5460 1664 5523 secus
1694 5446 1768 5502 lo-

197 5553 214 5583 ι
255 5550 399 5599 rum,
423 5544 478 5587 et
498 5534 705 5588 videret
723 5548 869 5599 eum,
900 5535 1234 5604 pertransiit.
1273 5534 1649 5592 Samaritanus
1669 5555 1765 5593 au-

196 5642 212 5670 ι
255 5634 359 5676 tem
401 5624 616 5693 quidam
647 5624 751 5679 iter
788 5623 1014 5690 faciens,
1057 5626 1205 5679 venit
1250 5642 1405 5682 secus
1430 5642 1574 5692 eum,
1606 5637 1660 5683 et
1685 5630 1762 5682 vi-

196 5731 213 5763 ι
254 5714 384 5768 .{cns
416 5730 557 5783 cum,
590 5714 956 5770 misericordia
986 5722 1161 5769 motus
1182 5724 1283 5785 est,
1335 5726 1388 5771 ct
1434 5722 1759 5789 appropiaus

1959 1912 2091 1967 Dico
2119 1923 2295 1967 autem
2330 1914 2485 1972 robis.
2518 1915 2657 1983 quod
2702 1914 2855 1968 multi
2895 1928 3040 1983 reges
3087 1923 3135 1966 et
3189 1914 3457 1979 propheta:

1877 2005 2158 2060 uoluerunt
2188 2005 2356 2059 videre
2386 2022 2505 2075 quia
2534 2023 2624 2062 vos
2673 2007 2884 2068 videtis,
2918 2016 2966 2061 et
2998 2022 3099 2060 non
3126 2004 3389 2066 viderunt,
3408 2015 3456 2056 et

1874 2099 2063 2155 audire
2082 2116 2200 2169 qua:
2221 2101 2440 2162 auditis,
2474 2111 2521 2154 et
2540 2116 2643 2154 non
2665 2100 2968 2154 audierunt.
2998 2098 3261 2154 Abraham
3277 2096 3458 2152 exsul-

1877 2193 2002 2246 tavit
2027 2202 2084 2245 ut
2109 2192 2303 2246 rideret
2332 2193 2466 2246 diem
2508 2192 2746 2256 Christi,
2784 2201 2839 2247 et
2866 2193 2996 2248 vidit
3041 2203 3091 2249 et
3138 2194 3348 2264 gavisus
3378 2203 3458 2249 est

1866 2284 2058 2355 (Joan.
2080 2300 2198 2348 \'lll,
2218 2285 2336 2355 56).
2355 2286 2522 2341 lsaias
2540 2301 2761 2356 quoque
2780 2284 2938 2357 (Isai.
2956 2302 3049 2354 vi),
3069 2295 3123 2341 et
3140 2285 3387 2349 Michrea,
3404 2293 3460 2339 rt

1876 2380 2033 2434 multi
2062 2378 2149 2433 alii
2171 2380 2455 2449 propheta:
2477 2380 2967 2448 videruutgloriam
2992 2379 3231 2444 Domini,
3267 2379 3362 2437 sed
3404 2379 3456 2433 bi

1877 2486 2074 2526 omnes
2103 2487 2132 2524 a
2163 2470 2325 2543 longe
2364 2488 2463 2543 per
2508 2474 2792 2543 speculum
2815 2484 2871 2529 et
2897 2475 2952 2529 in
2986 2473 3274 2545 aenigmate
3299 2471 3459 2527 vide-

1872 2562 2017 2608 runt.
2045 2554 2284 2624 Apostoli
2321 2565 2502 2612 autem
2533 2557 2587 2611 in
2614 2558 3023 2629 praesentiarum
3049 2558 3306 2612 habentes
3346 2557 3454 2612 Do-

1872 2647 2075 2701 minum
2101 2658 2591 2720 convescentesque
2617 2651 2689 2717 ei,
2715 2658 2783 2706 et-
2800 2665 3136 2722 qumcunque
3157 2650 3457 2706 voluissent

1872 2739 2255 2810 interrogando
2282 2742 2551 2798 discentes
2579 2742 2717 2815 (Act.
2750 2741 2813 2816 ι).

1943 2831 2011 2884 Et
2041 2849 2155 2886 ecce
2179 2833 2397 2904 quidam
2436 2834 2763 2907 legisperitus
2788 2839 3041 2903 surrexit,
3069 2845 3274 2891 tentans
3306 2834 3454 2890 illum

1869 2931 1917 2975 et
1953 2921 2179 2976 dicens:
2219 2922 2494 2994 Magister,
2531 2925 2659 2997 quid
2707 2925 2948 2991 faciendo
2998 2928 3155 2980 vitam
3205 2935 3456 2980 a'ternam

1870 3012 2184 3083 possidebo?
2223 3013 2593 3085 Legisperitus
2623 3016 2714 3086 qui
2754 3017 2820 3071 de
2862 3016 2974 3070 vita
3020 3024 3223 3070 mterna
3265 3015 3451 3069 Domi—

1872 3120 2001 3159 num
2048 3112 2264 3159 tentans
2293 3104 2613 3176 interrogat,
2659 3106 3026 3171 occasionem,
3059 3112 3121 3158 ut
3170 3119 3316 3168 reor,
3348 3113 3458 3158 ten-

1871 3195 2015 3249 tandi
2044 3195 2109 3249 de
2140 3195 2269 3266 ipsis
2297 3194 2508 3250 Domini
2548 3196 2889 3251 sermonibus
2928 3196 3180 3266 sumpsit,
3203 3195 3293 3250 ubi
3326 3195 3402 3249 ait
3437 3213 3453 3249 :

1868 3280 2102 3339 Gaudete
2136 3295 2310 3339 autent
2354 3286 2493 3358 quod
2540 3288 2753 3340 nomina
2790 3296 2960 3341 vestra
3007 3287 3200 3356 scripta
3225 3286 3277 3339 iu
3316 3286 3457 3340 cmlis

1866 3382 2011 3441 sunt,
2040 3373 2135 3429 sed
2188 3375 2303 3445 ipsa
2347 3391 2442 3430 sua
2489 3377 2788 3432 tentatione
2833 3377 3097 3441 declarat,
3132 3393 3294 3447 quam
3322 3392 3452 3431 vera

1868 3466 1939 3522 sit
1971 3466 2060 3520 illa
2086 3465 2302 3520 Domini
2330 3466 2621 3533 coal'essio,
2649 3484 2755 3538 qua
2783 3466 2936 3522 Patri
2974 3467 3218 3537 loquitur
3246 3485 3258 3521 :
3295 3465 3455 3533 Quod

1784 3597 1790 3602 .
1871 3555 2189 3611 abscondisti
2215 3558 2326 3611 lucc
2364 3576 2396 3611 α
2422 3558 2742 3629 sapientibus
2764 3567 2812 3613 et
2838 3557 3209 3630 prudentibus,
3231 3567 3280 3613 et
3322 3574 3461 3613 reve-

1868 3646 1989 3702 lasti
2017 3667 2077 3705 ea
2098 3650 2352 3721 parvulis.

1940 3760 2004 3814 At
2037 3760 2125 3816 ille
2164 3763 2298 3816 dixit
2328 3762 2397 3817 ad
2431 3779 2549 3818 eum
2577 3760 2597 3818 ἐ
2630 3762 2698 3818 1η
2727 3761 2837 3834 lege
2881 3763 3008 3835 quid
3054 3764 3307 3835 scriptum
3343 3763 3463 3819 est?

1872 3850 2145 3918 Quomodo
2176 3852 2345 3924 legis?
2391 3852 2493 3907 Ille
2524 3854 2841 3922 respondens
2870 3854 3029 3919 dixit,
3068 3862 3176 3910 etc.
3214 3854 3353 3909 Dum
3385 3854 3463 3910 le-

1869 3942 2127 4011 gisperito
2180 3943 2496 4011 respondet,
2537 3942 2837 4013 perfectum
2877 3943 3035 4000 nobis
3074 3942 3324 3999 Salvator
3357 3945 3463 4001 iter

1870 4033 1995 4086 vitm
2018 4032 2255 4087 caelestis
2278 4034 2534 4096 ostendit,
2561 4033 2646 4087 cui
2674 4034 2850 4103 primo
2874 4035 2928 4088 in
2954 4034 3248 4090 dilectione
3271 4034 3368 4089 Dei
3403 4040 3462 4090 et

1870 4122 2101 4192 proximi
2128 4122 2259 4193 legis
2306 4123 2509 4192 scripta
2537 4124 2861 4193 proponenti
2895 4124 3027 4180 dicit
3056 4138 3071 4178 :

1941 4230 2093 4286 Recte
2129 4232 2462 4302 respondisti,
2514 4233 2613 4288 hoc
2665 4234 2751 4303 {ac
2799 4244 2847 4288 et
2893 4235 3046 4289 vives.
3103 4233 3462 4304 Apertissilno

1873 4322 2195 4388 declarans,
2230 4322 2402 4378 solam
2450 4338 2574 4379 esse
2608 4324 2972 4389 dilectionem,
3023 4334 3083 4381 et
3127 4326 3302 4395 ipsam
3351 4342 3459 4382 non

1872 4415 2037 4470 verbo
2085 4422 2241 4470 tenus
2261 4423 2618 4482 ostentata,
2646 4417 2741 4471 sed
2769 4422 2950 4487 Operis
2984 4418 3307 4475 executione
3333 4433 3462 4489 pro-

1874 4509 2074 4573 batam,
2107 4523 2229 4578 quas
2251 4515 2569 4578 perpetuam
2606 4509 2768 4563 ducat
2790 4508 2857 4562 ad
2887 4508 3073 4563 vitam.

1943 4599 2046 4655 Ille
2070 4608 2247 4653 autem
2288 4597 2463 4654 uolens
2482 4599 2782 4670 justiﬁeare
2802 4600 3063 4671 seipsum,
3089 4600 3223 4655 dixit
3252 4600 3322 4655 ad
3367 4599 3462 4658 Je-

1870 4708 1988 4746 sum
2017 4707 2034 4745 :
2062 4689 2194 4757 Quis
2214 4699 2288 4745 est
2318 4707 2465 4746 meus
2491 4692 2785 4761 pmximus.
2815 4690 2912 4746 Cui
2938 4690 3180 4761 profecto
3200 4691 3463 4749 Dominus

1872 4784 1946 4838 ita
1979 4796 2299 4852 responsum
2328 4784 2655 4853 temperavit
2676 4800 2858 4850 suum,
2897 4792 2959 4839 ut
2985 4792 3041 4839 et
3068 4784 3340 4841 horninem
3365 4786 3459 4855 qui

1873 4874 2299 4931 misericordiam
2336 4874 2562 4940 faceret,
2605 4875 2829 4932 cuilibet
2864 4876 3172 4945 proximum
3213 4878 3456 4931 doceret.

1873 4970 1942 5025 Et
1962 4977 2140 5023 tamen
2173 4968 2290 5024 haec
2310 4969 2498 5024 eadem
2523 4968 2784 5038 parabola
2811 4967 3119 5038 specialiter
3154 4968 3329 5038 ipsum
3362 4969 3459 5024 Dei

1874 5059 2089 5123 Filium,
2115 5058 2207 5129 qui
2234 5058 2389 5114 nobis
2433 5074 2531 5129 per
2576 5058 2968 5116 humanitatem
3013 5060 3296 5129 proximus
3333 5058 3457 5116 ﬁeri

1872 5150 2125 5221 dignatus
2149 5157 2233 5204 est
2258 5149 2586 5219 designaret.

1944 5259 2245 5330 Suscipiens
2274 5268 2452 5313 autem
2482 5258 2641 5315 Iesus
2687 5259 2825 5315 dixit
2855 5274 2875 5313 :
2918 5259 3094 5316 Homo
3122 5260 3338 5333 quidam
3364 5259 3457 5314 de-

1871 5351 2148 5407 scendebat
2169 5351 2234 5405 ab
2268 5350 2600 5406 Hierusalem
2622 5354 2677 5407 in
2698 5352 2931 5407 Iericho.
2966 5352 3139 5407 Homo
3159 5352 3262 5407 iste
3279 5349 3456 5404 Adam

1869 5444 2187 5515 intelligitur
2225 5444 2279 5498 in
2330 5456 2527 5515 genere
2576 5443 2832 5511 humano,
2880 5443 3214 5499 Hierusalem
3260 5441 3453 5497 civitas

1869 5537 2017 5607 pacis
2057 5536 2147 5591 illa
2193 5535 2463 5600 cmicstis,
2505 5549 2536 5589 a
2580 5534 2736 5605 cujus
2778 5536 3111 5592 beatitudine
3162 5533 3345 5602 lapsus
3393 5531 3451 5586 in

1869 5630 2008 5683 hanc
2055 5626 2338 5681 mortalem
2387 5626 2751 5696 miseramque
2774 5627 2938 5679 vitam
2989 5623 3241 5685 devenit,
3287 5635 3455 5689 quam

1868 5724 2004 5778 bene
2030 5720 2264 5786 lericho,
2304 5734 2423 5789 qum
2453 5719 2577 5774 luna
2615 5721 3001 5790 interpretatur
3029 5715 3317 5789 signiticat.
3343 5710 3443 5769 Va-
