3952 6414
484 304 588 360 N7

1785 288 2140 351 SMARAGDl
2176 291 2469 348 ABBATIS

3645 287 3760 348 με

487 416 585 470 riis
604 413 852 470 videlicet
873 409 1177 466 defectuum
1197 408 1494 473 laboribus,
1512 407 1897 478 erroribusquc
1920 422 2062 463 sem-
2087 410 2140 470 Α
2165 412 2251 459 tus
2276 412 2391 471 est,
2423 404 2478 458 in
2501 416 2610 473 quo
2634 401 2878 458 saucium
2908 400 3197 473 imposuit,
3232 400 3361 473 quia
3388 410 3617 473 peccata
3649 420 3758 458 no-

484 523 585 578 per
609 507 892 561 incertam.

555 597 629 652 Et
653 595 834 651 incidit
864 596 921 649 in
961 593 1210 647 latrones.
1240 591 1523 657 Latrones,
1554 590 1828 646 diabolum
1870 598 1925 644 et
1967 604 2066 642 au-

486 687 636 758 gelos
677 685 795 756 ejus
829 684 1087 754 intellige,
1121 684 1174 737 in
1224 698 1360 752 quos
1404 681 1495 752 qui
1526 679 1881 736 descendebat
1930 677 2066 733 inci—

487 777 586 831 dit.
618 774 753 829 Nam
789 774 892 829 nisi
936 775 1087 844 prius
1122 774 1267 828 intus
1305 773 1728 835 intumesceret,
1780 768 1914 824 foris
1951 778 2067 824 ten-

488 873 634 920 tatus
668 874 778 919 tam
826 864 984 920 facile
1033 880 1140 918 non
1180 864 1414 928 cederet,
1463 877 1590 917 vera
1628 870 1714 915 est
1754 860 1899 915 enim
1936 860 2069 914 satis

486 955 775 1019 sententia,
812 970 933 1026 qua:
973 955 1146 1010 dicit:
1188 956 1321 1009 Ante
1370 969 1579 1008 ruinam
1614 953 1757 1007 enim
1799 950 2071 1006 exaltatur

486 1063 580 1101 cor
608 1044 790 1119 (Prov.
819 1046 955 1119 xvi).

563 1139 671 1205 Qui
700 1140 858 1194 etiam
880 1137 1288 1209 dispoliaverunt
1315 1152 1453 1190 eum.
1480 1133 1662 1191 Gloria
1693 1132 1945 1188 videlicet
1967 1131 2070 1186 im-

491 1232 837 1287 mortalitatis
866 1239 919 1286 et
948 1230 1272 1285 innocentire
1300 1237 1451 1283 veste
1485 1229 1792 1298 privarunt.
1832 1225 1958 1280 Hinc
1988 1232 2073 1280 est

490 1323 635 1379 enim
658 1322 831 1394 prima
868 1322 1026 1385 stola,
1054 1336 1158 1391 qua
1180 1320 1334 1391 juxta
1364 1318 1526 1373 aliam
1555 1316 1873 1388 parabolam
1910 1315 2073 1369 luxu-

491 1414 670 1468 riosus
694 1412 837 1468 ﬁlius
869 1426 966 1481 per
1001 1409 1377 1482 pmuitentiam
1424 1408 1640 1463 rediens
1668 1414 1895 1461 ematur
1918 1403 2068 1477 (Luc.

492 1503 614 1574 xv),
675 1511 730 1557 et
779 1518 884 1573 qua
927 1500 1243 1571 protoplasti
1293 1500 1488 1553 amissa
1541 1503 1913 1566 cognoverunt
1953 1509 2075 1549 esse

493 1611 553 1651 se
579 1594 751 1651 nudos
775 1635 791 1661 ,
838 1595 1153 1663 tunicasque
1186 1590 1428 1663 pellicias
1457 1598 1665 1645 natura:
1699 1586 1944 1643 mortalis
1991 1586 2074 1640 in-

493 1686 609 1743 duti
637 1695 764 1742 sunt
787 1684 939 1757 (Gen.
963 1683 1070 1751 ιιι).

2164 505 2277 552 stra
2307 496 2541 565 portavit
2576 494 2630 549 in
2659 508 2889 564 corpore
2917 509 3017 549 suo
3045 509 3210 564 super
3236 494 3444 565 lignum
3465 534 3481 559 ,
3514 503 3570 549 et
3593 495 3756 566 juxta

2167 588 2328 642 aliam
2364 586 2678 658 parabolam
2716 586 2992 640 inventam
3015 624 3032 650 ,
3070 600 3194 655 qum
3243 592 3556 649 erraverat,
3593 600 3758 639 ovem

2166 680 2409 735 humeris
2434 678 2548 734 suis
2572 677 2878 748 impositam
2900 717 2915 742 ,
2946 677 3242 747 reportavit
3263 676 3332 731 ad
3357 692 3574 749 gregem
3597 675 3758 748 (Luc.

2168 786 2237 825 xv
2260 770 2300 841 ).
2329 770 2514 839 Itaque
2548 768 2750 839 imponi
2774 766 3022 836 iumento
3046 776 3170 833 est.,
3203 767 3258 822 in
3288 768 3461 837 ipsam
3498 767 3756 822 incarna-

2169 862 2373 917 tionem
2404 859 2607 916 Christi
2652 859 2909 922 credere,
2949 856 3174 927 ejusque
3226 858 3501 929 mysteriis
3549 857 3759 911 initiari

2168 951 2360 1016 simul,
2391 961 2447 1005 et
2473 950 2543 1005 ab
2570 949 2744 1005 hostis
2764 949 3073 1003 incursione
3101 948 3289 1003 tutari.
3333 947 3621 1003 Stabulum
3651 963 3758 1001 au-

2171 1055 2280 1098 tem
2322 1050 2407 1097 est
2441 1040 2678 1096 Ecclesia
2715 1056 2989 1111 prmsens,
3029 1040 3120 1094 ul;i
3162 1039 3480 1120 reficiuntur
3515 1039 3761 1093 viatores

2172 1134 2241 1189 de
2282 1136 2718 1205 peregrinatione
2786 1137 2891 1191 hac
2959 1136 3013 1191 in
3063 1143 3325 1191 atternam
3376 1136 3608 1206 patriam
3648 1128 3758 1189 re-

2174 1228 2433 1292 dcuntes,
2471 1234 2526 1282 et
2560 1228 2700 1283 bene
2728 1227 2976 1296 iumento
3013 1228 3326 1297 impositum
3366 1228 3521 1283 duxit
3556 1227 3610 1281 in
3648 1236 3762 1281 sta-

2172 1318 2391 1382 bulum,
2446 1318 2574 1387 quia
2620 1333 2781 1374 nemo
2827 1319 2931 1374 nisi
2986 1319 3325 1388 baptizatus,
3382 1317 3489 1373 nisi
3538 1318 3761 1387 corpori

2174 1407 2375 1463 Christi
2404 1409 2687 1474 adunatus,
2719 1408 3017 1464 Eeclesiam
3048 1409 3287 1463 intrabit.

2248 1499 2315 1552 Et
2342 1499 2509 1553 altera
2534 1500 2618 1553 die
2641 1500 2858 1570 protulit
2883 1499 3014 1554 duos
3037 1500 3303 1565 denarios,
3327 1508 3434 1555 etc.
3458 1498 3641 1553 Altera
3669 1500 3764 1555 die

2175 1601 2299 1663 post
2314 1592 2522 1647 Domini
2546 1592 2996 1647 resurrectionem
3015 1633 3031 1659 ,
3056 1608 3180 1646 nam
3201 1600 3256 1646 et
3276 1600 3402 1646 ante
3420 1592 3638 1661 quidem
3663 1607 3766 1661 per

2179 1683 2451 1753 Evangelii
2474 1682 2554 1737 sui
2583 1682 2812 1751 gratiam
2840 1682 3240 1737 illuminaverat
3274 1682 3363 1736 his
3397 1681 3489 1751 qui
3519 1683 3575 1736 in
3603 1691 3762 1736 tene-

568 1777 635 1831 Et
680 1778 849 1848 plagis
893 1776 1166 1848 impositis.
1214 1774 1393 1844 Plaga:
1418 1782 1637 1843 peccata
1682 1779 1842 1836 sunt,
1879 1769 2077 1840 quibus
2103 1762 2150 1820 Β
2177 1774 2292 1828 bris
2320 1781 2375 1828 et
2402 1773 2454 1827 in
2485 1774 2674 1828 umbra
2700 1774 2892 1828 mortis
2922 1774 3204 1838 sedebant,
3235 1774 3328 1828 sed
3355 1774 3556 1843 potior,
3574 1787 3764 1828 resur-

494 1877 705 1923 natura‘.
749 1870 999 1923 humana:
1030 1867 1393 1937 integritatem
1433 1864 1682 1919 violando
1724 1860 2078 1917 seminarium

494 1960 782 2029 quoddam,
814 1966 872 2011 ut
895 1958 967 2011 ita
999 1957 1193 2021 dicam,
1223 1954 1481 2026 augendm
1524 1954 1715 2008 mortis
1748 1951 1908 2008 fessis
1936 1949 2080 2005 indi-

495 2050 624 2104 dere
652 2047 971 2102 visceribus.

568 2139 847 2193 Abierant.
887 2137 1152 2192 Ahieruut
1180 2145 1362 2192 autem
1394 2152 1500 2191 non
1535 2136 1603 2190 ab
1635 2134 1846 2189 insidiis
1876 2133 2081 2204 aliqua-

501 2242 658 2289 tenus
685 2230 965 2297 cessando,
982 2229 1075 2285 sed
1096 2230 1166 2285 ad
1178 2229 1489 2284 earumdem
1517 2227 1833 2283 insidiarum
1867 2225 2082 2282 fraudes

496 2322 837 2381 occultando.

573 2413 827 2469 Semivivo
880 2410 1078 2466 relicto.
1142 2408 1473 2465 Semivivum
1536 2407 1904 2478 reliquerunt,
1954 2407 2082 2477 quia

498 2504 889 2561 beatitudinem
925 2503 1049 2557 vita:
1076 2502 1399 2557 immortalis
1444 2516 1660 2565 exuere,
1689 2499 1783 2555 sed
1824 2515 1930 2555 non
1960 2516 2083 2556 sen-

502 2611 624 2651 sum
668 2595 895 2662 rationis
925 2594 1140 2648 abolere
1166 2593 1467 2649 valuerunt.
1499 2592 1578 2646 Ex
1622 2607 1726 2661 qua
1758 2592 1901 2646 enim
1930 2599 2083 2663 parte

502 2700 695 2757 sapere
741 2694 797 2740 et
844 2701 1167 2755 cognoscere
1218 2685 1384 2740 Deum
1432 2692 1610 2754 potest
1653 2684 1805 2739 vivus
1850 2694 1934 2739 est
1988 2685 2084 2739 ho-

506 2791 636 2839 mo,
675 2791 741 2831 ex
792 2791 897 2845 qua
937 2790 1064 2828 vero
1106 2775 1341 2844 peccatis
1385 2773 1720 2829 contabescit
1762 2781 1817 2827 ct
1864 2773 2084 2828 miseria

502 2864 709 2933 deficit,
738 2873 982 2921 mortuus
1012 2865 1173 2931 idem,
1197 2864 1553 2935 lethiferoque
1591 2872 1675 2920 est
1715 2864 1939 2920 vulnere
1985 2863 2086 2918 fa:-

504 2955 681 3010 datus.
1895 2969 1907 2980 ·

574 3043 779 3098 Accidit
806 3054 979 3099 autem
1006 3085 1022 3110 ,
1070 3052 1176 3100 ete.
1215 3044 1485 3100 Sacerdos
1516 3053 1570 3099 et
1599 3044 1813 3110 Levita,
1841 3044 1935 3114 qui
1971 3043 2087 3099 viso

505 3134 691 3191 saucio
718 3136 1068 3201 transierunt,
1100 3136 1462 3191 sacerdotium
1491 3143 1546 3191 et
1584 3133 1948 3189 ministerium
1984 3133 2086 3189 Ve-
2112 3104 2157 3167 δ

506 3224 639 3283 teris
674 3225 1006 3282 Testamenti
1036 3235 1119 3282 est
1143 3267 1158 3293 ,
1199 3226 1290 3280 ubi
1320 3242 1418 3297 per
1462 3224 1599 3296 legis
1635 3225 1855 3281 decreta
1901 3225 2088 3280 mundi

509 3316 814 3386 languentis
865 3315 1090 3370 vulnera
1152 3315 1447 3371 monstrari
1506 3323 1764 3381 tantum,
1815 3329 1923 3369 non
1986 3330 2087 3369 au-

510 3418 621 3462 tem
652 3408 833 3464 curari
871 3415 1150 3478 poterant,
1176 3408 1303 3478 quia
1327 3406 1661 3479 impossibile
1682 3413 1819 3474 erat,
1857 3414 1918 3462 ut
1950 3405 2092 3477 Apo-

510 3500 681 3555 stolus
705 3501 818 3554 ait:
861 3500 1129 3572 Sanguine
1158 3497 1440 3555 vitulorum
1483 3506 1533 3553 et
1574 3498 1842 3562 hircorum
1886 3497 2090 3569 auferri

509 3601 743 3664 peccata.

582 3679 950 3737 Samaritanus
980 3692 1154 3737 autem
1181 3682 1396 3755 quidam
1424 3684 1522 3739 iter
1546 3685 1807 3739 transiens
1837 3683 1971 3739 venit
1998 3699 2084 3738 se-

518 3790 612 3828 cus
632 3789 774 3839 eum,
806 3783 853 3828 et
879 3773 1079 3840 videns,
1110 3783 1217 3830 etc.
1251 3773 1624 3831 Samaritanus
1652 3775 1744 3845 qui
1769 3774 2094 3844 interpreta-

514 3871 607 3917 tur
632 3870 817 3918 custos
835 3904 850 3929 ,
877 3863 1046 3918 Deum
1072 3864 1375 3935 significat,
1405 3866 1491 3921 cui
1520 3864 1824 3921 rectissime
1848 3862 2093 3934 Prophe-

515 3964 568 4008 ta
585 3994 600 4020 ,
626 3969 694 4010 ne
720 3954 819 4011 hos
846 3943 1083 4011 latrones
1108 3956 1279 4027 possit
1310 3956 1615 4022 incurrere,
1649 3953 1916 4025 supplicat
1942 3968 1957 4007 :
1985 3951 2093 4008 Cu-

515 4046 657 4102 stodi
698 4062 808 4113 me,
834 4047 1102 4117 inquiens,
1127 4064 1157 4103 a
1183 4048 1377 4119 laqueo
1404 4063 1567 4119 quem
1593 4053 1898 4103 statuerunt
1924 4043 2056 4099 mihi
2071 4082 2091 4111 ,

514 4147 572 4194 et
599 4154 630 4193 a
659 4139 929 4195 scandalis
956 4140 1306 4211 operantibus
1335 4141 1679 4213 iniquitatem
1710 4137 1731 4211 (
1753 4136 1903 4194 Psal.
1932 4134 2091 4208 cn).

515 4231 618 4297 Qui
655 4240 876 4301 propter
905 4247 1005 4287 nos
1029 4232 1276 4288 homines
1294 4273 1310 4299 ,
1343 4240 1399 4288 et
1429 4239 1656 4303 propter
1679 4238 1923 4286 nostram
1951 4228 2094 4284 salu-

517 4331 626 4377 tem
666 4323 999 4381 descendens
1030 4324 1099 4380 de
1133 4325 1299 4390 emlo,
1332 4324 1457 4380 vita:
1488 4323 1775 4395 praesentis
1812 4322 1919 4378 iter
1955 4319 2097 4377 arri-

2179 1865 2419 1920 rectione
2455 1865 2725 1920 celebrata
2743 1905 2759 1931 ,
2786 1873 3061 1936 perpetuac
3087 1864 3226 1919 lucis
3250 1865 3505 1935 splendor
3534 1863 3763 1919 ellulsit.

2181 1957 2299 2011 Duo
2328 1956 2532 2010 denarii
2565 1965 2690 2011 sunt
2718 1957 2823 2012 duo
2850 1957 3195 2012 Testamenta
3216 1996 3232 2021 ,
3263 1956 3317 2010 in
3347 1955 3543 2025 quibus
3570 1956 3766 2010 mterni

2181 2048 2343 2117 Regis
2381 2062 2574 2102 nomen
2605 2056 2660 2102 et
2690 2048 2869 2117 imago
2895 2047 3224 2103 continetur.
3265 2046 3414 2101 Finis
3446 2047 3593 2101 enim
3630 2046 3770 2117 legis

2180 2137 2464 2204 Christus,
2505 2141 2596 2209 qui
2634 2140 2804 2194 altera
2843 2139 2929 2194 die
2964 2138 3158 2209 prolati
3195 2139 3393 2192 dantur
3429 2138 3765 2201 stabulario,

2180 2228 2304 2297 quia
2336 2236 2461 2284 tunc
2492 2230 2701 2299 aperuit
2726 2229 2832 2284 illis
2862 2244 3080 2285 sensum
3099 2270 3114 2294 ,
3146 2238 3207 2283 ut
3237 2229 3768 2301 intelligerentScri-

2179 2326 2388 2387 pturas.
2443 2318 2629 2374 Altera
2678 2319 2767 2375 die
2818 2319 3149 2374 stabularius
3197 2319 3487 2384 denarios,
3530 2334 3783 2389 quorum

2180 2408 2356 2478 pretio
2400 2408 2744 2464 vulneratum
2795 2417 3040 2476 curaret,
3078 2410 3324 2480 accepit,
3359 2410 3485 2480 quia
3526 2409 3770 2480 Spiritus

2182 2506 2403 2554 sanctus
2434 2499 2729 2556 adveniens
2777 2492 2963 2556 docuit
3008 2501 3282 2570 apostolos
3318 2517 3534 2556 omnem
3572 2502 3772 2560 verita-

2184 2597 2292 2644 tem
2313 2630 2328 2655 ,
2367 2605 2476 2659 quo
2512 2591 2762 2661 gentibus
2808 2591 3121 2647 erudiendis
3149 2592 3355 2647 instare
3388 2600 3553 2662 atque
3586 2591 3770 2649 Evan—

2182 2681 2378 2752 gelium
2407 2684 2705 2753 praidicare
2732 2682 3065 2739 sullicerent.
3346 2674 3351 2677 ’

2255 2772 2324 2827 Et
2361 2773 2704 2846 quodcunque
2738 2776 3221 2846 supererogaveris,
3276 2791 3370 2846 ego
3408 2792 3529 2830 runt
3564 2776 3772 2831 rediero

2187 2862 2405 2918 reddam
2461 2865 2576 2919 tibi.
2618 2865 2984 2937 Supererogat
3014 2866 3363 2934 stabularius,
3389 2867 3533 2938 quod
3558 2867 3613 2921 in
3637 2868 3772 2924 duo-

2184 2954 2287 3010 bus
2313 2954 2551 3010 denariis
2587 2971 2695 3011 non
2736 2957 2974 3027 accepit,
3005 2972 3131 3011 cum
3163 2956 3296 3011 dicit
3328 2957 3620 3027 Apostolus
3646 2977 3661 3011 :
3693 2959 3776 3015 De

2187 3047 2487 3118 virginibus
2536 3057 2717 3103 autem
2768 3058 3098 3120 praeceptum
3147 3049 3362 3104 Domini
3409 3066 3518 3105 non
3565 3052 3769 3116 habeo,

2188 3139 2471 3195 consilium
2506 3148 2687 3195 autem
2725 3140 2812 3195 do.
2860 3141 3106 3210 Ite-tuque
3148 3148 3204 3196 et
3249 3139 3518 3196 Dominus
3548 3140 3775 3196 ordina-

2188 3232 2269 3287 vit
2303 3232 2421 3299 bis,
2458 3233 2551 3302 qui
2587 3232 2937 3304 Evangelium
2974 3234 3331 3299 annuntiant,
3371 3233 3439 3288 de
3477 3233 3777 3304 Evangelia

2188 3323 2405 3389 vivere,
2433 3324 2528 3378 sed
2554 3338 2659 3379 non
2688 3324 2771 3379 usi
2810 3340 2999 3380 sumus
3037 3326 3141 3380 hac
3176 3332 3473 3395 potestate,
3504 3340 3575 3381 ne
3612 3341 3776 3395 quem

2189 3423 2431 3470 vestrum
2467 3429 2855 3486 gravaremus,
2889 3416 2977 3471 cui
3014 3416 3229 3473 rediens
3266 3417 3409 3486 quod
3445 3417 3776 3487 promiserat

2191 3506 2403 3562 debitor
2437 3504 2654 3571 reddet,
2693 3504 2820 3574 quia
2858 3505 3081 3561 veniens
3115 3506 3168 3560 in
3195 3504 3459 3574 judicium
3511 3506 3779 3563 Dominus

2191 3596 2327 3652 dicit
2355 3613 2369 3649 :
2400 3593 2537 3663 Quia
2564 3610 2728 3667 super
2763 3611 2935 3665 pauca
2973 3595 3120 3651 fuisti
3160 3595 3369 3660 fidelis,
3406 3611 3568 3665 super
3604 3596 3776 3651 multa

2190 3699 2245 3746 te
2289 3690 2644 3754 constituam,
2694 3688 2840 3744 intra
2887 3705 2940 3743 ιιι
2988 3689 3244 3761 gaudium
3288 3688 3501 3744 Domini
3542 3689 3638 3745 Dei
3695 3690 3774 3745 tui

2193 3781 2368 3854 (Luc.
2404 3797 2481 3836 xu
2508 3779 2550 3854 ).

2265 3873 2396 3940 Quis
2441 3875 2630 3929 horum
2674 3874 2839 3929 trium
2879 3870 3087 3930 videtur
3125 3875 3231 3929 tibi
3253 3874 3528 3947 proximus
3566 3874 3781 3942 fuisse?

2192 3974 2299 4023 etc.
2329 3964 2491 4022 Juxta
2520 3965 2756 4021 litteram
2786 3965 3071 4023 manifesta
3104 3975 3191 4023 est
3226 3967 3439 4022 Domini
3477 3967 3781 4031 sententia,

2193 4056 2399 4113 nullum
2446 4055 2602 4113 nobis
2642 4056 2875 4128 amplius
2922 4071 3083 4128 quam
3134 4058 3227 4129 qui
3282 4058 3611 4114 misereatur
3654 4071 3783 4112 esse

2191 4148 2535 4219 proximum,
2576 4148 2673 4205 sed
2727 4149 3132 4223 Hierosolymiti
3180 4152 3285 4207 civi
3335 4168 3442 4208 non
3485 4153 3784 4217 sacerdos,

2193 4253 2302 4294 non
2330 4238 2492 4294 levita
2518 4256 2586 4295 ex
2612 4241 2802 4296 eadem
2829 4250 3024 4313 gente,
3058 4242 3168 4298 imo
3199 4243 3255 4297 in
3284 4245 3473 4299 eadem
3502 4245 3637 4299 urbe
3667 4244 3784 4298 nati

2193 4336 2250 4384 et
2298 4322 2516 4396 nutriti,
2566 4331 2662 4386 sed
2708 4340 2912 4387 extera:
2957 4333 3134 4403 gentis
3179 4332 3398 4400 accola,
3445 4334 3572 4405 quia
3605 4334 3780 4404 magis

516 4419 664 4485 pult,
694 4424 750 4473 et
776 4419 924 4474 venit
951 4433 1109 4475 secus
1146 4432 1271 4474 eum
1315 4419 1409 4489 qui
1436 4418 1752 4474 vulneribus
1780 4417 2096 4473 tabescebat
2118 4457 2172 4517 D
2196 4422 2453 4478 misertus
2475 4430 2557 4477 est
2575 4463 2591 4489 ,
2619 4420 2795 4478 factus
2820 4430 2906 4479 est
2926 4423 3225 4494 proximus.
3260 4421 3572 4480 Sacratiore
3595 4431 3781 4479 autem

518 4505 756 4575 inﬂictis,
789 4509 894 4566 hoc
916 4516 1032 4575 est,
1062 4508 1117 4563 in
1146 4508 1553 4564 similitudinem
1583 4507 1864 4563 hominum
1895 4508 2092 4576 factus,

516 4606 575 4653 et
616 4599 804 4655 habitu
849 4600 1100 4655 inventus
1135 4606 1196 4653 ut
1229 4599 1392 4654 homo
1431 4595 1687 4669 (Philipp.
1727 4597 1813 4670 ιι),
1850 4614 2097 4670 compas-

519 4686 688 4743 sionis
723 4696 923 4744 nostra:
948 4688 1292 4758 susceptione
1318 4685 1601 4757 ﬁnitimus,
1622 4696 1679 4745 et
1710 4689 2099 4747 misericordiae

519 4776 694 4834 factus
719 4785 805 4833 est
827 4777 1198 4834 consolatione
1220 4778 1454 4834 vicinus.

591 4864 662 4919 Et
689 4866 1025 4937 appropians,
1055 4865 1288 4938 alligavit
1311 4865 1527 4923 vulnera
1552 4868 1700 4941 ejus,
1728 4876 1836 4926 etc.
1867 4868 2099 4925 Peccata

521 4969 643 5025 quae
683 4955 740 5011 in
776 4955 1085 5011 hominibus
1120 4955 1367 5025 invenit,
1409 4958 1781 5031 redarguendo
1815 4958 2097 5024 cohibuit,

523 5061 676 5118 spem
700 5047 869 5102 venia:
894 5048 1309 5120 pmnitentibus,
1338 5058 1601 5107 terrorem
1628 5065 1804 5121 pronae
1827 5049 2103 5120 peccanti-

522 5137 627 5193 bus
653 5137 943 5195 ineutiens.
977 5138 1177 5210 Alligat
1212 5141 1358 5197 enim
1392 5141 1617 5197 vulnera
1651 5141 1777 5196 dum
1813 5141 2098 5211 praecipit:

520 5231 905 5291 Pmnitentiam
936 5236 1100 5308 agite.
1150 5235 1385 5294 lnfundit
1413 5236 1591 5294 oleum
1619 5235 1747 5291 dum
1773 5241 1829 5290 et
1851 5233 2058 5290 addidit
2084 5252 2098 5289 :

521 5324 991 5397 Appropinquabit
1022 5327 1165 5384 enim
1201 5343 1428 5400 regnum
1461 5326 1744 5383 calorum.
1772 5322 2008 5379 lufundit
2042 5331 2100 5380 et

524 5414 710 5471 vinum
745 5415 873 5472 dum
900 5417 1031 5473 dicit
1060 5432 1076 5472 :
1107 5417 1297 5474 Omnis
1325 5417 1507 5481 arbor,
1540 5428 1663 5485 quae
1688 5426 1795 5467 non
1826 5410 1955 5470 facit
1983 5413 2099 5471 l'ru-

523 5512 670 5561 ctum
695 5507 897 5562 bonum
923 5507 1203 5564 excidetur
1230 5515 1287 5562 et
1312 5505 1368 5560 in
1400 5504 1581 5576 ignem
1610 5501 1878 5557 mittetur.

596 5599 664 5654 Et
707 5601 976 5672 imponens
1012 5601 1163 5655 illum
1205 5599 1261 5652 in
1291 5597 1593 5666 jumentunt
1633 5609 1819 5658 suum,
1862 5600 1967 5650 etc.
2004 5591 2097 5650 Ju-

529 5695 766 5746 mentum
800 5690 919 5762 eius
949 5697 1033 5745 est
1064 5702 1192 5744 caro
1214 5726 1230 5755 ,
1259 5686 1314 5741 in
1343 5699 1448 5755 qua
1474 5683 1544 5741 ad
1572 5698 1673 5740 nos
1700 5684 1884 5741 venire
1913 5685 2099 5757 digna—

2196 4513 2509 4578 intellectu,
2536 4513 2795 4584 quoniam
2839 4530 3001 4571 nemo
3043 4516 3217 4588 magis
3260 4517 3575 4588 proximus,
3614 4532 3778 4587 quam

2198 4604 2291 4675 qui
2329 4604 2554 4660 vulnera
2588 4615 2773 4659 nostra
2808 4606 3054 4672 curavit,
3087 4606 3378 4678 diligamus
3435 4621 3563 4661 eum
3619 4608 3777 4677 quasi

2200 4693 2487 4749 Dominum
2531 4693 2701 4749 Deum
2752 4704 3029 4763 nostrum,
3079 4696 3368 4767 diligamus
3401 4697 3556 4766 quasi
3597 4698 3782 4767 proxi-

2201 4802 2390 4853 mum,
2446 4785 2583 4841 nihil
2638 4786 2783 4842 enim
2842 4796 2953 4843 tam
3005 4772 3353 4858 proximum,
3403 4803 3567 4858 quiam
3618 4797 3783 4857 caput

2201 4872 2493 4941 membris,
2551 4874 2840 4947 diligamus
2883 4877 3050 4932 etiam
3096 4892 3222 4932 eum
3270 4878 3363 4947 qui
3410 4877 3653 4946 imitator
3696 4886 3784 4934 est

2202 4964 2426 5021 Christi.

2277 5050 2344 5108 Et
2380 5054 2457 5108 ait
2493 5053 2573 5109 illi
2594 5052 2794 5110 Iesus:
2831 5052 2977 5110 Vade
3001 5064 3049 5110 et
3080 5064 3170 5122 tu,
3200 5063 3307 5111 etc.
3335 5054 3393 5111 Id
3420 5064 3536 5122 est,
3564 5064 3627 5109 ut
3652 5071 3785 5111 vere

2202 5150 2256 5199 te
2299 5144 2605 5213 proximum
2653 5146 2795 5200 sicut
2834 5152 2888 5201 te
2932 5145 3108 5215 ipsum
3156 5145 3381 5217 diligere
3424 5145 3741 5201 manilestcs
3766 5186 3782 5211 ,

2204 5234 2466 5305 quidquid
2494 5234 2643 5290 vales
2685 5235 2738 5290 in
2780 5234 2897 5306 ejus
2942 5235 3027 5291 vel
3073 5237 3343 5306 corporali
3388 5236 3473 5292 vel
3515 5237 3785 5307 spirituali

2202 5324 2527 5383 necessitate
2553 5324 2882 5380 sublevanda
2911 5325 3136 5381 devotus
3160 5341 3410 5397 operare.

2374 5431 2800 5488 HEBDOMADA
2834 5433 2929 5490 XV
2966 5432 3142 5490 POST
3176 5432 3603 5490 PENTECOST.

2203 5538 2396 5580 LECTIO
2426 5538 2701 5580 EPISTOLE
2741 5539 2900 5579 ΒΕΑἸΊ
2939 5540 3094 5579 PAULI
3129 5540 3383 5580 APOS’I'OLI
3417 5541 3486 5579 ΔΙ)
3519 5538 3789 5591 GALATAI.

2889 5610 3008 5649 CAP.
3045 5609 3097 5647 ν.

2281 5703 2299 5738 ι
2334 5683 2535 5757 Spiritu
2564 5683 2865 5754 ambulate,
2896 5692 2950 5742 et
2978 5685 3248 5743 desideria
3273 5684 3459 5742 carnis
3482 5700 3590 5742 non
3618 5682 3789 5759 perli-
