3952 6454
131 313 224 372 M9

943 297 1466 361 COLLECTIONES
1500 296 1569 354 1N
1609 254 1994 352 EPISTOLAS
2030 294 2121 350 ET
2159 294 2573 355 evasurus.

3276 302 3383 359 ιω

136 442 154 467 ε
188 426 356 481 cietts.
387 420 529 477 Caro
556 418 702 475 enim
729 416 1067 487 concupiscit
1107 413 1369 468 adversus
1408 408 1695 480 spiritum,
1724 407 1778 469 Α
1801 403 1984 461 miniis
2013 403 2335 476 gloriantur,
2363 415 2420 461 et
2445 415 2639 478 putant
2682 405 2729 461 si
2771 406 3107 479 explererint
3133 411 3387 484 volupta—

137 534 155 569 ι
189 511 404 586 spiritus
438 524 621 567 autem
658 511 920 566 adversus
955 523 1201 564 carnem.
1244 505 1369 561 llaec
1404 502 1550 558 enim
1599 500 1704 556 sibi

137 627 155 660 ι
192 607 423 662 invicem
443 603 817 665 adversantur,
845 609 907 655 ut
932 615 1037 654 non
1062 610 1397 669 quaecunque
1423 592 1587 649 vultis
1611 590 1703 646 illa

137 716 155 749 ι
192 696 418 752 faciatis.
450 693 604 762 Quod
634 693 681 749 si
711 691 904 763 Spiritu
934 688 1229 752 ducimini,
1273 702 1379 741 non
1424 683 1559 739 estis
1601 682 1705 738 sub

139 808 156 839 ι
194 787 323 858 lege.
372 783 654 840 Manifesta
701 790 882 837 autem
929 788 1059 836 sunt
1106 794 1269 850 opera
1317 777 1531 843 carnis,
1582 789 1706 845 quae

139 898 157 930 ι
194 886 314 934 sunt
355 875 676 941 foruieatio,
723 872 1095 937 immunditia,
1144 868 1504 940 impudicitia,
1545 866 1705 920 luxu-

138 990 156 1023 ι
193 971 286 1036 ria,
317 969 580 1026 idolorum
606 968 859 1032 servitus,
888 965 1177 1028 veneﬁcia,
1212 962 1544 1028 inimicitiae;
1577 976 1705 1017 con—

139 1080 159 1113 c
192 1062 489 1126 tentiones,
521 1059 928 1125 aemulationes,
955 1058 1076 1122 ine,
1110 1056 1276 1121 rixae,
1307 1054 1702 1119 dissensiones,

141 1171 160 1204 ι
196 1159 386 1217 seetse,
423 1149 671 1215 invidias,
706 1148 1033 1213 homicidia,
1071 1147 1399 1210 ebrietates,
1435 1158 1707 1199 comessa-

141 1262 158 1295 ι
197 1244 364 1298 tiones
385 1283 401 1309 ,
436 1252 493 1298 et
527 1242 613 1297 his
647 1240 863 1297 similia.
900 1239 1031 1308 Quae
1063 1239 1300 1310 pmdico
1336 1238 1526 1303 vobis,
1563 1237 1709 1292 sicut

140 1353 158 1385 ι
197 1333 449 1404 praedixi,
483 1332 738 1403 quoniam
772 1330 865 1402 qui
900 1330 1028 1385 talia
1077 1337 1277 1400 agunt,
1333 1343 1559 1398 regnum
1608 1327 1707 1382 Dei

141 1443 159 1476 ι
194 1439 296 1479 non
321 1412 739 1493 consequentur.
765 1420 996 1476 Fructus
1020 1428 1199 1475 autem
1226 1419 1452 1489 spiritus
1473 1428 1559 1475 est
1580 1418 1710 1474 cha-

141 1534 159 1565 ι
194 1516 357 1581 ritas,
404 1514 695 1586 gaudium,
745 1527 884 1582 pax,
933 1510 1195 1582 patientia
1219 1550 1236 1576 ,
1288 1509 1706 1580 longanimitas,

141 1626 158 1656 ι
195 1606 436 1671 bonitas,
465 1605 800 1676 benignitas,
832 1602 1209 1668 mansuetudo,
1237 1601 1389 1667 ﬁdes,
1419 1600 1707 1667 modestia,

142 1717 160 1755 ς
194 1698 517 1754 continentia
536 1738 553 1763 ,
583 1697 826 1755 castitas.
856 1696 1130 1752 Adversus
1156 1694 1463 1764 huiusmodi
1491 1708 1598 1749 non
1622 1702 1709 1748 est

1803 502 1912 549 tem
1961 496 2286 565 quamdam,
2329 511 2389 552 se
2429 497 2763 567 turpitudine
2833 498 3119 556 victoriam
3184 518 3383 559 cense.

1802 594 1976 643 cutes.
2010 584 2120 643 Sed
2152 594 2211 642 et
2244 587 2372 643 illud
2407 588 2708 659 eleganter,
2744 590 2888 659 quod
2922 591 2977 646 in
3012 607 3178 649 carne
3215 609 3381 665 opera

1800 678 2014 748 posuit,
2045 676 2256 734 fructus
2295 678 2350 733 in
2390 678 2617 748 spiritu,
2662 680 2787 749 quia
2829 681 2957 735 vitia
2998 682 3053 737 in
3094 686 3384 756 semetipsa

1804 764 2089 832 ﬁniuntur,
2130 774 2186 821 et
2225 773 2483 837 pereunt,
2513 767 2745 823 virtutes
2786 767 3050 825 fructibus
3078 772 3381 841 pullulant,

1802 862 1858 910 et
1887 855 2212 911 redundant.

1877 944 2010 1012 Quae
2036 957 2157 1001 sunt
2186 947 2487 1018 fornicatio.
2523 947 2764 1005 Primum
2808 950 2991 1022 itaque
3029 954 3211 1010 carnis
3248 970 3388 1026 opus

1804 1043 1888 1091 est
1915 1034 2239 1103 fornicatio,
2276 1053 2439 1106 quam
2481 1037 2536 1092 in
2578 1040 2805 1095 exordio
2831 1044 3049 1113 posuit,
3081 1059 3149 1099 ne
3178 1045 3245 1100 de
3275 1061 3390 1101 me-

1808 1125 1913 1181 diis
1940 1125 2296 1197 ambigamus.
2319 1127 2490 1183 Omne
2511 1129 2656 1184 enim
2682 1132 3042 1202 quodcunque
3064 1132 3256 1190 fecerit
3282 1136 3386 1192 ho-

1806 1233 1897 1274 mo
1922 1226 2083 1273 extra
2111 1233 2309 1288 corpus
2337 1226 2452 1285 est,
2483 1219 2575 1289 qui
2606 1228 2790 1276 autem
2820 1219 3150 1289 fornicatur,
3180 1224 3236 1282 in
3265 1242 3393 1283 cor-

1805 1324 1908 1380 pus
1936 1325 2093 1365 suum
2122 1320 2335 1379 peccat.
2363 1311 2422 1365 ln
2449 1326 2516 1367 eo
2558 1311 2860 1369 fornicator
2900 1313 3121 1384 majoris
3156 1327 3241 1373 est
3278 1320 3394 1375 cri-

1806 1399 2006 1466 minis,
2037 1401 2164 1469 quia
2190 1399 2325 1454 tollit
2354 1402 2587 1457 membra
2624 1401 2856 1471 Christi,
2882 1415 2931 1460 et
2955 1405 3085 1476 facit
3124 1424 3187 1463 ea
3225 1427 3392 1465 mem-

1811 1487 1904 1542 bra
1935 1490 2243 1555 meretricis,
2276 1489 2449 1544 Erunt
2478 1493 2673 1563 quippe
2701 1494 2808 1550 duo
2838 1495 2892 1550 in
2919 1511 3086 1554 carne
3119 1514 3258 1567 una;
3292 1503 3387 1572 qui

1812 1594 1920 1634 non
1946 1586 2031 1635 est
2057 1579 2251 1647 fidelis,
2277 1597 2379 1638 nec
2405 1584 2581 1639 credit
2607 1585 2664 1639 in
2687 1584 2963 1644 Christum
2980 1631 2995 1656 ,
3023 1607 3120 1646 sua
3145 1594 3389 1651 membra

1809 1667 1944 1725 facit
1971 1671 2215 1726 membra
2254 1674 2577 1730 meretricis.
2609 1674 2713 1743 Qui
2743 1686 2924 1734 autem
2954 1682 3127 1738 credit
3167 1694 3223 1740 et
3273 1684 3390 1742 for-

142 1751 160 1838 i
197 1751 434 1855 Qui
829 1751 1065 1852 Christi,
1096 1751 1317 1841 carnem
1343 1798 1498 1839 suam
1524 1782 1708 1840 eruei-
1734 1751 1781 1810 Β
1809 1759 2044 1855 ηίθξηυτν
2071 1758 2274 1855 Chiis“
2300 1764 2545 1855 918mb.”
2574 1763 2707 1820 fac“
2735 1768 2978 1824 membra
3008 1774 3334 1830 ωθτθῑτίοίεο

142 1894 161 1928 ι
201 1876 428 1931 ﬁxerunt
456 1891 579 1931 cum
607 1875 755 1931 vitiis
783 1882 838 1930 et
866 1872 1339 1944 concupiscentiis.
1377 1892 1397 1925 ι

207 1968 406 2038 Spiritu
437 1965 735 2031 ambulate,
782 1975 831 2020 et
868 1965 1187 2020 desiderium
1207 2004 1222 2029 ,
1253 1972 1360 2019 etc.
1404 1961 1518 2018 Hoc
1543 1962 1709 2033 tripli-

137 2055 270 2112 citer
291 2055 663 2127 accipiendum
682 2096 698 2122 ,
721 2063 781 2111 ut
803 2056 1049 2113 dicamus
1068 2069 1184 2119 eos,
1209 2054 1301 2124 qui
1327 2053 1520 2125 spiritu
1542 2068 1709 2125 opera

108 2145 316 2211 ,carnis
347 2144 826 2212 mortiﬁcaverint,
865 2153 921 2200 et
954 2145 1341 2201 seminaverint
1376 2144 1431 2200 in
1476 2145 1702 2215 spiritu,

136 2245 196 2291 ut
221 2237 287 2292 de
311 2236 503 2307 spiritu
532 2237 930 2293 metant-vitam
959 2245 1218 2293 aeternam
1238 2277 1254 2304 ,
1279 2237 1710 2308 quotiescunque

138 2326 468 2397 voluptatem
496 2327 679 2384 carnis
703 2327 972 2383 senserint
1001 2328 1220 2383 titillare
1239 2368 1255 2393 ,
1284 2343 1393 2384 non
1424 2326 1713 2398 perﬁciant

136 2415 463 2472 desiderium
486 2415 622 2487 eius.
648 2416 769 2472 Alio
790 2417 951 2473 modo
976 2432 1072 2473 eos
1093 2417 1371 2473 ambulare
1398 2418 1592 2488 spiritu
1610 2458 1625 2483 ,
1655 2426 1712 2473 et

138 2508 318 2564 carnis
352 2509 680 2565 desiderium
712 2526 819 2567 non
848 2510 1110 2582 perﬁcere
1137 2510 1365 2568 dicimus
1382 2551 1398 2579 ,
1426 2512 1521 2582 qui
1549 2512 1711 2583 spiri-

140 2600 321 2656 taliter
347 2602 699 2673 egrediuntur
723 2602 1015 2675 Egyptum
1036 2644 1052 2670 ,
1079 2612 1134 2659 et
1161 2603 1501 2675 spiritualem
1525 2617 1711 2659 escam

137 2699 431 2762 potumque
455 2693 522 2749 de
544 2693 808 2763 spirituali
836 2694 1093 2749 hauriunt
1114 2703 1290 2766 petra,
1317 2694 1409 2764 qui
1434 2693 1714 2750 ambulant

138 2782 193 2836 in
232 2784 487 2839 omnibus
530 2783 904 2855 spiritualiter,
951 2800 1059 2839 non
1104 2785 1455 2854 perﬁcientes
1499 2798 1713 2841 caruere

138 2874 270 2945 legis
295 2874 532 2930 litteram
550 2914 566 2940 ,
594 2875 680 2930 vel
707 2874 1062 2940 desiderium,
1092 2876 1189 2931 sed
1212 2874 1424 2931 fructus
1446 2882 1713 2931 metentes

139 2965 400 3037 spiritalis
433 2965 805 3036 intelligentia:
836 2965 887 3035 (Ι
908 2964 1032 3021 Cor.
1056 2965 1143 3039 χ).
1174 2966 1357 3023 Tertio
1386 2965 1563 3031 modo,
1594 2966 1715 3037 qui-

138 3058 262 3112 dam
292 3057 620 3113 desiderium
649 3059 831 3113 carnis
849 3099 863 3122 ,
894 3059 947 3113 in
977 3060 1061 3114 his
1088 3060 1275 3114 dicunt
1300 3075 1436 3125 esse,
1466 3058 1556 3130 qui
1585 3074 1711 3130 par-

1878 1849 2261 1918 Immunditia,
2290 1851 2525 1909 luxuria.
2573 1856 2884 1915 Secundum
2910 1876 3047 1932 opus
3072 1866 3253 1921 carnis
3281 1867 3389 1923 im-

1808 1941 2073 1998 munditia
2102 1955 2467 2016 nuncupatur.
2502 1946 2745 2003 Tertium
2772 1965 2915 2007 vero-
2928 1951 3141 2010 luxuria
3162 1996 3178 2023 ,
3208 1959 3392 2028 sequi-

1811 2040 1901 2088 tur
1963 2034 2109 2089 enim
2174 2034 2517 2093 immunditia
2582 2055 2766 2096 comes
2812 2041 3059 2100 luxuriae.
3112 2045 3395 2114 Quomodo

1809 2121 1957 2178 enim
1986 2122 2042 2178 in
2070 2133 2254 2180 vetere
2280 2125 2397 2197 lege
2436 2127 2456 2199 (
2482 2126 2645 2184 Leuit.
2672 2128 2784 2203 xv)
2816 2132 2882 2187 de
2921 2134 3169 2193 nefandis
3207 2139 3395 2194 crimi-

1810 2212 2006 2280 nibus,
2036 2227 2158 2283 quae
2186 2214 2240 2269 in
2267 2216 2481 2273 occulto
2508 2216 2677 2285 ﬁunt,
2709 2232 2766 2275 et
2791 2236 2855 2276 ea
2884 2225 3167 2282 nominare
3197 2229 3399 2299 turpis»-

1811 2303 2009 2358 simum
2048 2312 2160 2369 est,
2205 2321 2273 2361 ne
2311 2314 2368 2362 et
2403 2307 2633 2364 dicentis
2673 2325 2734 2366 os
2764 2321 2821 2367 et
2848 2328 3011 2370 aures
3049 2317 3388 2374 audientium

1808 2394 2201 2466 polluerentur,
2251 2399 2577 2468 generaliter
2630 2402 2898 2473 scriptura
2943 2407 3223 2477 complexa
3262 2420 3389 2479 est,

1809 2485 2029 2550 dicens,
2058 2488 2392 2543 verecundos
2424 2489 2506 2545 vel
2535 2504 2845 2549 reverentes
2871 2494 3031 2550 facite
3056 2497 3196 2554 ﬁlios
3223 2499 3391 2557 Israel

1811 2576 1879 2631 ab
1908 2577 2055 2632 omni
2082 2577 2542 2645 immunditia,sic
2571 2581 2624 2635 in
2655 2582 2756 2638 hoc
2780 2583 2921 2650 loco,
2952 2595 3178 2644 caeteras
3206 2597 3391 2645 extra—

1810 2666 2116 2723 ordinarias
2137 2668 2462 2739 voluptates,
2490 2670 2730 2740 ipsarum
2754 2689 2968 2745 quoque
2988 2691 3153 2746 opera
3174 2679 3390 2749 nuptia-

1812 2772 1934 2812 rum
1955 2798 1971 2825 ,
2001 2758 2047 2814 si
2077 2774 2183 2814 non
2214 2759 2520 2816 verecunde
2547 2769 2602 2815 et
2629 2778 2750 2817 cum
2782 2765 3083 2834 honestate,
3113 2769 3267 2838 quasi
3295 2772 3402 2828 sub

1811 2848 1987 2906 oculis
2025 2849 2122 2905 Dei
2165 2850 2331 2918 ﬁant,
2379 2858 2439 2906 ut
2482 2859 2688 2908 tantum
2735 2853 2926 2911 liberis
2964 2858 3256 2925 serviatur,
3290 2860 3397 2916 im-

1812 2942 2132 2997 munditiam
2162 2950 2218 2998 et
2244 2942 2515 2997 luxuriam
2548 2944 2870 3000 nominavit.

1888 3051 2165 3109 Idolorum
2207 3055 2451 3110 servitus.
2493 3054 2756 3124 Quartum
2798 3058 2853 3113 in
2896 3060 3143 3132 catalogo
3171 3076 3399 3133 operum

140 3149 246 3204 vuli
276 3156 402 3204 sunt
431 3148 484 3204 in
513 3148 754 3216 Christo,
787 3150 890 3205 iter
916 3159 1095 3205 autem
1128 3150 1350 3221 spiritus
1376 3150 1431 3205 in
1456 3150 1715 3221 perfectis
1739 3130 1785 3194 δ
1818 3146 2002 3202 carnis
2042 3146 2347 3203 idololatria
2382 3148 2565 3231 locum
2605 3157 2782 3217 tenet,
2812 3152 2905 3222 qui
2945 3130 3097 3208 enim
3131 3130 3297 3210 semel
3339 3172 3401 3213 se

138 3242 294 3297 viris.
327 3240 526 3309 Spiritu
553 3242 838 3309 antbulate,
866 3243 921 3297 id
949 3251 1065 3310 est,
1094 3244 1147 3297 in
1178 3244 1445 3315 gravitate
1470 3244 1716 3315 spiritus,

139 3330 194 3387 id
218 3341 331 3399 est,
359 3332 417 3387 in
442 3332 636 3388 itinere
659 3332 762 3388 viri
786 3331 1043 3403 perfecti,
1070 3342 1125 3388 et
1150 3333 1477 3389 desiderium
1504 3335 1714 3403 carnis,

140 3421 194 3477 id
223 3431 306 3479 est
324 3464 339 3489 ,
371 3422 742 3493 parvulorum,
774 3439 880 3479 non
906 3425 1216 3495 pertieietis.

213 3511 350 3568 Caro
377 3515 512 3568 enim
535 3516 851 3585 concupiscit
876 3515 1125 3571 adversus
1147 3517 1389 3588 spiritum
1405 3558 1420 3583 ,
1443 3526 1550 3574 etc.
1577 3518 1716 3576 Caro

140 3604 493 3674 praesentibus
518 3604 838 3673 delectatur,
868 3616 924 3662 et
953 3606 1239 3672 brevibus,
1271 3609 1497 3679 spiritus
1522 3625 1717 3681 perpe-

141 3694 250 3749 tuis
281 3704 335 3749 et
369 3696 581 3751 futuris.
619 3696 759 3753 Caro
792 3698 936 3753 enim
974 3698 1144 3770 frigus
1174 3700 1356 3765 timet,
1387 3710 1719 3770 aspernatur

141 3786 368 3854 famem,
404 3796 717 3845 attenuatur
750 3790 978 3861 vigiliis,
1024 3790 1342 3846 libidinibus
1372 3792 1715 3860 exardescit,

140 3876 322 3931 mollia
348 3879 574 3948 quaerit,
605 3888 660 3934 et
684 3879 919 3949 jucunda
949 3880 1239 3936 desiderat.
1271 3880 1471 3936 Contra
1496 3882 1720 3952 spiritus

138 3983 205 4021 ea
232 3984 354 4037 quae
375 3971 526 4025 carni
551 3970 823 4026 contraria
850 3978 977 4026 sunt
997 4012 1012 4037 ,
1037 3981 1236 4042 etquae
1260 3971 1408 4027 illam
1434 3972 1719 4029 debilitare

135 4067 344 4127 queant
372 4042 592 4129 Expetit.
618 4061 809 4126 Aliter,
838 4078 963 4116 caro
988 4062 1305 4133 concupiscit
1331 4063 1581 4118 adversus
1611 4064 1719 4134 spi-

138 4149 302 4201 ritum
320 4188 335 4214 ,
367 4149 421 4204 id
447 4158 564 4216 est,
599 4152 826 4206 historia
855 4159 910 4207 et
936 4152 1222 4220 scriptura:
1250 4167 1480 4208 carneus
1508 4153 1720 4209 intelle-

135 4247 294 4304 ctus,
341 4248 531 4295 contra
581 4241 893 4311 allegoriam
938 4251 993 4296 et
1036 4241 1372 4311 spiritualem
1415 4242 1719 4298 doctrinam

136 4337 426 4399 repugnat.
466 4330 696 4400 Spiritus
734 4341 909 4385 autem
946 4330 1196 4385 adversus
1233 4347 1474 4398 carnem,
1510 4332 1565 4387 id
1601 4340 1714 4401 est,

134 4422 458 4478 sublimiora
485 4421 730 4492 deiectis,
752 4432 955 4478 reterna
981 4424 1257 4491 brevibus,
1280 4424 1488 4481 umbras
1515 4426 1716 4483 veritas

134 4512 468 4581 refragatur.

213 4604 371 4670 Quod
409 4605 456 4660 si
493 4606 681 4677 spiritu
710 4606 985 4673 ducimini,
1008 4623 1111 4661 non
1148 4608 1271 4662 estis
1309 4606 1405 4662 sub
1442 4607 1573 4680 lege.
1606 4607 1721 4665 Hoc

132 4704 224 4753 est
244 4737 259 4762 ,
311 4696 358 4751 si
406 4712 504 4753 vos
554 4704 699 4753 totos
743 4697 1118 4768 spiritualibus
1161 4699 1439 4768 occupetis
1474 4699 1718 4767 actibus,

134 4804 249 4843 non
276 4788 432 4844 vobis
456 4789 767 4845 necessaria
792 4797 877 4844 est
903 4789 988 4844 lex
1010 4830 1025 4855 ,
1052 4804 1172 4861 quae
1194 4804 1302 4845 non
1327 4789 1716 4860 spiritualibus,

133 4879 236 4934 scd
258 4881 566 4938 carnalibus
584 4882 710 4938 data
729 4890 833 4938 est.
857 4881 1065 4954 Spiritu
1087 4883 1344 4938 ducimini
1368 4883 1526 4951 dicit,
1554 4884 1607 4941 id
1634 4894 1722 4941 est

134 4969 338 5040 spiritu
368 4972 743 5041 gubernamini
763 5014 778 5040 ,
809 4987 916 5028 non
945 4973 1140 5043 spiritu
1168 4974 1439 5041 hominis,
1467 4976 1561 5030 sed
1591 4974 1709 5046 Βρί-

137 5061 250 5115 ritu
295 5071 486 5117 sancto
523 5064 827 5135 signiﬁcat,
870 5063 939 5120 de
975 5080 1084 5135 quo
1123 5065 1413 5135 Apostolus
1456 5067 1561 5124 alio
1598 5067 1719 5123 loco

134 5151 219 5205 ait
246 5165 262 5203 :
295 5150 418 5222 Ipse
441 5153 655 5223 spiritus
680 5155 1034 5210 testimonium
1060 5156 1290 5225 perhibet
1319 5155 1505 5229 (Rom.
1536 5173 1635 5213 vm
1658 5157 1677 5231 )
1698 5198 1715 5225 ,
1764 5170 1767 5171 '

134 5241 357 5310 spiritui
386 5253 602 5311 nostro,
631 5246 773 5316 quod
802 5246 974 5301 simus
1002 5245 1096 5300 ﬁlii
1124 5244 1255 5311 Dei,
1285 5260 1447 5316 quem
1479 5262 1717 5316 sequen-

135 5340 223 5387 tes
258 5332 512 5403 spiritum
532 5375 547 5402 ,
573 5334 837 5392 ellicimur
858 5336 1202 5408 spirituales.
1232 5346 1288 5393 et
1320 5338 1421 5395 sub
1452 5336 1569 5410 lege
1596 5352 1718 5394 esse

136 5419 481 5477 desistimus.

211 5510 505 5584 Manifesta
540 5525 716 5570 autem
746 5525 867 5571 sunt
895 5532 1053 5586 opera
1084 5518 1279 5573 carnis.
1309 5516 1366 5571 Μ
1394 5525 1510 5585 est,
1537 5519 1718 5573 omni-

132 5602 242 5657 bus
286 5611 452 5670 nota,
495 5604 579 5660 vel
624 5613 774 5661 certe
816 5606 901 5662 his
945 5614 1156 5662 tantum
1189 5606 1511 5675 manifesta,
1542 5625 1634 5680 qui
1665 5626 1719 5665 m

132 5691 363 5752 Christo
382 5694 640 5765 credunt,
664 5712 788 5752 nam
813 5697 1029 5769 plurimi
1054 5697 1332 5771 gentilium
1357 5699 1411 5755 in
1435 5700 1549 5757 suis
1573 5701 1723 5775 igno-

1814 3235 2045 3293 luxuriae
2084 3238 2455 3309 voluptatique
2493 3240 2806 3307 miscuerit,
2843 3258 2953 3298 non
2989 3245 3212 3315 respicit
3242 3262 3400 3303 crea-

1815 3336 2008 3383 torem.
2048 3328 2198 3386 Alias
2248 3338 2433 3386 autem
2478 3346 2673 3389 omnes
2710 3332 3024 3389 idololatria:
3070 3335 3396 3402 festivitate,

1814 3419 1975 3491 gula,
2006 3429 2197 3478 ventre
2218 3462 2235 3489 ,
2262 3430 2318 3477 et
2343 3423 2429 3479 his
2457 3437 2579 3494 quae
2618 3423 2761 3480 infra
2800 3434 3042 3483 ventrem
3091 3437 3217 3483 sunt
3255 3430 3402 3487 dele-

1814 3519 2052 3566 ctantur.

1898 3600 2179 3672 Veneﬁcia.
2213 3602 2281 3657 Et
2307 3618 2376 3659 ne
2403 3603 2631 3659 forsitan
2664 3604 2959 3671 veneﬁcia,
3001 3615 3060 3662 et
3098 3608 3399 3677 maleﬁcia,

1817 3700 1963 3747 artes
1993 3707 2102 3748 non
2128 3692 2442 3749 viderentur
2468 3694 2520 3749 in
2549 3709 2690 3750 novo
2714 3696 3002 3766 prohibitre
3050 3707 3401 3770 testamento,

1815 3784 1946 3853 ipsa:
1972 3799 2185 3857 quoque
2214 3785 2403 3856 quinto
2443 3785 2564 3842 loco
2606 3786 2749 3841 inter
2787 3788 2970 3843 carnis
3009 3804 3173 3859 opera
3217 3794 3394 3849 nomi-

1818 3883 2037 3929 nantur.
2082 3874 2237 3946 Sarpe
2263 3878 2408 3932 enim
2451 3878 2677 3946 magicis
2715 3877 2963 3946 artibus,
2988 3889 3044 3935 et
3080 3896 3266 3939 amare
3303 3886 3404 3941 mi-

1819 3964 1960 4020 seris
1987 3966 2170 4019 evenit
2196 3973 2252 4021 et
2278 3967 2474 4020 amari.

1890 4051 2233 4119 lnimicititea
2258 4054 2547 4111 inimicitia
2587 4071 2805 4128 quoque
2844 4073 2968 4129 qum
2990 4069 3114 4131 post
3142 4065 3403 4121 veneﬁcia

1821 4152 1979 4201 sexto
2007 4146 2229 4215 ponitur
2254 4145 2375 4203 loco
2395 4187 2411 4213 ,
2438 4162 2599 4216 quem
2640 4149 2839 4205 habeat
2874 4160 3084 4211 reatum
3114 4155 3406 4212 manifesto

1819 4233 2035 4289 crimini
2067 4232 2309 4303 subjecta
2344 4236 2605 4292 declarat.
2645 4238 2918 4304 Quantum
2962 4242 3105 4296 enim
3149 4245 3202 4299 in
3243 4246 3403 4303 nobis

1818 4334 1936 4392 est,
1961 4325 2162 4383 nullius
2185 4341 2308 4383 esse
2333 4327 2592 4406 debemus
2614 4328 2854 4399 inimici,
2880 4331 2975 4388 sed
3000 4348 3126 4388 cum
3152 4337 3406 4394 omnibus

1822 4417 2028 4475 habere
2066 4434 2275 4490 pacem.

1894 4508 2284 4567 Contentiones.
2328 4512 2627 4582 Septimum
2656 4515 2835 4571 locum
2866 4516 3011 4573 inter
3033 4519 3214 4575 carnis
3238 4536 3404 4592 opera

1822 4601 2100 4658 contentio
2123 4603 2383 4672 possidet.
2411 4602 2642 4660 Servum
2668 4614 2850 4661 autem
2878 4607 3089 4663 Domini
3115 4624 3222 4664 non
3248 4626 3406 4682 opor-

1820 4703 1901 4751 tet
1931 4694 2132 4761 rixari,
2166 4695 2260 4751 sed
2294 4705 2638 4753 mansuetum
2665 4713 2788 4755 esse
2829 4700 2897 4755 ad
2934 4715 3124 4758 omnes
3144 4742 3159 4769 ,
3190 4702 3399 4759 docibi-

1818 4786 1959 4851 lem,
2003 4786 2398 4858 longanimem,
2440 4802 2565 4843 cum
2605 4791 3020 4847 mansuetudine
3059 4795 3401 4852 erudientem

1818 4878 1985 4934 etiam
2012 4894 2109 4935 eos
2145 4878 2238 4949 qui
2268 4880 2542 4935 contrario
2568 4880 2849 4953 disputant
2876 4883 2896 4955 (
2918 4882 2983 4938 II
3013 4884 3148 4940 Tim.
3199 4903 3238 4943 η
3260 4887 3300 4960 ).

1892 4969 2304 5027 λΕηιιιιαιίοηεε.
2358 4971 2561 5027 Octava
2615 4975 2857 5029 succedit
2908 4976 3182 5033 aemulatio
3206 5019 3220 5044 ,
3277 4994 3401 5051 quae

1818 5062 2008 5119 Graeco
2057 5076 2309 5117 sermone
2357 5064 2503 5129 ζῆλος
2547 5064 2943 5135 signiﬁcantius
2987 5077 3043 5123 et
3081 5069 3261 5127 notius
3306 5088 3404 5145 ap-

1816 5151 2066 5225 pellatur.
2096 5151 2215 5220 Quo
2240 5153 2457 5223 quidem
2499 5155 2642 5211 malo
2670 5157 2855 5212 nescio
2881 5159 3007 5228 quis
3032 5172 3275 5217 nostrum
3305 5180 3402 5220 car

1820 5251 1953 5299 reat.
1987 5242 2155 5298 Zelati
2184 5251 2311 5298 sunt
2338 5244 2484 5299 enim
2515 5252 2570 5300 et
2596 5246 2923 5316 patriarcha:
2943 5246 3141 5321 Joseph
3171 5251 3396 5310 fratrem

1820 5348 1997 5388 suum.
2030 5333 2096 5386 Et
2142 5331 2313 5387 Maria
2350 5334 2643 5403 prophetes
2687 5343 2743 5391 et
2785 5336 2964 5394 Aaron
3006 5340 3103 5396 Dei
3145 5344 3403 5399 sacerdos

1821 5433 2010 5484 contra
2044 5422 2227 5480 Mosen
2257 5423 2351 5479 tali
2381 5424 2636 5495 passione
2661 5426 2871 5498 decepti
2899 5440 3044 5485 sunt.

1895 5513 2023 5570 frte.
2053 5512 2137 5568 Ira
2161 5513 2352 5569 deinde
2382 5528 2525 5570 nono
2552 5516 2794 5572 succedit
2821 5517 2958 5583 loco,
2989 5535 3110 5590 quae
3130 5522 3401 5592 prstitiattt

1825 5606 1921 5663 Dei
1952 5623 2058 5664 non
2087 5615 2363 5676 operatur,
2394 5615 2450 5664 et
2477 5608 2687 5679 species
2715 5619 2802 5666 est
2836 5610 3057 5668 furoris.
3098 5614 3245 5668 inter
3285 5615 3400 5671 ira-

1825 5700 2079 5760 cundiam
2105 5708 2287 5757 autem
2312 5708 2366 5757 et
2393 5700 2530 5756 iram
2550 5741 2568 5772 ,
2594 5701 2697 5757 hoc
2726 5701 2950 5760 interest
2963 5744 2982 5773 ,
3009 5705 3151 5775 quod
3183 5704 3376 5764 iracun
