3952 6458
541 310 637 365 ιλι

1812 301 2160 360 SMARAGDI
2200 298 2482 356 ADBATIS

3697 296 3812 351 452

545 429 643 482 dus
666 437 875 493 semper
904 420 1175 484 Irascitur,
1200 419 1370 472 iratus
1398 431 1498 486 pro
1522 424 1759 485 tempore
1784 415 2109 478 concitatur,
2142 424 2189 480 Α
2215 411 2267 464 in
2295 426 2398 479 qua
2431 410 2732 479 regnaverit
2758 390 3037 476 peccatum
3058 446 3072 472 ,
3101 420 3207 459 non
3237 413 3414 474 potest
3443 405 3537 460 Dei
3569 420 3809 476 regnare

543 527 600 572 et
645 515 827 570 nescio
868 513 988 581 quis
1027 509 1201 579 possit
1245 523 1470 578 regnum
1503 507 1598 562 Dei
1640 506 1945 576 possidere,
1990 519 2113 557 eum

544 612 608 676 is,
629 610 722 679 qui
754 606 1029 671 irascitur,
1060 613 1346 674 separetur
1375 618 1405 657 a
1435 616 1620 672 regno.

614 716 784 771 Rixte.
828 715 1048 770 Decimo
1087 714 1208 769 loco
1264 722 1542 784 ponuntur
1582 711 1749 775 rixze,
1793 726 1929 779 quas
1973 708 2118 763 aliud

539 788 713 864 Caeci
751 808 1120 876 signiﬁcantes
1158 808 1368 881 ἐριθείας
1408 812 1634 867 vocant,
1681 803 1724 857 si
1753 802 1971 871 quidem
2002 801 2116 853 rixa

541 898 718 969 μάχη,
768 897 1006 962 dicitur;
1038 912 1069 949 a
1114 910 1280 965 regno
1326 893 1419 948 Dei
1464 891 1769 963 prohibent.
1815 890 1907 943 Est
1936 897 2115 942 autem

540 990 762 1063 iptecia,
795 1000 919 1039 cum
946 984 1037 1054 qui
1070 997 1284 1052 semper
1325 982 1390 1036 ad
1438 979 1917 1035 contradicendum
1959 992 2117 1047 para-

542 1091 630 1135 tus
651 1119 667 1145 ,
698 1086 753 1131 et
782 1075 1032 1130 muliebri
1066 1074 1249 1145 jurgio
1279 1071 1590 1136 contendit,
1618 1080 1673 1124 et
1700 1076 1957 1139 provocat
1983 1082 2115 1121 con-

542 1169 881 1232 tendentem;
929 1166 1042 1220 hmo
1084 1165 1190 1220 alio
1233 1164 1451 1219 nomine
1496 1161 1637 1231 apud
1673 1159 1890 1215 Gracos
1919 1158 2117 1213 dicitur

538 1259 819 1333 φιλονεικία.
1528 1248 1551 1255 ἑ

607 1351 995 1405 Dissensiones.
1029 1349 1327 1406 Undecimo
1357 1347 1476 1403 loco
1514 1354 1786 1418 ponuntur
1824 1345 2117 1401 dissensio-

541 1457 672 1505 nes,
707 1457 827 1511 quze
856 1448 982 1495 sunt
1008 1453 1172 1507 opera
1203 1437 1415 1503 carnis,
1448 1452 1570 1490 cum
1612 1435 1734 1504 quis
1771 1450 2114 1504 nequaquam

538 1530 814 1600 perfectus
853 1529 1042 1584 eodem
1084 1544 1248 1584 sensu
1293 1536 1348 1582 et
1392 1528 1581 1582 eadem
1627 1528 1897 1580 sententia
1940 1526 2109 1580 dicit:

540 1619 655 1690 Ego
695 1636 809 1673 sum
853 1617 1042 1681 Pauli,
1071 1628 1118 1671 et
1149 1634 1241 1688 ego
1268 1615 1454 1686 Apollo
1474 1656 1489 1682 ,
1516 1626 1564 1670 et
1590 1633 1681 1687 ego
1708 1614 1897 1686 (Sep/ta:
1934 1626 1983 1669 et
2018 1632 2112 1686 ego

540 1707 766 1773 Christi,
800 1709 893 1763 sed
923 1716 979 1763 et
1005 1706 1267 1761 donorum
1294 1707 1436 1760 inter
1464 1722 1522 1760 se
1546 1706 1660 1760 haec
1689 1706 1877 1760 eadem
1906 1705 2113 1760 dissen-

538 1800 619 1853 sio
647 1800 948 1869 reperitur;
983 1798 1165 1853 mariti
1188 1797 1440 1853 videlicet
1464 1798 1531 1853 ad
1562 1812 1782 1851 uxorem
1801 1837 1817 1862 ,
1845 1797 2017 1866 patris
2038 1797 2112 1861 ad

539 1888 708 1943 ﬁlium
732 1930 747 1954 ,
779 1888 960 1944 fratris
986 1890 1052 1943 ad
1084 1888 1308 1942 fratrem
1326 1928 1342 1955 ,
1370 1886 1620 1943 conservi
1650 1887 1717 1941 ad
1746 1902 2067 1941 conservum
2093 1927 2109 1953 ,

535 1979 723 2033 militis
751 1978 818 2033 ad
847 1976 1287 2032 contubernalem
1313 2017 1328 2042 ,
1359 1975 1589 2030 artiﬁcis
1616 1975 1685 2030 ad
1712 1975 1954 2044 ejusdem
1984 1990 2112 2045 ope-

537 2072 614 2125 ris
642 2071 903 2126 artiﬁcem
925 2109 941 2135 ,
972 2085 1359 2140 nonnunquam
1390 2071 1603 2134 evenit,
1636 2079 1694 2125 ut
1721 2080 1776 2127 et
1812 2071 1870 2125 in
1899 2072 2111 2141 exposi-

534 2160 772 2216 tionibus
800 2158 1202 2229 Scripturarum
1245 2160 1455 2215 oriatur
1499 2160 1802 2226 dissensio,
1844 2178 1877 2216 e
1914 2162 2111 2231 quibus

534 2255 801 2318 haereses,
850 2267 970 2325 qua:
1009 2260 1064 2308 et
1102 2252 1211 2307 alio
1245 2252 1464 2307 nomine
1505 2260 1667 2308 sectae
1706 2252 1810 2308 dici
1851 2261 2104 2323 possunt,

532 2342 818 2397 ebulliunt.

604 2429 794 2489 Sectae.
840 2430 1169 2486 Duodecimo
1209 2429 1328 2484 loco
1370 2438 1531 2486 sectre
1570 2440 1866 2500 ponuntur,
1907 2452 2033 2505 qua:
2076 2453 2108 2492 a

533 2522 788 2576 sedando
828 2521 913 2577 vel
953 2522 1216 2576 divisione
1261 2530 1422 2575 secta:
1460 2524 1825 2578 nominantur.
1875 2526 1930 2581 Si
1962 2529 2107 2583 enim

525 2610 799 2681 sapientia
828 2611 1010 2666 carnis
1030 2610 1246 2665 inimica
1279 2619 1361 2666 est
1381 2611 1510 2677 Deo,
1534 2622 1694 2668 secta:
1722 2630 1955 2686 quoque,
1986 2634 2107 2688 quae

531 2715 675 2756 nunc
711 2701 765 2755 in
807 2701 986 2757 carnis
1030 2716 1193 2772 Opere
1233 2710 1525 2772 ponuntur,
1569 2720 1675 2759 non
1719 2716 1845 2761 sunt
1874 2710 2100 2766 amica}:

530 2785 746 2843 inimica
794 2797 975 2844 autem
1020 2798 1146 2844 sunt
1185 2791 1365 2845 omnia
1407 2791 1660 2860 dogmata
1702 2794 1952 2852 falsitatis
1996 2800 2105 2855 Deo

524 2878 908 2949 repugnantia.

599 2967 841 3023 Invidia.
884 2969 1068 3025 Tertio
1125 2969 1335 3026 decimo
1395 2971 1513 3027 loco
1571 2975 1812 3030 succedit
1867 2978 2101 3045 invidia,

526 3074 645 3128 quae
674 3073 890 3128 semper
916 3059 1089 3116 aliena
1123 3070 1405 3132 torquetur
1427 3063 1701 3133 felicitate,
1735 3076 1787 3123 et
1828 3069 1880 3124 in
1922 3071 2101 3142 dupli-

525 3165 644 3206 cem
675 3152 939 3206 scinditur
988 3153 1327 3223 passionem,
1387 3171 1509 3209 eum
1558 3157 1612 3212 in
1648 3174 1706 3213 se
1761 3168 1843 3214 est
1901 3162 2101 3230 aliquid

524 3241 671 3310 quod
732 3240 784 3294 in
837 3241 944 3295 alio
1008 3257 1127 3296 esse
1175 3259 1281 3298 non
1330 3244 1469 3311 vult,
1521 3255 1615 3300 aut
1681 3248 1844 3303 alium
1913 3252 2101 3307 ridens

526 3345 648 3384 esse
694 3330 1001 3395 meliorem,
1049 3331 1193 3387 dolet
1240 3348 1298 3387 se
1346 3334 1396 3388 ei
1435 3350 1541 3389 non
1580 3350 1700 3392 csse
1740 3340 2095 3396 consimilem.

530 3419 760 3475 Pulchre
824 3421 1042 3490 quidam
1098 3422 1164 3477 de
1216 3423 1515 3481 Neotericis
1569 3426 1819 3484 Grzecmn
1877 3448 2094 3489 versum

525 3505 857 3562 transferens
886 3507 1123 3579 elegiaco
1153 3520 1325 3566 metro
1354 3513 1420 3567 de
1450 3515 1650 3571 invidia
1680 3517 1837 3586 lusit,
1866 3522 2051 3579 dicens
2082 3544 2093 3578 :

645 3659 831 3727 lustius
852 3660 1026 3709 invidia
1051 3660 1172 3727 nihil
1191 3671 1285 3723 est,
1311 3677 1420 3725 qua:
1441 3668 1657 3726 protinus
1681 3671 1836 3727 ipsum

707 3722 974 3770 Auctorem
1003 3723 1126 3771 rodit
1150 3722 1499 3790 excruciatque
1522 3722 1752 3780 animum.

596 3835 905 3890 Ebrietates.
953 3836 1215 3904 Quartum
1240 3841 1503 3897 decimum
1529 3844 1705 3901 locum
1743 3848 1887 3905 inter
1916 3854 2097 3908 carnis

522 3945 686 4001 opera
734 3930 971 3986 ebrietas
1014 3940 1159 3987 tenet
1202 3951 1217 3988 :
1266 3934 1477 3991 Ebriosi
1517 3940 1705 4009 quippe
1746 3958 1958 4011 regnum
1997 3944 2095 3999 Dei

520 4039 624 4077 non
649 4022 985 4092 possidebunt
1013 4038 1031 4077 :
1071 4022 1153 4078 Va:
1170 4026 1331 4090 enim,
1361 4028 1437 4082 ait
1465 4028 1760 4099 Propheta,
1794 4035 1884 4103 qui
1909 4044 2092 4103 poten-

517 4123 593 4166 tes
616 4113 740 4166 estis
766 4113 834 4167 ad
861 4113 1137 4168 bibendum
1166 4116 1343 4170 vinum
1360 4157 1375 4182 ,
1399 4128 1445 4171 et
1472 4120 1570 4172 viri
1595 4120 1756 4190 fortes
1782 4122 1851 4176 ad
1876 4125 2094 4179 miscen-

516 4203 640 4255 dum
661 4202 989 4269 ebrietatem,
1033 4214 1088 4259 et
1116 4205 1372 4263 Dominus
1397 4207 1571 4277 inquit
1599 4227 1612 4262 :
1646 4208 1854 4279 Cavete,
1884 4230 1947 4267 ne
1971 4231 2093 4284 gra-

517 4305 699 4347 tentur
716 4295 875 4349 corda
897 4306 1065 4351 vestra
1086 4298 1304 4369 crapula
1325 4309 1373 4354 et
1395 4301 1664 4389 ebrietate,
1701 4314 1748 4360 et
1770 4308 1911 4362 curis
1928 4309 2091 4379 hujus

517 4387 635 4439 vita:
666 4386 684 4458 (
705 4387 830 4441 Luc.
866 4405 953 4443 xx:
972 4388 1014 4462 ).

584 4479 1014 4539 Comessationes.
1059 4483 1504 4552 Quintadecima,
1552 4503 1673 4558 quce
1717 4499 1961 4547 extrema
1986 4474 2087 4548 in-

519 4584 599 4628 ter
624 4576 809 4631 carnis
834 4593 1023 4647 opera,
1067 4580 1388 4634 comessatio
1414 4588 1528 4645 est;
1559 4582 1892 4638 manducavit
1915 4601 2085 4656 popu-

516 4664 633 4731 lus,
674 4676 722 4721 et
765 4667 917 4733 bibit,
957 4678 1005 4722 et
1048 4681 1386 4725 surrexerunt
1426 4670 1606 4728 ludere
1648 4673 1715 4746 (Ι
1746 4675 1871 4730 Cor.
1904 4675 1999 4748 κ).
2028 4677 2084 4731 lu

518 4755 727 4812 Latinis
765 4758 1042 4812 codicibus
1073 4759 1430 4824 adulterium,
1463 4763 1791 4833 impudicitia
1811 4806 1826 4830 ,
1857 4766 2082 4822 homici-

514 4844 623 4909 dia,
654 4845 706 4898 in
731 4846 833 4900 hoc
858 4845 1101 4917 catalogo
1122 4848 1372 4905 vitiorum
1397 4853 1599 4921 scripta
1627 4854 1958 4919 referuntur,
1985 4856 2081 4911 sed

514 4933 820 5001 sciendum,
870 4950 975 4990 non
1020 4937 1302 5008 plusquam
1345 4941 1655 5010 quindecim
1697 4944 1879 5000 carnis
1917 4959 2081 5016 opera

456 5094 466 5105 ἢ
516 5031 794 5078 numerata
820 5023 886 5079 de
912 5026 1105 5095 quibus
1130 5038 1184 5083 et
1212 5029 1584 5087 disseruimus.

584 5130 654 5184 Et
678 5132 759 5186 Itis
784 5133 996 5189 similia.
1021 5134 1263 5207 Longum
1288 5147 1408 5194 erat
1428 5140 1687 5195 universa
1712 5140 1893 5194 carnis
1914 5156 2078 5209 opera

510 5220 808 5289 explicare,
839 5240 944 5280 uno
974 5233 1183 5281 tantum
1209 5229 1391 5282 omnia
1420 5243 1673 5285 sermone
1700 5229 1966 5285 conclusit
1991 5231 2065 5285 di-

509 5327 667 5377 cens,
699 5321 755 5368 et
781 5315 865 5370 his
888 5316 1103 5371 similia.

583 5400 713 5468 Qua:
738 5405 963 5473 prccdico
992 5406 1133 5460 vobis
1153 5445 1168 5471 ,
1195 5415 1302 5461 etc.
1350 5406 1450 5462 Ubi
1492 5417 1619 5463 ante
1643 5409 1895 5478 prtedixit
1916 5410 1941 5465 2
1965 5411 2074 5464 uti-

507 5508 613 5563 que
642 5494 731 5548 ubi
759 5495 834 5549 ait
862 5513 876 5547 :
911 5494 1033 5550 Non
1064 5507 1233 5566 regnet
1260 5507 1527 5567 peccatum
1566 5498 1620 5549 in
1660 5508 1826 5551 vestro
1864 5499 2074 5553 mortali

507 5601 719 5653 corpore
757 5584 827 5639 ad
868 5584 1211 5641 obedientium
1249 5586 1523 5640 desideriis
1561 5587 1675 5657 ejus
1722 5589 1912 5661 (Rom.
1951 5607 2003 5645 vt
2030 5591 2070 5664 ).

512 5673 791 5729 l‘eeeatuzn
816 5689 1003 5730 omnes
1028 5675 1159 5730 istas
1186 5676 1394 5745 species
1418 5675 1595 5730 habet.
1625 5678 1765 5749 Ergo
1792 5681 1844 5734 in
1869 5682 2070 5749 anima,

2221 517 2551 655 Νὲὁέᾚιὶὶαηι
2588 590 2678 660 qui
2703 587 2833 642 talia
2861 596 3042 658 agunt.
3088 587 3394 640 Notandum
3422 588 3605 656 itaque
3636 594 3805 656 atque

2218 680 2556 744 dellendum,
2607 680 2751 748 quod
2795 677 3222 742 contendentes,
3271 686 3326 732 et
3369 677 3699 734 dissidentes
3746 686 3803 731 et

2218 770 2508 825 iracundos
2550 785 2674 824 cum
2724 768 3057 833 idololatris,
3112 767 3369 822 veneﬁcis
3409 777 3463 822 et
3504 767 3800 824 homicidis

2216 861 2431 928 penitus
2458 860 2689 914 exclusit
2716 875 2749 912 a
2781 874 2967 928 regno.

2288 948 2519 1002 Fructus
2543 950 2679 1003 enim
2708 950 2921 1018 spiritus
2949 957 3022 1002 est
3051 948 3303 1003 Charitas.
3345 948 3474 1016 Quae
3510 949 3616 1002 alia
3655 950 3801 1004 inter

2217 1038 2427 1094 fructus
2453 1040 2676 1108 spiritus
2705 1040 2888 1094 debuit
2920 1048 3101 1095 tenere
3129 1040 3422 1109 primatum
3444 1081 3460 1106 ,
3487 1041 3589 1096 nisi
3618 1042 3803 1097 chari-

2218 1131 2344 1184 tas?
2372 1132 2487 1184 sine
2518 1146 2622 1200 qua
2654 1131 2884 1184 virtutes
2921 1138 3132 1184 caetera:
3172 1145 3279 1185 non
3317 1140 3638 1200 reputantur
3674 1148 3801 1187 esse

2218 1223 2477 1288 virtutes,
2518 1232 2574 1276 et
2612 1237 2679 1277 ex
2721 1237 2825 1291 qua
2867 1232 3165 1277 nascuntur
3205 1223 3456 1279 universa
3493 1240 3614 1294 quae
3652 1225 3796 1280 bona

2215 1325 2361 1380 sunt,
2379 1316 2642 1384 siquidem
2662 1324 2717 1370 et
2742 1316 2796 1369 in
2822 1316 2941 1384 iege
2968 1325 3024 1369 et
3052 1316 3104 1369 in
3132 1316 3419 1386 Evangelio
3449 1318 3563 1388 ipsa
3588 1320 3800 1374 obtinet

2215 1407 2615 1477 principatum:
2648 1405 2846 1475 Diliges
2875 1405 3155 1459 Dominum
3196 1405 3363 1460 Deum
3405 1417 3552 1461 tuum
3592 1425 3659 1462 ea:
3686 1418 3798 1461 toto

2215 1498 2371 1551 corde
2393 1507 2484 1550 tuo
2510 1505 2560 1550 et
2589 1511 2654 1549 ex
2678 1505 2786 1549 tota
2811 1495 2987 1549 animo
3011 1506 3104 1549 tua
3122 1534 3138 1561 ,
3164 1505 3213 1550 et
3234 1512 3299 1549 ex
3319 1504 3429 1551 tota
3452 1498 3642 1551 virtute
3665 1508 3759 1552 tua
3778 1538 3793 1561 ,

2214 1595 2262 1639 et
2291 1586 2587 1656 proximum
2613 1595 2763 1638 tuum
2792 1592 3042 1653 tanquam
3069 1586 3290 1655 teipsum
3321 1584 3340 1657 (
3366 1584 3556 1639 Matth.
3584 1601 3699 1641 χιιι
3721 1590 3766 1657 ).

2285 1677 2572 1732 Gaudium.
2606 1677 2888 1733 Secundus
2914 1677 3121 1732 fructus
3144 1678 3366 1747 spiritus
3392 1686 3477 1734 est
3502 1679 3759 1748 gaudium
3776 1721 3793 1744 ,

2141 1759 2186 1816 Β
2215 1769 2358 1838 quod
2388 1768 2555 1822 Stoici
2585 1783 2797 1837 quoque
2826 1768 2919 1836 qui
2945 1768 3284 1839 distinguunt
3309 1769 3452 1824 inter
3475 1770 3639 1824 verba
3666 1771 3800 1825 sub-

2214 1861 2398 1924 tilius,
2451 1860 2597 1915 aliud
2645 1860 2776 1930 quid
2820 1874 2942 1915 esse
2984 1861 3255 1914 aastimant
3297 1877 3460 1930 quam
3505 1861 3799 1918 lanitiam?

2211 1947 2479 2004 Gaudium
2509 1949 2707 2019 quippe
2745 1964 2867 2004 esse
2897 1949 3049 2003 aiunt
3088 1949 3383 2006 elationem
3420 1952 3586 2006 animi
3627 1968 3800 2023 super

2212 2043 2297 2097 his
2342 2058 2463 2111 qua:
2508 2042 2666 2110 digna
2714 2049 2841 2095 sunt
2883 2040 3206 2096 exsultantis
3234 2041 3441 2096 latitia.
3484 2041 3793 2098 Notandum

2209 2134 2352 2203 quod
2378 2143 2498 2203 post
2526 2133 2864 2187 dilectionem
2894 2133 3147 2202 gaudium
3194 2133 3460 2201 sequitur,
3505 2134 3595 2201 qui
3642 2134 3792 2188 enim

2208 2227 2383 2296 diligit
2409 2228 2753 2296 quempiam,
2784 2241 2997 2296 semper
3024 2227 3077 2279 in
3103 2224 3221 2293 ejus
3247 2225 3504 2281 felicitate
3530 2226 3766 2280 lzetatur.

2281 2315 2419 2371 Pax.
2460 2317 2676 2371 Tertius
2715 2315 2925 2370 fructus
2972 2316 3195 2385 spiritus
3222 2325 3306 2371 est
3329 2332 3464 2387 pax,
3496 2332 3527 2370 a
3552 2333 3661 2387 qua
3691 2317 3793 2371 Sa-

2207 2405 2389 2461 lomon
2415 2420 2664 2476 quoque,
2705 2406 2798 2475 qui
2839 2406 2895 2460 in
2935 2414 3061 2477 typo
3100 2405 3303 2461 Christi
3334 2407 3651 2476 praecessit,
3688 2422 3790 2461 no-

2208 2513 2330 2552 men
2361 2498 2569 2566 aceepit
2589 2538 2605 2562 ,
2631 2506 2689 2551 et
2727 2497 2795 2551 de
2835 2497 3077 2551 Ecclesia
3118 2494 3408 2551 Psshnista
3446 2496 3597 2551 canit
3627 2514 3641 2549 :
3672 2494 3789 2549 Fa-

2206 2602 2321 2645 ctus
2358 2600 2431 2646 est
2475 2591 2531 2645 in
2578 2607 2706 2662 pace
2752 2590 2897 2645 locus
2939 2591 3054 2660 ejus
3092 2589 3286 2662 (Psal.
3315 2606 3455 2645 uxr
3478 2590 3530 2660 ),
3561 2599 3618 2645 et
3645 2590 3791 2644 inter

2205 2694 2330 2740 octo
2371 2684 2646 2755 Evangelii
2688 2684 3093 2739 benedictiones
3139 2682 3438 2738 scribitur:
3489 2682 3642 2736 Beati
3686 2698 3786 2753 pa-

2206 2776 2345 2844 ciﬁci
2362 2816 2375 2841 ,
2404 2778 2655 2846 quoniam
2683 2775 2780 2843 ﬁlii
2815 2774 2906 2828 Dei
2932 2774 3257 2827 vocabuntur
3284 2771 3303 2844 (
3328 2772 3517 2826 Matth.
3544 2787 3576 2824 ν

2275 2864 2695 2936 Longanimitas.
2738 2863 2975 2929 Quartus
3010 2862 3218 2917 fructus
3244 2863 3463 2932 spiritus
3491 2870 3577 2916 est
3604 2861 3787 2931 longa-

2205 2957 2426 3012 nimitas
2454 2955 2566 3015 sive
2593 2955 2851 3025 patientia
2872 2995 2886 3019 ,
2919 2954 3043 3024 quia
3074 2964 3304 3023 utroque
3335 2954 3492 3007 modo
3519 2955 3787 3025 μακροθυ-

2206 3052 2324 3121 μίαν
2350 3063 2638 3118 possumus
2665 3045 3031 3116 interpretari.
3068 3045 3202 3099 Huic
3244 3046 3519 3099 contraria
3559 3053 3646 3099 est
3689 3060 3788 3115 pu-

2131 3113 2174 3173 C
2208 3137 2569 3202 sillanimitas,
2595 3137 2687 3206 qui
2714 3151 2843 3190 vero
2863 3136 3075 3204 patiens
3099 3142 3181 3189 est
3208 3144 3262 3189 et
3288 3135 3542 3189 universa
3570 3144 3787 3189 susten-

2205 3235 2316 3294 tat,
2355 3227 2440 3283 vir
2478 3226 2725 3296 sapiens,
2773 3235 2827 3279 ct
2868 3240 2993 3280 cum
3035 3226 3265 3281 ἐπιτάσει
3306 3224 3533 3278 multum
3565 3226 3788 3295 sapiens

2203 3318 2523 3389 appellatur,
2567 3324 2630 3371 ut
2668 3315 2722 3371 in
2762 3315 3074 3369 Proverbiis
3112 3328 3327 3385 quoque
3364 3315 3626 3383 scriptum
3652 3325 3737 3371 est
3767 3334 3782 3370 :

2203 3407 2544 3477 Lonqunimis
2582 3407 2664 3460 vir
2693 3405 2886 3459 multus
2912 3406 2965 3460 in
2987 3406 3265 3475 prudentia
3296 3403 3495 3477 (Prov.
3525 3406 3673 3477 xw).

2273 3497 2511 3551 Bonitas.
2536 3496 2766 3563 Quintus
2795 3496 3001 3551 fructus
3024 3495 3245 3565 spiritus
3270 3504 3353 3548 est
3378 3493 3610 3561 bonitas,
3635 3506 3690 3550 et
3718 3497 3786 3551 de

2201 3590 2303 3644 hac
2334 3589 2501 3644 Stoici
2543 3590 2614 3643 ita
2660 3589 2960 3643 deﬁniutt:
3005 3587 3224 3643 Bonitas
3266 3596 3348 3643 est
3390 3588 3563 3642 virtus
3590 3600 3785 3658 sponte

2200 3681 2268 3734 ad
2296 3679 2738 3735 benefaciendmu
2770 3681 3013 3749 exposita
3039 3696 3053 3745 ;
3085 3688 3383 3734 sectatores
3423 3695 3638 3748 quoque
3681 3681 3783 3734 Ze-

2199 3773 2355 3827 nonis
2381 3773 2458 3827 ita
2490 3772 2752 3827 deﬁniunt
2781 3788 2794 3826 :
2825 3772 3047 3827 Bonitas
3073 3779 3156 3826 est
3182 3772 3355 3825 virtus
3373 3812 3390 3836 ,
3421 3785 3542 3841 qua:
3570 3772 3778 3842 prosit,

2197 3862 2312 3917 sive
2340 3862 2513 3916 virtus
2537 3877 2604 3915 ex
2631 3876 2737 3930 qua
2764 3862 2939 3915 oritur
2967 3860 3195 3916 utilitas.

2269 3951 2596 4023 Bcnignitas.
2641 3951 2840 4006 Sextus
2871 3951 3079 4006 fruetus
3108 3950 3332 4021 spiritus
3359 3960 3443 4005 est
3467 3950 3777 4022 benignitas

2194 4044 2307 4099 sive
2335 4045 2589 4099 suavitas.
2623 4043 2759 4109 Quia
2789 4043 2930 4112 apud
2964 4041 3182 4097 Graecos
3210 4043 3518 4117 χρηστότης
3548 4051 3768 4096 utrum-

2194 4148 2301 4202 que
2326 4140 2499 4188 sonat.
2540 4132 2721 4187 Virtus
2761 4142 2844 4187 est
2883 4132 3051 4198 lenis,
3093 4132 3318 4195 blanda,
3369 4132 3692 4201 tranquilla,
3721 4142 3777 4187 et

2193 4225 2435 4280 omnium
2474 4224 2737 4280 bonorum
2764 4232 2889 4294 apta
2919 4223 3221 4289 consortio,
3256 4223 3489 4278 imitans
3518 4224 3588 4279 ad
3619 4223 3776 4278 fami-

2194 4316 2485 4371 liaritatem
2518 4316 2636 4381 sui,
2667 4316 2841 4371 dulcis
2872 4315 3107 4385 alloquio
3128 4355 3142 4379 ,
3176 4315 3419 4370 moribus
3450 4323 3771 4385 temperata.

2266 4406 2636 4462 Manzuetudo.
2669 4406 2942 4477 Septimus
2981 4405 3190 4462 fructus
3228 4406 3452 4476 Spiritus
3492 4415 3579 4460 est
3614 4421 3771 4461 man-

2192 4500 2438 4561 suetudo,
2471 4516 2590 4569 qua:
2619 4500 2844 4553 adversa
2873 4506 2955 4552 est
2981 4498 3100 4563 ine,
3133 4498 3286 4561 rixa),
3318 4497 3768 4564 dissensionibus,

2189 4600 2243 4645 et
2274 4598 2543 4661 nunquam
2571 4593 2637 4648 ad
2667 4593 2747 4648 sui
2777 4593 3049 4648 contraria
3087 4602 3438 4662 provocatur,
3481 4608 3583 4661 per
3623 4593 3766 4648 hanc

2191 4682 2420 4737 fanuilus
2468 4683 2563 4737 Dei
2615 4682 2788 4739 Moses
2841 4684 3211 4739 testimonium
3264 4684 3463 4738 meruit
3513 4685 3769 4753 accipere

2189 4774 2481 4844 Scriptura:
2506 4775 2735 4830 dicentis
2761 4793 2774 4829 :
2805 4773 2979 4830 Moses
3001 4784 3302 4829 mansuetus
3326 4785 3462 4840 erat,
3483 4774 3765 4845 plusquam

2188 4880 2365 4918 omnes
2393 4865 2626 4919 homines
2653 4881 2809 4936 super
2834 4874 3050 4919 terram.

2257 4956 2439 5010 Fides.
2489 4954 2726 5013 Octavus
2770 4957 2979 5013 fructus
3023 4958 3246 5028 spiritus
3290 4966 3376 5013 est
3421 4957 3593 5021 ﬁdes,
3640 4972 3764 5027 qua:

2183 5048 2348 5102 etiam
2373 5047 2499 5102 alibi
2530 5047 2673 5104 inter
2701 5057 2811 5104 tres
2838 5049 3077 5119 ponitur,
3106 5064 3252 5118 spes,
3286 5048 3443 5112 ﬁdes,
3486 5047 3761 5109 Charitas,

2183 5138 2307 5193 inde
2328 5138 2474 5192 enim
2495 5147 2581 5193 est
2598 5153 2757 5193 omne
2779 5140 2920 5208 quod
2944 5147 3221 5209 operatur,
3241 5139 3508 5209 siquidem
3537 5138 3593 5193 id
3617 5139 3761 5206 quod

2180 5243 2460 5296 speramus
2499 5243 2622 5285 esse
2659 5239 2978 5297 venturum,
3014 5240 3071 5286 et
3107 5247 3209 5286 nec
3237 5232 3365 5287 dum
3406 5239 3490 5287 est
3531 5230 3587 5285 in
3616 5245 3761 5299 pra:-

2177 5318 2344 5382 senti,
2378 5318 2480 5373 ﬁdc
2507 5320 2881 5390 possidemus,
2925 5330 3210 5390 sperantes
3248 5338 3350 5377 nos
3391 5331 3579 5377 tenere
3612 5323 3761 5391 quod

2177 5410 2465 5465 credimus.

2249 5500 2525 5557 Madestia.
2542 5501 2726 5557 Nonus
2751 5502 2960 5561 fructus
2982 5505 3208 5576 spiritus
3233 5514 3319 5561 est
3341 5507 3622 5575 modestia,
3640 5508 3758 5562 haec

2174 5608 2388 5661 semper
2423 5609 2611 5663 pacem
2650 5596 2913 5664 sequitur,
2951 5612 3167 5668 semper
3191 5613 3376 5668 pacem
3408 5608 3665 5666 sectatur,
3696 5607 3753 5653 et

2177 5699 2275 5738 nee
2306 5684 2427 5738 hesa
2461 5700 2699 5755 unquam
2725 5687 2995 5743 irascitur.
