3952 6412
230 298 343 355 453

1056 293 1572 351 COLLECTIONES
1610 291 1680 373 1N
1720 292 2099 350 EPISTOLAS
2139 296 2226 352 ET
2266 298 2672 356 EVANCELIA.

3391 304 3500 360 454

305 387 661 447 Contmentia.
704 388 954 445 Decimus
1001 385 1210 441 fructus
1250 388 1471 457 spiritus
1513 394 1598 441 est
1643 386 1817 440 conti-
1845 388 1892 446 Α
1919 386 2281 455 cognitionem
2320 392 2667 460 prmceptoris
2704 390 2951 459 redeunt,
2989 408 3118 448 mox
3149 393 3216 449 ad
3265 391 3495 450 formam

230 480 451 547 nentia,
480 495 642 548 quam
682 493 790 534 non
816 478 993 534 solum
1025 478 1080 532 in
1107 478 1356 533 castitate
1385 479 1642 533 debemus
1671 478 1813 533 acci-

232 587 399 644 pere,
425 575 521 628 sed
548 573 712 627 etiam
744 571 797 626 in
824 570 947 626 cibo
985 579 1041 625 et
1078 578 1237 639 potu,
1268 571 1320 624 in
1358 569 1606 639 eloqulo,
1644 569 1701 623 in
1732 568 1812 624 ira

232 681 449 737 quoque
474 674 531 719 et
560 666 847 720 vexatione
874 664 1072 719 mentis
1091 702 1107 729 ,
1138 672 1194 718 et
1219 662 1536 718 detrahendi
1568 661 1809 717 libidine.

307 756 556 813 Castitas.
590 756 923 813 Undecimus
960 754 1172 810 fructus
1208 754 1434 824 spiritus
1456 760 1540 809 est
1564 752 1808 808 castitas.

230 849 469 907 Castitas
495 850 641 906 enim
668 860 724 905 et.
753 850 809 904 in
839 849 1140 918 virginibus
1180 855 1296 912 est,
1335 854 1391 901 et
1434 845 1489 903 in
1531 845 1811 901 continen-

232 943 401 1009 tibus,
433 943 567 998 etin
594 942 769 1001 viduis
794 950 850 996 et
878 941 931 995 in
959 937 1245 1010 coniugiis.

306 1032 564 1086 Aduersus
591 1031 895 1101 hujusntodi
924 1048 1030 1084 non
1055 1040 1132 1085 est
1159 1029 1264 1084 lex.
1307 1028 1367 1084 ιιι
1404 1035 1521 1093 est,
1548 1027 1809 1082 adversus

230 1122 481 1190 spiritum
515 1137 625 1176 non
668 1129 754 1176 est
789 1120 924 1187 Lex,
952 1120 1099 1191 justo
1123 1120 1321 1190 quippe
1349 1134 1457 1174 non
1486 1126 1572 1172 est
1610 1118 1805 1188 posita,

228 1214 327 1268 sed
352 1213 551 1282 iniquis
570 1253 585 1279 ,
618 1220 673 1268 et
698 1228 807 1268 non
836 1212 1092 1279 subditis,
1124 1211 1305 1281 impiis
1328 1219 1385 1265 et
1410 1208 1803 1280 peccatoribus.

227 1303 341 1358 Lex
386 1304 519 1358 mihi
561 1304 732 1358 dicit:
768 1303 888 1357 Non
915 1301 1266 1364 adulterabis,
1302 1317 1407 1354 non
1434 1299 1668 1363 occides,
1701 1314 1807 1351 non

226 1390 425 1460 falsum
451 1390 804 1445 testimonium
833 1391 973 1444 dices
991 1430 1007 1455 ,
1043 1397 1149 1444 etc.
1178 1388 1196 1459 (
1219 1388 1391 1442 Exod.
1421 1404 1488 1441 xx
1513 1387 1531 1457 )
1560 1404 1573 1451 ;
1604 1387 1649 1441 si
1691 1400 1806 1440 0:130

225 1484 411 1538 omnia
454 1484 721 1538 charitate
760 1483 813 1537 in
856 1498 945 1538 me
984 1491 1275 1553 regnante,
1319 1496 1441 1551 quae
1473 1491 1560 1537 est
1598 1480 1807 1536 fructus

226 1576 488 1647 Spiritus,
531 1592 641 1631 non
684 1574 897 1641 fecero,
927 1574 1198 1644 superﬂua
1222 1585 1349 1630 sunt
1368 1575 1501 1629 mihi
1535 1585 1807 1646 praecepta

225 1666 384 1736 legis.
427 1666 571 1737 Ergo
595 1667 687 1736 qui
713 1666 921 1723 fructus
946 1667 1171 1736 spiritus
1208 1666 1560 1743 spiritualiter
1584 1666 1803 1737 implet,

224 1755 329 1810 sub
352 1756 535 1812 Veteri
576 1756 927 1822 Testamento,
960 1772 1067 1811 non
1102 1764 1300 1812 manet.
1740 1816 1747 1823 ,

299 1843 402 1911 Qui
444 1854 618 1898 autem
658 1853 779 1899 sunt
823 1844 1049 1909 Christi,
1093 1860 1305 1899 carnem
1339 1858 1490 1898 suam
1528 1843 1804 1912 cruci/ixe-

227 1944 382 2000 runt,
418 1944 527 1989 etc.
568 1932 628 1989 Si
667 1934 851 1990 omnia
885 1933 1044 1989 simul
1082 1934 1214 1988 vitia
1251 1933 1511 1989 crueitixa
1549 1940 1709 1998 sunt,
1749 1941 1806 1989 et

224 2038 387 2089 caro,
422 2024 577 2093 quasi
612 2024 665 2077 in
689 2038 852 2078 cruce
874 2023 1145 2092 pendens,
1178 2022 1310 2078 nihil
1346 2023 1706 2092 concupiscit,
1732 2023 1803 2078 ad

223 2115 355 2183 quid
400 2115 557 2169 nobis
607 2114 690 2169 lex
714 2155 728 2180 ,
770 2129 890 2183 qua:
933 2114 1061 2168 data
1087 2114 1266 2169 estad
1303 2114 1436 2168 vitia
1474 2114 1802 2168 coercenda?

224 2202 396 2259 Simul
424 2203 554 2259 illud
575 2205 868 2259 notandum
889 2244 904 2269 ,
925 2203 1070 2273 quod
1092 2218 1188 2258 eos
1211 2203 1409 2258 dixerit
1430 2202 1629 2259 Christi
1654 2218 1798 2269 esse,

222 2294 314 2363 qui
342 2308 562 2349 carnem
589 2308 712 2348 cum
750 2293 898 2348 vitiis
938 2301 994 2348 et
1025 2293 1476 2363 concupiscentiis
1514 2293 1799 2348 crueiﬁxe-

222 2386 368 2451 rint,
414 2395 604 2440 contra
654 2384 775 2441 illos
822 2385 913 2456 qui
951 2384 1124 2440 solam
1167 2382 1326 2439 ﬁdem
1368 2382 1616 2440 suﬁicere
1654 2382 1799 2440 arbi-

220 2481 448 2529 trantur.

582 2624 921 2667 EVANGEUUI
951 2625 1121 2674 ιυοιε,
1150 2626 1269 2666 CAP.
1305 2626 1436 2666 XVII.

281 2758 302 2794 ι
333 2741 472 2797 Dum
497 2743 729 2798 intraret
749 2738 906 2798 Iesus
933 2742 984 2796 in
1008 2741 1344 2797 Hierusalem
1362 2782 1379 2807 ,
1409 2742 1677 2805 transibat
1699 2757 1798 2814 per

1915 473 2105 528 salutis
2135 486 2443 533 recurrunt.

1987 565 2132 632 Quos
2162 578 2219 622 ut
2242 568 2402 635 vidit,
2429 569 2563 624 dixit
2599 588 2616 626 :
2648 571 2748 639 Ile,
2794 574 3045 627 ostendite
3074 592 3159 629 vos
3208 576 3494 631 sacerdoti-

1913 656 2028 711 bus.
2062 657 2279 713 Nullum
2303 659 2564 716 Dominus
2589 676 2797 728 eorum,
2833 664 3027 732 quibus
3050 664 3165 719 lucc
3189 665 3491 734 corporalia

1911 748 2175 804 beneﬁcia
2196 752 2472 820 priestitit,
2500 752 2773 807 invenitur
2813 755 3027 809 misisse
3070 755 3139 808 ad
3174 755 3489 810 sacerdotes

1913 840 2016 894 nisi
2046 840 2309 910 leprosos,
2347 843 2473 912 quia
2510 844 2761 899 videlicet
2789 846 3149 900 sacerdotium
3179 845 3489 901 Iudaeorum

1909 928 2079 1001 ﬁgura
2119 941 2235 987 erat
2263 931 2428 988 futuri
2455 935 2744 990 sacerdotii
2770 936 2985 1009 regalis,
3009 936 3153 1007 quod
3195 946 3278 992 est
3305 938 3360 991 in
3400 938 3491 993 ec-

1908 1020 2093 1088 elesia’,
2124 1038 2231 1093 quo
2251 1034 2640 1081 consecrantur
2660 1042 2850 1082 omnes
2887 1028 3222 1097 pertinentes
3259 1028 3328 1082 ad
3368 1044 3490 1083 cor-

1906 1126 2007 1181 pus
2041 1110 2266 1179 Christi,
2296 1116 2491 1169 summi
2532 1126 2587 1169 et
2609 1117 2726 1171 veri
2752 1117 3012 1186 principis
3038 1118 3400 1173 sacerdotum.
3425 1118 3490 1173 Et

1906 1203 2153 1273 quisquis
2186 1204 2271 1259 vel
2299 1206 2367 1260 ab
2395 1205 2651 1261 haeretica
2685 1208 2951 1278 pravitate
2990 1209 3076 1264 vel
3101 1210 3491 1279 superstitione

1906 1293 2109 1362 gentili,
2128 1293 2212 1348 vel
2239 1293 2459 1349 Iudaica
2487 1297 2736 1366 perﬁdia,
2754 1297 2838 1351 vel
2862 1297 3026 1352 etiam
3057 1298 3350 1355 schismate
3378 1300 3490 1354 fra-

1905 1393 2079 1450 terno,
2113 1387 2266 1455 quasi
2299 1388 2448 1442 vario
2476 1388 2653 1444 colore
2673 1405 2770 1458 per
2792 1390 3003 1444 Domini
3032 1391 3260 1461 gratiam
3292 1408 3485 1448 carue-

1905 1475 2007 1541 rit,
2045 1492 2266 1533 necesse
2319 1486 2403 1535 est
2453 1480 2521 1534 ad
2568 1480 2852 1537 ecclesiam
2886 1482 3102 1546 veniat,
3143 1484 3489 1555 coloremque

1904 1565 2028 1621 ﬁdei
2070 1583 2256 1624 verum
2287 1585 2447 1639 quem
2484 1573 2784 1641 acceperit,
2829 1574 3100 1630 ostendat.
3152 1574 3359 1631 Caetera
3389 1592 3486 1631 an-

1907 1666 2017 1713 tem
2076 1660 2206 1715 vitia
2277 1669 2535 1732 tanquam
2578 1664 2915 1720 valetudines
2960 1673 3016 1720 et
3050 1648 3210 1736 quasi
3266 1669 3485 1723 morbos

1906 1751 2099 1806 animae
2143 1760 2306 1822 atque
2362 1769 2642 1822 sensuum,
2681 1770 2781 1825 per
2825 1756 3064 1827 seipsum
3109 1758 3337 1817 interius
3361 1799 3376 1824 ,
3426 1759 3484 1813 in

1904 1844 2268 1911 conscientia,
2324 1854 2379 1901 et
2435 1847 2712 1903 intellectu
2754 1849 3011 1904 Dominus
3046 1858 3203 1904 sanat
3252 1858 3308 1905 et
3354 1866 3482 1905 cor--

1904 1932 2048 2003 rigit.
2092 1931 2334 2003 Denique
2370 1943 2425 1989 et
2467 1934 2665 1991 Paulus
2693 1952 2824 1993 voce
2852 1938 3063 1994 Domini
3089 1939 3270 1994 audita
3296 1958 3308 1993 :
3339 1938 3482 2005 Quid

1899 2037 1981 2074 me
2015 2026 2379 2094 persequeris?
2414 2025 2528 2096 Ego
2580 2044 2695 2080 sum
2728 2027 2883 2083 Jesus
2923 2045 3074 2100 quem
3105 2038 3160 2082 tu
3206 2046 3481 2100 perseque—

1900 2117 1971 2173 ris
2001 2117 2147 2189 (Act.
2166 2136 2225 2177 ,ιχ
2244 2118 2264 2190 )
2283 2160 2298 2185 ,
2328 2120 2397 2175 ad
2419 2118 2686 2174 Ananiam
2715 2127 2895 2173 tamen
2940 2119 3135 2173 missus
3178 2127 3280 2185 est,
3310 2127 3369 2173 ut
3392 2134 3483 2174 sa-

1897 2210 2138 2264 cerdotio
2164 2210 2273 2276 illo,
2305 2211 2448 2281 quod
2479 2210 2533 2264 in
2577 2210 2805 2266 ecclesia
2854 2211 3208 2266 constitutum
3253 2221 3358 2275 est,
3392 2227 3481 2265 sa-

1897 2309 2229 2356 cramentum
2268 2302 2531 2358 doctrinae
2560 2302 2682 2359 ﬁdei
2727 2303 3047 2374 perciperet.
3080 2311 3134 2375 et
3164 2318 3327 2358 verus
3354 2302 3479 2374 ejus

1896 2391 2287 2459 approbaretur
2313 2392 2482 2448 color.

1966 2476 2037 2532 Et
2075 2480 2272 2550 factum
2302 2491 2378 2536 est
2425 2482 2552 2536 dum
2588 2483 2743 2547 irent,
2768 2482 3010 2536 mandati
3046 2491 3189 2536 sunt.
3227 2480 3478 2537 Nondum

1896 2581 2115 2642 accepta
2156 2574 2499 2643 baptismatis
2546 2585 2910 2640 sacramenta,
2939 2575 3178 2629 nondum
3223 2574 3478 2644 spiritua-

1895 2662 2022 2717 liter
2048 2663 2114 2717 ad
2145 2666 2453 2719 sacerdotes
2481 2672 2876 2735 pervenerant,
2904 2675 2959 2718 et
2996 2673 3177 2719 tamen
3208 2664 3481 2721 infusione

1877 2753 2117 2824 Spiritus
2145 2755 2317 2809 sancti
2344 2770 2533 2810 eorum
2558 2756 2835 2810 inundatio
2860 2755 3130 2809 declarata
3156 2764 3259 2810 est.

223 2852 245 2887 ι
280 2834 513 2889 mediam
539 2833 843 2889 Samariam
869 2842 924 2888 et
947 2832 1243 2889 Galilznam.
1284 2832 1501 2889 Etcum
1541 2834 1793 2903 ingrcde-
1967 2841 2115 2897 Unus
2145 2853 2319 2898 autent
2349 2859 2414 2899 ea:
2454 2844 2582 2908 illis,
2608 2853 2663 2898 ut
2705 2845 2857 2911 uidit,
2888 2845 3010 2915 quia
3053 2845 3337 2899 mundatus
3378 2857 3481 2911 est,

227 2945 249 2981 ι
284 2935 435 2983 retur
469 2926 738 2996 quoddam
774 2925 1085 2987 castellum,
1129 2930 1482 2980 occurrerunt
1518 2924 1569 2980 ei
1607 2925 1795 2979 decem
1896 2950 2161 3005 regressus
2217 2946 2292 2990 es;
2331 2976 2346 3001 ,
2418 2945 2525 2991 ore,
2593 2936 2742 2992 Unus
2814 2937 2915 2992 iste
2966 2937 3061 3008 qui
3124 2938 3485 3015 magniﬁcans

222 3033 241 3069 ι
277 3016 377 3070 viri
406 3015 626 3086 leprosi.
657 3014 758 3083 Qui
786 3023 1057 3070 steterunt
1091 3030 1121 3069 a
1160 3015 1348 3086 longe,
1386 3023 1442 3070 et
1477 3014 1796 3071 levaverunt

1901 3024 2083 3092 Deum,
2112 3041 2389 3096 regressus
2403 3035 2508 3093 est,
2535 3028 2693 3082 unius
2719 3027 2961 3083 ecclesiae
2986 3014 3236 3084 devotam
3259 3027 3477 3085 Christo

222 3125 241 3159 ι
279 3121 462 3162 vocem
483 3104 725 3161 dicentes
760 3123 774 3158 :
813 3103 939 3159 Iesu
964 3115 1286 3175 prmceptor,
1311 3104 1571 3160 miserere
1596 3103 1789 3160 noslt'i-
1820 3096 1866 3160 C
1897 3114 2250 3171 humilitat‘m
2282 3117 2571 3187 signiﬁcat.
2615 3118 2715 3184 Qui
2752 3119 2887 3174 bene
2918 3119 3116 3174 cadens
3158 3127 3284 3186 ante
3309 3121 3477 3190 pedes

221 3214 240 3250 ι
275 3198 422 3265 Quos
448 3205 505 3251 ut
530 3198 664 3252 vidit
688 3196 860 3252 dixit:
901 3196 1009 3260 lte,
1049 3197 1319 3252 ostendite
1360 3210 1458 3250 vos
1499 3192 1796 3249 sacerdoti-

221 3307 240 3342 ι
275 3291 396 3345 bus.
422 3290 489 3345 Et
514 3288 717 3345 factum
741 3299 827 3345 est
849 3291 975 3346 dum
1002 3289 1143 3344 irent
1161 3330 1176 3354 ,
1203 3287 1447 3343 mandati
1473 3294 1617 3341 sunt.
1646 3284 1796 3342 Unus

221 3401 240 3435 ι
270 3390 449 3437 autem
474 3397 540 3437 ex
568 3382 676 3437 illis
702 3392 761 3437 ιιι
788 3383 959 3445 vidit,
985 3383 1111 3453 quia
1137 3382 1426 3436 mundatus
1449 3388 1561 3444 est,
1591 3393 1797 3449 regres-

221 3491 241 3524 ι
278 3488 371 3528 sus
396 3480 479 3527 est
513 3488 635 3527 cum
674 3489 868 3545 magna
908 3488 1070 3538 voce,
1115 3471 1468 3544 magniﬁcans
1502 3473 1704 3537 Deum,
1741 3478 1797 3525 et

220 3581 240 3615 ι
273 3563 469 3619 cecidit
505 3564 560 3618 in
600 3563 793 3620 faciem
836 3573 962 3621 ante
999 3566 1165 3635 pedes
1205 3565 1322 3635 ejus
1360 3566 1566 3636 gratias
1604 3579 1789 3635 agens.

221 3672 240 3707 ι
276 3656 344 3710 Ει
366 3656 455 3711 hic
479 3666 596 3711 erat
623 3655 1020 3712 Samaritanus.
1044 3655 1402 3727 Respondens
1424 3665 1607 3711 autem
1635 3656 1792 3711 Jcsns

223 3747 414 3801 edixit
439 3763 452 3800 :
481 3744 675 3802 Nonne
708 3748 895 3803 decem
935 3747 1178 3802 mundati
1216 3755 1371 3812 sunt,
1399 3755 1454 3803 et
1482 3762 1672 3802 novem
1700 3749 1790 3803 ubi

220 3854 239 3889 ι
272 3839 434 3894 sunt?
452 3838 571 3893 Non
591 3845 675 3894 est
697 3838 951 3893 inventus
971 3838 1065 3908 qui
1089 3838 1289 3892 rediret
1311 3846 1364 3891 et
1389 3837 1540 3892 daret
1565 3838 1788 3908 gloriam

220 3944 239 3977 ι
276 3921 403 3993 Deo,
434 3928 537 3982 nisi
567 3927 655 3982 hic
684 3927 1005 3997 alienigena.
1032 3925 1102 3981 Et
1126 3926 1203 3981 ait
1240 3925 1315 3980 illi
1343 3944 1356 3979 :
1387 3924 1594 3995 Surge,
1624 3928 1787 3990 vade,

219 4040 238 4069 σ
274 4024 401 4093 quia
446 4023 579 4079 ﬁdes
606 4032 695 4078 tua
725 4033 778 4079 te
813 4023 1024 4078 salvum
1049 4021 1197 4078 fecit.
1235 4041 1252 4074 ι

287 4114 422 4169 Dum
452 4116 673 4170 intraret
703 4116 866 4170 Iesus
907 4116 964 4169 in
1005 4113 1372 4178 Hierusalem,
1416 4121 1520 4168 etc.
1567 4113 1786 4181 Leprssi

214 4220 319 4261 non
355 4205 589 4261 absurde
624 4205 848 4275 intelligi
882 4213 1139 4273 possunt,
1190 4202 1281 4271 qui
1319 4201 1602 4255 scientiae:
1646 4215 1788 4256 vera:

214 4295 336 4351 ﬁdei
375 4310 481 4350 non
523 4295 821 4358 habentes,
860 4294 1039 4347 varias
1079 4292 1356 4366 doctrinas
1392 4291 1671 4360 proferunt
1701 4307 1787 4346 cr-

211 4385 372 4440 roris.
412 4383 529 4437 Non
568 4384 711 4438 enim
748 4382 830 4438 vel
870 4382 1205 4437 abscondunt
1241 4381 1567 4451 imperitiam
1598 4397 1779 4445 suam,

1898 3205 2129 3272 Domini,
2163 3209 2366 3278 gratias
2405 3209 2537 3279 agit,
2568 3209 2658 3263 ille
2693 3224 2821 3264 vere
2845 3210 2955 3265 Deo
2985 3210 3190 3279 gratias
3216 3210 3349 3281 agit,
3381 3213 3475 3280 qui

1896 3300 2154 3367 repressis
2184 3302 2619 3371 praesumptionis
2657 3317 2769 3357 suae
2805 3302 3263 3372 cogitationibus,
3310 3317 3474 3373 quam

1896 3404 1924 3442 a
1954 3391 2242 3460 semetipso
2277 3391 2520 3447 inﬁrmus
2543 3394 2645 3456 sit,
2683 3393 2959 3449 humiliter
3006 3394 3172 3459 videt,
3202 3394 3293 3464 qui
3339 3394 3477 3449 nihil

1894 3480 1997 3534 sibi
2024 3481 2241 3537 virtutis
2277 3483 2487 3548 tribuit,
2527 3484 2619 3554 qui
2648 3485 2787 3539 bona
2814 3500 2935 3554 qua:
2962 3484 3075 3554 agit
3119 3497 3242 3540 esse
3268 3485 3334 3539 de
3366 3485 3472 3538 mi-

1893 3574 2187 3630 sericordia
2222 3576 2520 3631 conditoris
2568 3576 2834 3646 agnoscit.
2882 3576 3040 3632 Cadit
3093 3584 3273 3632 autem
3306 3575 3360 3630 in
3398 3576 3475 3631 Γει-

1892 3663 2063 3729 ciem,
2095 3664 2220 3734 quia
2250 3679 2318 3719 ex
2367 3665 2525 3721 malis
2569 3681 2691 3735 quae
2719 3682 2778 3721 se
2811 3675 3155 3736 perpetrasse
3197 3666 3470 3732 meminit,

1890 3753 2181 3809 erubescit.

1960 3843 2031 3897 Et
2051 3843 2135 3898 hic
2164 3856 2276 3900 erat
2304 3845 2696 3902 Samaritanus.
2743 3846 3119 3903 Samaritanus
3146 3850 3344 3919 quippe
3389 3850 3472 3905 in-

1891 3940 2220 4001 terpretatur
2265 3945 2471 4001 custos,
2500 3952 2607 4006 quo
2638 3938 2852 3992 nomine
2896 3939 2984 3994 illc
3021 3940 3252 4010 populus
3295 3942 3469 4010 aptis-

1889 4022 2023 4077 sime
2051 4022 2508 4094 signiﬁcatur,qui
2525 4026 2730 4095 gratias
2754 4029 2963 4094 agendo
2976 4029 3023 4083 ei
3047 4046 3075 4083 a
3098 4045 3206 4097 quo
3233 4033 3466 4101 accepit,

1889 4111 2079 4165 tribuit
2100 4127 2260 4167 omne
2284 4114 2426 4182 quod
2448 4116 2680 4184 accepit,
2714 4118 3111 4185 quodammodo
3151 4129 3381 4175 canttms
3406 4122 3469 4176 il-

1888 4199 1975 4253 lud
2004 4198 2070 4255 de
2095 4201 2301 4269 psalmo
2330 4219 2343 4256 :
2373 4201 2759 4258 Fortitudinem
2786 4223 2954 4260 nteant
2981 4206 3052 4260 ad
3074 4216 3122 4261 te
3148 4210 3466 4276 custodiam,

1885 4292 2009 4361 quia
2039 4301 2095 4344 tu
2128 4291 2267 4346 Deus
2294 4304 2562 4363 susceptor
2597 4310 2743 4348 meus
2770 4312 2844 4360 es,
2891 4295 3029 4350 Deus
3057 4313 3205 4350 meus
3253 4298 3466 4356 miseri-

1887 4382 2067 4436 cordia
2090 4382 2205 4452 ejus
2233 4385 2509 4453 prwvettiet
2530 4402 2610 4439 me
2634 4382 2806 4458 (Psal.
2842 4388 3013 4458 tvm).

209 4476 305 4530 sed
343 4490 443 4545 pro
478 4490 686 4530 summa
723 4476 918 4545 peritia
957 4474 1241 4544 proferunt
1275 4474 1327 4528 in
1366 4473 1573 4538 lucem,
1612 4483 1666 4529 et
1696 4475 1781 4545 ja—
1809 4441 1865 4502 Β
1957 4470 2288 4539 Respondens
2317 4483 2492 4528 autent
2511 4472 2668 4530 Iesus
2695 4476 2828 4530 dixit
2858 4491 2877 4530 :
2901 4477 3094 4532 Nonne
3111 4478 3286 4534 decem
3307 4497 3465 4537 mun-

210 4566 470 4621 ctantiam
511 4566 780 4621 sermonis
816 4566 1127 4620 ostendunt.
1165 4564 1322 4619 Nulla
1345 4580 1507 4635 porro
1534 4564 1665 4620 falsa
1692 4567 1785 4621 do-

211 4656 382 4709 ctrina
419 4664 535 4721 est,
561 4672 683 4726 quae
718 4671 826 4712 non
858 4655 1039 4724 aliqua
1066 4671 1192 4711 vera
1230 4656 1616 4711 intermisceat.
1646 4657 1782 4711 Vera

211 4760 339 4817 ergo
363 4747 515 4803 falsis
537 4747 842 4803 inordinate
875 4747 1167 4818 permista,
1197 4747 1253 4802 in
1288 4761 1394 4801 una
1423 4747 1784 4816 disputatione

214 4839 292 4893 vel
311 4841 619 4895 narratione
639 4840 874 4895 hominis
900 4847 1154 4910 tanquam
1178 4839 1230 4894 in
1251 4838 1411 4894 unius
1429 4838 1671 4908 corporis
1691 4854 1782 4894 co-

213 4931 326 4986 lore
359 4934 701 5002 apparentia,
740 4932 1049 5002 signiﬁcant
1082 4933 1319 5003 lepram,
1355 4941 1611 5002 tanquam
1644 4933 1788 4988 veris

213 5022 467 5093 falsisque
502 5025 741 5080 colorum
782 5026 917 5081 locis
945 5027 1177 5080 humana
1218 5039 1447 5095 corpora
1487 5025 1783 5080 variantem

213 5124 373 5187 atque
392 5118 772 5173 maeulantem.
795 5117 861 5173 Ili
883 5127 1062 5173 autem
1088 5127 1197 5173 tam
1219 5116 1426 5172 vitandi
1450 5125 1576 5171 sunt
1602 5117 1787 5172 Eccle-

211 5207 326 5273 siae,
343 5216 403 5262 ut
426 5210 470 5263 si
495 5208 609 5265 ﬁeri
632 5218 829 5280 potest,
851 5209 1067 5281 longius
1091 5208 1303 5272 remoti,
1326 5222 1522 5278 magno
1546 5208 1785 5263 clamore

211 5299 485 5358 Christum
515 5302 886 5373 interpellent,
915 5303 1059 5357 unde
1084 5311 1139 5357 et
1164 5309 1286 5372 apte
1308 5300 1654 5370 subjungitur
1689 5318 1702 5353 :

230 5430 233 5433 ‹
279 5392 386 5458 Qui
417 5401 669 5448 steterunt
697 5411 728 5447 a
757 5393 925 5464 longe,
964 5402 1010 5448 et
1038 5392 1332 5448 levaverunt
1355 5407 1525 5446 vocem
1545 5431 1559 5456 ,
1586 5399 1691 5445 etc.
1718 5389 1787 5445 Et

212 5483 346 5540 bene
385 5492 449 5539 ut
482 5485 777 5551 salventur,
807 5483 991 5539 Iesum
1041 5492 1429 5555 praeceptorem
1474 5483 1782 5548 nominant,

208 5577 333 5648 quia
359 5578 503 5633 enim
538 5579 591 5633 in
623 5577 739 5646 ejus
762 5577 926 5631 verba
956 5590 1015 5632 se
1047 5590 1262 5632 errasse
1287 5574 1612 5647 signiﬁcant,
1642 5575 1786 5630 hunc

209 5670 444 5724 salvandi
469 5669 748 5723 humiliter
774 5675 1162 5739 pneceptorcm
1187 5674 1415 5732 vocant,
1460 5679 1693 5735 curaque
1720 5666 1785 5721 ad

1885 4562 1999 4617 dati
2040 4572 2179 4627 sunt,
2214 4573 2263 4618 et
2302 4580 2480 4618 norem
2511 4566 2599 4619 ubi
2629 4566 2792 4620 sunt?
2838 4567 3014 4624 Unum
3043 4568 3090 4623 si
3136 4569 3368 4626 addatur
3394 4574 3464 4627 ad

1885 4671 2107 4721 novem,
2147 4658 2389 4726 qmedam
2426 4656 2628 4728 elﬁgies
2656 4659 2879 4715 unitatis
2927 4660 3202 4731 impletur,
3230 4666 3371 4733 quod
3402 4665 3464 4719 ﬁt

1885 4756 2033 4803 tanta
2051 4748 2371 4819 complexio,
2399 4761 2459 4805 ut
2488 4750 2629 4806 ultra
2656 4767 2759 4806 non
2781 4754 3160 4824 progrediatur
3183 4771 3464 4823 numerus,

1884 4838 1987 4895 nisi
2024 4855 2212 4894 rursus
2241 4840 2307 4894 ad
2345 4857 2510 4896 unum
2556 4843 2826 4910 redeatur,
2865 4852 2921 4898 et
2948 4845 3063 4901 haec
3091 4860 3190 4916 per
3228 4846 3468 4904 inﬁnita-

1892 4936 1998 4983 tem
2035 4928 2246 4985 numeri
2273 4929 2454 5000 regula
2483 4932 2838 4991 custodiatur.
2868 4932 3068 4990 Novem
3107 4934 3288 5006 itaque
3319 4936 3465 4991 indi-

1888 5027 2015 5088 gent
2039 5036 2166 5084 uno,
2204 5028 2265 5075 ut
2293 5022 2523 5090 quadam
2548 5022 2771 5078 unitatis
2799 5022 2971 5079 forma
2999 5024 3368 5097 coagulcntur,
3407 5039 3464 5085 et

1888 5111 2072 5165 decem
2094 5112 2221 5167 sint.
2246 5111 2425 5167 Unum
2454 5121 2629 5168 autem
2670 5128 2778 5167 non
2806 5113 2886 5168 eis
2914 5114 3140 5185 indiget,
3171 5124 3232 5171 ut
3273 5127 3468 5173 custo-

1888 5203 2000 5259 diat
2023 5204 2307 5258 unitatem.
2337 5203 2698 5271 Quamobrem
2725 5213 2785 5260 ut
2808 5221 2947 5261 unus
2976 5205 3084 5272 ille,
3126 5208 3218 5277 qui
3258 5208 3466 5279 gratias

1886 5295 2015 5367 egit,
2039 5294 2197 5350 unice
2214 5293 2473 5350 Ecclesiae
2500 5295 2891 5365 signiﬁcatione
2927 5298 3255 5368 approbatus
3300 5307 3467 5369 atque

1888 5387 2133 5443 laudatus
2178 5392 2284 5451 cst,
2320 5386 2394 5440 ita
2430 5385 2505 5439 illi
2551 5402 2765 5453 novem,
2796 5390 2887 5457 qui
2934 5388 3135 5461 gratias
3182 5405 3288 5443 non
3338 5404 3465 5459 ege—

1888 5487 2044 5542 runt,
2102 5477 2315 5548 reprobi
2370 5476 2549 5533 eﬁecti
2590 5492 2621 5532 a
2668 5480 2946 5534 consortio
2985 5479 3209 5535 unitatis
3257 5481 3464 5538 exclusi

1887 5581 2028 5635 sunt,
2062 5572 2289 5641 ideoque
2319 5569 2452 5626 tales
2480 5572 2534 5627 in
2575 5572 2867 5628 novenario
2914 5588 3167 5638 numero,
3204 5581 3463 5644 tanquam

1889 5658 2188 5734 imperfecti
2243 5661 2634 5731 remanebunt,
2691 5671 2745 5718 et
2791 5664 2986 5719 merito
3035 5678 3129 5720 eos
3189 5664 3465 5733 Salvator.
