3952 6416
428 303 533 362 455

1728 286 2080 348 διιΑιιΑσ-ιιι
2117 284 2412 357 ΑιιιιΑτιε

3604 283 3723 342 436

432 421 590 494 quasi
622 419 835 491 ignotos
871 413 962 470 ubi
997 411 1129 477 sint,
1156 408 1412 480 inquirit,
1440 408 1582 464 scire
1624 406 1770 461 enim
1798 402 1895 459 Dei
1928 398 2026 454 eli-
2053 400 2103 459 Α
2130 404 2238 451 tem
2267 398 2359 468 qui
2378 396 2557 494 _vivit-
2579 396 2817 467 spiritu?
2861 394 2967 452 nisi
3005 392 3357 494 abscopditus
3618 412 3727 452 υο.

436 530 589 587 gere,
618 510 833 567 nescire
857 504 1150 576 reprohare
1174 510 1278 557 est.

519 603 639 658 Non
664 611 742 656 est
762 602 997 656 inventus
1023 594 1115 667 qui
1142 595 1334 649 rediret
1362 603 1409 648 et
1442 594 1594 647 daret
1635 590 1860 663 gloriam
1888 588 2021 652 Deo,

436 695 539 749 nisi
570 693 655 746 hic
687 690 1003 760 alienigena.
1030 684 1340 742 Secundum
1382 700 1580 753 corpus
1621 682 1838 753 quidem
1867 679 2024 734 facile

438 794 525 838 est
548 782 731 837 videre
771 795 932 851 posse
974 778 1253 834 hominem
1296 791 1400 831 non
1452 775 1654 830 habere
1702 772 1939 842 lepram,
1971 778 2028 825 et

441 882 625 927 tamen
654 870 823 926 animi
855 884 976 925 esse
1007 884 1119 925 non
1138 868 1287 923 boni.
1338 864 1650 921 Secundum
1676 862 2027 933 significatio-

441 983 564 1023 nem
596 974 775 1020 autem
796 962 958 1032 hujus
978 961 1226 1018 miraculi
1248 960 1539 1016 conturbat
1566 956 2024 1030 considerantem,

436 1055 712 1128 quomodo
750 1054 980 1109 mundus
1010 1053 1115 1108 dici
1169 1060 1348 1123 potest
1400 1050 1667 1120 ingratus.
1716 1046 1824 1103 Sed
1862 1047 2029 1101 etiam

445 1147 604 1203 facile
632 1153 716 1200 est
766 1144 930 1199 etiam
963 1143 1095 1199 illud
1125 1143 1310 1197 videre
1338 1141 1454 1195 fieri
1486 1154 1669 1211 po-se,
1698 1147 1762 1193 ut
1802 1138 2032 1207 quisque

446 1253 501 1291 In
535 1235 786 1293 Ecclesiae
808 1233 1069 1290 societate
1097 1233 1401 1288 doctrinam
1442 1233 1709 1300 integram
1733 1242 2031 1297 veramque

446 1333 786 1397 assequatur,
815 1332 870 1379 et
896 1325 1078 1379 omnia
1122 1324 1419 1380 secundum
1461 1321 1745 1377 catholicae
1790 1318 2033 1391 regulam

445 1419 696 1483 disserat,
747 1416 1043 1486 distinguat
1097 1431 1127 1470 a
1183 1423 1431 1471 creatore
1487 1419 1827 1477 creaturam,
1862 1424 2036 1480 eoque

448 1507 826 1563 manifestetur
850 1506 1111 1561 varietate
1135 1495 1567 1571 mendaciorum,
1598 1510 1859 1572 tanquam
1886 1501 2036 1570 lepra

447 1598 729 1663 caruisse,
780 1606 837 1653 et
874 1606 1053 1651 tamen
1108 1596 1356 1667 ingratus
1399 1595 1473 1651 sit
1512 1596 1657 1660 Deo,
1709 1601 1765 1649 et
1806 1593 2038 1650 Domino

450 1689 758 1744 mundatori
813 1702 931 1743 suo.
995 1687 1132 1755 Quia
1187 1686 1363 1743 elatus
1426 1686 1682 1756 superbia
1738 1684 2037 1756 gratiarum

2124 496 2259 551 ster,
2299 488 2393 558 qui
2443 497 2500 542 et
2536 485 2696 555 juxta
2745 501 2967 541 carnem
3008 485 3281 540 interdum
3321 483 3461 540 solet
3489 485 3723 555 vivere,

2125 577 2221 632 sed
2249 591 2374 632 cum
2414 576 2612 647 spiritu
2660 577 2884 642 vixerit,
2914 576 3110 646 spiritu
3157 574 3432 644 ambulat,
3482 590 3614 632 etim
3661 574 3728 632 in

2126 685 2294 724 carne
2318 669 2555 725 voluerit
2582 668 2883 734 ambulare,
2932 668 3126 722 vivens
3174 674 3424 723 mortuus
3465 676 3587 736 est,
3635 667 3731 722 vir

2125 760 2401 834 perfectus
2434 761 2487 816 in
2511 759 2762 827 Christo,
2789 773 3007 830 semper
3035 758 3171 813 vivit
3195 757 3249 813 in
3280 758 3495 829 spiritu.

2201 851 2312 923 (Ea:
2334 848 2594 923 Primos.)
2622 849 2685 906 Si
2712 851 2904 921 spiritu
2930 849 3167 912 uiuimus,
3192 849 3383 920 spiritu
3405 858 3454 902 et
3479 848 3728 903 ambule-

2129 959 2247 996 mus
2272 959 2290 995 :
2321 956 2387 997 ac
2411 941 2458 996 si
2485 942 2714 1008 diceret,
2747 939 2806 995 Si
2830 954 2930 1011 per
2956 939 3210 1010 spiritum
3240 938 3411 993 vitam
3434 939 3726 1003 habemus,

2131 1033 2490 1105 spiritualiter
2507 1048 2919 1099 eonversemur,
2946 1039 3001 1088 et
3021 1047 3130 1087 non
3156 1031 3262 1102 legi
3293 1030 3588 1088 carnaliter
3609 1046 3731 1087 ser-

2132 1140 2363 1181 Vtamus.
3662 1149 3689 1167 ο

2211 1215 2331 1271 Non
2360 1217 2647 1291 efﬁciamur
2677 1217 2852 1272 inanis
2885 1216 3069 1287 gloria:
3096 1214 3293 1285 cupidi.
3343 1214 3511 1270 Plane
3535 1213 3731 1286 gloria:

2135 1308 2361 1378 cupidos
2406 1307 2678 1373 dicimus,
2727 1308 2820 1377 qui
2875 1306 3102 1378 gloriam
3153 1307 3248 1361 Dei
3293 1306 3622 1369 desiderant,
3669 1315 3731 1361 et

2141 1399 2359 1454 laudem
2399 1399 2600 1453 virtute
2648 1398 2998 1470 condignam,
3027 1405 3084 1451 et
3111 1405 3364 1467 aspectus
3414 1396 3582 1451 divini
3623 1396 3728 1450 ali-

2139 1490 2269 1560 quid
2302 1488 2699 1545 ostendentem.
2748 1486 2792 1542 E
2819 1486 3096 1543 contrario
3136 1487 3230 1557 qui
3282 1486 3682 1557 eleemosynam
3708 1526 3726 1551 ,

2140 1580 2352 1651 longam
2381 1579 2703 1643 orationem,
2732 1578 3071 1641 castitatem,
3111 1575 3228 1631 sive
3256 1576 3310 1631 in
3349 1575 3728 1641 matrimonio,

2142 1673 2257 1729 sive
2287 1673 2341 1726 in
2368 1671 2659 1738 viduitate,
2690 1671 2807 1727 sive
2842 1670 2896 1725 in
2942 1670 3280 1740 virginitate,
3308 1685 3409 1742 pro
3434 1670 3594 1725 laude
3621 1671 3730 1726 ho-

450 1779 779 1849 agendamm
802 1778 890 1848 pia
920 1777 1228 1832 humilitate
1268 1792 1378 1832 ηοη
1422 1777 1707 1842 sternitur,
1737 1775 2041 1845 similisque
2068 1779 2116 1839 Β
2144 1765 2349 1819 minam
2377 1761 2525 1828 facit,
2546 1761 2723 1817 inanis
2739 1762 2910 1833 gloria
2934 1771 3039 1817 est.
3063 1761 3250 1818 Gloria
3279 1762 3424 1817 enim
3450 1777 3595 1817 nunc
3615 1760 3735 1815 vir-

449 1869 679 1925 eflicitur
711 1871 813 1936 eis,
847 1870 915 1924 de
939 1870 1138 1940 quibus
1165 1869 1297 1925 dicit
1315 1868 1605 1937 Apostolus
1629 1886 1643 1921 :
1678 1867 1923 1933 Quicum
1951 1883 2040 1920 co-

450 1962 743 2030 gnovissent
800 1958 973 2013 Deum
997 2000 1013 2025 ,
1068 1976 1173 2013 non
1229 1969 1285 2013 ut
1347 1958 1514 2012 Deum
1570 1957 2040 2029 magniﬁcacerunt

451 2059 543 2103 aut
577 2049 777 2119 gratias
813 2060 1030 2120 egerunt
1085 2049 1272 2122 (Rom.
1306 2050 1381 2123 I).
1413 2050 1567 2117 Quod
1600 2051 1745 2105 enim
1774 2051 1903 2106 dicit
1947 2066 2041 2106 eos

453 2139 621 2193 Deum
665 2141 1006 2210 cognovisse,
1039 2142 1277 2197 ostendit
1323 2142 1600 2212 quidem‘a
1642 2142 1791 2212 lepra
1816 2142 2040 2196 munda-

455 2238 571 2294 tos,
618 2229 712 2284 sed
750 2237 928 2284 tamen
962 2231 1147 2285 statim
1191 2240 1418 2287 accusat
1453 2231 1721 2302 ingratos.

529 2318 594 2372 Et
635 2320 709 2373 ait
757 2318 1088 2392 illi:Surge,
1119 2321 1265 2385 vade,
1295 2322 1421 2393 quia
1458 2322 1590 2391 ﬁdes
1618 2331 1709 2376 tua
1754 2331 1802 2376 te
1840 2321 2041 2377 salvum

454 2409 597 2479 fecit.
622 2409 725 2476 Qui
746 2410 973 2465 devotus
1006 2422 1135 2467 ante
1169 2413 1339 2467 Deum
1381 2413 1596 2477 cecidit,
1626 2428 1851 2485 surgere
1880 2423 1936 2469 et
1962 2416 2042 2470 ire

451 2500 804 2569 prmcipitur,
864 2501 991 2570 quia
1041 2502 1133 2572 qui
1191 2503 1571 2559 infirmitatem
1628 2505 1903 2559 subtiliter
1952 2521 2043 2560 co-

452 2605 741 2661 gnoscens,
775 2590 1054 2646 humiliter
1088 2594 1255 2663 jacet,
1289 2610 1386 2664 per
1415 2594 1583 2649 divini
1619 2595 1764 2648 verbi
1794 2594 2040 2649 consola-

453 2678 658 2735 tionem
722 2697 946 2753 surgere
1003 2685 1071 2739 ad
1129 2685 1290 2740 fortia
1331 2701 1528 2756 opera,
1562 2694 1617 2741 ct
1672 2688 2044 2742 crescentibus

453 2771 694 2840 quotidie
731 2774 955 2841 meritis,
989 2775 1055 2829 ad
1090 2776 1418 2845 perfectiora
1447 2777 1649 2846 passim
1674 2777 1938 2847 prolicere
1956 2775 2045 2846 ju-

381 2916 389 2923 .
453 2864 634 2919 betur.
671 2864 729 2920 Si
778 2874 958 2922 autem
993 2868 1127 2924 ﬁdes
1174 2870 1380 2925 salvum
1426 2870 1562 2925 fecit
1612 2886 1735 2924 eum
1778 2885 1939 2940 quem
1976 2869 2045 2923 ad

453 2955 691 3026 agendas
730 2954 999 3012 Salvatori
1044 2966 1100 3013 et
1137 2960 1480 3014 emundatori
1514 2976 1611 3015 suo
1643 2960 1851 3030 gratias
1888 2958 2046 3013 incli-

453 3046 625 3112 navit,
673 3061 804 3117 ergo
856 3048 1083 3117 perﬁdia
1132 3050 1368 3119 perdidit
1402 3066 1497 3105 eos
1548 3051 1642 3119 qui
1695 3050 1762 3105 de
1806 3049 2045 3119 acceptis

451 3138 730 3194 beneficiis
753 3139 865 3195 Deo
889 3142 1118 3211 gloriam
1156 3143 1288 3198 dare
1316 3143 1672 3213 neglexerint.

622 3272 1041 3330 HEBDOMADA
1085 3275 1203 3331 XVI
1242 3275 1420 3331 POST
1471 3275 1896 3331 PENTECOST.

453 3396 647 3436 LECTIO
671 3396 945 3440 EPISTOLE
979 3401 1140 3441 BEAT!
1163 3402 1419 3442 ΑΡοετοιι
1444 3403 1512 3444 Αἰ)
1545 3403 1805 3451 ῦΑιΑτΑδ,
1826 3405 1946 3444 CAP.
1965 3405 2038 3444 ιγ.

530 3513 550 3546 ι
586 3494 644 3550 Si
689 3497 920 3553 vivimus
949 3499 1144 3569 spiritu
1164 3540 1180 3565 ,
1226 3502 1417 3570 spiritu
1441 3511 1496 3557 et
1525 3503 1883 3561 ambulemus.
1926 3505 2042 3561 Non

458 3605 477 3635 ε
513 3586 815 3644 elliciamur
865 3591 1040 3646 inanis
1088 3592 1274 3663 gloriae
1319 3596 1523 3665 cupidi,
1560 3596 1794 3651 invicem
1844 3612 2044 3666 provo-

425 3695 477 3727 's
519 3685 737 3745 cantes,
792 3679 1023 3736 invicem
1076 3684 1400 3740 invidentes.
1439 3686 1683 3754 Fratres,
1714 3696 1768 3744 et
1816 3690 1860 3745 si
1905 3705 2045 3760 prm-

461 3785 479 3815 ε
519 3776 812 3838 occupatus
844 3769 1026 3826 'fuerit
1085 3774 1249 3830 homo
1308 3776 1362 3830 in
1419 3778 1601 3848 aliquo
1666 3780 1899 3848 delicto,
1946 3797 2043 3838 vos

459 3879 477 3907 ι
516 3859 607 3928 qui
660 3861 968 3931 spirituales
1006 3867 1138 3922 estis
1185 3867 1492 3939 hujusmodi
1525 3872 1782 3929 instruite
1833 3874 1886 3930 in
1925 3874 2041 3945 spi-

460 3967 477 3996 σ
514 3950 621 4002 ritu
655 3950 915 4018 lenitatis,
939 3957 1291 4015 considerans
1332 3970 1384 4017 te
1415 3962 1613 4033 ipsum,
1647 3968 1715 4020 ne
1750 3975 1804 4021 et
1840 3975 1894 4021 tu
1928 3975 2043 4021 ten-

460 4054 479 4085 ι
519 4038 665 4094 teris.
718 4040 870 4096 Alter
913 4043 1138 4101 alterius
1175 4062 1342 4104 onera
1383 4060 1617 4119 portate,
1649 4063 1705 4109 ct
1751 4055 1829 4110 sic
1873 4056 2045 4111 adim-

460 4147 479 4177 ι
515 4129 730 4198 plebitis
762 4132 935 4204 legem
991 4136 1214 4193 Christi.
1250 4139 1386 4196 Nam
1426 4144 1471 4198 si
1511 4146 1634 4213 quis
1671 4146 1945 4202 existimat
1984 4163 2043 4203 se

461 4239 480 4270 ε
518 4221 720 4293 aliquid
749 4239 868 4282 esse
914 4243 1036 4284 cum
1084 4232 1218 4286 nihil
1258 4234 1348 4300 sit,
1390 4236 1505 4306 ipse
1536 4254 1595 4293 se
1641 4239 1867 4296 seducit.
1896 4241 2043 4312 Opus

460 4331 479 4361 ι
517 4322 695 4369 autem
733 4332 890 4373 suum
918 4323 1112 4390 probet
1134 4328 1523 4398 unusquisque,
1564 4341 1620 4386 et
1649 4333 1728 4387 sic
1773 4332 1827 4388 in
1850 4343 2045 4390 semet-

462 4423 481 4453 ι
521 4404 636 4474 ipso
687 4416 894 4464 tantum
946 4413 1174 4482 gloriam
1219 4416 1460 4484 habebit,
1500 4429 1695 4478 etnon
1746 4423 1802 4479 in
1848 4424 2038 4481 altero.

460 4514 479 4545 ι
517 4495 893 4570 Unusquisque
922 4503 1066 4559 enim
1108 4520 1245 4562 onus
1275 4523 1432 4565 suum
1474 4515 1733 4582 portabit.
1782 4508 2122 4572 Comma-'D

458 4603 477 4634 ι
516 4588 660 4642 nicet
699 4598 879 4646 autem
927 4592 974 4647 is
1020 4595 1111 4664 qui
1141 4600 1515 4657 cateehizatur
1547 4606 1733 4671 verbo,
1775 4606 1825 4660 ei
1859 4616 1915 4662 et
1949 4608 2042 4677 qui

457 4696 477 4727 ι
516 4682 821 4738 catechizat
870 4684 924 4738 in
956 4689 1210 4747 omnibus
1246 4693 1423 4752 bonis.
1460 4696 1635 4755 Nolite
1663 4716 1871 4768 errare,
1901 4703 2042 4762 Deus

456 4788 477 4821 ι
514 4786 621 4826 non
649 4773 929 4832 irridetur.
965 4779 1095 4847 Quae
1141 4785 1283 4841 enim
1318 4789 1670 4847 seminaverit
1709 4792 1873 4850 homo
1925 4795 2042 4853 hrec

455 4879 478 4915 ι
513 4869 568 4918 et
598 4873 783 4920 metet.
815 4866 1079 4935 Quoniam
1113 4876 1206 4946 qui
1240 4881 1475 4935 seminat
1503 4881 1558 4936 in
1608 4897 1774 4939 carne
1803 4900 1921 4954 sua,
1973 4889 2041 4945 de

457 4971 477 5003 ι
512 4968 677 5011 carne
709 4964 763 5011 et
802 4969 970 5017 metet
1002 4969 1429 5037 corruptionem.
1457 4971 1561 5038 Qui
1594 4984 1775 5030 autem
1808 4980 2040 5036 seminat

457 5062 479 5095 ι
514 5044 569 5099 in
601 5047 818 5117 spiritu,
869 5053 936 5108 de
967 5056 1165 5126 spiritu
1202 5069 1370 5116 metet
1402 5062 1571 5117 vitam
1619 5073 1899 5124 mternam.
1938 5071 2041 5127 Bo-

457 5156 479 5189 s
512 5153 643 5193 num
692 5149 869 5198 autem
917 5144 1178 5205 facientes
1229 5166 1339 5206 non
1387 5151 1721 5212 deficiamus.
1775 5159 2040 5233 Tempore

459 5246 480 5280 s
514 5230 662 5288 enim
692 5248 815 5320 .suo
857 5246 1154 5304 metemus,
1207 5256 1313 5295 non
1351 5241 1683 5302 deﬁcientes.
1724 5248 1863 5322 Ergo
1910 5230 2035 5312 dum

460 5343 479 5372 ι
511 5331 725 5394 tempus
779 5327 1061 5395 habemus,
1088 5345 1379 5400 operemur
1425 5336 1627 5392 bonum
1680 5341 1748 5397 ad
1802 5359 2033 5415 omnes,

457 5417 751 5472 rmaxime
783 5428 965 5474 autem
1004 5422 1073 5474 ad
1107 5420 1432 5481 domesticos
1464 5426 1607 5483 ﬁdei.
1642 5451 1660 5484 ι

527 5504 589 5598 Si
617 5508 835 5562 vivimus
861 5509 1070 5578 spiritu,
1111 5511 1240 5580 spiri
1264 5530 1298 5566 ιι
1334 5526 1381 5569 et
1407 5518 1752 5579 ambulemus.
1781 5526 1881 5598 (Ex
1911 5512 2036 5586 llic-

449 5596 851 5691 rou.)AUtamur
885 5601 986 5656 hoc
1038 5604 1345 5665 testimonio
1378 5611 1639 5673 adversus
1673 5632 1769 5674 eos
1791 5596 1903 5691 qui
1940 5640 2036 5678 no-

452 5686 572 5744 lunt
590 5682 914 5759 ‘Scripturas
942 5694 1295 5764 spiritualiter
1316 5702 1633 5781 intelligere.
1669 5710 1801 5781 Quis
1823 5682 1905 5770 est
1935 5731 2033 5769 au-

2147 1861 2496 1918 tutem,nunc
2520 1852 2713 1908 vitium
2729 1852 3019 1923 signiﬁcat.
3038 1851 3097 1907 Si
3111 1854 3181 1907 ab
3206 1851 3516 1907 hominibus
3539 1865 3729 1921 quacro

2142 1945 2388 2017 gloriam,
2418 1944 2610 1999 vitium
2636 1952 2743 2009 est,
2779 1952 2833 1999 et
2866 1944 3044 1999 inanis
3074 1944 3275 1999 dicitur
3298 1942 3492 2014 gloria,
3530 1943 3597 1997 de
3628 1941 3732 1996 tali

2142 2037 2288 2091 enim
2313 2036 2484 2106 gloria
2516 2038 2776 2105 scriptum
2809 2043 2895 2091 est
2922 2053 2934 2089 :
2966 2032 3159 2089 Omnia
3199 2034 3423 2104 faciunt,
3466 2043 3524 2086 ut
3568 2031 3733 2103 glori-

2140 2126 2365 2195 ﬁcentur
2391 2127 2456 2181 ab
2497 2127 2795 2182 hominibus
2833 2126 3063 2197 (Matth.
3097 2125 3193 2198 Vt).
3234 2126 3293 2181 Si
3325 2141 3356 2180 a
3387 2128 3499 2181 Deo
3539 2140 3732 2196 quer

2143 2218 2387 2289 gloriam,
2419 2220 2592 2276 virtus
2614 2229 2718 2276 est.
2748 2221 2824 2275 De
2847 2220 2940 2274 tali
2967 2221 3113 2275 enim
3138 2219 3333 2290 gloria,
3359 2220 3449 2291 qui
3485 2237 3565 2273 me
3613 2217 3736 2290 glo-

2143 2310 2371 2379 riﬁcant,
2400 2311 2729 2382 gloriﬁcaba,
2760 2312 2887 2366 dicit
2911 2311 3166 2366 Dominus
3198 2310 3251 2384 (I
3274 2311 3399 2382 Reg.
3431 2310 3515 2383 ιι).

2214 2423 2444 2479 Invicem
2472 2437 2828 2496 provocantes,
2869 2427 3087 2481 invicem
3117 2426 3421 2482 invidentes.
3453 2427 3568 2500 (Ex
3606 2427 3733 2483 Hie-

2145 2514 2291 2588 ron.)
2311 2516 2389 2570 lta
2420 2517 2563 2572 hunc
2585 2518 2762 2573 locum
2788 2534 2912 2573 cum
2942 2520 3317 2589 superioribus
3336 2519 3729 2590 copulavimus.

2147 2605 2205 2660 Si
2242 2607 2437 2676 spiritu
2476 2607 2731 2673 vivimus,
2766 2608 2981 2678 spiritui
3034 2609 3494 2680 obtemperamus,
3528 2625 3737 2679 nequa-

2145 2712 2307 2766 quam
2334 2713 2432 2767 per
2463 2697 2657 2769 legem,
2683 2700 2777 2754 sed
2806 2714 2905 2769 per
2925 2700 3272 2763 charitatem,
3316 2700 3474 2756 nobis
3500 2700 3733 2756 invicem

2146 2790 2465 2855 servientes,
2515 2806 2623 2845 non
2658 2790 2920 2846 debentes
2946 2792 3012 2847 de
3034 2788 3438 2862 Scripturarum
3466 2791 3736 2860 interpre-

2147 2882 2352 2936 tatione
2411 2882 2776 2947 contendere,
2816 2892 2871 2937 ct
2900 2884 3103 2949 dicere,
3139 2883 3494 2939 Circumcisio
3542 2883 3737 2939 melior

2145 2979 2262 3037 est,
2300 2989 2438 3037 non,
2469 2975 2565 3030 sed
2588 2977 2934 3047 praeputium.
2966 2975 3376 3032 Contemnenda
3406 2976 3656 3041 historia,
3680 2984 3738 3030 et

2148 3064 2405 3135 allegoria
2435 3068 2731 3137 sequenda.
2763 3067 2876 3123 Imo
2900 3067 3156 3139 allegoria
3183 3083 3325 3122 vana
3358 3076 3474 3134 est,
3525 3076 3582 3122 et
3611 3083 3737 3122 um-

2074 3143 2118 3206 C
2152 3156 2396 3226 bratica,
2420 3168 2475 3213 et
2517 3160 2718 3214 nullius
2742 3162 2991 3216 veritatis
3033 3160 3166 3215 fulta
3213 3162 3505 3227 radicibus,
3535 3177 3604 3217 ex
3650 3161 3741 3217 bis

2146 3249 2292 3302 enim
2334 3250 2775 3305 contentionibus
2821 3251 2963 3305 inter
2988 3250 3203 3305 Jndzeos
3242 3258 3297 3306 ct
3337 3250 3577 3306 Gentiles
3608 3259 3738 3307 tunc

2147 3340 2409 3409 temporis
2454 3342 2870 3411 provocationes
2914 3344 3118 3413 pariter
3166 3343 3529 3399 nascebantur
3556 3353 3614 3399 et
3655 3346 3743 3401 in-

2147 3428 2322 3483 vidim.

2220 3523 2459 3591 Fratres,
2490 3537 2537 3581 et
2573 3529 2619 3582 si
2651 3540 3048 3600 prn'occupalus
3079 3530 3239 3600 fuerit
3274 3531 3430 3585 homo
3468 3533 3524 3586 in
3559 3531 3744 3603 aliqua

2145 3616 2353 3670 delicto.
2388 3619 2489 3690 (Ex
2543 3619 2809 3690 l’rimas.)
2838 3621 3261 3692 Prmoccupatur
3291 3624 3528 3679 humana
3570 3624 3743 3694 fragi-

2146 3708 2272 3763 litas
2312 3710 2366 3763 iu
2413 3709 2709 3766 levioribus
2752 3714 3013 3783 peccatis,
3046 3730 3168 3784 qua:
3204 3716 3479 3786 insperato
3522 3726 3580 3771 ct
3622 3718 3745 3774 sine

2146 3800 2493 3858 meditatione
2523 3805 2865 3875 contingunt.
2906 3805 3174 3861 Cmterum
3212 3824 3317 3862 non
3353 3818 3439 3864 est
3462 3824 3742 3879 prmoceu-

2146 3894 2318 3964 patio,
2350 3896 2569 3964 quando
2599 3896 2819 3968 aliquod
2847 3906 3134 3968 peccatum
3171 3900 3401 3956 consilio
3445 3901 3535 3956 diu
3567 3902 3743 3956 medi-

2147 3994 2260 4038 tato
2286 3987 2672 4041 committitur.

2228 4073 2331 4130 Vos
2361 4077 2452 4147 qui
2485 4078 2788 4148 spirituales
2814 4082 2939 4135 estis
2979 4082 3287 4152 hujusmodi
3333 4083 3598 4137 instruite.
3631 4084 3739 4154 (Ex

2146 4165 2396 4240 Hieron.)
2433 4168 2571 4223 Eum
2610 4161 2827 4241 quoque
2860 4172 2952 4242 qui
2981 4172 3280 4243 spiritualis
3311 4181 3398 4227 est
3449 4174 3729 4240 hortatur,

2145 4275 2214 4314 ne
2251 4270 2431 4316 cesset
2480 4278 2699 4317 manum
2740 4265 3020 4336 porrigere
3069 4266 3367 4322 corruenti.
3405 4266 3475 4321 Et
3508 4266 3738 4337 pulchre

2145 4364 2584 4424 praeoccupatum
2635 4356 2690 4410 in
2738 4357 2936 4413 delicto
2983 4359 3258 4414 hominem
3292 4368 3473 4425 vocat,
3500 4376 3568 4415 ex
3619 4360 3741 4430 ipso

2146 4444 2365 4500 nomine
2411 4444 2763 4517 fragilitatem
2809 4450 3138 4505 conditionis
3183 4454 3494 4518 ostendens,
3546 4460 3606 4506 ut
3656 4453 3741 4507 di-

2146 4549 2285 4605 gnus
2309 4535 2383 4589 sit
2403 4537 2582 4603 venia,
2612 4539 2704 4608 qui
2738 4538 2884 4595 velut
2908 4541 3071 4596 homo
3109 4543 3337 4609 erravit,
3366 4543 3598 4613 denique
3626 4560 3739 4600 non

2144 4627 2385 4696 peccatis
2431 4628 2701 4698 pluribus,
2755 4631 2852 4686 sed
2905 4631 3041 4688 vitio
3088 4633 3273 4705 aliquo
3324 4643 3738 4705 prmoccupatus

2145 4718 2373 4784 erravit,
2401 4717 2646 4776 lenitatis
2680 4722 2933 4792 spiritum
2960 4731 3017 4778 et
3039 4726 3495 4791 mansuetudinis,
3529 4726 3583 4781 in
3613 4741 3738 4782 cor-

2144 4808 2384 4863 rectione
2423 4810 2728 4878 peccantis,
2756 4812 3085 4881 praedicator
3123 4814 3425 4885 spiritualis
3456 4815 3733 4881 adhibeat,

2143 4912 2246 4952 nec
2274 4898 2505 4969 rigidus,
2531 4916 2634 4955 nec
2674 4902 2869 4967 iratus,
2905 4913 2961 4958 et
3002 4905 3175 4961 tristis
3223 4908 3500 4978 corrigere
3549 4909 3737 4979 cupiat

2144 4999 2443 5056 errantem,
2489 4990 2585 5046 sed
2630 5003 2888 5062 provocet
2920 5012 3045 5052 eum
3067 5037 3082 5064 ,
3137 5000 3409 5069 spondens
3456 5000 3729 5067 salutem,

2145 5080 2363 5136 veniam
2423 5085 2830 5154 repromittens.
2874 5087 3070 5156 Aliter,
3117 5091 3165 5145 si
3210 5093 3335 5162 quis
3387 5092 3639 5149 infirmus
3677 5094 3734 5149 in

2146 5168 2251 5224 fide
2280 5177 2384 5235 est,
2411 5178 2468 5225 et
2492 5173 2671 5228 adhuc
2720 5174 2859 5232 lacte
2906 5180 3148 5235 nutritur
3182 5180 3450 5248 infantize,
3496 5198 3600 5239 nec
3639 5200 3737 5254 p0-

2146 5268 2253 5314 test
2276 5270 2386 5316 tam
2411 5263 2520 5318 cito
2551 5279 2581 5319 a
2608 5264 2768 5337 legali
2809 5270 3190 5329 observatione
3226 5275 3296 5329 ad
3341 5275 3606 5351 spiritalia
3638 5292 3729 5332 sa-

2144 5362 2424 5409 cramenta
2460 5358 2712 5424 transire,
2748 5377 2844 5417 vos
2863 5364 2957 5433 qui
2992 5365 3328 5422 robustiores
3351 5370 3484 5425 estis
3515 5370 3570 5423 in
3602 5369 3733 5435 ﬁde,

2142 5448 2197 5496 et
2240 5444 2550 5513 spirituales
2599 5438 2797 5516 effecti,
2840 5452 2958 5522 ejus
3004 5469 3144 5511 onus
3197 5466 3445 5527 portate,
3497 5473 3598 5515 nec
3637 5474 3739 5531 per

2142 5537 2422 5594 scientiam
2460 5550 2721 5611 vestram,
2752 5544 2922 5603 frater
2971 5559 3158 5619 pereat
3195 5567 3295 5621 pro
3346 5568 3454 5622 quo
3483 5553 3734 5610 Christus

2145 5640 2392 5687 mortuus
2417 5642 2521 5689 (ξεί.

2214 5721 2280 5776 In
2326 5725 2517 5796 spiritu
2557 5726 2805 5787 lenitatis.
2857 5733 2937 5790 Ad
2976 5735 3286 5794 Corinthios
3339 5754 3557 5811 quoque
3612 5740 3729 5798 ait:
