3952 6414
252 282 285 337 4
296 279 359 337 ἶξ7

1095 273 1615 331 COLLEC‘IIONES
1656 271 1720 325 ΙΝ
1763 271 2141 330 lii‘iSTOLAS
2178 275 2266 330 ΕΤ
2304 273 2717 332 EVANGELL-L

3421 273 3523 328 438

244 400 317 457 In
340 400 488 472 uirga
517 399 720 456 ueniant
745 397 814 450 ad
838 411 925 450 ros
951 393 1001 466 (Ι
1029 392 1152 448 Cor.
1180 394 1293 465 tv)?
1320 393 1420 448 Hic
1452 400 1631 446 autem
1670 389 1832 461 spiri-
1862 397 1910 456 Α
1936 403 2043 443 non
2071 404 2138 445 ex
2162 387 2387 443 alterius
2421 397 2647 458 peccato
2685 394 2741 441 et
2773 384 3179 457 comparatione
3210 384 3521 449 deterioris,

247 491 485 546 tualibus
519 485 967 544 dicitzlnstruile
1008 486 1063 540 in
1108 484 1297 555 spiritu
1334 483 1584 537 lenitatis.
1630 482 1831 537 Verum
1856 476 1871 483 ’

248 582 325 638 ibi
369 582 437 636 a:l
467 596 562 636 eos
595 579 727 635 dicit
772 596 785 633 :
817 578 921 646 Qui
957 586 1079 648 past
1119 586 1405 658 peccatum
1454 592 1562 630 non
1599 575 1833 630 scientes

158 690 167 697 "
246 689 491 731 errorem
536 688 716 739 suum,
752 672 1009 728 nolebant
1038 669 1333 739 majoribus
1372 667 1528 724 subdi
1578 674 1631 722 ct
1659 665 1833 736 poeni-

249 764 416 819 tentia
469 764 686 829 corrigi.
738 762 1008 819 Ubi‘vero
1052 770 1307 831 peccator
1356 758 1666 827 intelligens
1717 754 1831 809 vul-

246 869 353 908 nus
397 868 576 918 suum,
611 853 834 909 tradidit
877 850 1088 907 medico
1133 866 1191 905 se
1237 848 1561 913 curandum,
1593 848 1682 902 ubi
1723 863 1830 902 non

244 953 332 1000 est
362 945 511 1013 virga
539 944 864 1007 necessaria,
902 943 999 999 sed
1041 942 1267 1013 spiritus
1311 941 1576 997 lenitatis.

320 1033 672 1090 Considerans
698 1035 917 1105 teipsum
943 1050 1007 1089 ne
1032 1044 1079 1088 et
1098 1044 1155 1087 tu
1177 1033 1412 1087 tenteris.
1437 1032 1539 1104 (Ex
1572 1030 1828 1101 Primus.)

249 1125 326 1182 Ac
357 1128 402 1182 si
432 1125 660 1191 diceret,
690 1125 818 1196 quia
845 1133 900 1180 et
934 1132 993 1179 tu
1015 1125 1180 1180 homo
1201 1139 1282 1189 es,
1305 1131 1361 1179 et
1381 1132 1537 1195 potes
1560 1125 1618 1179 in
1648 1123 1831 1194 aliquo

246 1216 462 1279 tentari,
480 1223 535 1269 et
564 1212 834 1284 adiutorio
851 1213 1118 1284 indigere,
1141 1220 1197 1268 et
1224 1213 1348 1268 ideo
1372 1213 1536 1268 debes
1562 1212 1829 1269 sustinere

242 1309 537 1370 tentatum,
577 1304 671 1376 qui
702 1304 847 1360 enim
888 1304 990 1359 sub
1031 1302 1341 1358 conditione
1368 1302 1706 1359 inﬁrmitatis
1733 1318 1829 1374 po-

243 1395 338 1451 siti
361 1404 489 1452 sunt
512 1397 710 1452 merito
739 1386 985 1453 infirmos
1016 1396 1302 1452 sustinent.

316 1485 467 1541 Alter
513 1486 733 1541 alterius
757 1503 916 1541 onera
939 1493 1165 1557 portate.
1202 1485 1307 1557 (Ex
1351 1484 1598 1559 Hieron.)
1642 1486 1827 1542 Portat

241 1590 462 1647 quoque
481 1575 667 1632 fratris
686 1577 1087 1640 necessitatem,
1113 1576 1204 1648 qui
1225 1584 1510 1648 gravatum
1536 1593 1825 1649 pauperem

241 1681 412 1724 onere
440 1670 699 1742 egestatis
743 1668 981 1739 adjuvat.
1012 1669 1089 1724 ~Et
1122 1667 1253 1723 facit
1273 1667 1376 1724 sibi
1403 1669 1610 1726 amicos
1631 1670 1699 1725 de
1724 1670 1827 1726 ini-

1934 480 2028 536 sed
2055 480 2204 549 iuxta
2228 490 2472 534 nostrum
2500 494 2636 549 Opus
2665 486 2757 533 aut
2792 488 3106 547 peccatores
3128 477 3198 532 ab
3229 490 3297 531 eo
3315 474 3521 546 judice-

1933 587 2059 626 mur
2088 580 2183 626 aut
2209 572 2405 627 sancti.

2003 661 2361 716 Communicet
2391 671 2583 726 autem,
2634 672 2738 716 etc.
2768 660 3216 718 imbecillioribus
3242 667 3519 715 et'earna-

1931 752 2073 810 libus
2100 753 2380 823 discipulis
2411 754 2662 823 imperat,
2687 762 2743 806 ut
2771 753 3040 824 quomodo
3064 751 3164 822 ipsi
3195 751 3518 821 amagistris

1931 844 2230 914 spiritualia
2264 854 2493 909 metunt,
2541 846 2621 899 sic
2647 844 2921 915 magistris
2955 844 3197 901 eat-nalis
3241 844 3521 915 prmbeant

1932 934 1986 989 in
2017 934 2269 990 omnibus
2293 934 2472 997 bonis,
2507 935 2560 990 id
2582 940 2686 998 est,
2734 934 2789 989 in
2831 934 2975 988 victu
3004 924 3435 992 et'vestimento,
3460 940 3519 984 et

1931 1028 2144 1082 caneris
2194 1027 2468 1092 omnibus,
2504 1041 2625 1098 quae
2671 1027 2917 1082 homines
2945 1026 3089 1081 inter
3137 1026 3278 1080 bona
3327 1040 3517 1079 nume-

1928 1126 2073 1172 rant.
2108 1117 2262 1174 Unde
2290 1127 2344 1173 et
2372 1117 2517 1173 Joh:
2559 1117 2620 1172 Si
2647 1118 2782 1171 bona
2835 1117 3121 1188 accipimus
3144 1156 3159 1179 ,
3212 1115 3411 1185 inquit,
3452 1116 3518 1169 de

1929 1222 2091 1261 manu
2126 1206 2341 1261 Domini
2388 1206 2531 1278 (.lob.
2562 1206 2645 1277 ιι).
2676 1206 2743 1261 Et
2786 1206 3051 1289 Dominus
3090 1206 3143 1260 in
3173 1204 3465 1276 Evangelia
3494 1220 3512 1257 :

1930 1294 1989 1351 Si
2018 1313 2247 1352 vescum
2271 1296 2385 1350 sitis
2426 1296 2577 1362 mili,
2608 1297 2770 1351 nostis
2810 1295 2947 1350 bona
2986 1296 3118 1350 dare
3156 1296 3284 1365 ﬁliis
3326 1297 3516 1351 uestris

1929 1384 2146 1455 (.llatth.
2190 1386 2321 1458 vn)?
2343 1384 2516 1440 Aliter
2541 1386 2634 1439 dat
2659 1386 2938 1457 discipulis
2965 1386 3303 1451 mandatum,
3327 1394 3388 1440 ut
3429 1388 3516 1442 eis

1923 1474 2019 1544 qui
2042 1487 2101 1528 se
2129 1474 2404 1529 instruunt
2430 1474 2625 1538 verbo,
2657 1473 3081 1539 communicent,
3110 1477 3510 1546 obsequantur,

1927 1564 2153 1631 dociles,
2190 1565 2486 1638 facilesque
2511 1581 2596 1640 se_
2609 1566 2906 1636 pnebeant,
2942 1568 2997 1622 in
3033 1568 3120 1624 his
3160 1575 3349 1624 tamen.
3391 1583 3513 1640 qlia:

1924 1654 2067 1710 bona
2097 1664 2223 1712 sunt
2248 1666 2305 1713 et
2349 1637 2673 1728 spirituziiia,
2722 1672 2828 1713 non
2864 1659 3119 1714 hierctiea
3166 1660 3247 1713 vel
3284 1637 3509 1716 iudaice

241 1774 351 1830 qua
379 1774 707 1825 mammona,
740 1769 801 1816 ιη
825 1762 1013 1816 audiat
1048 1759 1340 1817 3.00mi”
1382 1777 1398 1815 ε
1435 1759 1632 1827 venite,
1672 1762 1825 1818 bene.
1852 1760 1901 1820 Β
1930 1746 2194 1814 pravitate
2218 1761 2495 1816 perversa,
2520 1748 2894 1802 cateehizatur
2932 1755 3133 1815 autem,
3171 1751 3421 1806 eruditur
3454 1763 3511 1806 et

241 1850 373 1904 dicti
402 1848 581 1906 Patris
623 1854 754 1917 mei,
802 1853 1050 1923 percipite
1081 1866 1296 1923 regnum
1320 1852 1458 1923 quod
1491 1852 1631 1907 vobis
1664 1869 1821 1924 para-

241 1946 355 1993 tum
382 1950 458 1995 est
486 1942 549 1995 ab
580 1943 781 2014 origine
825 1943 1028 2008 mundi,
1064 1945 1189 2014 quia
1239 1943 1432 1997 esurivi
1455 1983 1469 2009 ,
1515 1952 1563 1997 et
1603 1936 1820 1999 dedistis

240 2031 373 2084 mihi
405 2032 745 2099 manducare,
773 2034 932 2099 sitivi,
970 2043 1018 2087 et
1046 2022 1262 2088 dedistis
1298 2032 1426 2086 mihi
1464 2033 1635 2088 bibere
1687 2042 1816 2099 etc.,

242 2118 460 2189 (Matth.
489 2120 639 2192 xxv).

314 2208 382 2264 Et
408 2211 482 2265 sic
507 2211 855 2285 adimplebitis
875 2202 1038 2285 legem
1052 2213 1264 2271 Christi.
1297 2215 1398 2287 (Ex
1423 2216 1680 2287 Primus.)
1708 2216 1814 2273 Lex

162 2370 171 2381 ο
237 2296 443 2354 Christi
465 2302 704 2358 charitas
722 2311 828 2368 est,
854 2304 920 2359 de
939 2318 1045 2374 qua
1075 2305 1215 2361 idem
1246 2305 1509 2361 Dominus
1538 2307 1641 2362 ait:
1663 2307 1818 2363 Man-

239 2388 423 2445 datum
450 2409 640 2448 novum
679 2394 747 2448 do
782 2394 941 2459 vobis,
976 2405 1031 2450 ut
1054 2394 1289 2467 diligatis
1320 2414 1406 2453 vos
1436 2398 1653 2453 invicem
1682 2400 1815 2453 sicut

237 2487 288 2533 et
311 2496 402 2549 ego
433 2481 594 2536 dilexi
624 2499 711 2538 ros
737 2483 919 2556 (Joan.
949 2484 1092 2556 xui).
1118 2484 1174 2540 Si
1202 2500 1332 2557 ergo
1355 2485 1626 2558 diligimus
1644 2486 1814 2543 Deum

236 2576 296 2623 et
318 2571 641 2639 proximum,
669 2573 1028 2630 misereantur
1045 2576 1290 2646 pauperi,
1314 2576 1455 2632 sicut
1476 2586 1543 2632 et
1554 2575 1815 2633 Dominus

235 2658 496 2715 misertus
517 2672 600 2716 cst
630 2662 807 2718 nobis.

310 2747 453 2803 Nam
483 2750 530 2804 si
554 2751 672 2822 quis
698 2753 963 2809 existimat
989 2772 1045 2810 se
1064 2754 1267 2828 aliquid
1282 2773 1413 2822 esse,
1429 2768 1545 2812 cum
1568 2757 1699 2813 nihil
1722 2760 1810 2825 sit,

234 2839 345 2908 ipse
374 2856 428 2903 se
454 2841 674 2897 seducit.
719 2843 819 2916 (Es
842 2844 1088 2918 Hieron.)
1127 2845 1182 2902 Si
1209 2848 1332 2918 quis
1361 2863 1468 2903 non
1493 2848 1610 2903 vult
1646 2863 1811 2904 onera

227 2929 409 2985 aliena
452 2942 691 3002 portare,
728 2945 783 2992 et
824 2936 1210 2995 immisericors
1249 2955 1349 2997 suo
1388 2948 1601 2997 tantum
1647 2928 1814 3015 opere

227 3030 288 3077 et
320 3022 521 3081 virtute
566 3036 854 3085 contentus
878 3039 981 3097 est,
1020 3048 1126 3088 non
1174 3048 1425 3105 quaerens
1467 3051 1589 3107 qua:
1630 3034 1808 3091 aliena

1921 1835 2236 1907 castigatur,
2273 1837 2612 1906 intelligitur.

1991 1925 2100 1998 (Ea:
2128 1924 2382 1999 Primus.)
2414 1926 2815 1998 Requirendum
2852 1930 3120 1999 quomodo
3155 1931 3320 1986 verbo
3347 1931 3507 1988 disci-

1915 2016 2075 2086 putus
2101 2016 2364 2087 magistro
2395 2017 2799 2072 communicare
2818 2018 3053 2084 dicatur,
3079 2033 3203 2073 cum
3222 2035 3348 2075 eum
3391 2036 3506 2076 ma-

1918 2107 2001 2179 gis
2038 2108 2207 2163 verho
2251 2108 2510 2179 magister
2553 2108 2839 2174 instituat,
2881 2110 2983 2165 sed
3013 2111 3240 2167 verbum
3279 2112 3504 2183 intelligi

1916 2198 2086 2252 voluit
2108 2198 2407 2254 devotionis
2426 2197 2686 2267 fructum,
2714 2208 2769 2255 et
2792 2200 2917 2256 boni
2952 2202 3135 2272 operis
3164 2202 3495 2275 largitatem.

1916 2289 2050 2346 Nam
2075 2300 2131 2346 et
2166 2292 2390 2347 verbum
2418 2306 2517 2362 pro
2535 2306 2699 2361 opere
2725 2291 2864 2347 solet
2893 2293 3076 2349 dicere
3105 2292 3412 2364 Scriptura,
3445 2307 3506 2352 ut

1915 2380 2045 2435 illud
2074 2381 2140 2437 de
2166 2380 2334 2435 David
2363 2399 2375 2435 :
2407 2380 2548 2448 Quia
2575 2382 2743 2451 fecisti
2774 2382 2979 2436 verbum
3008 2383 3105 2438 hoc
3129 2383 3213 2456 (Il
3245 2384 3498 2457 Regum).

1915 2471 1984 2527 Et
2013 2472 2189 2529 Moses
2236 2472 2311 2527 ait
2346 2490 2359 2527 :
2399 2471 2674 2538 Quomodo
2705 2473 2880 2544 palam
2922 2473 3121 2542 factum
3166 2484 3242 2530 est
3288 2478 3502 2531 uerbum

1913 2565 2059 2620 istud
2082 2565 2109 2619 .’
2802 2592 2805 2593 ν

1988 2656 2166 2712 Nolite
2192 2672 2388 2721 errare,
2416 2656 2555 2712 Deus
2592 2674 2696 2711 non
2727 2658 2996 2713 irridetur.
3023 2659 3078 2715 l.l
3104 2668 3206 2723 est,
3252 2664 3344 2732 qui
3383 2662 3497 2718 Deo

1912 2749 2027 2804 vult
2066 2750 2303 2816 mentiri,
2328 2758 2421 2805 aut
2451 2752 2705 2820 praecepti
2733 2752 3121 2821 praevaricator
3143 2768 3281 2822 esse,
3314 2770 3374 2812 se
3406 2759 3503 2815 tie-

1915 2842 2072 2912 cipit.

1983 2931 2091 3004 (Ex
2125 2929 2369 3004 Hieran.)
2392 2931 2700 2987 Praividens
2723 2933 2936 3003 spiritu,
2968 2949 3065 2990 eos
3086 2934 3178 3005 qui
3209 2937 3495 3004 docentur,
3532 2984 3541 2989 -

1910 3032 1967 3078 et
1994 3023 2190 3079 debent
2210 3022 2484 3093 magistris
2505 3033 2752 3093 sumptus
2774 3023 3103 3087 ministrare,
3123 3042 3280 3097 posse
3304 3027 3497 3084 eluen-

229 3123 378 3179 sunt,
408 3116 506 3171 sed
528 3131 647 3186 qua:
674 3134 795 3183 sua,
826 3120 907 3175 sui
951 3130 1156 3177 tantum
1196 3133 1428 3190 amator,
1459 3135 1513 3181 et
1556 3142 1663 3182 non
1691 3126 1807 3194 Dei,
1840 3112 1884 3174 (ἶ
1916 3114 2043 3169 dere
2067 3121 2462 3184 paupertatem.
2502 3121 2559 3168 0'-
2579 3114 2759 3170 ἀίοθτθ
2790 3128 2806 3167 ³
2844 3114 2987 3185 A8‘3"
3010 3131 3164 3171 meus
3208 3118 3312 3173 hoc
3345 3132 3496 3176 αηηο

231 3203 349 3273 ipse
388 3219 446 3259 se
474 3203 702 3263 seducit.
736 3209 1029 3289 Dupliciter
1067 3226 1247 3270 autem
1296 3217 1555 3287 distingui
1605 3227 1806 3289 potest.

232 3293 329 3350 Vel
356 3295 402 3350 si
432 3296 554 3366 quis
571 3298 846 3355 existimat
876 3316 934 3357 se
962 3284 1165 3374 aliquid
1206 3321 1358 3374 esse,
1394 3284 1623 3365 cuin‘sit
1652 3310 1808 3376 nihil,

229 3386 315 3441 vel
344 3388 436 3452 ita,
464 3388 510 3445 si
548 3391 670 3460 quis
694 3393 969 3449 existimat
1001 3412 1059 3452 se
1086 3398 1288 3469 aliquid
1324 3416 1467 3467 esse,
1499 3414 1688 3473 postea
1721 3406 1807 3462 ia-

227 3476 530 3546 ferendum,
557 3496 683 3537 eum
705 3484 778 3540 sit
804 3484 962 3552 nihil,
988 3487 1103 3558 ipse
1137 3506 1201 3546 se
1231 3492 1460 3560 seducit,
1492 3504 1547 3550 et
1577 3504 1659 3552 est
1688 3514 1809 3554 sen-

227 3583 346 3635 sus,
380 3569 434 3624 in
486 3585 553 3626 eo
602 3574 747 3645 quod
795 3591 853 3632 se
888 3586 1042 3648 putat
1072 3595 1191 3635 esse
1220 3581 1443 3653 aliquid,
1476 3594 1531 3639 et
1577 3603 1683 3642 non
1739 3605 1803 3643 ex

227 3658 512 3717 clementia
543 3663 598 3718 in
619 3667 944 3734 proximum,
974 3668 1071 3724 sed
1110 3686 1209 3727 suo
1248 3687 1412 3743 opere
1443 3683 1497 3729 et
1522 3675 1706 3733 labore
1750 3695 1808 3734 se

226 3749 449 3819 iudicat,
476 3769 573 3810 sua
616 3763 823 3812 tantum
873 3760 1071 3816 virtute
1115 3773 1424 3831 contentus,
1453 3766 1558 3823 iste
1601 3784 1669 3824 ex
1704 3769 1807 3827 hac

230 3841 346 3912 ipsa
376 3849 688 3917 arrogantia
719 3850 853 3905 nihil
880 3850 944 3906 fit
968 3861 1021 3907 et
1045 3854 1158 3925 ipse
1185 3871 1243 3911 se
1282 3856 1500 3930 decipit.

303 3932 450 4005 Opus
480 3950 650 3994 autem
687 3956 841 3996 suum
869 3943 1049 4015 probet
1075 3949 1429 4020 unusquisque
1449 3960 1497 4004 et
1527 3949 1602 4005 sic
1632 3952 1685 4006 in
1728 3971 1808 4007 sc-

229 4027 442 4098 metipso
464 4037 668 4085 tantum
680 4032 905 4103 gloriam
931 4034 1155 4101 habebit,
1183 4047 1353 4093 etnon
1375 4040 1430 4093 in
1456 4039 1642 4094 altero.
1672 4041 1808 4097 Sen-

229 4132 321 4172 sus
356 4118 459 4174 iste
480 4129 585 4187 est,
613 4129 667 4175 tu
703 4124 795 4193 qui
824 4132 879 4179 te
900 4126 1138 4180 aestimas
1161 4128 1459 4196 spiritalem
1495 4139 1550 4184 et
1580 4131 1805 4186 alterius

229 4206 542 4266 infirmitate
590 4212 864 4268 robustior
900 4230 987 4279 es,
1026 4229 1132 4270 non
1175 4216 1342 4271 debes
1378 4217 1803 4276 imbecillitatem

221 4296 474 4370 jacentis.
499 4301 591 4357 sed
616 4310 765 4358 tuam
808 4303 1181 4379 fortitudinem
1213 4306 1582 4364 considerare.
1618 4308 1805 4381 Neque

223 4391 368 4445 enim
411 4391 454 4445 si
504 4391 646 4447 alius
692 4392 932 4463 perfecte
971 4409 1077 4450 non
1115 4404 1292 4466 potest
1338 4397 1405 4452 ad
1454 4398 1804 4455 Christianis-

226 4495 373 4535 mum
405 4494 434 4534 a
484 4477 762 4538 indaismo
805 4484 1070 4551 transire,
1119 4487 1319 4543 idcirco
1349 4496 1403 4543 tu
1443 4482 1717 4559 perfectus
1744 4508 1802 4547 es
1828 4466 1880 4526 D

226 4568 583 4638 Christianus,
622 4575 716 4629 sed
743 4575 789 4630 si
827 4584 880 4630 te
921 4578 1138 4647 propria
1183 4581 1514 4635 conscientia
1558 4598 1664 4637 non
1713 4600 1801 4638 re-

229 4666 453 4731 mordet,
478 4665 644 4722 llahes
662 4668 713 4722 in
737 4668 1024 4739 temetipso
1050 4669 1300 4740 gloriam,
1316 4681 1496 4727 etnon
1518 4673 1571 4727 in
1602 4675 1795 4730 altera.

227 4753 450 4825 intelligi
491 4763 670 4827 potest
716 4766 774 4812 et
817 4758 1004 4823 aliter,
1055 4760 1146 4830 qui
1199 4762 1587 4819 conscientiam
1638 4765 1802 4821 habet

227 4847 401 4917 operis
422 4847 567 4913 boni,
595 4856 649 4905 et
672 4850 908 4920 seipsum
933 4852 1304 4918 considerans,
1334 4869 1471 4925 opus
1496 4870 1652 4910 suum
1692 4874 1799 4913 non

228 4937 588 5006 reprehendit,
619 4954 724 4995 non
754 4939 913 4996 debet
942 4942 1008 4998 de
1052 4941 1154 4998 lioc
1182 4946 1324 5015 apud
1352 4945 1517 5000 alium
1550 4947 1792 5017 gloriari,

228 5026 319 5079 sed
373 5026 425 5080 in
475 5029 765 5099 semetipso
807 5031 1004 5086 haheat
1030 5033 1288 5104 gloriam,
1338 5044 1394 5090 et
1436 5038 1621 5094 dicat:
1666 5037 1801 5094 Mihi

228 5128 396 5172 autem
426 5119 559 5175 absit
582 5121 824 5193 gloriati,
859 5125 961 5179 nisi
980 5125 1034 5180 in
1062 5143 1215 5181 cruce
1241 5128 1455 5186 Domini
1478 5135 1641 5189 nostri
1668 5134 1799 5189 Iesu

230 5207 440 5265 Christi.

297 5295 660 5375 Unusquisque
686 5305 822 5359 enim
844 5322 975 5361 onus
996 5325 1149 5362 suum
1174 5309 1420 5376 portabit.
1446 5310 1671 5368 Viletur
1707 5332 1797 5371 su-

229 5394 528 5465 perioribus
569 5396 859 5461 contraire,
888 5396 981 5453 ubi
1010 5399 1087 5453 ait
1126 5417 1138 5453 :
1180 5398 1326 5455 Alter
1373 5401 1592 5459 alterius
1637 5423 1797 5461 onera

216 5496 446 5561 portate,
475 5487 570 5543 sed
594 5487 668 5543 ibi
709 5488 984 5558 pnncepit,
1012 5497 1072 5543 ut
1111 5501 1400 5558 peccantes
1439 5494 1491 5548 in
1538 5494 1641 5551 hac
1686 5498 1796 5554 vita

229 5595 324 5635 nos
352 5578 580 5635 invicem
616 5586 998 5645 sustentemus,
1031 5589 1086 5635 ct
1123 5582 1440 5638 alterutrum
1487 5586 1688 5642 auxilio
1719 5589 1796 5644 si-

231 5687 365 5738 mas,
396 5670 482 5725 hic
507 5678 686 5723 autem
717 5669 780 5725 de
810 5671 1220 5727 resurrectionis
1244 5674 1612 5745 dicitjudicio,
1655 5678 1798 5748 quod

506 5765 781 5824 Ριτιιοι..
819 5762 951 5823 Cll.

1915 3207 2159 3262 siccitate
2199 3206 2365 3273 aruit,
2406 3207 2619 3262 vineam
2653 3206 2856 3279 grando
2877 3208 3154 3276 contrivit,
3182 3222 3290 3264 non
3321 3209 3496 3266 habeo

1911 3296 2057 3351 unde
2092 3296 2325 3351 tribuam
2359 3294 2759 3368 quodjubetur,
2790 3294 2988 3366 adjecit
3012 3312 3026 3350 :
3053 3295 3236 3353 Nolite
3275 3296 3495 3365 errare,

1872 3392 1873 3395 ‘
1913 3383 2055 3440 Deus
2088 3401 2192 3439 non
2230 3384 2502 3451 irridetur,
2532 3385 2637 3441 scit
2667 3387 2831 3442 corda
2861 3394 3077 3452 vestra,
3115 3402 3221 3442 non
3272 3388 3491 3459 ignorat

1912 3474 2216 3543 facultates,
2233 3484 2287 3532 et
2301 3477 2578 3533 excusatio
2597 3478 2745 3534 verbi
2769 3478 3042 3535 hominem
3066 3489 3248 3549 potest
3276 3478 3488 3549 fallere,

1912 3563 2080 3621 Deum
2113 3581 2220 3621 non
2246 3574 2442 3638 potest.

1985 3658 2115 3724 Qua:
2139 3658 2277 3713 enim
2300 3660 2632 3715 seminaverit
2653 3660 2808 3716 homo
2829 3660 2942 3716 Iure
2970 3668 3018 3716 et
3037 3670 3207 3718 metet.
3230 3662 3333 3735 (Es
3368 3662 3489 3719 Pri-
3518 3676 3521 3679 '

1909 3750 2073 3821 mas.)
2112 3749 2167 3805 ιιι
2195 3759 2298 3819 est,
2328 3750 2460 3805 talia
2489 3753 2732 3822 recipiet,
2766 3752 2945 3823 qualia
2979 3755 3186 3823 egerit,
3212 3754 3258 3811 si
3298 3770 3494 3828 pecca-

1907 3848 2022 3896 tum
2051 3843 2368 3911 pmnitentia
2392 3860 2499 3899 non
2523 3853 2802 3915 sequatur.

1978 3932 2096 4003 (Ex
2140 3933 2411 4008 Primus.)
2442 3933 2702 3991 Hortatur
2741 3937 2807 3991 ad
2853 3938 2910 3992 id
2966 3938 3109 4008 quod
3156 3950 3486 4012 praereptum

1906 4033 2026 4089 est,
2064 4025 2427 4079 exhibendum
2475 4039 2661 4080 semen
2693 4026 2980 4081 nominans
3004 4067 3019 4093 ,
3058 4042 3126 4083 ne
3178 4039 3327 4099 putet
3363 4045 3487 4101 per-

1907 4114 2118 4178 ditum,
2162 4113 2307 4184 quod
2371 4114 2728 4184 multiplicato
2776 4114 2963 4171 fenore
3012 4126 3329 4188 recepturus
3377 4131 3482 4177 est.

1978 4211 2240 4278 Quoniam
2264 4214 2356 4284 qui
2371 4212 2594 4267 seminat
2618 4213 2673 4267 in
2693 4230 2852 4268 carne
2872 4228 2990 4279 sua,
3007 4215 3071 4269 de
3089 4231 3246 4270 carne
3262 4228 3311 4271 et
3336 4230 3489 4274 metet

1904 4292 2313 4376 corruptionem,
2342 4304 2432 4375 qui
2453 4313 2627 4358 autem
2645 4304 2869 4359 seminat
2893 4304 2946 4360 in
2968 4307 3176 4377 spiritu,
3213 4309 3278 4363 dc
3297 4310 3487 4380 spiritu

1905 4405 2056 4452 metet
2083 4397 2240 4451 citant
2260 4405 2531 4451 retentam.
2562 4395 2734 4451 Omne
2763 4397 2908 4468 quod
2927 4397 3214 4468 loquimur,
3252 4402 3481 4473 agimus,

1907 4488 2227 4560 cogitamus,
2254 4488 2307 4542 in
2333 4487 2541 4542 duobus
2576 4486 2874 4542 seminatur
2895 4489 3063 4561 agris,
3106 4505 3272 4547 carne
3292 4498 3347 4548 et
3377 4493 3492 4563 spi-

1905 4578 2031 4641 ritu,
2066 4578 2109 4632 si
2141 4578 2280 4632 hona
2312 4585 2438 4633 sunt
2462 4590 2582 4647 qua:
2611 4577 2678 4632 de
2708 4590 2903 4643 manu,
2932 4592 3027 4634 ore
3052 4587 3109 4635 et
3150 4582 3315 4638 corde
3356 4596 3485 4653 pro-

1906 4678 2142 4733 muntur,
2170 4671 2432 4725 seminata
2465 4669 2522 4724 in
2574 4669 2764 4740 spiritu
2794 4670 2920 4726 vita:
2951 4676 3168 4726 reterns:
3215 4671 3485 4729 fructibus

1905 4764 2299 4820 redundabunt.
2331 4760 2390 4816 Si
2422 4761 2563 4817 mala
2589 4762 2657 4817 ab
2702 4774 2834 4833 agro
2877 4761 3058 4817 carnis
3088 4768 3335 4834 excepta,
3357 4779 3487 4820 cor-

1906 4850 2169 4925 ruptionis
2216 4852 2371 4908 nobis
2402 4860 2638 4924 segetem
2668 4850 3027 4922 pullulabunt.
3062 4851 3256 4920 Aliter,
3280 4854 3372 4925 qui
3402 4855 3484 4910 le-

1906 4960 2029 5015 gem
2059 4942 2350 4998 carnaliter
2370 4941 2640 5013 intelligit,
2666 4940 3117 5012 repromissiones
3136 4957 3351 5014 quoque
3371 4959 3488 5003 car-

1904 5036 2052 5092 nales
2074 5078 2090 5102 ,
2128 5044 2182 5092 et
2219 5052 2339 5107 qua:
2372 5036 2428 5091 iu
2482 5036 2738 5108 praesenti
2785 5035 2984 5093 sarculo
3036 5048 3484 5110 corrumpuntur,

1903 5134 2199 5197 exspectat.
2245 5126 2347 5194 Qui
2379 5134 2557 5182 autem
2592 5119 2888 5196 spiritualis
2930 5125 3147 5197 adiutor
3183 5136 3289 5197 est,
3317 5130 3486 5189 senii-

1902 5227 1998 5274 nat
2023 5220 2075 5274 in
2107 5219 2329 5290 spiritu,
2357 5227 2413 5273 et
2454 5216 2520 5275 de
2550 5220 2741 5288 spiritu
2779 5222 2946 5275 metet
2977 5220 3144 5276 vitam
3202 5223 3487 5295 sempiteb

1906 5327 2052 5366 nam.
2109 5308 2243 5365 illud
2273 5310 2438 5365 etiam
2493 5310 2699 5380 pariter
2746 5311 3142 5367 observandum
3199 5312 3344 5384 quod
3393 5328 3487 5370 se-

1905 5403 2080 5457 minat
2139 5401 2193 5455 in
2249 5415 2445 5464 carne,
2503 5414 2627 5455 cum
2689 5400 3063 5457 additamenta
3123 5416 3236 5459 sure
3295 5404 3486 5463 carnis

1905 5495 2142 5566 ponitur.
2197 5490 2298 5560 Qui
2341 5498 2519 5546 autem
2564 5491 2798 5547 seminat
2842 5490 2898 5548 in
2947 5492 3169 5563 spiritu,
3218 5506 3326 5549 non
3397 5497 3486 5555 di.

1907 5586 1983 5641 cit
2033 5586 2085 5639 in
2141 5585 2331 5655 spiritu
2366 5599 2482 5649 suo,
2521 5583 2614 5638 sed
2668 5583 2985 5654 simpliciter
3023 5584 3076 5639 in
3111 5584 3336 5656 spiritu;
3387 5592 3484 5661 qui

1905 5677 2047 5731 enim
2087 5677 2225 5731 bona
2259 5673 2491 5730 seminat
2581 5686 2687 5729 non
2721 5674 2773 5728 in
2820 5688 2918 5727 suo
2968 5675 3259 5745 quippiam,
3289 5680 3385 5736 sed
3417 5676 3477 5731 iu
