3952 6414
470 335 573 390 459

1740 321 2090 377 εδιλῑυιϐυι
2129 320 2419 374 ABDATIS

3620 317 3729 367 460

473 450 567 503 Dei
595 448 788 518 spiritu
818 444 977 500 sentit
992 441 1163 508 ἀι.-άο
1198 457 1303 513 quo
1345 448 1399 497 et
1426 440 1589 496 vitam
1630 448 1714 493 est
1759 451 2040 492 messurus
2068 446 2116 503 Α
2149 450 2167 481 ι
2206 431 2288 501 gis
2316 447 2444 495 vos,
2489 431 2727 487 minima:
2763 432 2905 486 lldei.
2948 431 3123 485 Nolite
3167 444 3297 501 ergo
3340 427 3553 483 solliciti
3609 444 3736 484 esse

469 551 745 594 ωιθτιιειιη.

540 632 742 687 Bonum
788 638 962 684 autent
992 627 1241 699 facientes
1287 643 1390 680 non
1438 625 1765 693 deﬁciamus,
1813 630 2045 692 tempore

466 728 604 780 eum
646 739 744 778 suo
794 732 1050 776 metemus
1082 735 1186 773 non
1213 716 1531 786 deﬁcientes.
1556 714 1907 771 ‘Cohortatur
1947 726 2043 766 eos

466 818 533 873 ad
558 816 795 873 studium
813 810 1362 885 perseveranti.e,qui
1386 810 1439 863 in
1470 808 1573 864 hac
1599 808 1707 862 vita
1735 803 2041 863 mercedem

420 932 423 935 ί
465 908 591 965 boni
620 905 805 977 operis
826 910 1164 973 exspectant,
1200 901 1522 963 nescientes,
1552 896 1677 968 quia
1706 897 1850 951 sicut
1879 894 1934 950 in
1959 907 2043 948 se-

466 999 613 1053 mine
644 995 789 1051 aliud
813 993 1064 1055 sationis,
1096 992 1239 1046 aliud
1265 991 1455 1045 messis
1482 997 1566 1044 est
1595 997 1806 1056 tempus
1825 1026 1841 1051 ,
1881 986 1963 1041 sic
1987 990 2044 1039 et

467 1089 522 1144 in
542 1084 792 1157 prtescnti
822 1084 933 1139 vita
957 1082 1214 1139 sementis
1238 1088 1322 1134 est
1341 1088 1570 1147 tempus,
1605 1087 1660 1133 et
1686 1078 1739 1131 in
1779 1086 2042 1132 internum

467 1177 574 1233 el-it
609 1175 872 1239 metendi,
921 1188 1081 1242 quam
1123 1180 1358 1240 segetem
1407 1184 1566 1223 nemo
1612 1176 1791 1238 potest
1838 1175 2043 1221 metere

466 1270 741 1331 deﬁciens,
763 1268 854 1338 qui
873 1266 1018 1321 enim
1060 1261 1457 1333 perseveraverit
1491 1276 1655 1331 usque
1679 1260 1735 1314 in
1764 1260 1924 1329 ﬁnem
1958 1258 2043 1313 hic

466 1360 641 1416 ulcus
667 1360 763 1414 erit
796 1355 1014 1427 (Matth.
1042 1355 1119 1425 ι).

538 1451 662 1521 (Es
711 1446 975 1519 Primos.)
1009 1444 1160 1501 Nunc
1197 1453 1410 1514 tempus
1458 1442 1760 1499 seminan-li
1803 1449 1890 1497 est
1935 1455 2042 1497 non

472 1541 743 1604 metendi,
775 1555 880 1594 non
911 1552 1042 1606 ergo
1085 1538 1173 1592 hic
1220 1544 1459 1590 nostram
1490 1532 1794 1589 mercedem
1842 1546 2046 1601 quiera-

471 1645 595 1686 mus
635 1629 899 1698 accipere,
932 1642 999 1682 ne
1039 1636 1226 1681 tenera
1264 1622 1429 1679 herba
1483 1624 1675 1678 hiemis
1721 1623 1899 1689 rigore
1951 1624 2045 1675 de-

471 1737 670 1783 messa,
713 1736 819 1776 non
853 1718 1057 1789 prosit,
1084 1725 1140 1771 et
1164 1731 1270 1769 non
1315 1714 1387 1770 sit
1408 1730 1528 1783 qua!
1561 1714 1612 1767 in
1660 1710 1840 1766 futuro
1876 1719 2045 1765 meta-

2147 542 2167 574 ι
2207 524 2497 579 dicentes:
2549 522 2689 590 Quid
2739 522 3207 600 manducabimus,
3258 531 3352 577 aut
3403 521 3534 591 quid
3585 522 3742 577 bibe.

2146 633 2167 667 ι
2211 630 2349 678 mus,
2378 623 2471 669 aut
2511 630 2622 684 quo
2652 613 2980 685 operiemur.
3034 614 3160 668 llaec
3187 612 3332 667 enim
3384 613 3566 667 omnia
3602 629 3740 685 gen-

2147 722 2166 756 t
2209 714 2291 759 tes
2322 702 2621 774 inquirunt.
2665 701 2781 757 Scit
2823 701 2969 756 enim
3014 700 3177 757 Pater
3204 710 3405 765 vester,
3461 701 3590 770 quia
3645 702 3739 757 his

2146 813 2166 845 ι
2211 795 2463 850 omnibus
2516 793 2791 865 indigetis.
2843 791 3081 860 Quzerite
3132 800 3323 861 autem,
3368 792 3604 862 primum
3649 807 3741 846 rc-

2152 910 2171 942 ε
2208 905 2374 960 gnum
2414 887 2533 953 Dei,
2578 896 2634 943 et
2652 887 2922 959 justitiam
2952 884 3094 957 ejus,
3141 893 3197 941 et
3233 883 3351 940 hac
3385 885 3571 940 omnia
3599 885 3743 958 adji-

2148 1002 2168 1036 (
2204 983 2421 1040 cientur
2448 981 2623 1037 vobis.
2664 999 2683 1035 t

2215 1096 2382 1152 Nemo
2410 1103 2572 1165 potest
2598 1093 2801 1148 duobus
2827 1091 3056 1147 dominis
3083 1091 3295 1146 servire.
3346 1087 3449 1160 (Ex
3479 1086 3739 1161 August.)

2142 1184 2245 1252 Qui
2294 1191 2424 1240 sunt
2447 1185 2555 1238 duo
2578 1182 2780 1237 domini
2807 1181 3067 1252 deinceps
3094 1180 3365 1244 ostendit,
3409 1193 3533 1234 cum
3559 1179 3698 1234 dicit
3722 1197 3736 1230 :

2141 1274 2262 1330 Non
2291 1274 2521 1345 potestis
2563 1273 2674 1328 Deo
2700 1272 2910 1328 servire
2938 1279 2994 1325 et
3035 1284 3379 1339 mammona.
3428 1268 3740 1323 Hammona

2143 1365 2285 1433 apud
2337 1363 2595 1418 Hebmos
2648 1362 2764 1417 sive
2816 1359 3022 1432 Syros,
3077 1358 3281 1413 divitiae
3329 1368 3737 1428 nuncupantur.

2142 1453 2405 1524 Congrult
2434 1463 2490 1508 et
2519 1451 2781 1513 Punicum
2825 1463 3056 1516 nomen,
3101 1464 3229 1504 nam
3266 1449 3476 1503 lucrum
3513 1448 3740 1503 Punica:

2144 1560 2419 1601 mammou
2451 1544 2650 1599 dicitur
2700 1541 2807 1614 (Ea:
2833 1540 3081 1611 Hieron.)
3124 1540 3325 1596 Audiat
3371 1539 3474 1594 hoc
3512 1553 3737 1602 avarus,

2146 1636 2329 1691 audiat
2352 1634 2721 1698 Christianus,
2743 1648 2850 1687 non
2877 1647 3035 1703 posse
3062 1647 3122 1686 se
3149 1630 3310 1685 simul
3334 1630 3539 1685 divitiis
3579 1630 3743 1684 Chri-

2148 1734 2339 1794 stoque
2368 1722 2594 1787 servire,
2626 1730 2682 1777 et
2713 1733 2893 1776 tamen
2923 1736 3032 1775 non
3060 1721 3231 1776 dixit:
3274 1720 3375 1788 Qui
3406 1718 3569 1774 habet
3599 1721 3743 1779 divi-

472 1823 579 1867 tur.
614 1811 827 1866 Dicetur
862 1809 1004 1861 enim
1053 1805 1210 1860 nobis
1247 1823 1258 1857 :
1305 1802 1608 1872 lleccpistis
1649 1805 1786 1856 bona
1834 1808 2047 1865 vestra,
2081 1796 2123 1855 Β
2152 1815 2274 1880 (ias,
2308 1813 2404 1868 sed
2433 1813 2525 1882 qui
2553 1811 2721 1865 εει-νίι
2742 1810 2963 1889 divitiis,
2984 1809 3085 1876 Qui
3113 1810 3254 1864 enim
3282 1810 3595 1863 divinarum
3622 1823 3743 1863 εει.-

466 1918 525 1966 et
552 1906 747 1961 iterum
771 1922 787 1957 :
816 1901 1129 1971 Receperunt
1159 1897 1445 1951 mercedem
1469 1911 1641 1948 suam.

538 1996 684 2068 Ergo
725 1993 852 2048 dunt
894 2002 1092 2059 tempus
1119 1988 1392 2049 habentne,
1430 1999 1704 2054 operemur
1743 1983 1929 2036 bonum
1975 1980 2045 2033 ad

467 2102 668 2144 omnes.
711 2085 811 2154 (Es
847 2082 1088 2149 llic-mn.)
1137 2078 1373 2146 Tempus
1417 2074 1776 2135 seminantis,
1817 2080 1879 2125 ut
1914 2069 2050 2123 dixi-

472 2194 635 2243 mus,
680 2185 919 2246 praesens
946 2179 1030 2224 est
1060 2168 1168 2222 vita
1193 2207 1207 2231 ,
1253 2167 1304 2219 iu
1357 2180 1463 2234 qua
1506 2163 1635 2217 licet
1678 2161 1832 2216 nobis
1887 2158 2044 2211 scuti-

468 2284 637 2332 nare,
680 2281 804 2323 cum
845 2272 1028 2317 autem
1066 2258 1370 2321 transierit,
1408 2253 1669 2325 operandi
1701 2262 1910 2320 tempus
1948 2265 2046 2304 au-

469 2362 663 2415 fertur.

544 2447 667 2521 (Ex
721 2439 988 2515 Primus.)
1032 2440 1286 2496 Ultimum
1332 2434 1725 2492 seminantibus
1761 2433 1863 2487 hoc
1915 2440 2049 2509 tem-

472 2556 577 2611 pus
625 2545 748 2601 est,
796 2533 1117 2589 festinemus
1147 2544 1276 2599 ergo
1322 2541 1543 2596 campos
1589 2539 1778 2578 onmes
1824 2533 2005 2575 serere
2032 2559 2046 2583 ,

473 2631 710 2693 maxime
738 2642 866 2685 eos.
896 2624 986 2693 qui
1016 2631 1141 2678 sunt
1185 2619 1444 2675 uberrimi
1492 2616 1794 2686 repleamus
1814 2654 1830 2678 ,
1867 2628 1934 2668 ne
1969 2613 2052 2665 in-

474 2723 740 2795 cipiamus
781 2728 1021 2787 tempore
1062 2713 1254 2769 messis
1285 2711 1406 2766 aliis
1448 2707 1789 2778 epulantibus
1817 2704 2046 2760 esurire.

549 2813 782 2869 Maxime
816 2822 988 2864 autent
1025 2806 1094 2861 ad
1121 2805 1429 2859 domesticos
1475 2794 1619 2871 ﬁdei.
1657 2799 1754 2869 (Ex
1806 2793 2050 2868 Hieron.)

474 2907 753 2964 imitemur
793 2900 1005 2958 Patrem
1036 2904 1302 2960 nostrum,
1341 2895 1433 2967 qui
1477 2901 1561 2947 est
1607 2893 1726 2947 l'ons
1756 2885 2047 2948 bonitatis,

475 3008 535 3054 et
568 2995 738 3053 solem
764 3008 920 3050 suum
939 2989 1074 3047 oriri
1114 2986 1245 3043 facit
1283 3001 1445 3057 super
1476 2987 1644 3040 bonos
1665 2991 1722 3037 et
1771 2979 1964 3043 malos,
1997 2985 2052 3030 et

474 3088 612 3161 pluit
639 3099 801 3155 super
815 3083 993 3153 justos
1012 3088 1067 3136 et
1101 3077 1350 3148 injustas,
1378 3084 1433 3131 et
1464 3074 1715 3130 omnibus
1746 3068 2051 3125 benefacia-

2148 1920 2245 1959 vus
2297 1911 2419 1969 est,
2477 1900 2696 1956 divitias
2750 1900 2988 1955 custodit
3034 1907 3094 1953 ut
3141 1915 3351 1954 servus.
3398 1899 3501 1965 Qui
3554 1909 3742 1952 autem

2152 1994 2432 2049 servitutis
2487 1992 2729 2047 excussit
2778 1989 2967 2062 jugum
2995 2029 3027 2056 ,μ
3067 1990 3353 2046 distribuet
3393 2004 3486 2045 cas
3536 1998 3595 2043 ut
3644 1990 3744 2044 do-

2150 2087 2348 2140 minus.

2220 2180 2324 2231 Aut
2355 2179 2494 2232 enim
2511 2193 2672 2229 unum
2699 2176 2819 2228 odio
2842 2174 3072 2237 habebit,
3099 2183 3146 2227 et
3172 2173 3396 2227 alterum
3422 2172 3625 2242 diliget,
3646 2183 3743 2227 aut

2149 2285 2312 2324 unum
2339 2266 2650 2331 sustinebit,
2682 2275 2731 2319 et
2761 2266 2987 2319 alterum
3017 2274 3327 2317 contemnet.
3376 2262 3619 2317 Patietur
3642 2265 3743 2318 du-

2150 2374 2271 2415 rum
2301 2366 2357 2414 et
2385 2356 2750 2428 perniciosum
2771 2356 3074 2421 dominum,
3099 2355 3349 2424 quisquis
3377 2355 3546 2409 servit
3571 2370 3746 2409 mam-

2150 2463 2343 2512 monte,
2375 2462 2471 2502 sua
2502 2446 2649 2500 enim
2675 2445 2967 2515 cupiditate
2998 2443 3325 2513 implicatus,
3356 2444 3603 2498 subditur
3630 2445 3745 2498 dia-

2150 2538 2296 2603 bolo,
2326 2536 2420 2591 sed
2469 2544 2648 2589 tamen
2678 2534 2902 2604 patitur,
2938 2532 3165 2587 alterum
3201 2540 3382 2586 autem
3419 2532 3739 2588 contemnit.

2153 2629 2267 2684 Non
2294 2628 2431 2683 dixit
2459 2646 2473 2681 :
2510 2626 2645 2682 OJio
2672 2616 2837 2680 habet
2857 2666 2871 2690 ,
2911 2625 3109 2679 nullius
3137 2625 3282 2679 enim
3312 2623 3427 2678 fere
3454 2622 3741 2679 conscien-

2154 2721 2228 2774 tia
2270 2720 2440 2774 Deum
2486 2719 2667 2775 odisse
2709 2725 2921 2789 potest,
2950 2726 3266 2772 contemnet
3291 2728 3507 2783 autem,
3550 2716 3739 2786 idest,

2153 2826 2263 2866 non
2295 2809 2465 2863 timet.

2146 2942 2172 2952 -
2225 2899 2354 2955 Ideo
2380 2900 2498 2953 dico
2526 2899 2690 2963 vobis,
2722 2914 2785 2952 ne
2809 2897 3024 2953 solliciti
3049 2898 3163 2951 sitis
3185 2896 3376 2951 eniture
3405 2907 3586 2951 vestra:
3611 2898 3739 2968 quid

2152 2989 2509 3052 manducetis,
2562 3005 2725 3059 neque
2765 2988 2971 3059 corpori
3016 2997 3182 3041 vestro
3239 2987 3364 3057 quid
3419 2986 3736 3040 induamini.

2157 3080 2230 3137 Ut
2253 3079 2523 3152 intelligas
2562 3093 2686 3133 eum
2715 3079 2808 3148 qui
2838 3079 2985 3133 dedit
3010 3078 3279 3143 animam,
3331 3076 3500 3131 multo
3525 3076 3741 3133 facilius

474 3153 621 3246 inus,
644 3153 878 3233 maxime
913 3171 1227 3229 domesticis
1270 3169 1416 3235 ﬁdei,
1448 3168 1550 3221 hoc
1581 3173 1667 3221 est
1707 3159 2051 3223 Christianis,

2160 3186 2342 3226 escam
2370 3185 2491 3225 esse
2520 3170 2801 3233 daturum,
2837 3177 2893 3222 et
2915 3168 3006 3238 qui
3038 3183 3235 3239 corpus
3261 3169 3429 3233 dedit,
3463 3168 3630 3222 multo
3657 3170 3739 3221 [ει-

476 3274 569 3343 qui
608 3270 859 3327 eumdem
901 3267 1103 3321 habent
1154 3262 1393 3318 Patrem.
1444 3257 1672 3313 Videtur
1722 3254 1854 3310 mihi
1903 3253 2054 3307 locus

476 3366 581 3422 iste
606 3374 766 3431 posse
788 3365 845 3411 et
881 3354 1251 3426 superioribus
1277 3352 1553 3405 cohaerere
1573 3387 1590 3411 ,
1639 3354 1698 3400 ut
1727 3343 2051 3398 domesticos

477 3452 602 3508 ﬁdei
653 3449 941 3521 magistros
968 3444 1240 3505 nominet,
1268 3440 1464 3511 quibus
1512 3452 1675 3505 supra
1725 3435 1903 3488 omnia
1933 3445 2053 3502 quae

476 3547 739 3614 putantur
792 3538 930 3592 bona
990 3534 1061 3589 ab
1116 3530 1453 3587 auditoribus
1504 3527 1629 3587 suis,
1659 3526 1899 3597 jusserat
1948 3524 2051 3577 nti-

477 3632 737 3695 nistrare,
772 3630 826 3683 id
871 3635 981 3691 est,
1022 3622 1248 3695 paganis
1287 3629 1452 3689 atque
1484 3617 1840 3679 Christianis,
1870 3624 1926 3668 et
1956 3615 2053 3669 bo-

429 3704 433 3708 .
480 3724 568 3779 uis
610 3729 667 3778 et
702 3719 859 3776 malis
906 3714 1335 3772 misericordiam
1378 3709 1656 3770 faciamus,
1713 3722 1781 3762 ne
1807 3710 1885 3761 eis
1908 3705 2051 3776 quod

479 3813 625 3868 Deus
647 3825 754 3866 non
781 3816 942 3879 negat
974 3808 1319 3876 denegemus.
1359 3800 1589 3856 Maxime
1633 3811 1811 3853 tamen
1853 3797 1937 3851 his
1960 3795 2051 3864 qui

477 3901 805 3973 peculiarem
845 3896 971 3953 lidei
1000 3894 1170 3951 cultui
1199 3908 1265 3947 ac
1307 3889 1554 3965 religioni
1593 3889 1852 3945 exhibent
1877 3883 2054 3941 fatuu-

479 3993 675 4049 latum.

812 4094 1146 4137 ενλκοειιυι
1180 4090 1471 4139 ιιΑττιιίει,
1506 4088 1624 4129 CAP.
1660 4088 1734 4127 Vl.

555 4195 574 4229 ι
606 4173 780 4232 Nemo
802 4179 979 4245 potest
1001 4170 1212 4227 duobus
1248 4168 1481 4224 dominis
1514 4164 1738 4221 servire.
1772 4161 1878 4215 Aut
1906 4160 2051 4215 enim

486 4287 506 4319 ι
545 4282 710 4323 unum
720 4265 847 4321 odio
859 4262 1076 4319 habebit
1090 4269 1145 4315 et
1160 4258 1390 4313 alterum
1413 4246 1622 4325 diliget,
1638 4260 1733 4307 aut
1753 4266 1919 4307 unum
1934 4264 2052 4303 sus-

483 4379 505 4411 t
547 4359 755 4424 tincbit,
795 4364 851 4412 et
882 4355 1109 4411 alterum
1151 4360 1482 4409 contemnet.
1520 4347 1639 4404 Non
1685 4345 1914 4416 potestis
1945 4342 2055 4397 Deo

487 4469 507 4501 ι
549 4448 754 4506 servire
782 4456 837 4503 et
860 4457 1201 4501 mammonae.
1234 4442 1358 4497 ideo
1401 4440 1527 4495 dico
1564 4438 1719 4495 vobis
1741 4476 1755 4501 ,
1806 4451 1872 4491 ne
1911 4432 2057 4491 solli-

2155 3261 2312 3317 citius
2351 3261 2600 3315 daturum
2642 3273 2764 3315 esse
2810 3259 3210 3314 vestimentum.
3260 3258 3376 3325 Quo
3411 3257 3529 3313 loco
3568 3258 3743 3329 quani

2154 3354 2293 3409 solet
2340 3362 2520 3407 utrum
2568 3352 2635 3405 ad
2681 3352 2918 3405 animam
2955 3351 3109 3406 cibus
3139 3353 3241 3407 iste
3267 3352 3576 3422 pertineat,
3616 3366 3745 3408 cum

2154 3446 2333 3501 anima
2360 3445 2675 3514 incorporea
2718 3445 2827 3509 sit,
2876 3446 2979 3500 iste
3024 3452 3205 3499 autem
3246 3446 3402 3501 cibus
3448 3460 3747 3515 corporeus

2154 3545 2256 3591 est.
2301 3536 2407 3591 Sed
2435 3537 2671 3590 animam
2701 3551 2800 3606 pro
2848 3536 2950 3591 ista
2985 3537 3092 3590 vita
3125 3537 3437 3592 noverimus
3484 3537 3743 3609 positam,

2154 3630 2307 3698 cujus
2344 3629 2698 3685 retinaculqu
2741 3639 2828 3686 est
2854 3631 3169 3685 alimentum
3236 3630 3548 3685 Secundum
3582 3632 3745 3687 istam

2155 3723 2602 3796 signiﬁcationem
2629 3723 2832 3778 dictum
2860 3732 2942 3778 est
2966 3743 2978 3778 :
3014 3722 3116 3789 Qui
3132 3733 3279 3789 ornat
3306 3724 3539 3777 animum
3567 3740 3748 3787 suam,

2153 3814 2330 3885 perdet
2367 3814 2552 3878 illaut;
2600 3822 2656 3868 ct
2694 3812 2888 3893 Pastor
2927 3816 3090 3867 bonus
3127 3814 3359 3893 animum
3407 3830 3559 3868 suam
3599 3816 3746 3882 ponit

2161 3896 2339 3967 (Joun.
2376 3913 2427 3957 κ.
2467 3898 2583 3964 Η).
2623 3892 2914 3962 Quodnisi
2960 3894 3028 3944 de
3057 3894 3157 3948 hac
3202 3892 3309 3944 vita
3341 3906 3749 3959 acceperimus,

2157 3990 2493 4042 contrarium
2544 3988 2648 4039 erit
2706 3985 2780 4038 illi
2840 3984 3167 4047 sementim,
3229 3999 3335 4051 qua
3361 3982 3569 4035 dictum
3613 3993 3742 4036 est:

2159 4084 2301 4148 Quid
2333 4083 2593 4153 proderit,
2651 4081 2698 4131 si
2737 4089 2903 4132 totum
2956 4077 3206 4131 mundum
3254 4076 3397 4129 lucre
3424 4093 3510 4135 nr,
3547 4078 3748 4128 animi:

2157 4193 2276 4232 vero
2296 4193 2406 4232 sua:
2436 4176 2810 4230 detrimentum
2845 4178 3084 4236 patiatur
3114 4173 3328 4235 (Matth.
3362 4170 3498 4235 xu)?

2234 4260 2426 4315 Nonne
2464 4261 2642 4315 anima
2676 4258 2795 4330 plus
2823 4268 2898 4313 est
2927 4276 3085 4330 quant
3115 4274 3269 4322 esca,
3317 4266 3367 4311 et
3412 4272 3603 4327 corpus
3626 4256 3750 4328 plus

2159 4369 2317 4423 quam
2331 4352 2693 4408 vestimentum
2709 4350 2734 4404 1’
2748 4350 2843 4421 (Ex
2863 4347 3104 4421 Hieron.)
3121 4338 3422 4416 Quod,dicit
3441 4336 3751 4402 istiusmodi

2161 4450 2267 4508 est,
2300 4441 2391 4510 qui
2420 4438 2620 4508 majora
2645 4440 2897 4510 praestitit
2921 4439 3106 4508 utique
3130 4446 3184 4493 et
3209 4436 3415 4491 minora
3445 4435 3745 4509 pnestabit.

486 4558 507 4591 ι
551 4537 646 4595 citi
689 4537 811 4593 sitis
856 4524 1052 4591 anima:
1082 4541 1276 4591 vestra:
1305 4530 1433 4600 quid
1468 4526 1825 4589 manducetis,
1878 4537 2055 4592 neque
2080 4500 2132 4559 D
2159 4529 2416 4602 Respicite
2430 4530 2662 4585 volatilia
2684 4530 2819 4594 cteli,
2841 4531 3086 4601 quoniam
3116 4545 3219 4582 non
3242 4536 3424 4582 serunt
3445 4500 3621 4597 tneque
3641 4543 3750 4581 me-

482 4650 507 4680 ί
551 4627 765 4700 corporl
812 4634 1034 4692 vestro,
1083 4623 1215 4694 quid
1267 4617 1585 4676 induamini.
1643 4613 1831 4668 Nonne
1878 4613 2057 4667 anima

412 4714 421 4719 ’
486 4738 507 4771 ε
545 4718 664 4791 plus
682 4725 768 4774 est
790 4730 954 4788 quam
977 4728 1125 4777 esca,
1153 4719 1209 4769 et
1236 4725 1434 4782 corpus
1457 4707 1739 4778 plusquam
1765 4706 2061 4761 vestimen-

484 4830 505 4860 ο
547 4807 695 4865 tum?
719 4805 996 4877 Respicite
1044 4800 1283 4857 volatilia
1335 4796 1481 4864 cmli,
1511 4792 1765 4868 quoniam
1819 4812 1927 4850 non
1974 4810 2059 4850 se-

485 4898 692 4963 t'runt,
715 4909 890 4966 neque
915 4878 1146 4956 metunt,
1189 4904 1364 4959 neque
1403 4896 1724 4959 congregant
1760 4887 1814 4941 in
1840 4886 2053 4949 horrea,

487 5009 506 5040 ι
548 4997 605 5043 et
628 4986 791 5042 Pater
813 4992 988 5047 chter
1015 4980 1253 5038 caelestis
1277 4980 1447 5050 pascit
1472 4979 1582 5034 illa.
1606 4976 1795 5036 Nonne
1819 4994 1914 5034 vos
1941 4995 2055 5033 ma-

490 5098 509 5130 t
550 5076 634 5152 gis
667 5074 841 5149 pluris
861 5074 995 5130 estis
1013 5071 1155 5128 illis?
1177 5070 1312 5139 Quis
1332 5080 1512 5126 autem
1540 5078 1781 5125 vestrum
1815 5069 2060 5138 cogitans

490 5193 509 5231 ι
547 5175 725 5241 potest
752 5163 987 5235 adjicere
1008 5163 1077 5219 ad
1102 5170 1366 5218 staturam
1395 5176 1547 5217 suam
1577 5160 1817 5217 cubitum
1849 5174 2013 5214 unum
2034 5159 2059 5211 ἲ

490 5282 508 5315 ι
556 5261 623 5317 Et
651 5260 718 5317 de
736 5256 1058 5315 vestimento
1083 5253 1212 5325 quid
1247 5249 1460 5311 solliciti
1499 5251 1669 5309 estis?
1704 5250 2060 5306 Considerate

492 5370 512 5402 ι
556 5349 667 5408 lilia
711 5336 831 5420 agri
858 5344 1127 5417 quomodo
1152 5328 1421 5407 crescunt,
1453 5359 1561 5398 non
1607 5341 1857 5397 laborant
1883 5340 2061 5408 neque

492 5466 509 5496 ο
555 5426 723 5501 ηοω..
753 5426 886 5507 Dico
932 5447 1114 5495 autem
1141 5436 1328 5501 vobis,
1370 5434 1624 5506 quoniam
1660 5445 1762 5487 nec
1804 5429 2061 5485 Salomon

495 5556 513 5586 t
551 5538 606 5592 in
649 5522 797 5592 omni
827 5529 995 5603 gloria
1021 5544 1118 5585 sua
1165 5536 1452 5598 coopertus
1499 5533 1583 5597 est
1612 5525 1751 5580 sicut
1780 5539 1949 5577 unum
1996 5535 2063 5576 cx

497 5649 516 5679 ο
554 5627 688 5685 istis.
715 5624 773 5680 Si
801 5612 986 5695 autem
1011 5619 1191 5677 fenum
1217 5618 1333 5691 agri
1358 5617 1500 5687 quod
1528 5615 1687 5669 holic
1723 5624 1827 5680 est,
1858 5625 1913 5669 et
1940 5630 2062 5669 cras

505 5734 533 5770 ο·
559 5710 912 5774 inclibanum
952 5715 1187 5772 mittitur
1219 5714 1361 5767 Deus
1389 5712 1467 5764 sic
1494 5708 1674 5772 vestit,
1709 5719 1913 5779 quanto
1949 5725 2066 5764 tua-

2155 4632 2272 4677 tuttt
2309 4640 2473 4695 neque
2501 4632 2813 4692 congregant
2843 4622 2895 4675 iu
2940 4624 3127 4675 lion-ea
3151 4660 3168 4685 ,
3199 4629 3246 4673 et
3286 4618 3429 4672 Deus
3455 4621 3623 4691 pascit
3652 4619 3748 4673 illa

2157 4710 2372 4787 (.lIattb.
2406 4713 2501 4786 Vl).
2538 4711 2867 4784 Simpliciter
2896 4727 3024 4785 ergo
3063 4713 3459 4784 accipiendum,
3509 4709 3653 4780 quod
3696 4709 3749 4766 si

2155 4807 2392 4861 volatilia
2430 4807 2635 4875 absque
2682 4820 2813 4860 cura
2859 4813 2914 4859 et
2941 4805 3197 4859 :erumnis
3230 4805 3327 4860 Dei
3367 4805 3587 4859 aluntur
3623 4816 3751 4871 pro-

2157 4897 2416 4961 videntia,
2438 4912 2558 4966 quae
2586 4895 2746 4952 hodie
2768 4906 2898 4952 sunt
2921 4903 2977 4950 et
3000 4911 3122 4951 cras
3159 4910 3265 4950 non
3295 4902 3483 4956 erunt,
3513 4889 3749 4963 quorum

2159 4990 2339 5043 anima
2368 4989 2610 5044 mortalis
2650 4995 2770 5053 est,
2802 4996 2857 5044 et
2884 5005 3007 5043 cum
3053 5003 3175 5043 esse
3203 4987 3576 5051 cessaverint,
3608 4999 3754 5041 sent-

2159 5093 2257 5149 per
2286 5093 2394 5133 non
2418 5070 2600 5143 erunt,
2634 5086 2838 5149 quanto
2864 5078 3040 5148 magis
3062 5076 3331 5142 homines,
3361 5077 3558 5146 quibus
3582 5083 3750 5132 teter-

2162 5167 2308 5222 nitas
2338 5168 2750 5237 repromittitur,
2780 5169 2875 5223 Dei
2902 5177 3159 5239 regantur
3184 5168 3439 5222 arbitrio!

2235 5254 2425 5316 Nonne
2450 5274 2536 5312 vos
2563 5258 2727 5327 magis
2752 5258 2920 5328 pluris
2948 5259 3070 5313 estis
3096 5257 3242 5313 illis?
3267 5257 3370 5329 (Ex
3392 5256 3647 5330 August.)
3691 5256 3754 5313 id

2167 5358 2273 5415 est,
2310 5349 2585 5406 cltariores
2625 5350 2756 5407 estis
2793 5367 2914 5417 vos,
2952 5360 3010 5407 et
3033 5351 3155 5423 plus
3180 5352 3390 5418 valetis,
3422 5351 3550 5422 quia
3577 5351 3749 5407 ratio-

2167 5441 2317 5498 nales
2339 5442 2490 5499 estis.
3502 5438 3507 5441 ’
3538 5466 3562 5511 ,ο

2241 5533 2372 5600 Quis
2416 5544 2591 5594 autem
2644 5547 2868 5591 vestrum
2917 5538 3150 5608 cogitans
3195 5546 3362 5607 potest
3410 5536 3641 5616 adiicere
3678 5536 3755 5589 ad

2165 5632 2423 5677 staturam
2448 5641 2597 5678 suam
2629 5626 2857 5679 cubitum
2882 5643 3040 5680 unum
3066 5627 3092 5679 ?
3118 5625 3183 5678 Et
3207 5627 3271 5679 de
3293 5626 3594 5680 uestimento
3623 5625 3755 5696 quid

2168 5709 2378 5763 solliciti
2415 5713 2576 5769 estis?
2605 5713 2660 5767 l.l
2690 5724 2793 5779 est,
2821 5714 2874 5768 in
2904 5714 3058 5785 cujus
3083 5722 3352 5784 potestate
3390 5723 3446 5769 et
3473 5714 3754 5770 dominatu
