3952 6436
483 289 582 351 ηδ

1775 288 2128 343 SMARAGDI
2166 290 2454 346 ABBATIS

3630 284 3739 340 ΑΜ

481 417 701 480 praestat
734 408 976 474 creteris,
1017 416 1075 462 ut
1104 414 1282 478 patres
1317 419 1434 459 esse
1477 405 1742 459 dicantur.
1791 403 2061 470 Quaeritur
2090 406 2137 463 A
2164 405 2302 459 bona
2332 420 2493 477 opera
2530 404 2763 475 pertinet
2785 446 2798 468 ,
2848 403 2971 473 quia
3011 404 3086 458 ibi
3123 403 3488 458 extenduntur
3528 417 3749 457 manus.

483 512 609 552 vero
630 512 789 568 quam
810 496 878 552 ob
899 511 1116 551 causam
1142 508 1196 551 et
1228 496 1280 550 in
1308 494 1462 550 cmlis
1490 493 1557 548 ab
1579 508 1644 548 eo
1670 493 1847 548 omnis
1880 501 2060 562 pater-

481 589 620 643 nitas
641 586 955 657 appelletur.
983 586 1259 656 Quomodo
1281 602 1378 641 nos
1396 584 1736 657 patriarchas
1756 592 1809 637 et
1830 582 2064 653 prophe-

480 690 561 749 tas
593 687 808 733 nostros
848 687 1029 749 patres
1057 678 1309 741 dicimus,
1339 676 1414 731 ita
1454 685 1584 747 puto
1614 683 1670 729 et
1697 673 1928 743 Angelos
1959 672 2064 726 cxc-

477 748 730 837 tc'rasque
756 748 983 823 virtutes
1010 769 1210 823 habere
1231 768 1503 839 principes
1527 766 1607 820 sui
1634 766 1846 836 generis
1873 763 1927 819 in
1958 775 2064 818 cte-

478 857 722 921 lestibus,
748 874 885 927 quos
911 868 1093 930 patres
1131 860 1401 930 gaudeant
1422 856 1712 929 appellare.
1758 855 2062 924 Archange-

477 949 560 1003 lus
586 950 730 1004 enim
752 949 855 1004 nisi
880 949 1192 1018 angelorum
1219 950 1322 1003 dici
1346 963 1450 1003 non
1471 955 1663 1019 potest,
1695 955 1749 1000 et
1767 945 2062 999 dominatio

477 1041 809 1111 principatus
833 1048 886 1095 et
911 1049 1202 1109 potestates
1225 1041 1326 1093 nisi
1356 1038 1637 1093 inferiores
1663 1037 1933 1107 subjectos
1961 1036 2060 1090 ba-

477 1131 677 1196 beant,
717 1146 824 1186 non
850 1140 1130 1185 vocantur.
1178 1129 1361 1184 Potest
1387 1145 1515 1202 ergo
1555 1139 1609 1185 et
1633 1130 1735 1184 hoc
1761 1128 1885 1191 dici,
1918 1128 2059 1197 quod

477 1223 619 1279 Deus
650 1224 858 1280 Domini
901 1223 1067 1279 nostri
1108 1221 1235 1278 Jcsu
1271 1221 1469 1277 Christi
1510 1220 1664 1289 juxta
1704 1219 2058 1275 substantiam

476 1323 630 1384 pater
653 1322 756 1380 est,
793 1322 849 1368 et
868 1314 1175 1385 unigenitus
1202 1329 1306 1368 non
1339 1320 1422 1367 est
1454 1312 1737 1382 adoptione
1768 1312 1941 1374 filius,
1966 1310 2059 1365 sed

475 1411 686 1457 natura.
721 1402 941 1458 Caetera:
962 1417 1174 1473 quoque
1205 1412 1467 1457 creaturte
1495 1401 1832 1471 paternitatis
1863 1416 2056 1455 nomen

473 1493 762 1563 adoptione
796 1502 1131 1548 meruerunt.

548 1581 614 1636 (οἰ
648 1583 730 1636 det
761 1583 920 1644 vobis,
969 1590 1076 1636 etc.
1129 1581 1418 1651 Propterea
1467 1582 1537 1635 dit
1558 1581 1595 1635 it
1621 1622 1634 1645 ,
1676 1596 1843 1634 curvo
1883 1593 2091 1659 genua.

473 1689 590 1727 mea
625 1674 692 1727 ad
728 1681 957 1743 patrem,
1020 1681 1079 1725 ut
1120 1673 1320 1726 tribuat
1370 1672 1523 1749 vobis
1570 1672 1827 1724 virtutem
1874 1666 2055 1739 gloria:

472 1778 599 1837 suae,
637 1764 688 1817 id
718 1772 817 1824 est,
853 1763 1149 1832 majestatis
1178 1779 1287 1816 suae
1320 1746 1519 1816 habere
1549 1760 1902 1822 consortium,
1934 1772 2055 1809 vos-
2086 1746 2128 1805 Β

471 1868 576 1922 quc
604 1854 821 1907 roborct
858 1861 1017 1922 atque
1042 1851 1325 1907 confirmet
1365 1866 1460 1921 per
1493 1851 1742 1921 spiritum
1788 1855 2054 1910 sanctum,

472 1946 597 2014 quia
622 1945 765 1999 nulla
793 1943 1052 1999 fortitudo
1079 1944 1279 2013 absque
1308 1943 1507 2012 Spiritu
1538 1952 1724 1996 sancto
1744 1950 1846 1995 est.
1881 1940 2057 1994 Robo-

472 2044 555 2089 ret
581 2043 758 2088 autem
792 2044 952 2104 atque
982 2033 1263 2089 confirmet
1311 2034 1364 2086 in
1415 2033 1727 2086 interiorem
1762 2031 2051 2085 hominem.

473 2121 589 2175 Non
619 2123 761 2178 enim
789 2126 1131 2184 exteriorem,
1183 2122 1276 2175 sed
1320 2122 1629 2174 interiorem
1662 2121 1930 2175 hominem
1960 2135 2053 2173 cu-

473 2217 649 2283 p'mus
675 2213 941 2277 roborari,
966 2221 1025 2268 ut
1050 2222 1335 2284 postquam
1365 2213 1683 2266 habitaverit
1718 2212 1962 2268 Christus
2002 2213 2054 2266 in

470 2304 729 2361 interiore
770 2305 1011 2370 homine,
1043 2306 1095 2359 in
1128 2305 1296 2376 ipsius
1331 2305 1603 2359 interioris
1640 2305 1873 2359 hominis
1903 2305 2054 2359 hali-

474 2406 546 2452 tet
578 2399 879 2469 principali,
918 2400 970 2454 id
999 2408 1099 2462 cst,
1128 2399 1180 2452 in
1209 2399 1463 2453 cordibus
1497 2400 1709 2453 vestris.
1740 2396 1854 2453 lloc
1876 2406 2051 2451 autem

474 2499 644 2546 totum
674 2498 771 2559 per
811 2488 969 2543 fidem
1004 2489 1093 2542 fiet
1118 2529 1132 2552 ,
1169 2488 1211 2543 si
1243 2490 1541 2543 credamns‘
1573 2488 1627 2541 in
1663 2503 1803 2541 eum.
1856 2487 2054 2553 Quam-

471 2581 657 2633 obrem
697 2578 792 2642 ait,
836 2577 1081 2632 habitare
1111 2577 1385 2632 Christum
1415 2593 1512 2647 per
1539 2576 1697 2632 fidem
1724 2578 1775 2631 in
1802 2577 2053 2631 cordibus

470 2673 687 2727 vestris.
711 2668 981 2728 llahitatio
1004 2684 1181 2728 autem
1212 2674 1332 2735 ista,
1365 2689 1484 2743 qua:
1505 2689 1600 2743 per
1625 2674 1904 2727 exordium
1930 2671 2051 2726 fidei

472 2761 806 2828 fabricatur,
852 2763 1059 2818 radices
1092 2772 1145 2818 et
1182 2762 1527 2819 fundamenta
1567 2764 1620 2818 in
1660 2764 1923 2819 cbaritate
1961 2765 2052 2818 ba-

470 2854 581 2920 bet,
620 2852 734 2910 haec
770 2842 855 2910 est
881 2856 986 2909 vita
1020 2856 1281 2920 cordium,
1320 2856 1372 2910 in
1407 2872 1510 2926 qua
1537 2856 1767 2910 vivimus
1798 2856 1849 2911 in
1883 2871 2052 2910 saecu-

468 2945 581 2999 lum
604 2946 806 3013 saeculi,
843 2947 911 3001 ab
936 2945 1090 3002 initio
1125 2946 1245 3001 ﬁdei
1275 2962 1443 3017 usque
1474 2947 1540 3002 ad
1569 2947 1729 3001 finem
1759 2946 1895 3018 spei.

539 3035 605 3091 In
643 3037 898 3093 charitate
927 3039 1171 3103 radicati,
1200 3047 1303 3093 etc.
1348 3039 1472 3093 [hec
1497 3047 1580 3093 est
1622 3039 1930 3094 communio
1958 3056 2051 3094 cu-

463 3126 673 3197 jusdam
695 3129 890 3185 divina:
914 3131 1255 3200 cmlcstisque
1287 3130 1613 3199 reipublicae,
1651 3131 1776 3186 hinc
1803 3140 2049 3186 saturan-

467 3229 555 3273 tur
581 3234 885 3291 pauperes,
932 3236 1037 3275 non
1088 3236 1186 3274 sua
1237 3230 1576 3290 qumrcntes,
1628 3221 1720 3276 sed
1764 3237 1884 3291 quae
1922 3221 2050 3277 Jesu

464 3311 688 3367 Christi.
718 3310 853 3366 Nam
885 3312 950 3366 de
978 3313 1094 3384 ipso
1115 3328 1253 3382 pane
1283 3329 1391 3384 quo
1417 3314 1551 3369 tales
1576 3321 1889 3368 saturantur
1910 3329 2050 3383 quo-

464 3404 587 3458 dam
614 3403 731 3458 loco
758 3403 1046 3475 Apostolus
1074 3404 1204 3459 dicit
1232 3424 1243 3456 :
1299 3403 1447 3460 Unus
1475 3405 1647 3477 panis,
1676 3422 1837 3458 unum
1862 3419 2050 3477 corpus

469 3494 622 3549 νην(ιί
646 3510 827 3548 sumus
855 3492 907 3567 (1
936 3492 1058 3549 Cor.
1093 3494 1169 3568 ι).

539 3585 673 3652 Qua:
712 3587 780 3639 sit
810 3586 1030 3641 latitudo
1058 3628 1071 3652 ,
1117 3596 1221 3643 etc.
1253 3587 1373 3657 Ipsa
1401 3587 1644 3642 cbaritas
1669 3601 1790 3641 cum
1817 3586 1869 3641 in
1893 3587 2050 3642 bonis

414 3693 418 3696 ’
464 3678 718 3747 operibus
752 3676 1055 3733 dilectionis
1079 3687 1364 3734 exercetur
1385 3719 1399 3741 ,
1431 3678 1585 3747 quasi
1628 3676 1695 3730 ad
1722 3678 2046 3733 subvenien-

465 3768 591 3821 dum
629 3780 1056 3836 quaquaversum
1101 3776 1279 3837 potest
1313 3766 1544 3837 porrigi,
1577 3775 1633 3820 et
1671 3765 1786 3820 bzcc
1819 3765 2048 3822 latitudo

440 3854 567 3916 'est.
614 3860 765 3915 Nunc
797 3860 1205 3934 longanimitate
1250 3861 1478 3915 adversa
1507 3860 1698 3913 tolerat
1735 3860 1789 3913 in
1817 3875 1882 3914 co
1906 3862 2046 3930 quod

443 3955 730 4011 'veraciter
762 3955 962 4018 tenuit,
1009 3959 1321 4025 perseverat
1341 3992 1356 4017 ,
1403 3959 1457 4007 et
1491 3952 1607 4006 haec
1636 3950 1908 4023 longitudo
1939 3962 2042 4019 est,

436 4040 565 4106 'hoc
603 4055 780 4103 autem
817 4054 986 4102 totum
1025 4054 1248 4116 propter
1275 4043 1674 4115 adipiscendam
1710 4047 1877 4100 vitam
1916 4044 2045 4101 facit

448 4147 722 4193 aeternam
751 4154 871 4209 qua:
900 4138 973 4192 illi
997 4136 1333 4208 promittitur
1356 4135 1408 4190 in
1436 4135 1673 4201 excelso,
1697 4145 1752 4190 et
1778 4136 1891 4192 haec
1918 4136 2042 4193 alti-

455 4228 587 4283 tudo
612 4234 713 4282 est.
743 4228 941 4282 Existit
966 4242 1093 4281 vero
1122 4241 1187 4281 cx
1217 4225 1320 4281 boc
1348 4225 1491 4281 cultu
1518 4226 1618 4281 ista
1656 4225 1916 4291 Charitas,
1950 4227 2039 4282 ubi

448 4316 664 4373 fundati
695 4317 1089 4388 quodammodo
1113 4323 1166 4370 et
1195 4316 1417 4372 radicati
1449 4332 1635 4371 sumus
1654 4358 1669 4383 ,
1729 4316 1821 4371 ubi
1861 4332 2038 4372 causa:

2163 488 2461 565 Longitudo
2491 496 2543 549 in
2568 510 2635 550 eo
2663 494 2805 565 quod
2833 495 2900 549 ab
2925 495 3040 564 ipso
3062 493 3210 567 ligno
3234 507 3403 565 usque
3444 494 3512 548 ad
3540 500 3751 548 terram

2162 588 2510 657 conspicuum
2541 596 2643 642 est.
2695 586 2770 641 lbi
2819 586 2964 641 enim
3008 585 3404 654 quodammodo
3434 594 3639 651 statur,
3695 586 3751 639 bl

2161 685 2263 743 est,
2289 678 2600 748 persistitur
2623 683 2678 731 et
2704 682 3105 748 perseveratur,
3130 674 3222 731 sed
3238 683 3294 730 et
3309 675 3586 729 tribuitur.
3612 672 3752 728 Alti-

2161 770 2289 824 tudo
2309 777 2392 824 cst
2417 767 2472 823 in
2493 783 2554 823 ea
2582 766 2712 837 ligni
2739 775 2914 837 parte,
2942 781 3061 836 qum
3085 767 3154 821 ab
3183 765 3274 819 illo
3299 765 3440 836 quod
3470 775 3751 821 transver-

2160 874 2279 915 sum
2317 858 2496 930 ﬁgitur
2532 871 2744 912 sursum
2772 872 2963 911 versus
2997 854 3355 925 relinquitur,
3391 855 3496 909 hoc
3524 865 3631 917 est,
3677 855 3749 909 ad

2160 956 2323 1018 caput
2342 946 2610 1012 cruciﬁxi,
2638 946 2765 1017 quia
2780 945 2918 1000 bene
2938 944 3272 1016 sperantium
3290 960 3520 1014 superna
3546 960 3749 1014 exspe-

2159 1026 2449 1095 ctatio'est.
2496 1037 2616 1093 lam
2651 1052 2782 1093 vero
2812 1035 2941 1091 illud
2976 1051 3045 1091 ex
3075 1036 3222 1108 ligno
3257 1034 3402 1105 quod
3442 1050 3551 1090 non
3580 1049 3752 1107 appa-

2160 1141 2275 1197 ret,
2318 1131 2459 1201 quod
2487 1129 2652 1185 fixum
2680 1128 3004 1195 occultatur,
3030 1128 3174 1183 unde
3200 1136 3372 1183 totum
3396 1127 3527 1183 illud
3551 1142 3751 1182 exsur-

2158 1222 2261 1290 git.
2299 1219 2719 1292 profunditatem
2759 1218 3057 1290 signiﬁcat,
3098 1219 3390 1289 gratuitate
3414 1216 3631 1290 gratias,
3687 1215 3750 1277 in

2158 1328 2264 1384 quo
2286 1312 2576 1368 multorum
2608 1313 2820 1383 ingenia
2844 1320 3200 1367 conteruntur
3220 1351 3235 1377 ,
3270 1310 3323 1365 id
3355 1310 3624 1381 vestigare
3650 1323 3751 1365 co-

2159 1406 2364 1470 nantia,
2389 1413 2449 1459 ut
2472 1404 2540 1458 ad
2567 1412 2872 1459 extremum
2896 1401 2978 1457 eis
3002 1402 3244 1457 dicatur:
3278 1399 3324 1456 ο
3346 1402 3523 1465 homo,
3548 1408 3606 1454 tu
3625 1402 3747 1473 quis

2157 1514 2233 1562 es,
2264 1508 2317 1551 ut
2354 1497 2667 1568 respondeas
2696 1494 2804 1550 Deo
2831 1493 3007 1566 (Rom.
3050 1494 3127 1567 ιι)

2230 1586 2296 1641 εἰ
2322 1597 2497 1641 autem
2541 1587 2631 1657 qui
2678 1595 2857 1657 potem
2898 1595 3013 1650 est,
3055 1594 3159 1640 etc.
3196 1583 3295 1657 (Ex
3325 1581 3571 1655 Hieron.)
3628 1583 3745 1639 Hoc

2156 1679 2445 1733 ostendens
2499 1693 2556 1733 se
2593 1677 2811 1747 quidem
2843 1675 2998 1746 juxta
3041 1676 3463 1732 imbecillitatem
3503 1675 3751 1737 hominis

2157 1769 2487 1839 postulasse,
2525 1783 2644 1838 quae
2673 1769 2753 1822 eis
2785 1765 3142 1822 conducibilia
3183 1765 3522 1822 videbantur.
3570 1765 3751 1822 Caue-

2157 1876 2276 1915 rum
2298 1867 2557 1928 quantum
2590 1856 2656 1912 ad
2698 1857 2777 1912 rei
2813 1856 2980 1927 ipsius
3007 1857 3243 1927 pertinet
3284 1855 3569 1911 veritatem
3622 1855 3749 1927 plus

2156 1951 2325 2008 Deum
2348 1952 2528 2006 valere
2557 1950 2813 2014 tribuere,
2840 1964 3003 2019 quam
3033 1956 3271 2019 rogatur.
3322 1947 3611 2003 Prazstabit
3644 1950 3746 2021 igi-

2157 2051 2245 2095 tur
2272 2055 2433 2111 super
2454 2054 2614 2110 quam
2643 2038 2876 2109 petimus
2902 2046 2994 2092 aut
3020 2037 3368 2107 intelligimus
3385 2076 3401 2099 .
3437 2039 3743 2092 secundum

2154 2146 2273 2185 eam
2302 2131 2556 2185 virtutem
2585 2140 2705 2201 qua:
2734 2140 2989 2201 operatur
3013 2131 3066 2184 in
3092 2128 3267 2186 nobis.

2227 2224 2339 2294 Ipsi
2368 2224 2536 2294 gloria
2569 2224 2623 2277 in
2651 2224 2889 2288 ecclesia,
2919 2232 3026 2278 etc.
3055 2222 3159 2293 lpsi
3184 2222 3368 2293 itaque
3391 2223 3501 2277 Deo
3536 2222 3607 2277 sit
3628 2222 3744 2292 glo-

2155 2316 2234 2369 ria
2253 2355 2269 2380 ,
2295 2315 2530 2385 primum
2558 2313 2611 2368 in
2643 2314 2874 2368 ecclesia
2903 2329 3022 2382 qua:
3057 2322 3357 2384 est‘supra,
3385 2328 3492 2367 non
3532 2311 3745 2368 habens

2155 2404 2444 2467 maculam,
2489 2418 2661 2472 neque
2698 2418 2909 2473 rugam,
2955 2412 3009 2457 et
3040 2418 3159 2473 qua:
3192 2410 3477 2473 propterea
3513 2402 3743 2474 gloriam

2154 2496 2248 2550 Dei
2281 2495 2517 2563 recipere
2547 2501 2742 2564 potest,
2790 2494 2917 2565 quia
2941 2509 3135 2565 corpus
3162 2502 3246 2549 est
3269 2492 3471 2549 Christi
3493 2535 3507 2559 ,
3544 2495 3742 2550 deinde

2155 2588 2209 2640 in
2248 2585 2462 2641 Christo
2488 2582 2636 2646 Jesu,
2677 2584 2802 2654 quia
2831 2584 2885 2638 in
2921 2599 3144 2655 corpore
3174 2585 3439 2655 assumpti
3478 2585 3737 2645 hominis.

2154 2676 2308 2745 cujus
2334 2683 2457 2730 sunt
2484 2674 2734 2745 universa
2767 2674 3007 2729 membra
3044 2674 3399 2757 credentium,
3442 2677 3621 2733 omnis
3658 2676 3744 2731 di-

2152 2769 2351 2823 vinitas
2376 2765 2759 2836 corporaliter,
2795 2783 2917 2838 qua:
2952 2768 3167 2837 quidem
3192 2767 3361 2838 gloria
3387 2784 3495 2827 non
3524 2769 3577 2823 in
3601 2785 3739 2840 pra:-

2153 2875 2278 2916 sens
2308 2867 2516 2914 tantum
2562 2865 2770 2927 tempus
2814 2858 3152 2924 extenditur,
3201 2865 3256 2913 et
3298 2856 3494 2913 futuris
3528 2859 3740 2914 saeculis

2153 2948 2511 3013 terminatur,
2559 2946 2653 3001 sed
2685 2948 2738 3001 in
2768 2963 2958 3002 omnes
2985 2947 3359 3016 generationes
3398 2948 3450 3003 in
3482 2950 3739 3005 saeculum

2153 3040 2471 3096 steculorum
2521 3038 2776 3094 ineffabili
2816 3039 3115 3094 aeternitate
3150 3048 3463 3109 permanet,
3516 3040 3738 3105 crescit,

2153 3140 2399 3201 augetur.

2541 3234 2876 3275 svsxvceuun
2906 3236 3077 3287 ωας,
3109 3238 3227 3277 car.
3259 3238 3353 3276 vn.

2229 3328 2246 3361 ι
2290 3309 2405 3365 Ibat
2432 3309 2589 3364 Jesus
2632 3309 2688 3363 in
2724 3311 2998 3366 civitatem
3042 3326 3163 3380 qua:
3201 3323 3425 3365 vocatur
3451 3309 3650 3379 Naim,
3684 3321 3741 3369 et

2158 3419 2176 3451 ι
2214 3399 2364 3454 ibant
2394 3415 2515 3455 cum
2564 3398 2656 3455 illo
2703 3399 2955 3471 discipuli
2997 3398 3143 3469 ejus,
3192 3408 3247 3455 ct
3289 3401 3446 3455 turba
3492 3402 3735 3472 copiosa.

2156 3508 2175 3541 ι
2210 3489 2344 3546 Cum
2371 3495 2549 3544 autem
2598 3489 3094 3560 appropinquarent
3123 3496 3293 3558 porta:
3318 3490 3578 3554 civitatis,
3611 3506 3739 3546 ecce

2155 3599 2174 3631 ι
2213 3577 2502 3634 defunctus
2522 3575 2849 3633 efferebatur
2873 3619 2888 3645 ,
2921 3577 3063 3633 ﬁlius
3086 3579 3279 3636 unicus
3307 3580 3497 3635 matris
3522 3596 3652 3646 suat,
3684 3592 3739 3636 et

2155 3691 2173 3723 s
2208 3672 2325 3727 haec
2351 3671 2510 3727 vidua
2542 3680 2692 3737 erat,
2734 3679 2789 3725 et
2814 3671 2969 3727 turba
3014 3671 3248 3727 civitatis
3288 3673 3454 3727 multa
3497 3688 3619 3729 cum
3647 3689 3733 3729 ea.

2154 3784 2172 3815 ι
2206 3762 2376 3830 Quam
2406 3778 2530 3818 cum
2564 3746 2789 3817 vidisset
2813 3759 3003 3824 Jesus,
3035 3763 3405 3817 misericordia
3444 3772 3622 3819 motus
3640 3779 3734 3818 su-

2154 3875 2174 3909 s
2210 3873 2305 3927 per
2330 3871 2473 3920 eam,
2510 3855 2649 3909 dixit
2674 3854 2784 3908 illi:
2827 3852 2943 3908 Noli
2977 3852 3124 3909 tlerc.
3171 3854 3237 3908 Et
3277 3856 3507 3910 accessit
3532 3863 3588 3909 et
3614 3855 3738 3909 teti-

2154 3969 2172 4002 ι
2209 3952 2286 4024 git
2318 3949 2575 4005 loculum.
2621 3948 2685 4003 lli
2721 3958 2902 4003 autem
2944 3949 3034 4018 qui
3076 3949 3398 4020 portabant,
3442 3957 3734 4014 steterunt,

2153 4064 2171 4098 ι
2210 4055 2263 4101 et
2290 4046 2402 4100 ait:
2428 4043 2788 4107 Adolescens,
2823 4043 2916 4097 tibi
2941 4043 3082 4109 dico,
3116 4058 3292 4114 surge.
3324 4042 3388 4097 Et
3414 4040 3619 4098 resedit
3641 4044 3734 4113 qui

2151 4155 2170 4187 ‹
2205 4144 2323 4190 erat
2350 4142 2616 4199 mortuus,
2645 4141 2701 4187 et
2733 4133 2895 4203 coepit
2923 4131 3088 4203 loqui.
3120 4132 3188 4186 Et
3214 4132 3360 4188 dedit
3397 4132 3547 4187 illum
3571 4135 3733 4186 matri

2149 4244 2167 4276 ι
2204 4240 2332 4280 sum.
2372 4224 2594 4295 Acccpit
2636 4234 2814 4299 auten)
2842 4236 3031 4277 omnes
3075 4221 3269 4288 timor,
3316 4230 3373 4276 et
3415 4222 3733 4293 magnifica-

2148 4336 2166 4369 ι
2202 4318 2336 4372 bant
2366 4317 2535 4372 Deum
2567 4317 2806 4371 dicentes
2832 4334 2844 4369 :
2891 4316 3028 4384 Quia
3052 4314 3317 4387 Propheta
3342 4302 3571 4388 magnus
3612 4332 3736 4371 sur-

456 4409 751 4464 voluntatis
796 4408 889 4463 Dei
921 4422 1026 4462 non
1067 4406 1436 4478 vestigantur,
1470 4416 1524 4462 et
1563 4409 1675 4477 hoc-
1691 4416 1773 4462 est
1811 4407 2035 4479 profun-
2065 4440 2116 4499 Ι)
2148 4429 2164 4459 ι
2204 4410 2348 4466 rexit
2398 4408 2451 4463 in
2502 4407 2658 4463 nobis
2753 4417 2809 4461 et
2860 4407 2985 4477 quia
3037 4405 3179 4463 Deus
3230 4407 3469 4462 visitavit
3514 4407 3729 4478 plebem

447 4499 604 4553 ‘dum.
632 4497 880 4553 Altitudo
900 4494 1097 4568 quippe
1122 4512 1405 4552 commune
1434 4511 1627 4551 nomen
1648 4504 1730 4552 est
1749 4496 1965 4552 excelso
1985 4508 2038 4552 et

457 4590 742 4658 profundo.
774 4588 894 4661 Sed
932 4604 1057 4645 cum
1090 4589 1141 4642 in
1173 4589 1388 4643 excelso
1426 4588 1657 4655 dicitur,
1695 4589 2040 4647 sublimitatis

456 4683 747 4737 eminentia
785 4681 1216 4736 commendatur.
1268 4680 1401 4734 Cum
1441 4689 1619 4734 autem
1660 4680 1712 4735 in
1749 4682 2034 4753 profundo,

456 4773 741 4830 difﬁcultas
766 4772 1195 4842 investigationis
1222 4779 1272 4825 ct
1302 4772 1638 4839 cognitionis,
1670 4775 1807 4829 unde
1830 4784 1885 4832 et
1910 4776 2036 4831 illud

455 4863 567 4919 Deo
605 4865 839 4919 dicitur:
884 4862 1056 4927 Quam
1089 4860 1427 4932 magniﬁcam
1457 4873 1577 4917 sunt
1604 4881 1757 4935 apem
1784 4875 1895 4931 tua,
1924 4864 2034 4918 Do—

454 4955 623 5019 mine,
671 4950 824 5009 nimis
875 4949 1156 5024 profundit
1188 4951 1349 5023 facta:
1387 4962 1507 5007 sunt
1553 4955 1889 5025 cogitationes
1928 4966 2033 5010 tum

453 5042 629 5117 (Psaf.
661 5041 791 5114 sel).
1854 5066 1857 5069 ·

526 5131 678 5186 Scire
698 5141 749 5186 et
767 5130 887 5203 jam
915 5131 1395 5200 superemineurem,
1451 5141 1558 5190 etc.
1607 5136 1665 5190 ln
1690 5136 1793 5191 hoc
1835 5132 2032 5207 myste-

450 5221 535 5277 rio
570 5220 742 5292 figura
788 5221 969 5277 crucis
1013 5222 1316 5277 ostenditur
1340 5264 1355 5290 ,
1402 5225 1493 5295 qui
1531 5226 1676 5279 enim
1707 5224 1834 5295 quia
1866 5226 2035 5280 voluit

451 5323 701 5371 mortuus
726 5323 832 5383 est,
860 5313 1130 5384 quomodo
1153 5314 1323 5370 voluit
1359 5325 1605 5381 mortuus
1630 5326 1730 5371 est.
1774 5315 1891 5370 Non
1920 5315 2033 5371 fru-

452 5417 563 5463 stra
599 5409 763 5480 igitur
808 5410 916 5465 talo
964 5426 1134 5479 genus
1178 5412 1372 5466 mortis
1401 5412 1600 5478 elegit,
1644 5410 1745 5465 nisi
1776 5417 1839 5464 ut
1873 5410 1925 5464 in
1968 5426 2032 5464 eo

451 5500 990 5571 quoque'latitudinis
1017 5499 1174 5569 hujus
1202 5509 1256 5555 et
1283 5499 1629 5571 longitudinis
1651 5510 1706 5554 ct
1732 5498 2031 5555 altitudinis

451 5603 506 5646 et
527 5593 907 5663 profunditatis
935 5594 1190 5665 magister
1221 5593 1500 5647 existeret.
1532 5590 1662 5644 Nam
1690 5592 1918 5646 latitudo
1948 5604 2031 5648 est

453 5681 509 5735 in
534 5683 760 5753 coliguo
792 5687 933 5755 quod
962 5691 1327 5737 transversum
1359 5682 1586 5748 desuper
1611 5681 1807 5752 (igitur,
1839 5685 1939 5738 hoc
1964 5686 2027 5741 ad

2152 4522 2170 4553 ι
2210 4517 2383 4557 suam.
2417 4519 2437 4553 ι

2217 4594 2335 4648 Ibat
2366 4591 2524 4647 Iesus
2550 4593 2606 4647 in
2635 4594 2894 4651 civitatem
2920 4606 3038 4661 qua:
3056 4600 3273 4647 vocatur
3298 4589 3476 4653 Naim,
3507 4598 3555 4644 et
3581 4590 3732 4643 ibant

2143 4704 2262 4741 cum
2287 4685 2378 4740 illo
2403 4685 2648 4757 discipuli
2674 4686 2809 4756 ejus,
2835 4692 2884 4739 et
2913 4681 3066 4738 turba
3090 4684 3319 4757 copiosa.
3349 4681 3504 4736 Naim
3536 4680 3733 4737 civitas

2143 4786 2225 4831 est
2252 4775 2469 4832 Galilere
2500 4776 2555 4829 in
2586 4778 2819 4831 secundo
2844 4773 3326 4829 milliarioThabor
3352 4772 3568 4837 montis,
3594 4785 3732 4824 con-

2145 4876 2227 4922 tra
2260 4868 2560 4932 meridiem,
2595 4868 2748 4937 juxta
2779 4866 2981 4930 Endor,
3013 4865 3104 4934 qui
3126 4873 3207 4918 est
3220 4864 3383 4939 rvicus
3418 4861 3640 4933 grandis
3668 4862 3729 4920 in

2141 4965 2336 5026 quarto
2360 4934 2612 5011 milliaria
2636 4953 2874 5023 ejusdem
2900 4956 3099 5015 montis
3124 4955 3191 5009 ad
3220 4934 3522 5008 meridiem.
3548 4934 3735 5006 Inter-3

2140 5057 2383 5119 pretatur
2410 5050 2555 5103 enim
2581 5047 2735 5102 Naim
2760 5046 2952 5103 fluctus
2981 5046 3066 5102 vel
3090 5046 3397 5102 commotio.

2210 5137 2341 5195 Cum
2385 5151 2558 5194 autem
2589 5141 3024 5210 appropinquaret
3057 5147 3221 5208 porta!
3264 5137 3509 5192 civitatis.
3555 5135 3720 5191 Porta

2138 5231 2374 5286 civitatis
2401 5244 2507 5301 qua
2531 5228 2818 5285 defunctus
2851 5230 3191 5293 efferebatur,
3230 5238 3363 5299 puto
3389 5228 3622 5298 aliquem
3648 5227 3721 5283 de

2135 5322 2383 5377 sensibus
2405 5337 2525 5376 esse
2554 5322 2852 5392 corporeis,
2883 5323 2974 5393 qui
3005 5323 3145 5377 enim
3172 5323 3402 5377 seminat
3434 5322 3576 5377 inter
3608 5320 3717 5375 fra-

2135 5423 2248 5469 tres
2273 5414 2597 5481 discordias,
2637 5416 2728 5484 qui
2759 5415 3097 5481 iniquitatem
3134 5416 3183 5469 in
3211 5414 3425 5469 excelso
3453 5413 3717 5484 loquitur.

2133 5503 2180 5558 is
2208 5519 2305 5574 per
2341 5504 2454 5559 oris
2483 5513 2694 5573 portam
2732 5504 3041 5558 extrahitur
3070 5512 3331 5558 mortuus.
3372 5503 3473 5570 Qui
3518 5502 3720 5558 viderit

2134 5595 2411 5648 mulierem
2465 5595 2530 5648 ad
2581 5595 3062 5665 concupiscendam
3120 5612 3238 5649 eam
3291 5609 3387 5669 per
3432 5597 3717 5650 oculorum

2131 5696 2342 5754 portam
2371 5687 2845 5756 antorisjznlirium
2879 5688 3099 5758 profert.
3150 5690 3247 5754 Qui
3287 5690 3480 5743 fabulis
3504 5689 3719 5756 otiosis,
