3952 6410
270 296 376 354 463

1113 299 1625 357 COLLECTIONES
1661 299 1728 355 IN
1764 257 2142 357 erasmus
2181 297 2266 354 ετ
2305 299 2709 358 EVANGEIJA.

3428 258 3547 360 ws.

267 408 587 466 obscenisve
646 406 977 465 canninibus
1025 410 1109 465 vel
1162 409 1590 466 detractionibus
1655 424 1839 464 aurem
1867 424 1921 484 Α
2014 407 2223 482 Accepit
2249 419 2421 464 autem
2452 427 2628 466 omnes
2658 413 2829 476 timor,
2870 422 2919 467 et
2948 415 3377 485 magni/icabant,
3422 427 3527 478 etc.

268 502 501 559 libenter
531 503 732 574 aperit,
767 501 911 558 hanc
947 502 1141 558 animae
1184 518 1294 559 sum
1322 511 1534 574 portam
1558 500 1750 560 mortis
1774 499 1853 558 ef-

270 593 404 650 licit.

339 685 476 740 Ecce
498 685 777 757 defunctus
803 684 1117 757 elferebatur
1138 682 1283 758 ﬁlius
1305 685 1491 741 unicus
1522 684 1706 739 matris
1719 698 1850 738 sure.

268 776 564 834 Defunctus
590 779 699 843 hic,
744 780 833 850 qui
873 786 1024 834 extra
1052 787 1264 850 portam
1295 777 1530 833 civitatis
1562 776 1746 832 multis
1772 781 1855 830 est

268 869 601 925 intuentibus
630 870 823 935 elatus,
848 869 1119 942 signiﬁcat
1156 871 1430 928 hominem
1460 870 1643 929 letliali
1670 871 1854 947 crimi-

266 975 395 1015 num
425 957 611 1015 funere
641 970 951 1031 soporatum
971 1002 985 1027 ,
1017 962 1371 1032 eamdemque
1408 962 1627 1031 insuper
1660 961 1855 1016 anima:

265 1060 498 1108 mortem
528 1067 633 1107 non
661 1041 857 1109 cordis‘
881 1053 1056 1108 adhuc
1086 1052 1249 1108 cubili
1300 1060 1600 1125 tegentem,
1646 1051 1741 1107 sed
1786 1052 1856 1107 ad

265 1140 558 1197 multorum
603 1141 847 1197 notitiam
874 1157 972 1214 per
997 1142 1284 1199 locutionis
1308 1143 1556 1213 operisve
1597 1141 1679 1196 sui
1709 1140 1852 1196 iudi-

270 1231 437 1296 cium,
468 1232 621 1302 quasi
650 1248 748 1303 per
774 1248 885 1287 sua:
908 1233 1146 1289 civitatis
1172 1233 1311 1287 ostia
1331 1229 1718 1301 propalantem.
1750 1228 1852 1298 Qui

266 1325 405 1379 bene
431 1324 572 1380 [ilius
592 1326 786 1380 unicus
811 1326 1001 1381 matris
1024 1340 1134 1381 sua:
1160 1323 1326 1380 fuisse
1349 1324 1664 1396 perhibetur
1682 1364 1697 1389 ,
1728 1324 1853 1394 quia

267 1413 397 1470 licet
430 1429 462 1468 e
502 1413 688 1469 multis
717 1413 943 1470 collecta
985 1430 1081 1486 per
1115 1413 1291 1470 fontis.
1320 1414 1593 1471 lavacrum
1645 1428 1751 1469 una
1784 1416 1854 1470 sit

266 1504 509 1575 perfecta
538 1516 594 1558 et
617 1503 957 1560 immaculata
987 1505 1140 1576 virgo
1174 1512 1349 1559 mater
1377 1502 1632 1569 ecclesia,
1659 1502 1852 1574 singuli

266 1597 467 1668 quique
499 1606 676 1651 tamen
727 1596 964 1651 lidelium
995 1595 1317 1652 universalis
1352 1611 1410 1652 se
1448 1595 1689 1652 ecclosiae
1716 1594 1855 1651 lilios

265 1685 570 1741 rectissime
594 1683 853 1741 fatentur.
888 1685 1022 1740 Nam
1044 1694 1100 1742 et
1126 1685 1330 1742 electus
1364 1684 1610 1758 quilibet,
1638 1686 1853 1756 quando

1955 500 2169 570 Quanto
2213 501 2549 572 desperatior
2585 503 2778 560 animae
2824 519 2970 561 mors
3008 506 3077 561 ad
3106 507 3273 563 vitam
3311 524 3533 566 revoca-

1956 602 2078 657 tur,
2141 600 2288 648 tanto
2346 593 2533 663 plures
2599 595 2787 651 eodem
2851 596 3199 669 corriguntur
3261 602 3530 672 exemplo.

1955 684 2091 739 Vide
2146 683 2313 738 David
2347 685 2706 755 prophetam,
2759 686 2881 743 vide
2919 688 3223 759 apostolum
3284 689 3531 756 Petrum.

1954 790 2182 847 quorum
2225 790 2333 845 quo
2374 774 2576 845 gradus
2613 776 2773 832 altior
2794 818 2809 842 ,
2859 793 2926 835 eo
2959 795 3119 837 casus
3151 782 3388 852 gravior.
3418 781 3537 851 Quo

1954 875 2135 921 autem
2172 866 2389 936 gravior
2424 882 2584 924 casus
2611 908 2627 934 ,
2676 884 2741 924 eo
2795 868 2970 939 pietas
3005 872 3265 943 erigentis
3300 874 3533 949 gratior,

1954 971 2061 1026 quo
2082 971 2209 1012 vero
2233 956 2439 1028 gratior
2453 957 2599 1014 ineis
2614 958 2825 1016 Domini
2847 960 3017 1031 pietas
3039 965 3313 1034 apparuit,
3334 979 3400 1022 eo
3416 981 3538 1023 cec-

1954 1049 2061 1103 tior
2110 1048 2320 1104 cunctis
2357 1049 2746 1119 paenitentibus
2780 1065 2904 1121 spes
2949 1051 3139 1109 salutis
3178 1056 3450 1126 apparuit,
3479 1064 3547 1112 ut

1949 1137 2075 1210 jure
2103 1154 2295 1195 omnes
2322 1139 2414 1210 qui
2441 1139 2668 1197 audiunt
2696 1140 2905 1197 dicant:
3004 1190 3009 1193 .
3210 1206 3232 1222 _

2027 1227 2165 1295 Quia
2193 1227 2335 1284 Deus
2360 1229 2585 1283 uisitauit
2603 1227 2801 1300 plebem
2829 1247 3001 1286 suam.
3035 1232 3151 1289 Non
3180 1243 3387 1290 tantum
3414 1252 3538 1296 ver-

1954 1319 2081 1374 bum
2104 1332 2260 1373 suum
2287 1317 2453 1374 semel
2472 1319 2888 1390 incorporando,
2910 1322 3001 1379 sed
3022 1326 3185 1378 etiam
3208 1332 3390 1383 nostra
3411 1327 3537 1396 hoc,

1954 1417 2015 1464 ut
2038 1409 2287 1465 suscitari
2309 1408 2600 1466 debeamus
2627 1425 2841 1481 semper
2868 1413 2922 1469 in
2949 1414 3110 1470 corda
3145 1416 3428 1473 mittendo.

2095 1520 2514 1578 HEBDOMADA
2552 1523 2715 1580 XVIII
2752 1524 2927 1583 POST
2963 1526 3387 1587 PENTECOST.

1951 1607 2207 1648 EPISTOLA
2246 1607 2405 1648 ΒΕΑἸΊ
2439 1609 2595 1649 PAULI
2622 1611 2877 1651 Αροετοιι
2909 1614 2976 1652 AD
3004 1613 3271 1666 EPﬂBSlOS,
3305 1617 3423 1657 (λιιι.
3458 1619 3534 1658 ιν.

2029 1699 2047 1732 ι
2079 1680 2316 1737 Obsecro
2330 1698 2423 1737 vos
2451 1697 2549 1753 ego
2571 1685 2781 1739 vinctus
2802 1702 2857 1740 tn
2883 1685 3131 1753 Domino,
3156 1686 3214 1745 ut
3248 1690 3406 1763 digne
3428 1708 3541 1747 am-

266 1778 334 1834 ad
363 1776 523 1833 (idem
564 1777 844 1841 imbuitur,
878 1776 1018 1833 illius
1060 1786 1178 1842 est,
1212 1778 1427 1848 quando
1467 1777 1604 1833 alios
1634 1777 1846 1842 imbuit,
1878 1768 1926 1827 Β
1958 1789 1977 1821 ι
2012 1772 2203 1827 buletis
2226 1774 2521 1835 vocatione,
2545 1789 2651 1844 qua
2677 1777 2849 1831 vocati
2869 1778 3022 1842 estis,
3052 1794 3174 1833 cum
3195 1784 3339 1836 omni
3362 1782 3539 1839 humi-

266 1877 461 1925 mater.
507 1868 590 1923 An
632 1884 740 1923 non
778 1879 1025 1924 materno
1059 1884 1186 1940 erga
1214 1867 1470 1939 parvulos
1509 1868 1700 1941 agebat
1726 1866 1854 1924 alie-

264 1967 380 2025 ctu,
409 1959 502 2028 qui
533 1959 649 2013 ait:
697 1956 879 2013 Filioli
911 1959 1044 2025 mei,
1074 1976 1202 2031 quos
1242 1960 1430 2013 iterum
1465 1958 1724 2029 parturio,
1761 1957 1855 2012 do-

266 2067 359 2104 nec
397 2050 654 2119 formetur
680 2047 941 2104 Christus.
1486 2060 1487 2063 ‘

337 2139 407 2193 Et
434 2139 545 2194 Iure
590 2139 751 2194 vidua
786 2150 931 2205 erat.
980 2151 1027 2195 et
1074 2142 1227 2195 turba
1269 2141 1491 2195 civitatis
1532 2138 1698 2193 multa
1735 2155 1855 2193 cum

266 2230 379 2284 illa.
412 2229 641 2287 Viduam
676 2246 796 2286 esse
824 2232 1107 2287 ecclesiam
1129 2232 1305 2287 omnis
1328 2232 1505 2286 anima
1533 2230 1714 2302 sponsi
1747 2229 1855 2284 llo-

266 2319 507 2390 minique
536 2320 619 2374 sui
643 2335 700 2375 se
729 2331 904 2387 morte
931 2321 1263 2389 redemptam
1301 2320 1564 2385 meminit,
1590 2321 1851 2389 agnoscit.

268 2415 460 2474 Divino
494 2426 672 2471 autem
698 2421 830 2470 nutu
854 2414 1023 2470 multa
1061 2414 1346 2469 Dominum
1380 2415 1557 2475 turba.
1585 2412 1751 2467 multa
1778 2414 1857 2466 vi-

267 2507 429 2564 duam
478 2506 837 2563 comitabatur
864 2546 879 2570 ,
924 2515 984 2560 ut
1022 2505 1137 2560 viso
1180 2514 1328 2560 tanto
1375 2503 1658 2566 miraculo.
1704 2502 1856 2562 multi

267 2607 454 2664 testes,
500 2598 653 2653 multi
688 2597 778 2652 Dei
808 2593 999 2652 tierent
1030 2597 1356 2652 laudatores.

341 2689 514 2757 Quam
542 2706 663 2745 cum
691 2689 903 2749 vidisset
930 2687 1120 2756 Iesus,
1163 2684 1523 2745 miseiicordia
1566 2701 1734 2747 motus
1760 2710 1853 2747 su-

266 2797 359 2851 per
396 2796 534 2844 eam,
573 2778 748 2833 dixit:
790 2778 916 2833 Noli
960 2780 1107 2850 ﬂere.
1158 2778 1369 2835 Desiste
1393 2821 1409 2846 ,
1447 2781 1654 2850 inquit,
1700 2784 1856 2853 quasi

266 2879 542 2926 mortuum
562 2868 712 2935 ﬂere,
751 2884 912 2940 quem
938 2884 1062 2924 mox
1096 2870 1277 2924 vivum
1319 2885 1599 2942 resurgere
1625 2873 1852 2939 videbis,

267 2969 323 3016 et
345 2958 568 3030 pulchre
593 2957 935 3029 Evangelista
965 2958 1133 3016 Deum
1170 2960 1320 3029 prius
1348 2960 1717 3016 misericordia
1741 2977 1857 3017 mo-

267 3060 383 3106 tum
408 3064 529 3106 esse
566 3064 729 3120 super
774 3058 1000 3104 matrem
1024 3090 1040 3116 ,
1075 3064 1139 3105 ac
1169 3050 1250 3106 sic
1276 3049 1443 3105 ﬁlium
1487 3051 1751 3107 suscitare
1778 3061 1855 3107 te-

269 3150 466 3208 statur,
499 3150 556 3196 ut
582 3117 649 3196 in.
674 3157 782 3199 uno
806 3142 965 3199 nobis
994 3143 1297 3215 exemplum
1341 3143 1614 3199 imitanda:
1635 3144 1853 3215 pietatis
1882 3117 1926 3181 (ἶ

268 3234 594 3300 ostenderet,
641 3235 696 3290 in
740 3235 911 3291 altero
949 3234 1108 3290 tidem
1143 3234 1401 3291 miranda:
1438 3237 1724 3305 potestatis
1769 3251 1857 3292 as-

270 3333 497 3381 ῑιδιιετθι.
1426 3386 1431 3391 ,

343 3412 411 3468 Et
438 3418 654 3470 accessit
678 3425 725 3471 et
765 3416 926 3487 tetigit
965 3415 1214 3480 loculum,
1256 3417 1312 3471 hi
1343 3427 1515 3472 autem
1549 3418 1638 3488 qui
1678 3426 1857 3489 porta-

271 3503 393 3558 baut
437 3514 709 3560 steterunt.
774 3505 1007 3562 Loculus
1061 3507 1113 3562 in
1160 3522 1268 3577 quo
1319 3515 1562 3563 mortuus
1608 3506 1855 3573 ell‘ertur,

273 3594 411 3650 male
462 3610 651 3652 secura
701 3597 968 3668 desperati
1022 3600 1325 3668 peccatoris
1378 3601 1706 3657 conscientia
1749 3609 1851 3657 est.

271 3686 372 3753 Qui
395 3700 522 3741 vero
544 3686 923 3758 sepeliendum.
947 3697 1185 3759 portant,
1228 3690 1310 3745 vel
1341 3690 1613 3746 immunda
1646 3693 1855 3747 deside-

273 3776 378 3841 ria,
403 3791 523 3847 quae
554 3777 827 3832 hominem
852 3778 1071 3848 rapiunt
1098 3778 1151 3833 in
1180 3780 1481 3845 interitum,
1529 3780 1611 3835 vel
1653 3780 1854 3837 lenoci-
1895 3838 1900 3845 ,

271 3867 360 3923 nia
387 3865 774 3923 blandientium
807 3876 933 3924 sunt
957 3878 1222 3926 venenata
1250 3872 1539 3927 sociorum.
1567 3870 1698 3939 Qua:
1723 3888 1852 3943 pec-

271 3965 391 4013 cata
435 3958 712 4026 nimirum,
754 3959 883 4016 dum
914 3957 1189 4017 favoribus
1216 3961 1443 4030 tollunt,
1485 3962 1852 4028 accumulant,

269 4059 660 4122 peccantesque
678 4059 1012 4123 contemptu,
1029 4054 1186 4125 quasi
1206 4068 1402 4127 aggere
1418 4063 1576 4110 terrae
1594 4055 1850 4110 obruunt.

269 4141 359 4198 De
385 4143 580 4212 quibus
628 4143 753 4198 alibi
804 4143 1044 4199 dicitur:
1091 4143 1307 4198 Dimitte
1358 4151 1591 4199 mortuos
1640 4144 1854 4214 sepelire

269 4244 502 4291 mortuos
544 4252 667 4292 suos
700 4234 917 4308 (Matth.
946 4235 1087 4307 vtn).
1134 4236 1375 4292 Mortuus
1405 4238 1602 4308 quippe
1655 4240 1853 4294 mortui

269 4327 567 4398 sepeliunt,
610 4343 733 4384 cum
760 4336 1072 4399 peccatores
1112 4328 1312 4399 quique
1357 4331 1436 4385 sui
1462 4329 1685 4395 rsimiles
1719 4330 1855 4386 alios

270 4418 465 4473 nocivo
505 4417 690 4475 favore
723 4417 1052 4483 demulcent,
1097 4427 1354 4490 congesta
1388 4421 1638 4491 pessima:
1666 4421 1853 4478 adula-

270 4510 434 4567 tionis
460 4509 619 4574 mole,
651 4523 717 4567 ne
739 4525 846 4580 qua
870 4510 1159 4580 aliquando
1180 4526 1275 4582 spe
1304 4513 1617 4584 resurgeudi
1643 4515 1853 4584 potian-

270 4613 360 4660 tur
392 4603 722 4675 opprimunt.
764 4602 993 4660 Domino
1022 4618 1153 4674 ergo
1195 4603 1432 4661 loculum
1461 4611 1732 4675 tangente,
1771 4603 1855 4660 fu-

268 4698 418 4753 neris
441 4694 604 4765 baiuli
634 4703 921 4760 steterunt,
957 4695 1083 4766 quia
1109 4695 1330 4766 superni
1360 4694 1646 4752 formidine
1663 4695 1853 4765 iudicii

270 4798 473 4845 attacta
485 4789 835 4848 conscientia.
859 4796 914 4842 et
933 4786 1230 4844 carnalium
1255 4802 1398 4858 sirpe
1416 4784 1749 4843 afﬂuentiam
1760 4802 1855 4844 vo-

270 4880 558 4952 luptatum,
586 4891 643 4938 et
663 4882 857 4952 injuste
882 4877 1215 4937 laudantium
1246 4880 1459 4935 turbam
1483 4893 1760 4943 coercens,
1782 4879 1863 4935 ad.

188 5032 195 5035 _
272 4973 507 5042 seipsam
540 4973 831 5028 revertitur
852 5013 867 5034 ,
900 4971 1221 5041 vocantique
1264 4970 1329 5026 ad
1356 4970 1524 5025 vitam
1549 4968 1741 5026 festina
1769 4985 1855 5025 re-

268 5062 501 5133 spondet
534 5061 822 5125 Salvatori,
849 5061 989 5115 unde
1015 5070 1162 5117 recte
1190 5060 1435 5130 sequitur
1460 5078 1474 5115 :

342 5152 412 5208 Et
453 5152 584 5207 dixit
611 5152 946 5216 adolescenti,
981 5151 1072 5205 tibi
1096 5151 1212 5205 dico
1238 5166 1391 5220 surge
1413 5190 1428 5211 ,
1470 5160 1518 5204 et
1547 5151 1734 5205 resedit
1762 5151 1854 5221 qui

271 5240 383 5298 e'rat
421 5254 690 5306 mortuus,
734 5252 799 5297 er
833 5243 979 5310 carpit
1026 5241 1199 5311 loqui,
1240 5249 1288 5294 et
1333 5240 1473 5294 dedit
1516 5239 1664 5294 illum
1695 5241 1854 5295 matri

271 5348 404 5389 suit.
443 5330 664 5387 Rcscdit
686 5331 882 5401 quippe
920 5332 1012 5400 qui
1039 5340 1158 5386 erat
1185 5339 1452 5393 mortuus,
1490 5344 1612 5384 cum
1642 5331 1851 5385 interna

271 5422 685 5494 compunctioue
710 5423 982 5477 reviviscit
1021 5432 1293 5492 peccator,
1339 5422 1527 5492 incipit
1552 5422 1696 5491 loqui
1727 5437 1852 5478 cum

275 5512 486 5573 teducis
540 5512 736 5568 indicia
791 5513 911 5567 vite
960 5520 1172 5587 cunctis
1227 5513 1316 5583 qui
1370 5521 1648 5581 peceatum
1701 5511 1853 5567 luxe-

272 5614 390 5659 runt
439 5602 692 5659 ostendit.
747 5603 1006 5659 Rediitur
1056 5604 1250 5667 nutri,
1294 5620 1412 5659 cum
1459 5619 1554 5672 per
1593 5603 1849 5659 Sacerdo-

244 5692 393 5765 ltalls
436 5692 645 5748 decreta
684 5692 870 5763 judioii
909 5696 1271 5749 communioni
1312 5695 1543 5747 sociatur
1588 5692 1847 5750 ecclesia

1963 1879 1982 1911 ι
2013 1861 2161 1917 litate
2184 1869 2239 1915 et
2260 1864 2694 1928 mansuetudine,
2724 1880 2848 1920 eum
2882 1868 3138 1936 patientia
3158 1879 3540 1941 supportantes

1961 1972 1979 2004 ι
2012 1953 2241 2008 invicem
2265 1954 2318 2008 in
2342 1953 2625 2011 charitate.
2651 1957 2876 2013 Solliciti
2898 1973 3117 2017 servare
3145 1963 3404 2020 unitatem
3426 1966 3539 2036 spi-

1961 2062 1980 2095 α
2009 2042 2144 2097 ritus
2157 2044 2211 2098 in
2224 2044 2436 2099 vinculo
2450 2047 2617 2116 pacis.
2636 2046 2810 2103 Unum
2833 2064 3031 2120 corpus
3055 2060 3111 2106 et
3130 2068 3270 2109 unus
3285 2055 3530 2137 spiritus.

1963 2155 1980 2187 ι
2014 2136 2153 2193 sicut
2174 2140 2346 2193 vocati
2360 2141 2495 2195 estis
2514 2140 2569 2194 in
2587 2155 2692 2195 una
2714 2157 2809 2213 spe
2835 2144 3135 2200 vocationis
3159 2136 3367 2203 vestrm.
3391 2146 3542 2205 Unus

1963 2248 1981 2281 ε
2018 2228 2272 2286 Dominus
2297 2239 2351 2287 et
2370 2248 2477 2287 una
2498 2234 2649 2299 tides,
2671 2250 2837 2289 unum
2859 2234 3143 2305 baptisma,
3165 2254 3303 2293 unus
3324 2239 3467 2296 Deus
3487 2250 3542 2297 ct

1964 2339 1982 2371 ‹
2018 2330 2172 2391 pater
2201 2324 2462 2388 omnium,
2490 2324 2581 2394 qui
2612 2334 2695 2380 est
2728 2340 2891 2395 super
2929 2340 3119 2383 omnes
3147 2336 3205 2384 et
3237 2344 3331 2400 per
3358 2332 3539 2386 ninnia

1963 2430 1982 2463 ι
2015 2420 2069 2466 et
2093 2411 2144 2466 in
2167 2413 2419 2468 omnibus
2456 2414 2634 2470 nobis.
2666 2414 2765 2482 Qui
2795 2427 2872 2473 est
2910 2415 3224 2475 benedictus
3260 2419 3312 2476 in
3343 2421 3540 2478 saecula

1964 2521 1982 2554 α
2016 2505 2359 2570 smculorum,
2388 2505 2582 2561 Amen.
2622 2527 2641 2560 ι

2030 2593 2255 2650 Obsecro
2294 2598 2468 2669 itaque
2493 2615 2582 2653 vos
2615 2615 2708 2669 ego
2738 2601 2937 2655 vinetus
2962 2601 3015 2655 iu
3036 2600 3283 2669 Domino,
3312 2613 3368 2658 ut
3389 2604 3543 2677 digne

1958 2685 2252 2752 ambuletis,
2272 2696 2377 2742 etc.
2409 2688 2512 2760 (Ex
2539 2688 2781 2762 Hieron.)
2812 2689 2991 2747 Potest
3024 2701 3079 2746 et
3117 2694 3170 2748 in
3200 2692 3401 2751 Christi
3428 2698 3546 2752 vin-

1957 2773 2111 2839 culis,
2142 2785 2197 2830 et
2238 2776 2291 2831 in
2332 2782 2553 2834 carcere
2596 2794 2695 2850 pro
2736 2782 2996 2852 martyrio
3037 2786 3380 2849 constitutus,
3426 2786 3544 2844 hmo

1957 2867 2213 2922 scribere.
2243 2868 2312 2923 Μ.
2330 2869 2437 2927 lius
2462 2878 2643 2927 autem
2673 2882 2779 2938 est,
2809 2874 2854 2929 si
2887 2876 3126 2931 vinctum
3170 2875 3381 2932 Domini
3411 2877 3545 2934 cha-

1957 2956 2114 3012 ritate
2143 2958 2406 3015 dicamus.
2452 2961 2548 3016 Est
2585 2971 2639 3017 et
2679 2964 2785 3018 alia
2829 2966 3116 3034 expositio,
3147 2982 3268 3036 qua:
3297 2983 3365 3022 an
3404 2970 3545 3022 reci~

1958 3047 2150 3116 pienda
2176 3050 2267 3115 sit,
2286 3051 2394 3106 erit
2412 3050 2466 3106 in
2494 3060 2760 3123 potestate
2784 3052 3020 3111 lectoris.
3046 3054 3325 3110 Vinculum
3350 3057 3547 3113 animm

1958 3153 2153 3208 corpus
2178 3140 2281 3196 hoc
2299 3142 2425 3206 dici,
2450 3152 2505 3199 et
2525 3143 2651 3214 quia
2673 3143 2873 3200 Paulus
2892 3145 2963 3201 ob
2984 3146 3344 3201 ministerium
3367 3146 3545 3202 liv-ano

1956 3230 2082 3299 gelii
2113 3246 2306 3301 corpus
2330 3234 2623 3303 acceperit,
2661 3243 3057 3305 consequenter
3101 3235 3303 3292 Christi
3333 3237 3546 3294 vinctus

1958 3323 2029 3377 sit
2054 3323 2372 3393 appellatus.
2400 3324 2693 3381 Ambulare
2728 3325 3030 3382 credendus
3055 3333 3163 3391 est,
3190 3327 3282 3395 qui
3307 3325 3544 3396 ingredi-

1958 3420 2047 3468 tur
2074 3430 2169 3484 per
2194 3429 2316 3468 eum
2345 3415 2435 3485 qui
2462 3415 2593 3472 dicit
2617 3435 2629 3468 :
2660 3415 2771 3487 Ego
2796 3434 2911 3472 sum
2940 3418 3041 3484 via,
3070 3426 3126 3471 et
3153 3431 3261 3473 non
3289 3415 3543 3483 declinet,

1957 3519 2131 3574 neque
2157 3506 2225 3562 ad
2254 3507 2529 3562 dexteram
2562 3522 2734 3578 neque
2776 3508 2841 3564 ad
2881 3508 3157 3563 sinistram
3188 3507 3383 3579 (Joau.
3409 3526 3495 3566 stv
3524 3523 3542 3573 ;

1957 3590 2118 3649 Prov.
2152 3596 2251 3665 iv),
2278 3607 2332 3652 et
2362 3597 2562 3655 avertit
2588 3597 2779 3668 pedem
2807 3614 2961 3653 suum
2992 3599 3061 3655 ab
3089 3599 3238 3654 omni
3267 3598 3354 3655 via
3379 3596 3541 3663 mala.
3576 3590 3585 3599 ’

1958 3682 2364 3754 complctnrque
2405 3688 2456 3741 in
2488 3702 2552 3741 co
2579 3707 2591 3740 :
2623 3688 2663 3741 Α
2706 3686 2929 3743 Domino
2965 3705 3172 3759 gressus
3211 3689 3436 3746 hominis
3460 3690 3546 3745 dio

1957 3773 2199 3840 riguuzur
2222 3774 2393 3846 (Psal.
2422 3776 2627 3847 xum).

2027 3861 2159 3917 Cum
2198 3867 2339 3920 omni
2375 3866 2668 3923 humilitate
2716 3876 2763 3921 et
2813 3869 3241 3934 mansuetudine,
3290 3885 3409 3924 cum
3449 3884 3544 3930 ρας

1955 3956 2157 4008 tientia.
2196 3954 2298 4022 Qui
2331 3965 2532 4011 terram
2562 3964 2613 4010 et
2651 3958 2888 4013 cinerem
2917 3972 3121 4019 essese
3145 3960 3311 4025 novit,
3338 3968 3394 4015 et
3418 3967 3544 4030 post

1952 4043 2229 4114 paululum
2261 4045 2313 4099 in
2360 4044 2635 4117 pulverem
2664 4046 3083 4112 dissolvendum,
3131 4063 3407 4120 nunquam
3453 4065 3544 4104 su-

1953 4140 2135 4210 perbia
2174 4139 2492 4207 elcvabitur,
2538 4143 2711 4212 ctqui
2753 4143 2846 4197 Dei
2887 4145 3189 4203 aeternitate
3236 4151 3542 4215 perspecta,

1953 4228 2114 4283 breve
2136 4239 2190 4284 et
2215 4245 2350 4300 pene
2378 4230 2443 4284 ad
2474 4232 2654 4300 puncti
2685 4232 2858 4287 instar
2887 4232 3135 4289 humana:
3161 4235 3285 4289 vitm
3307 4234 3541 4303 spatium

1953 4320 2223 4390 cogitarit,
2252 4329 2376 4375 ante
2396 4320 2580 4379 oculos
2602 4338 2728 4377 suos
2755 4337 2969 4394 semper
2996 4324 3214 4380 habebit
3235 4326 3539 4392 interitum,

1953 4422 2008 4465 et
2027 4410 2131 4465 erit
2159 4411 2375 4467 humilis
2398 4421 2559 4482 atque
2580 4411 2846 4481 dejectus:
2870 4414 3045 4471 omnis
3060 4422 3243 4470 autem
3264 4412 3543 4474 humilitas

1955 4516 2062 4556 non
2093 4510 2200 4556 tam
2232 4502 2285 4557 in
2315 4517 2563 4558 sermone
2590 4518 2754 4573 quam
2785 4504 2838 4559 in
2881 4514 3060 4560 mente
3090 4514 3195 4568 est,
3226 4515 3284 4560 ut
3312 4505 3542 4565 humiles

1953 4609 2053 4649 nos
2095 4608 2216 4649 esse
2263 4594 2593 4649 conscientia
2645 4595 2876 4659 noverit,
2927 4603 2982 4649 et
3021 4611 3295 4666 nunquam
3331 4611 3428 4652 nos
3460 4597 3541 4654 vel

1954 4686 2097 4741 scire
2152 4685 2234 4741 vel
2281 4686 2578 4756 intelligere
2634 4687 2715 4742 vel
2765 4703 2884 4743 esse
2936 4686 3137 4758 aliquid
3189 4690 3536 4747 mstimemus.

1956 4775 2306 4839 Mansuetudo
2333 4793 2546 4849 quoque
2568 4779 2657 4834 illa
2685 4786 2786 4846 est,
2833 4794 2952 4849 qua:
2983 4779 3124 4835 nulla
3155 4781 3402 4852 passione
3430 4790 3544 4837 tur-

1954 4872 2135 4935 batur,
2182 4880 2238 4926 et
2285 4870 2592 4940 specialiter
2620 4872 2700 4927 ira
2735 4878 2791 4927 et
2833 4869 3015 4926 furore
3047 4871 3337 4941 rumpitur,
3375 4886 3547 4951 quam

1958 4965 2051 5036 qui
2082 4964 2353 5028 habuerit,
2400 4962 2807 5028 beatitudinem,
2856 4979 2977 5035 qua:
3018 4961 3227 5020 Domini
3258 4976 3389 5020 voce
3416 4977 3542 5035 pro-

1957 5061 2119 5117 missa
2156 5068 2256 5121 est,
2296 5068 2676 5127 consequetur.

2028 5148 2403 5221 Supportantes
2433 5151 2645 5205 invicem
2678 5150 2731 5204 in
2760 5149 3035 5204 charitate.
3060 5148 3171 5205 lloc
3202 5149 3374 5218 ipsum
3404 5148 3537 5206 mihi

1955 5238 2173 5294 videtur
2208 5238 2513 5309 signiﬁcare
2565 5248 2621 5294 et
2673 5239 2802 5294 illud
2853 5238 2991 5309 quod
3030 5240 3096 5294 ad
3141 5238 3359 5295 Galatas
3402 5252 3539 5292 It't’l-

1958 5331 2104 5385 bitur
2148 5348 2160 5383 :
2207 5330 2529 5384 Alterutrum
2568 5346 2726 5384 onera
2772 5341 2940 5385 vestra
2980 5338 3184 5400 portate
3227 5326 3379 5400 (Cal.
3423 5328 3530 5398 γι).

1954 5424 2286 5478 Alterutrum
2325 5438 2490 5478 onera
2543 5430 2781 5492 portare,
2825 5422 2910 5479 vel
2954 5421 3179 5478 sullerre
3209 5423 3436 5478 invicem
3480 5422 3540 5476 in

1955 5512 2219 5567 chztritate
2263 5527 2357 5566 eos
2391 5511 2657 5582 complere
2714 5512 2965 5576 dicimus,
3014 5512 3107 5581 qui
3154 5510 3348 5565 divites
3388 5519 3535 5573 sunt,

1956 5612 2010 5659 et
2030 5603 2266 5677 inopiam
2296 5618 2590 5676 pauperum
2622 5599 2923 5657 sublevant.
2953 5598 3061 5655 Nec
3084 5608 3395 5670 peccantem
3426 5595 3539 5652 fra.

1959 5705 2112 5761 trem,
2146 5712 2241 5752 nec
2266 5698 2478 5767 inopem
2507 5694 2833 5760 consolatur,
2863 5695 2952 5764 qui
2978 5707 3084 5750 non
3116 5692 3275 5748 balet
3294 5692 3533 5750 Charita-
