3952 6444
386 261 492 322 467

1681 258 2041 318 SMARAGDI
2073 256 2373 314 ABBATIS»

3540 254 3650 312 ισε

388 390 518 447 tetu,
537 381 833 437 contemnit
860 380 1024 435 verba
1066 378 1307 449 Apostoli
1340 376 1730 433 commoneutis
1760 394 1773 429 :
1808 373 1971 428 Debe—
1995 374 2048 433 Α
2073 370 2207 424 mini
2233 368 2537 433 Trinitatis,
2579 376 2633 421 et
2667 369 2787 425 ideo
2826 380 2967 423 unus
3005 365 3166 433 Deus,
3194 376 3253 423 et
3276 383 3382 423 una
3407 364 3567 435 ﬁdes,
3595 375 3657 424 et

386 489 501 527 mus
547 480 723 527 autem
768 488 899 537 nos,
942 470 1035 541 qui
1074 469 1316 541 fortiores
1358 486 1538 523 smmis
1563 508 1578 534 ,
1638 465 1969 536 inﬁrmitates

387 560 719 615 imbecillinm
774 568 983 631 portare
1007 600 1023 625 ,
1089 568 1138 613 et
1184 576 1287 614 non
1342 554 1719 627 nobismetipsis
1765 554 1970 628 placere

390 647 565 721 (Rom.
594 648 707 722 xv).

458 736 685 794 Solliciti
712 754 918 793 servare
960 741 1213 793 unitatem
1250 738 1462 809 spiritus
1495 740 1549 792 in
1576 736 1779 792 vinculo
1805 737 1966 810 pacis.

388 827 653 898 Ephesiis,
686 828 778 898 qui
800 828 916 899 jam
959 829 1224 884 unitatem
1274 830 1446 885 sancti
1488 827 1721 898 Spiritus
1758 827 1972 882 fuerant

388 918 687 984 consecuti,
733 925 883 973 recte
916 917 1135 983 dicitur,
1182 917 1401 975 solliciti
1450 931 1666 973 servare
1710 917 1970 972 unitatem

390 1007 615 1077 spiritus
646 1008 699 1062 in
728 1006 944 1063 vinculo
971 1009 1137 1079 pacis.
1173 1009 1274 1076 Qui
1309 1009 1452 1063 enim
1483 1009 1611 1080 quid
1640 1008 1829 1073 habet,
1857 1024 1973 1063 ser-

391 1097 552 1152 vandi
579 1096 656 1152 illi
686 1096 989 1153 sollicitudo
1021 1100 1350 1169 praccipitur,
1395 1100 1487 1170 qui
1516 1107 1695 1155 autem
1743 1114 1849 1153 non
1878 1099 1974 1153 ba-

388 1186 504 1251 bet,
533 1188 769 1243 studium
794 1186 873 1241 illi
905 1196 967 1242 ut
990 1188 1189 1243 habere
1215 1190 1408 1253 valeat,
1450 1190 1760 1260 imperatur.

468 1296 641 1353 Unum
667 1315 873 1370 corpus.
901 1298 994 1354 Vel
1022 1298 1337 1368 simpliciter
1361 1316 1525 1356 unum
1552 1316 1746 1371 corpus
1774 1300 1973 1357 Christi

396 1388 731 1463 intelligitur,
762 1404 879 1459 quae
905 1399 988 1446 est
1017 1389 1281 1455 Ecclesia,
1309 1390 1391 1446 vel
1418 1400 1567 1447 certe
1591 1390 1735 1462 quod
1762 1406 1830 1447 ex
1862 1392 1973 1445 vir-

396 1483 518 1553 gine
568 1493 652 1539 est
698 1483 949 1555 dignatus
986 1463 1283 1549 assumere,
1327 1498 1393 1540 ne
1424 1481 1498 1536 illi
1543 1481 1759 1552 quidem
1788 1488 1977 1552 putent

398 1573 557 1627 toties
579 1582 943 1643 corporatura,
977 1573 1188 1643 quoties
1229 1574 1281 1626 in
1312 1572 1487 1627 Veteri
1522 1570 1770 1641 apparuit
1791 1569 1979 1626 Testa-

397 1673 581 1718 mento

470 1775 621 1835 Unus
648 1779 884 1849 spin’tus.
919 1778 1069 1836 Unus
1091 1778 1289 1848 quippe
1325 1777 1548 1846 largitor
1584 1784 1643 1830 et
1667 1774 1974 1831 sanctifica-

400 1878 485 1922 tor
527 1876 612 1923 cst
654 1867 927 1933 omnium,
970 1867 1061 1924 vel
1082 1877 1231 1924 certe
1281 1881 1447 1923 tutum
1495 1881 1690 1934 corpus
1716 1864 1782 1918 ad
1812 1864 1982 1918 vitam

398 1958 631 2013 refertur
659 1967 715 2013 et
763 1973 963 2028 opera,
1011 1974 1137 2027 quae
1177 1955 1369 2015 Graece
1414 1957 1669 2013 iiicuutur
1704 1954 1983 2025 πρακτικός

400 2051 529 2114 6.6;,
565 2056 618 2102 et
642 2063 780 2103 unus
808 2048 1123 2118 spiritosad
1148 2047 1432 2105 scientiam
1477 2057 1534 2101 et
1573 2043 1981 2113 contemplatio—

400 2152 543 2203 nem,
574 2131 694 2209 qua:
714 2139 934 2208 proprio
958 2146 1203 2193 versatur
1232 2139 1288 2192 in
1314 2138 1496 2193 corde.
1527 2144 1580 2190 et
1618 2135 1689 2192 ab
1714 2135 1821 2191 illis
1853 2134 1982 2191 dici-

401 2240 489 2284 tur
515 2232 699 2307 θεωρία

471 2343 621 2397 Sicut
641 2346 808 2399 uocati
834 2344 957 2399 estis
994 2346 1046 2399 iu
1070 2362 1175 2399 una
1202 2362 1291 2415 spe
1313 2344 1597 2398 vocationis
1616 2350 1812 2396 vestrm.
1845 2338 1982 2395 Cum

398 2449 530 2505 ergo
557 2437 865 2490 membrum
881 2438 1005 2506 quis
1031 2436 1193 2490 fuerit
1218 2435 1491 2499 Erclcsim,
1513 2449 1610 2488 nec
1638 2434 1708 2488 ab
1729 2447 1836 2486 uno
1863 2432 1980 2502 eius

400 2527 590 2595 spiritu
619 2538 923 2598 separatus,
953 2536 1346 2597 consequenter
1388 2527 1492 2582 erit
1532 2527 1585 2580 in
1625 2540 1729 2580 una
1764 2538 1860 2594 spe
1889 2539 1982 2578 vo-

400 2617 652 2673 cationis.
714 2618 984 2686 Quaeritur
1027 2619 1301 2688 quomodo
1347 2632 1451 2671 una
1508 2631 1632 2685 spes
1684 2615 1983 2671 vocationis

400 2708 505 2771 sit,
555 2721 685 2761 cum
730 2706 870 2777 apud
918 2707 1133 2762 Patrem
1181 2707 1407 2762 diversze
1460 2707 1581 2776 sint.
1632 2705 2015 2781 mansiones,’

403 2796 471 2852 ιι
520 2798 666 2865 quod
712 2811 876 2851 unam
914 2812 1064 2865 spem
1113 2798 1408 2855 vocationis
1441 2811 1663 2867 regnum
1693 2794 1973 2858 coriorum,

404 2890 557 2957 «ιηθεὶ
601 2903 767 2947 unum
815 2890 1013 2945 bonum
1063 2891 1155 2946 Dei
1205 2889 1382 2945 Patris
1431 2904 1551 2944 esse
1603 2890 1873 2955 dicemus,
1925 2897 1980 2942 et

402 2982 457 3033 in
507 2994 623 3034 una.
649 2981 809 3035 domo
857 2981 1039 3037 varias
1079 2982 1411 3036 mansiones.
1446 2979 1564 3033 Alia
1618 2980 1762 3035 enim
1810 2978 1977 3048 gloria

2072 472 2240 514 unum
2266 458 2530 529 baptisma
2568 473 2664 513 ore
2703 455 2996 528 apostolico
3024 458 3366 529 praedicatur.

2142 548 2247 615 Qui
2267 566 2421 620 super
2438 565 2634 615 omnes,
2657 556 2704 603 et
2731 565 2824 621 per
2842 548 3037 612 omnia,
3060 559 3109 603 et
3136 549 3192 603 in
3214 548 3453 604 cautibus
3478 550 3661 616 nobis,

2070 643 2161 714 qui
2188 650 2263 696 est
2289 641 2585 696 benedictus
2624 642 2679 695 in
2719 640 2934 698 sacula.
2958 625 2962 629 ’
2985 642 3279 697 Diversitas
3308 650 3493 699 autem
3513 658 3651 714 pete

2069 730 2421 800 positionum,
2466 730 2520 785 in
2552 731 2752 800 quibus
2789 730 3027 786 dicitur:
3061 729 3207 787 Unus
3239 731 3382 788 Deus
3418 744 3467 789 et
3503 720 3663 805 pater.P

2070 822 2323 887 omnium,
2353 840 2440 894 qm
2466 839 2623 895 super
2641 839 2817 879 omnes
2842 830 2893 877 et
2914 839 3008 894 per
3030 824 3229 891 omnia,
3258 833 3305 878 et
3332 825 3387 880 in
3411 825 3656 881 omnibus

2071 913 2341 967 diversam
2368 912 2777 982 intelligentiam
2806 912 2964 984 sapit.
2994 911 3169 984 Super
3192 915 3372 968 omnia
3398 914 3541 971 enim
3571 924 3663 970 est

2072 1001 2214 1056 Deus
2240 1001 2417 1068 Pater,
2451 1002 2541 1072 qui
2573 1006 2766 1058 auctOr
2800 1010 2883 1058 est
2908 1005 3171 1069 omnium,
3215 1020 3313 1077 per
3340 1005 3521 1075 omnia
3571 1004 3657 1061 Fi-

2072 1092 2191 1155 lius,
2224 1092 2315 1161 qui
2354 1100 2549 1147 cuncta
2578 1094 2898 1148 transcurrit
2936 1093 3194 1165 vadithe
3233 1110 3334 1164 per
3372 1097 3552 1150 omnia
3598 1096 3658 1151 in

2072 1181 2321 1235 omnibus
2357 1179 2592 1251 Spiritus
2620 1189 2866 1248 sanctus,
2888 1183 3017 1254 quia
3053 1182 3187 1237 nihil
3221 1184 3423 1255 absque
3454 1199 3520 1239 eo
3547 1196 3658 1240 est.

2073 1271 2303 1339 Quidam
2330 1272 2453 1339 hoc,
2483 1273 2625 1343 quod
2660 1273 2922 1344 scriptum
2950 1283 3034 1329 est
3057 1293 3070 1327 :
3100 1272 3271 1345 Super
3292 1286 3538 1352 amasset
3560 1294 3660 1348 per

2074 1361 2269 1426 omnia,
2298 1370 2346 1415 et
2376 1358 2428 1416 in
2456 1363 2694 1417 omnilms
2714 1364 2781 1418 ad
2807 1362 3043 1430 Patrem,
3066 1371 3120 1420 et
3141 1362 3359 1431 Filium,
3387 1375 3442 1421 et
3483 1365 3655 1437 Spiri-

2076 1463 2188 1507 tum
2211 1462 2455 1509 sanctum
2483 1455 2555 1509 sit
2580 1454 2847 1510 aestimant
2880 1470 3000 1511 esse
3031 1454 3392 1523 referendum,
3419 1466 3478 1511 ut
3501 1475 3661 1529 super

2074 1544 2271 1608 omnia,
2295 1543 2455 1598 Pater
2480 1545 2568 1610 sit,
2603 1546 2729 1615 quia
2752 1554 2941 1600 auctor
2972 1554 3056 1602 est
3076 1547 3337 1613 onmium,
3368 1564 3459 1618 per
3481 1549 3657 1603 omnia

2076 1633 2291 1697 Filium,
2322 1636 2447 1704 quia
2476 1651 2573 1706 per
2597 1635 2791 1690 Filium
2818 1647 2999 1691 creata
3026 1645 3150 1693 sunt
3177 1637 3377 1703 omnia,
3399 1636 3453 1691 in
3480 1637 3655 1691 omni-

2006 1741 2052 1799 B
2081 1725 2179 1779 bus
2198 1723 2435 1794 Spiritus
2454 1734 2692 1788 sanctus,
2726 1725 2837 1795 ipse
2861 1726 3006 1781 enim
3033 1726 3377 1783 credentibus
3401 1725 3579 1791 datur,
3602 1735 3660 1782 et

2082 1816 2340 1885 templum
2374 1830 2561 1871 sumus
2613 1815 2845 1887 Spiritus
2891 1818 3085 1885 sancti,
3125 1825 3181 1874 et
3205 1817 3369 1873 Pater
3393 1826 3448 1879 et
3487 1816 3667 1874 Filius.

2081 1908 2326 1962 habitant
2357 1909 2410 1961 iu
2433 1909 2606 1964 nobis.

2456 2060 2794 2100 zvanoeuuu
2832 2059 3004 2111 LUDIS,
3041 2060 3159 2099 car.
3199 2059 3311 2101 nv.

2156 2193 2174 2225 σ
2204 2174 2337 2230 Cum
2362 2176 2591 2232 intraret
2608 2175 2765 2232 Jesus
2786 2176 2840 2230 in
2863 2175 3079 2230 domum
3106 2173 3381 2243 cujusdam
3401 2171 3665 2243 principis

2087 2284 2104 2315 ι
2136 2261 2528 2320 Pharisaeorum
2572 2264 2796 2319 sabbato
2839 2252 3166 2319 manducare
3211 2277 3425 2334 panem,
3458 2271 3515 2316 et
3558 2263 3660 2330 ipsi

2087 2373 2105 2405 ‹
2139 2356 2500 2411 observabant
2528 2371 2672 2411 cum.
2703 2356 2770 2411 Et
2811 2372 2937 2412 ecce
2967 2355 3128 2411 homo
3154 2355 3368 2426 quidam
3403 2353 3660 2425 hydropi-

2088 2463 2104 2494 ι
2136 2460 2232 2499 cus
2257 2453 2376 2500 erat
2409 2454 2534 2500 ante
2562 2445 2730 2500 illum.
2770 2445 2836 2500 Et
2864 2446 3195 2516 respondens
3229 2442 3388 2500 Iesus
3430 2443 3563 2499 dixit
3590 2443 3667 2497 ad

2088 2555 2106 2587 α
2139 2534 2478 2608 legisperitos
2515 2546 2570 2592 et
2618 2537 2964 2593 Pharisaeos:
3005 2536 3065 2592 Si
3110 2537 3237 2593 licet
3291 2536 3517 2591 sabbato
3562 2549 3662 2589 cus

2086 2647 2103 2677 ε
2143 2628 2296 2682 rare?
2324 2629 2395 2683 At
2441 2628 2518 2683 illi
2564 2637 2868 2685 tacuerunt.
2931 2629 3049 2700 Ipse
3089 2643 3219 2683 vero
3267 2626 3666 2698 apprehensum

2086 2737 2104 2768 ι
2143 2720 2352 2773 sanavit
2391 2735 2514 2774 eum
2562 2735 2626 2775 ac
2669 2720 2892 2775 dimisit.
2942 2720 3009 2774 Et
3054 2719 3385 2790 respondens
3430 2717 3496 2772 ad
3542 2715 3662 2771 illos

2086 2830 2105 2862 ι
2135 2811 2271 2867 dixit
2303 2832 2315 2867 ε
2345 2812 2509 2881 Cujus
2537 2823 2771 2869 vestrum
2796 2813 2980 2868 asinus
3010 2821 3103 2867 aut
3126 2811 3224 2867 bos
3244 2813 3297 2866 in
3321 2820 3538 2881 puteum
3566 2823 3658 2863 ca-

2085 2923 2103 2955 (
2139 2903 2247 2966 det,
2292 2912 2349 2959 et
2390 2919 2495 2959 non
2537 2905 2792 2960 continuo
2833 2904 3083 2960 extrahet
3129 2917 3251 2959 eum
3295 2901 3380 2956 die
3416 2898 3664 2957 sabbati?

2086 3015 2103 3047 ι
2150 2995 2217 3050 Et
2277 3012 2387 3050 non
2431 3003 2681 3066 poterant
2737 2997 2805 3051 ad
2864 2995 2981 3049 lich
3032 2993 3357 3063 respondere
3408 2988 3503 3046 illi.
3560 2988 3654 3045 Ili-

401 3074 569 3137 sclis,
606 3073 708 3128 alia
735 3073 912 3139 turne,
957 3072 1061 3127 alia
1099 3073 1377 3128 stellarum
1423 3070 1487 3144 (1
1527 3071 1647 3126 Cor.
1710 3073 1835 3143 xv),
1886 3081 1977 3126 aut

2092 3105 2104 3136 ι
2141 3086 2297 3140 cebat
2348 3093 2528 3140 autem
2586 3086 2653 3139 ad
2692 3085 2949 3140 invitatos
2984 3083 3325 3154 parabolam,
3378 3079 3669 3136 intendens

402 3173 549 3218 certe
582 3163 711 3218 illud
755 3163 1007 3219 subtilius
1054 3164 1347 3229 indicatur,
1373 3163 1517 3233 quod
1548 3163 1598 3215 in
1631 3161 1735 3216 ﬁne
1759 3172 1815 3216 et
1847 3178 1976 3217 con-
2020 3198 2024 3201 -

401 3254 763 3308 summatioue
798 3268 979 3309 rerum
1009 3254 1062 3307 in
1095 3254 1378 3323 pristinum
1420 3259 1621 3308 statum
1652 3253 1983 3306 restituenda

399 3344 515 3397 sint
549 3343 755 3407 omnia,
790 3336 1008 3412 quando
1038 3357 1227 3397 omnes
1258 3358 1424 3396 mium
1460 3357 1657 3411 corpus
1702 3340 1979 3407 ellicimur,

401 3443 456 3489 et
502 3434 559 3487 in
589 3434 766 3487 virum
806 3435 1102 3503 perfectum
1148 3434 1528 3499 rcformamur,
1574 3443 1625 3490 et
1668 3437 1842 3489 oratio
1889 3449 1984 3504 pro

402 3524 558 3579 nobis
608 3522 904 3578 Salvatoris
947 3523 1199 3593 impletur
1236 3542 1250 3575 :
1298 3522 1474 3587 Pater,
1523 3526 1593 3577 da
1634 3535 1686 3579 ut
1728 3528 1983 3597 quomodo

403 3630 496 3684 ego
524 3625 575 3667 et
600 3624 656 3667 tu
700 3629 861 3668 iterum
899 3631 1099 3679 sanius,
1142 3616 1215 3668 iic
1244 3625 1290 3668 et
1327 3617 1411 3671 isti
1437 3616 1495 3668 in
1521 3617 1665 3669 nobis
1695 3634 1852 3670 unum
1881 3619 1985 3670 sint

397 3705 586 3776 '(Joau.
611 3706 767 3777 xvn).

481 3795 628 3851 Unus
654 3796 911 3851 Dominus
943 3808 994 3851 rt
1032 3816 1135 3852 una
1166 3799 1316 3867 ﬁdes,
1358 3817 1514 3855 unum
1550 3800 1823 3867 baptisma,
1851 3815 1985 3853 unus

407 3889 547 3943 Deus
574 3897 621 3941 et
653 3887 835 3955 Pater,
865 3899 969 3944 etc.
1005 3889 1149 3945 Unus
1190 3903 1270 3945 est
1316 3890 1591 3958 Dominus,
1623 3903 1677 3949 et
1723 3908 1860 3947 unus
1904 3901 1989 3949 est

408 3980 569 4043 Deus,
611 3981 739 4050 quia
780 3980 956 4035 Patris
1000 3991 1054 4036 et
1091 3981 1209 4036 Filii
1229 3984 1527 4045 dominatio
1576 4000 1682 4038 una
1732 3984 1987 4039 divinitas

407 4083 513 4138 est,
543 4084 828 4145 propterea
857 4086 914 4131 et
940 4076 1072 4132 lich
1109 4095 1210 4132 una
1254 4079 1469 4146 dicitur,
1500 4083 1624 4151 quia
1655 4080 1903 4134 similiter
1934 4081 1985 4133 in

406 4165 640 4229 Patrem,
669 4175 723 4222 et
749 4168 803 4222 in
831 4166 871 4221 Ε
876 4169 1046 4234 ilium,
1070 4180 1122 4223 et
1155 4171 1205 4225 in
1236 4171 1496 4241 Spiritum
1534 4182 1778 4226 sanctum
1814 4173 1989 4227 credi-

408 4272 560 4323 mus;
590 4267 644 4312 et
668 4260 1134 4330 haptismaitnum,
1161 4264 1349 4318 eodem
1378 4265 1523 4319 enim
1554 4265 1715 4319 modo
1733 4276 1786 4319 et
1809 4266 1862 4319 in
1890 4264 1990 4318 Pa-

409 4360 568 4417 trem,
593 4361 646 4405 ct
676 4354 729 4406 in
757 4353 970 4418 Filium,
1007 4363 1059 4409 et
1096 4356 1151 4409 in
1178 4356 1437 4424 Spiritum
1469 4365 1714 4410 sanctum
1753 4355 1989 4426 baptiza-

2091 3195 2108 3225 ‹
2146 3176 2415 3244 quomodo
2455 3176 2661 3245 primos
2717 3174 2999 3229 accubitus
3048 3173 3327 3241 eligerent,
3369 3169 3555 3225 dicens
3592 3169 3665 3225 ad

2090 3285 2107 3314 ι
2143 3264 2263 3318 illos
2287 3279 2301 3316 :
2329 3263 2465 3319 Cum
2490 3264 2746 3317 invitatus
2771 3262 2936 3317 fueris
2959 3263 3025 3316 ad
3053 3262 3284 3332 nuptias,
3310 3275 3417 3315 non
3435 3259 3668 3315 discum—

2090 3375 2107 3404 ι
2142 3356 2315 3410 basin
2348 3356 2523 3425 primo
2562 3354 2700 3419 loco,
2735 3370 2801 3409 ne
2849 3352 2988 3407 forte
3016 3353 3331 3406 honoratior
3357 3350 3428 3406 sit
3448 3357 3502 3403 te
3528 3349 3667 3403 invi-

2090 3464 2111 3495 ι
2144 3454 2286 3500 tatus
2313 3443 2380 3498 ab
2407 3444 2512 3507 illo,
2545 3445 2842 3498 ctxeniens
2877 3444 2919 3497 is
2957 3442 3048 3512 qui
3078 3451 3131 3496 te
3165 3450 3220 3495 et
3251 3440 3399 3494 illum
3427 3440 3663 3503 voravit,

2091 3555 2111 3586 ο
2142 3535 2286 3591 dicat
2305 3536 2399 3590 tibi
2427 3555 2440 3590 :
2466 3536 2540 3589 Da
2567 3536 2691 3589 huic
2720 3535 2917 3600 locum,
2939 3543 2991 3588 et
3018 3542 3143 3587 tunc
3171 3533 3396 3603 incipias
3425 3545 3547 3590 cum
3576 3546 3669 3588 ru~

2092 3644 2111 3674 ο
2145 3627 2276 3679 bore
2302 3624 2651 3678 novissimum
2682 3624 2858 3678 locum
2886 3633 3086 3677 tenete.
3138 3620 3247 3676 Sed
3283 3636 3404 3677 cum
3442 3626 3671 3678 vocatus

2092 3739 2109 3769 ι
2148 3717 2334 3777 fueris,
2365 3716 2516 3778 vade,
2566 3715 2819 3769 recumhe
2866 3715 2916 3767 in
2953 3710 3245 3767 novissimo
3289 3710 3427 3776 loco,
3455 3719 3517 3765 ut
3544 3707 3678 3768 card

2093 3826 2110 3858 ς
2149 3808 2357 3860 venerit
2385 3806 2475 3875 qui
2506 3816 2556 3859 te
2586 3806 2855 3869 invitavit,
2886 3805 3022 3859 dicat
3051 3803 3144 3857 tibi
3168 3822 3179 3854 ε
3207 3804 3415 3866 Amice,
3442 3802 3673 3857 ascende

2092 3921 2109 3951 ‹
2144 3899 2412 3968 superius,
2458 3906 2585 3952 tunc
2612 3899 2717 3952 erit
2760 3898 2856 3952 tibi
2908 3896 3078 3967 gloria
3130 3911 3310 3950 coram
3356 3896 3515 3949 simul
3557 3894 3670 3948 dis-

2093 4010 2111 4041 e
2142 3987 2540 4052 cumbentibus,
2580 3989 2705 4057 quia
2741 3988 2918 4041 omnis
2949 3988 3038 4056 qui
3085 4000 3145 4041 se
3181 3984 3384 4041 exultat
3414 3985 3673 4040 humilia-

2093 4099 2111 4132 ε
2143 4080 2309 4143 bitur,
2341 4090 2396 4134 et
2422 4081 2514 4150 qui
2543 4079 2875 4133 sebumiliat
2902 4078 3249 4133 cxaltahitnr.
3291 4098 3309 4130 ι

2157 4169 2286 4225 Cum
2318 4173 2537 4224 intraret
2559 4168 2718 4224 Iesus
2750 4170 2806 4223 in
2850 4172 3060 4224 domum
3105 4168 3380 4238 cujusdam
3418 4168 3675 4238 principis

2090 4260 2482 4315 Plrarisa'orum
2518 4261 2731 4315 sabbato
2770 4261 3090 4318 oranducare
3120 4277 3326 4332 partem.
3358 4270 3411 4314 et
3447 4261 3548 4330 ipsi
3584 4262 3676 4316 οὺς

2089 4356 2365 4409 seri-abeat
2390 4371 2528 4417 eunt,
2558 4364 2606 4407 et
2635 4370 2750 4407 ecce
2790 4354 2943 4407 homo
2969 4355 3186 4425 quidam
3207 4353 3522 4424 hydropicus
3561 4364 3681 4407 erat

409 4454 551 4506 mur,
603 4451 661 4496 et
707 4453 788 4497 ter
833 4447 1149 4515 mergimur,
1181 4454 1240 4497 ut
1271 4443 1509 4498 Trinitas
1546 4460 1710 4499 unum
1738 4455 1993 4515 appareat
2017 4445 2070 4504 D
2097 4453 2217 4498 ante
2254 4444 2426 4497 illum.
2476 4444 2573 4514 (Ex
2598 4442 2785 4517 Beda.)
2810 4444 3074 4515 Hydropis
3105 4445 3341 4500 morbus.
3372 4445 3445 4499 ab
3469 4459 3676 4513 aquoso

410 4542 822 4586 sacramentum.
856 4533 922 4587 Et
950 4549 1056 4588 non
1089 4534 1427 4604 baptizatum
1468 4536 1520 4587 in
1558 4536 1862 4590 nominibus
1886 4535 1985 4591 l‘a-

412 4623 527 4687 tris,
556 4632 611 4676 et
633 4622 779 4687 Filii,
803 4633 861 4676 et
888 4625 1123 4694 Spiritus
1168 4625 1363 4685 sancti,
1405 4625 1497 4677 sed
1530 4626 1581 4677 in
1614 4641 1719 4678 uno
1749 4628 1987 4690 noxininc,

409 4715 550 4781 quoi
573 4715 888 4783 intelligitur
916 4715 1077 4769 Deus.
1108 4714 1290 4768 Potest
1326 4731 1488 4768 tutum
1518 4716 1777 4787 baptisma
1822 4731 1877 4775 et
1913 4722 1986 4775 ita

410 4806 537 4869 dici,
567 4803 708 4875 quod
750 4804 876 4860 licet
907 4814 989 4857 ter
1036 4805 1372 4873 baptisemur
1411 4818 1631 4876 propter
1674 4814 1987 4880 mysterium

412 4899 711 4963 Trinitatis,
761 4907 943 4952 tamen
982 4912 1155 4951 unum
1192 4897 1456 4968 baptisma
1473 4912 1778 4972 .rcputetur.
1814 4902 1994 4959 Unum

412 5006 629 5062 quoque
658 4989 931 5058 baptisma
966 4999 1052 5044 est
1074 4990 1127 5043 in
1158 5005 1320 5059 aqua,
1345 5001 1399 5046 et
1427 4994 1643 5062 spiritu,
1679 5004 1733 5049 et
1781 4996 1913 5065 igni,
1941 5004 1997 5051 et

410 5085 478 5138 de
520 5083 626 5151 quo
659 5080 915 5134 Dominus
945 5081 1217 5150 loquitur:
1248 5080 1514 5155 Baptisma
1550 5088 1713 5141 habeo
1742 5089 1998 5157 baptizari

415 5172 567 5239 (Luc.
611 5170 735 5242 xu),
779 5180 833 5225 et
877 5172 1013 5227 alibi
1053 5190 1066 5226 :
1106 5174 1428 5244 Buptismate
1490 5195 1602 5231 meo
1659 5178 1996 5246 baptizamini

415 5260 519 5332 (Ex
541 5260 720 5333 Vulg.)
744 5260 853 5328 Qui.
872 5263 1160 5320 salubriter
1185 5267 1355 5321 credit
1394 5267 1446 5321 iu
1480 5267 1658 5329 Patre,
1691 5272 1994 5325 necessario

413 5352 583 5407 credit
608 5362 661 5409 et
695 5352 831 5409 Filio
858 5364 909 5409 et
936 5354 1154 5426 Spiritui
1182 5368 1390 5421 sancto,
1416 5358 1701 5410 nco-alicui
1728 5359 1781 5410 in
1809 5372 1999 5413 sancta

416 5444 681 5503 Trinitate
723 5450 1012 5520 separatim
1076 5450 1368 5505 credulitas
1428 5451 1747 5513 (,‘XlllltCUII‘,
1804 5454 1993 5507 unitati

417 5539 561 5592 enim
590 5540 784 5595 divina:
826 5555 930 5594 una
974 5542 1206 5595 servitus
1235 5540 1358 5607 jure
1388 5540 1630 5602 debetur,
1662 5542 1784 5608 quia
1816 5550 1868 5595 et
1905 5544 1993 5596 ha—

418 5631 683 5696 ptixmatis
727 5629 898 5705 gratia
940 5629 1373 5700 inseparabiliter
1411 5643 1523 5689 uno.
1563 5630 1868 5685 tribuuntur
1905 5649 1997 5686 no-

2090 4537 2314 4590 humore
2350 4535 2669 4589 vocabulum
2716 4536 2899 4589 trahit.
2944 4534 3133 4590 Gnece
3170 4535 3315 4591 enim
3353 4533 3492 4613 ὕδωρ
3532 4548 3678 4604 aqua

2089 4636 2332 4681 vocator.
2361 4627 2454 4681 Est
2491 4636 2668 4682 autem
2699 4628 2893 4681 humor
2919 4627 3306 4691 solicutaneus,
3339 4626 3405 4680 de
3425 4625 3560 4680 vitio
3584 4639 3676 4679 ve-

2093 4719 2218 4772 sicae
2258 4726 2435 4782 natus,
2487 4734 2607 4773 enim
2638 4718 2917 4772 inﬂatione
2955 4726 3204 4787 turgente
3230 4726 3286 4771 et
3325 4717 3563 4772 anhelitu
3598 4716 3677 4771 te-

2096 4808 2223 4861 tido.
2250 4806 2643 4877 Propriumque
2666 4816 2747 4863 est
2773 4808 3073 4881 hydropici,
3099 4816 3300 4876 quanto
3321 4807 3493 4877 magis
3512 4806 3681 4860 abun-

2095 4898 2188 4953 dat
2233 4900 2465 4954 humore
2503 4900 2843 4965 inordinate,
2901 4907 3056 4954 tanto
3105 4898 3337 4969 amplius
3390 4899 3562 4953 sitire.
3609 4897 3676 4952 Et

2098 4987 2219 5042 ideo
2249 4996 2596 5057 comparatur
2629 4989 2677 5042 ei
2716 5002 2877 5056 quem
2909 4987 3087 5044 ﬂuxus
3110 4988 3407 5042 carnalium
3436 4985 3677 5055 volupta-

2098 5084 2210 5129 tum
2240 5077 2540 5132 exuberans
2570 5087 2846 5149 aggravat.
2893 5079 3254 5148 Comparatur
3297 5079 3445 5133 diviti
3490 5091 3672 5138 avaro,

2099 5167 2192 5234 qui
2221 5176 2422 5235 quanto
2457 5177 2542 5221 est
2570 5170 2838 5238 copiosior
2881 5170 3106 5233 divitiis,
3143 5171 3341 5239 quibus
3386 5183 3491 5225 non
3540 5167 3680 5223 bene

2100 5258 2288 5315 utitur.
2320 5264 2470 5312 tanto
2498 5258 2773 5313 ardentius
2797 5262 2924 5314 talia
2954 5263 3302 5330 concupiscit.

2172 5355 2240 5410 Et
2271 5361 2581 5428 respondens
2608 5361 2762 5413 Iesus
2803 5363 2934 5415 dixit
2960 5365 3027 5416 ad
3064 5364 3385 5434 legisperitos
3406 5374 3454 5416 ct
3484 5359 3701 5443 Phari:

2099 5464 2252 5511 80‘03,
2275 5450 2315 5500 si
2342 5449 2456 5502 licet
2484 5451 2699 5503 sabbato
2725 5468 2910 5505 curare
2928 5455 2953 5505 .9
2981 5464 3031 5506 at
3074 5453 3150 5506 illi
3190 5464 3485 5506 tacuerunt.
3525 5452 3682 5518 ριιοξὶ

2100 5538 2297 5590 dicitur
2320 5542 2656 5608 respondisse
2685 5541 2857 5606 Iesus,
2890 5545 2954 5596 ad
2983 5545 3084 5597 hoc
3126 5543 3341 5612 respicit
3372 5543 3509 5611 quoi
3542 5558 3685 5611 praua

2102 5634 2323 5689 tuiss'un
2351 5635 2460 5700 est,
2486 5648 2534 5690 et
2562 5638 2660 5709 ipsi
2696 5638 3051 5694 observabant
3080 5654 3222 5693 cum.
3254 5638 3513 5696 Dominus
3537 5637 3687 5695 enim
