3952 6424
233 312 340 372 469

1039 315 1558 374 COLLECTIONES
1595 314 1662 371 lN
1700 313 2080 373 EPISTOLAS
2118 316 2206 373 ET
2245 314 2642 374 EVANGELIA

3412 313 3518 372 διο

235 426 385 479 novit
414 422 781 495 cogitationes
806 424 1109 490 hominum,
1153 427 1247 482 sed
1279 428 1488 484 merito“
1505 424 1822 499 interrogati
1850 429 1900 489 Α
1931 426 2102 492 tollat,
2133 436 2190 485 et
2216 427 2435 498 quidem
2478 428 2693 485 studeat
2717 426 2875 497 iuxta
2909 427 3135 484 alterius
3155 426 3260 483 loci
3286 436 3518 498 paraboa

236 522 439 579 tacent,
469 516 561 585 qui
587 521 776 571 contra
803 530 865 571 se
896 515 1103 572 dictum
1144 516 1403 588 quidquid
1441 517 1700 583 dixerint,
1744 518 1825 574 vi.

235 605 383 660 deut.
409 603 545 661 Nam
570 605 619 661 si
640 605 769 663 licet
796 606 1021 662 sabbato
1040 621 1255 671 curare,
1283 624 1454 679 quare
1484 608 1823 666 Salvatorem

234 711 303 750 an
329 708 481 754 curet
511 696 838 756 observant?
866 698 924 756 Si
952 715 1060 756 non
1088 699 1233 766 licet,
1270 716 1442 772 quare
1467 702 1569 774 ipsi
1599 705 1824 761 sabbato

233 800 431 856 pecora
462 798 676 845 curant.

305 878 429 951 Ipse
474 898 593 936 vero
638 884 1016 953 apprehensum
1069 889 1275 941 sanavit
1321 904 1384 941 ac
1435 887 1654 943 dimisit.
1698 888 1828 945 Pro-

233 970 358 1026 vida
387 971 786 1041 dispensatione
811 973 1067 1029 Dominus
1091 983 1215 1031 ειιιῑε
1242 978 1577 1048 legisperitos
1601 989 1657 1036 et
1685 980 1824 1035 Pha-

234 1061 426 1118 risaeos
452 1062 802 1134 hydropicum
831 1076 1005 1129 curat,
1038 1076 1094 1122 et
1136 1084 1262 1123 mox
1302 1077 1491 1124 contra
1536 1072 1822 1127 avaritiam

232 1151 492 1222 disputat,
520 1163 579 1210 ut
604 1156 853 1213 videlicet
876 1174 972 1228 per
1002 1159 1161 1227 hujus
1186 1163 1554 1232 :egritudinem
1579 1168 1826 1237 corporis

234 1243 429 1299 melius
454 1246 855 1315 exprimeretur
879 1252 1144 1321 :egritiido
1185 1255 1385 1309 cordis.
1418 1255 1663 1326 Denique
1704 1267 1828 1327 post

232 1331 403 1387 multa
453 1334 836 1405 disputationis
895 1341 1011 1410 ejus
1075 1342 1418 1400 hortamenta
1479 1344 1825 1415 subiunctum

232 1430 338 1488 est,
367 1424 655 1481 audiebant
677 1435 858 1484 autem
887 1431 1069 1486 omnia
1105 1432 1220 1488 lucc
1244 1434 1524 1504 Pharisaei,
1546 1439 1637 1509 qui
1668 1449 1827 1495 erant

230 1512 382 1568 avari
415 1523 472 1570 et
515 1516 835 1575 deridebant
868 1521 1037 1598 illum.
1075 1523 1413 1597 Hydropicus
1453 1531 1672 1602 quippe,
1718 1547 1827 1602 quo

230 1605 464 1690 amplius
492 1608 693 1666 biberit
723 1612 955 1683 amplius
988 1616 1124 1682 sitit,
1154 1628 1209 1674 et
1235 1620 1413 1675 omnis
1452 1637 1650 1679 avarus
1678 1626 1827 1683 sitim

228 1697 579 1767 multiplicat,
611 1701 703 1771 qui
733 1717 857 1759 cum
900 1720 964 1760 ea
991 1722 1113 1776 qua:
1140 1711 1344 1778 appetit
1385 1712 1613 1783 adeptus
1638 1714 1824 1784 inierit,

231 1784 301 1842 ad
324 1790 625 1858 appetenda
657 1791 764 1849 alia
795 1797 1030 1866 amplius
1058 1800 1295 1856 anhelat.

300 1878 373 1943 Et
399 1884 714 1953 respondens
739 1887 810 1941 ad
838 1888 959 1943 illos
981 1890 1117 1945 dixit
1140 1907 1160 1945 :
1190 1893 1356 1965 Cujus
1391 1906 1617 1953 vestrum
1649 1903 1828 1973 asinus

208 1980 327 2043 aut
347 1972 439 2029 bos
460 1975 514 2030 in
534 1985 748 2045 puteum
769 1980 940 2045 cadet,
962 1990 1011 2036 et
1033 2000 1137 2038 non
1152 1989 1399 2042 continuo
1421 1991 1659 2047 extrahet
1675 1972 1829 2049 illum

232 2062 318 2118 die
345 2063 593 2122 sabbati?
621 2066 713 2125 Sic
737 2069 1116 2132 observatores
1146 2078 1228 2132 sui
1272 2079 1578 2139 Pharisaeos
1606 2087 1830 2142 convin-

232 2157 330 2252 cit,
357 2167 439 2252 ut
459 2161 679 2218 eosdem
717 2167 960 2223 avaritite
986 2170 1313 2229 condemnet
1340 2194 1352 2230 :
1385 2176 1442 2233 Si
1486 2193 1601 2246 vos,
1630 2179 1825 2252 inquit,

219 2244 289 2301 in
323 2248 551 2307 sabbato
579 2253 793 2309 asinum
831 2266 927 2312 aut
966 2260 1183 2327 bovem,
1222 2274 1316 2321 aut
1362 2267 1508 2325 aliud
1551 2244 1832 2340 quodlibet

232 2340 434 2396 animal
481 2343 537 2398 in
576 2354 797 2415 puteum
835 2349 1091 2409 decidens
1133 2354 1347 2426 eripere
1390 2358 1677 2426 festinatis,
1718 2379 1825 2421 non

233 2433 474 2498 animali,
523 2436 617 2491 sed
665 2447 863 2495 vestrae
904 2445 1150 2501 avaritiae
1190 2452 1567 2519 consulentes,
1622 2467 1825 2525 quanto

233 2527 407 2619 magis
442 2544 543 2599 ego
584 2529 879 2619 hominem,
925 2538 1019 2607 qui
1062 2540 1231 2597 multo
1268 2544 1460 2601 melior
1485 2556 1570 2602 est
1604 2564 1821 2619 pecore,

230 2615 404 2673 debeo
448 2616 719 2677 liberare?
763 2624 1243 2702 Cotigruenterque
1288 2615 1646 2708 hydropicum
1708 2615 1825 2698 ani;

233 2709 383 2775 mali,
424 2714 567 2783 quod
607 2716 804 2771 cecidit
829 2720 881 2773 in
911 2730 1155 2790 puteum,
1211 2732 1562 2799 comparavit,
1595 2734 1825 2793 humore

230 2802 375 2856 esiim
407 2802 708 2874 laborabat,
739 2810 883 2865 sicut
924 2809 1068 2870 illam
1112 2817 1393 2877 mulierem
1440 2838 1603 2893 quam
1633 2827 1823 2884 decem

230 2899 290 2948 et
311 2902 435 2949 octo
456 2898 616 2952 annis
637 2898 911 2971 alligatam
939 2905 1211 2975 dixerant,
1238 2918 1292 2966 et
1318 2912 1388 2967 ab
1415 2914 1603 2971 eadem
1633 2917 1824 2986 alliga-

233 2986 379 3042 tione
403 2988 664 3045 solvebat.
694 2991 1044 3065 Comparavit
1069 2999 1340 3069 jumento,
1381 3007 1525 3074 quod
1570 3007 1820 3078 solvitur,

230 3086 293 3132 ut
315 3078 386 3134 ad
427 3095 625 3155 aquam
671 3083 922 3153 ducatur,
942 3096 998 3142 et
1042 3090 1180 3147 bene
1228 3102 1458 3165 utroque
1483 3097 1603 3154 loco
1629 3099 1822 3159 hevcm

1858 1818 1905 1877 B

1925 519 2050 586 lam,
2071 527 2221 578 veste
2245 522 2472 593 nuptiali
2496 522 2748 589 vestitus,
2774 522 2880 579 hoc
2898 529 3006 588 est,
3020 520 3285 578 virtutum
3310 520 3520 596 fulgore

1924 630 2184 671 coruscus
2218 631 2502 687 apparere,
2539 616 2634 673 sed
2680 616 2919 688 ipsarum
2949 614 3213 672 ambitum
3255 616 3520 673 virtutum

1925 706 2043 763 loco
2069 708 2275 764 devote
2295 708 2625 765 humilitatis
2643 709 2893 766 adornet.

1998 800 2081 855 Ne
2103 800 2236 871 forte
2262 802 2572 857 honoratior
2596 812 2648 858 te
2670 803 2741 859 sit
2770 803 3020 861 invitatus
3042 806 3106 860 ab
3128 821 3213 871 eo,
3236 810 3285 860 et
3310 804 3535 861 ueniens.

1925 895 1970 948 is
2005 893 2094 964 qui
2132 903 2182 947 te
2215 902 2265 947 et
2304 893 2456 948 illum
2486 895 2708 962 vocarit,
2738 894 2878 950 dicat
2904 896 3039 951 tibi:
3069 896 3153 951 Da
3180 896 3302 950 huic
3326 895 3535 958 locum,

1925 993 1973 1038 et
2003 993 2126 1038 tunc
2149 983 2366 1055 incipies
2394 1000 2513 1041 cum
2551 985 2741 1040 rubore
2765 986 3103 1041 novissimum
3127 985 3300 1041 locum
3329 993 3520 1042 tenere.

1928 1078 2271 1134 Honoratiuri
2296 1087 2420 1150 post
2448 1080 2672 1135 invitato
2692 1079 2873 1135 locum
2901 1076 2996 1135 dat
3019 1080 3132 1145 ille,
3154 1080 3247 1150 qui
3266 1079 3337 1136 de
3364 1078 3547 1149 longe"

1929 1186 2039 1226 sure
2068 1170 2501 1227 conversationis
2542 1169 2869 1226 conﬁdentia
2912 1171 3157 1227 securior
3184 1169 3379 1237 factus,
3402 1169 3528 1225 vitae

1929 1263 2145 1318 illorum
2169 1262 2259 1332 qui
2286 1276 2348 1317 se
2386 1262 2442 1317 in
2471 1260 2692 1318 Christo
2718 1262 2890 1318 secuti
2933 1269 3084 1327 sunt,
3113 1260 3355 1331 agilitate
3376 1277 3525 1332 pra:-

1929 1355 2054 1409 itur.
2082 1351 2290 1407 Etcum
2314 1352 2513 1408 rubore
2533 1350 2889 1407 novissimum
2912 1350 3091 1408 locum
3114 1358 3281 1417 tenet,
3304 1350 3523 1420 quando

1928 1444 1996 1501 de
2025 1443 2147 1499 aliis
2168 1442 2393 1499 meliora
2422 1456 2773 1514 cognoscens,
2813 1441 3075 1513 quidquid
3102 1440 3172 1497 de
3208 1455 3307 1496 sua
3332 1454 3527 1512 cpera-

1930 1536 2078 1592 tione
2119 1535 2326 1593 celsum
2375 1534 2643 1591 sentiebat
2686 1534 2953 1597 humiliat,
2997 1533 3188 1590 dicens
3223 1547 3350 1589 cum
3391 1532 3526 1587 Pro-

1931 1627 2093 1696 pheta
2140 1645 2152 1680 :
2186 1625 2361 1698 Egens
2391 1642 2509 1681 sum
2550 1642 2668 1697 ego,
2706 1638 2757 1682 et
2797 1626 2852 1680 in
2887 1625 3157 1681 laboribus
3204 1642 3238 1680 ει
3255 1624 3530 1697 iuventute

1929 1735 2045 1773 mea
2079 1737 2098 1776 :
2143 1716 2410 1774 exaltatus
2447 1727 2625 1773 autem
2666 1716 2978 1774 humiliatus
3024 1735 3143 1774 sum
3186 1729 3235 1774 et
3276 1715 3530 1787 confusus

1935 1809 2108 1883 (Psal.
2136 1807 2407 1882 Lxxxvn).

2006 1900 2113 1958 Sed
2132 1918 2250 1956 cum
2274 1909 2489 1955 vocatus
2513 1898 2680 1968 fueris
2706 1898 2778 1953 ad
2806 1900 3041 1971 nuptias,
3089 1899 3241 1966 vade,
3291 1898 3532 1954 recumbs

1928 1998 1985 2052 in
2013 1996 2291 2051 novissimo
2316 1994 2451 2049 loco.
2475 1991 2689 2061 Quanto
2709 2000 2956 2065 magnus
2981 2005 3065 2057 es,
3094 1992 3305 2063 inquit,
3344 1990 3529 2047 humi-

1929 2088 1998 2142 lta
2027 2096 2082 2144 te
2102 2088 2155 2142 in
2176 2086 2448 2142 omnibus.
2477 2084 2545 2140 Et
2564 2082 2853 2140 Psalmista
2870 2082 3132 2154 gloriatur
3158 2101 3174 2138 :
3200 2080 3528 2136 Humiliatus

1928 2194 2047 2234 sum
2067 2191 2460 2249 usquequaque,
2487 2174 2733 2241 Domine,
2760 2173 2965 2253 uiuiﬁca
2998 2187 3083 2227 me
3106 2171 3391 2227 secundum
3419 2186 3530 2226 rer—

1929 2267 2050 2323 bum
2078 2276 2226 2323 tuum
2249 2265 2422 2340 (Psul.
2453 2266 2668 2338 can),
2700 2263 2986 2321 manifeste
3010 2262 3331 2331 signiﬁcans
3366 2260 3440 2317 ita
3469 2276 3530 2317 se

1928 2375 1958 2415 a
1985 2360 2214 2416 Domino
2241 2372 2401 2431 posse
2440 2358 2726 2423 viviticari,
2765 2357 2812 2413 si
2842 2356 2909 2413 de
2946 2355 3060 2411 suis
3091 2356 3207 2426 ipse
3233 2352 3545 2409 virtutibus‘

1928 2453 2153 2510 humilia
2179 2452 2425 2507 sentiret.

2001 2543 2068 2599 Ut
2094 2562 2213 2600 cum
2240 2546 2430 2600 renerit
2452 2543 2541 2616 qui
2569 2551 2621 2596 te
2645 2542 2962 2605 invitaverit,
2993 2540 3135 2594 dicat
3161 2540 3295 2594 tibi:
3326 2538 3526 2602 Amice,

1926 2637 2149 2694 ascende
2182 2639 2445 2707 superius.
2501 2634 2732 2690 Veniens
2781 2633 3039 2688 Dominus
3067 2646 3227 2703 quem
3268 2628 3528 2686 humilem

1925 2730 2215 2794 invenerit,
2247 2729 2423 2785 amice
2451 2728 2667 2782 nomine
2688 2725 3028 2787 beatiﬁcaus,
3061 2725 3311 2796 superius
3335 2738 3528 2780 ascen.

1923 2823 2052 2879 dere
2079 2819 2377 2893 praecipiet.
2410 2817 2721 2887 Quicunque
2750 2816 2887 2870 enim
2922 2813 3273 2870 humiliarerit
3295 2829 3372 2877 se,
3393 2814 3527 2870 sicut

1922 2910 2172 2985 parvulus
2207 2913 2293 2965 hic
2343 2920 2421 2966 est
2471 2908 2646 2979 major
2696 2907 2751 2961 in
2800 2923 2959 2978 regno
3011 2905 3259 2960 caelorum
3306 2902 3525 2977 (Matth.
3564 2986 3569 2991 Ξ

1922 3020 2103 3061 XVIII).

1998 3021 2057 3060 ιιι
2090 3046 2103 3060 .

1998 3004 2143 3149 Triae
2171 3096 2267 3148 erit
2305 3093 2399 3149 tibi
2434 3092 2602 3165 gloria
2643 3108 2821 3147 coram
2859 3090 3018 3147 simul
3058 3086 3523 3144 discumbenttbus.

231 3168 411 3240 posuit
431 3178 489 3225 et
508 3171 741 3245 asinum,
773 3176 900 3246 quia
924 3178 1039 3234 sive
1064 3182 1337 3252 sapientes
1363 3200 1607 3258 quosque
1646 3200 1701 3247 ct
1727 3192 1821 3249 be.
1849 3187 1894 3251 C
1927 3185 2156 3241 Pulchre
2185 3184 2409 3250 dicitur,
2464 3193 2592 3241 tunc
2622 3185 2728 3240 erit
2752 3185 2848 3240 tibi
2879 3183 3073 3254 gloria,
3116 3196 3185 3235 ne
3207 3192 3351 3235 nune
3377 3192 3530 3249 qua:-

231 3258 404 3353 betes,
441 3260 641 3324 sive.ut
682 3279 845 3337 supra
874 3268 1081 3326 dictum
1111 3282 1213 3339 est,
1247 3284 1539 3349 utrumque
1567 3282 1839 3353 populum

232 3351 525 3423 signiﬁcari
553 3357 871 3425 sentiamus,
914 3375 1041 3418 cum
1089 3364 1341 3424 videlicet
1364 3369 1518 3439 cujus
1555 3351 1822 3431 cervicem

226 3440 412 3515 iugum
438 3444 573 3515 legis
614 3450 844 3517 attrivit,
886 3461 1051 3523 atque
1073 3469 1198 3512 eum
1223 3474 1385 3529 quem
1411 3461 1636 3532 quilibet
1667 3465 1825 3521 sedu-

233 3543 352 3591 ctor
375 3539 598 3609 reperit,
628 3541 782 3612 quasi
811 3543 1033 3600 brutum
1074 3548 1290 3613 animal,
1321 3560 1379 3607 et
1417 3552 1565 3608 nulla
1614 3555 1824 3611 ratione

233 3628 494 3696 renitens,
516 3645 629 3702 quo
652 3632 821 3690 voluit
848 3650 1036 3694 errore
1072 3640 1374 3709 subtraxit,
1405 3660 1596 3701 omnes
1628 3642 1822 3701 Salva-

232 3727 320 3774 tor
346 3720 639 3780 adveniens
683 3723 901 3803 Satana:
948 3729 1179 3787 vinculis
1228 3734 1504 3801 astrictos,
1535 3750 1725 3792 omnes
1769 3738 1823 3793 in

232 3811 344 3867 imo
366 3812 817 3884 conCupiseenlim
841 3828 1005 3889 puteo
1033 3820 1302 3879 dimersos
1331 3824 1555 3881 invenit.
1586 3825 1700 3882 Non
1740 3836 1826 3883 est

230 3901 375 3990 enim
424 3904 702 3963 distinctio
732 3926 745 3963 :
783 3907 976 3966 Omnes
1021 3913 1159 3969 enim
1198 3926 1539 3985 peccaverunt
1577 3928 1627 3972 et
1676 3930 1827 3990 egent

229 3989 402 4063 gloria
441 3993 562 4050 Dei.
591 3994 883 4067 Justiﬁcati
929 4004 1095 4072 gratis
1143 4020 1237 4074 per
1280 4008 1506 4076 gratiam
1537 3989 1827 4081 ipsiusiper

231 4083 653 4158 redemptionem,
675 4106 795 4162 qua:
814 4104 890 4146 est
916 4095 972 4147 in
1002 4092 1208 4150 Christo
1228 4095 1358 4151 Iesu
1386 4098 1559 4170 (Rom.
1591 4101 1697 4172 ιιι).

300 4176 519 4235 Dicebat
545 4191 720 4236 autem
755 4192 806 4238 et
828 4184 898 4239 ad
927 4186 1169 4240 invitatos
1187 4187 1517 4258 parabolam,
1550 4191 1822 4249 intendens

229 4270 488 4341 quomodo
509 4274 707 4344 primos
739 4275 1009 4330 accubitus
1036 4275 1308 4347 eligerent,
1350 4279 1528 4335 dicens
1566 4281 1637 4335 ad
1661 4281 1782 4338 illos
1802 4296 1825 4337 .'

231 4357 366 4415 Cum
401 4361 649 4418 inuitatus
684 4363 849 4434 [ueris
883 4366 951 4420 ad
1000 4368 1236 4439 nuptias,
1275 4386 1377 4425 non
1422 4371 1719 4431 discumbas
1767 4378 1823 4433 in

192 4509 207 4523 ‘
228 4452 401 4523 primo
427 4451 561 4508 loco.
591 4454 794 4526 Aperta
821 4457 1044 4527 quidem
1082 4459 1150 4514 ad
1198 4460 1435 4523 litteram
1464 4475 1549 4521 est
1578 4466 1693 4524 hmc
1727 4467 1823 4524 ad-

1929 3290 2048 3332 rere
2079 3277 2324 3348 incipias,
2356 3275 2499 3347 quod
2529 3275 2624 3330 tibi
2651 3282 2903 3330 servatur
2929 3274 2983 3327 in
3024 3274 3152 3335 line,
3195 3269 3342 3340 quia,
3385 3270 3528 3326 sicut

1928 3367 2184 3423 Salomon
2226 3367 2300 3423 ait
2332 3385 2345 3419 :
2385 3363 2680 3421 "wreditas
2716 3365 2787 3419 ad
2810 3380 2967 3437 quam
2999 3361 3283 3433 festinatur
3307 3362 3361 3415 in
3382 3361 3530 3431 prin-

1926 3462 2082 3532 cipio,
2101 3462 2154 3516 in
2178 3463 2455 3517 nocissimo
2476 3459 2832 3515 benedictione
2851 3458 3045 3512 carebit
3069 3452 3253 3528 (Prov.
3277 3451 3396 3525 xx).
3418 3452 3527 3508 Po-

1929 3559 2034 3607 test
2068 3560 2249 3608 autem
2281 3552 2337 3606 in
2380 3551 2484 3607 hac
2530 3550 2640 3605 vita
2692 3548 2941 3619 intelligi,
2989 3548 3083 3620 qui
3126 3548 3182 3604 in
3231 3546 3528 3603 novissimo

1927 3640 2394 3697 loco'recumhens
2422 3640 2697 3696 invenitur
2731 3638 2961 3695 Domino
2988 3638 3235 3693 veniente
3270 3635 3528 3692 sublimn.

1930 3743 2034 3789 tus.
2069 3732 2204 3801 Quia
2236 3732 2479 3802 quotidie
2506 3731 2768 3788 Dominus
2790 3745 2919 3786 suas
2944 3729 3160 3800 nuptias
3181 3727 3368 3793 intrat,
3393 3740 3529 3797 quo«

1929 3827 2058 3881 tidie
2085 3840 2287 3891 mores,
2327 3825 2503 3888 sedes,
2538 3823 2759 3878 habitus
2805 3820 3209 3878 convivantium
3244 3819 3526 3893 diiudicat,

1926 3925 1982 3971 et
2025 3915 2290 3985 superbos
2333 3912 2660 3984 despiciens,
2701 3911 2998 3968 humilibus
3037 3923 3181 3981 saepe
3225 3916 3374 3965 tanta
3412 3910 3530 3967 suis

1928 4006 2151 4077 spiritus
2190 4018 2415 4059 munera
2445 4010 2688 4075 praestat,
2724 4013 2785 4059 ut
2829 4016 2925 4058 cos
2966 3999 3163 4056 merito
3203 3999 3367 4056 simul
3409 4000 3527 4061 dis-

1926 4097 2321 4163 cumbentium,
2358 4097 2464 4151 hoc
2503 4102 2610 4162 est,
2657 4094 2711 4149 in
2759 4094 2865 4150 [ide
2911 4093 3306 4165 quiescentium
3349 4099 3529 4149 catus

1926 4190 2179 4244 unanima
2204 4187 2561 4243 admiratione
2582 4185 2868 4258 gloriﬁcet,
2897 4195 3229 4256 stupensqne
3256 4183 3312 4239 in
3339 4193 3527 4240 aucto-

1927 4283 2005 4338 ris
2058 4283 2139 4335 sui
2192 4279 2555 4334 laudationem
2595 4278 2843 4349 prosiliat
2882 4277 3071 4333 dicens
3109 4293 3124 4333 :
3166 4274 3301 4330 Mihi
3346 4285 3527 4332 autem

1926 4376 2083 4430 nimis
2111 4371 2442 4442 honoriﬁcati
2466 4380 2585 4426 sunt
2622 4370 2781 4425 amici
2807 4371 2904 4436 tui,
2930 4369 3091 4435 Deus,
3121 4368 3279 4425 nimis
3313 4368 3525 4434 confor-

1926 4474 2066 4520 tatus
2094 4471 2169 4519 est
2189 4462 2516 4535 principatus
2542 4477 2725 4517 eorum
2748 4459 2922 4534 (Psal.
2948 4460 3234 4532 cxxxvtn).

230 4542 458 4643 monitio
488 4542 802 4643 Salvatoris,
849 4549 1049 4607 docens
1100 4552 1476 4623 humilitatem,
1508 4573 1615 4616 non
1645 4561 1817 4617 solum
1846 4543 1917 4639 Di
1998 4572 2137 4641 Quia
2167 4573 2335 4627 omm’s
2362 4571 2452 4643 qui
2496 4589 2550 4627 se
2596 4569 2791 4626 exultat
2841 4569 3224 4638 Immiliabitur,
3263 4579 3313 4627 et
3348 4572 3440 4643 qui
3467 4589 3525 4629 se

231 4637 372 4708 apud
398 4637 587 4706 Deum,
616 4641 713 4697 sed
752 4643 915 4699 etiam
946 4645 1087 4717 apud
1126 4647 1372 4705 homines
1414 4665 1535 4706 esse
1574 4651 1819 4710 laudabi-

231 4730 356 4786 lém.
391 4729 497 4787 Sed
520 4734 777 4806 quoniam
808 4736 947 4793 hanc
985 4736 1327 4810 Evangelista
1354 4728 1460 4797 non
1490 4742 1692 4801 (rustra
1718 4762 1817 4818 pa-

232 4823 474 4879 rabolam
514 4834 692 4893 vocat,
733 4826 974 4885 breviter
1002 4831 1318 4889 intuendum
1350 4835 1477 4905 quid
1508 4838 1673 4893 etiam
1704 4856 1823 4912 my-

233 4913 368 4969 stice
401 4916 595 4988 signet.
641 4918 866 4991 Nuptias
916 4922 1175 4994 appellari
1219 4924 1423 4983 Christi
1468 4936 1522 4985 et
1563 4929 1822 4988 Ecclesia:

233 5005 667 5075 coniunctionem
700 5012 889 5070 multis
922 5011 1059 5072 locis
1085 5028 1329 5088 apparet,
1361 5032 1394 5074 e
1425 5022 1624 5094 quibus
1653 5036 1819 5082 unum

232 5105 319 5152 est
347 5111 363 5152 :
397 5097 652 5172 Nunquid
674 5114 889 5174 possunt
920 5105 1024 5175 ﬁlii
1058 5108 1359 5181 nuptiarum
1390 5113 1625 5183 quandiu
1664 5132 1823 5187 spon-

231 5207 324 5245 sus
355 5208 474 5247 cum
512 5193 620 5250 illis
648 5205 722 5251 est
737 5195 989 5269 jejuuare
1023 5199 1236 5271 (Matth.
1262 5203 1380 5274 lx)?
1402 5202 1561 5261 Aliud
1587 5225 1600 5262 :
1632 5207 1822 5266 Simile

236 5280 435 5338 factum
479 5296 564 5340 εει
606 5299 835 5358 regnum
878 5290 1143 5345 cmlorum
1169 5292 1534 5367 homini-regi,
1567 5297 1659 5368 qui
1695 5297 1823 5354 fecit

236 5375 454 5444 nuptias
480 5375 594 5432 lilio
620 5392 741 5444 suo,
770 5386 827 5434 et
852 5380 1002 5436 misit
1030 5396 1218 5439 servos
1243 5398 1369 5439 suos
1398 5399 1595 5441 vocare
1626 5387 1822 5444 invita-

237 5472 320 5519 tos
348 5464 416 5520 ad
446 5466 682 5537 nuptias.
713 5466 824 5523 llas
861 5482 992 5540 ergo
1033 5472 1248 5540 nuptias
1284 5474 1529 5543 quisquis
1559 5475 1818 5534 invitatus

237 5559 454 5626 adierit,
490 5561 543 5615 id
570 5569 655 5617 est
680 5560 933 5617 Ecclesiae
961 5578 1019 5619 se
1043 5565 1301 5623 membris
1331 5566 1452 5623 ﬁdei
1483 5571 1656 5641 gratia
1688 5588 1818 5628 con-

126 5725 131 5729 _
229 5646 493 5725 junxerjt,
532 5666 636 5707 non
667 5652 971 5707 discumbat
1001 5654 1054 5708 in
1080 5657 1257 5725 primo
1285 5656 1425 5725 loco,
1456 5660 1557 5716 hoc
1577 5671 1682 5730 cst,
1711 5680 1818 5723 non

239 5758 299 5799 se
329 5743 397 5799 de
422 5745 631 5802 meritis
658 5744 960 5823 gloriando,
987 5748 1139 5819 quasi
1169 5750 1454 5809 sublimior
1479 5758 1693 5815 cmteris
1719 5776 1818 5816 ex.

1923 4663 2166 4720 Itutnilittl
2205 4662 2545 4720 exaltabitur.
2594 4663 2661 4718 Et
2687 4678 2752 4718 ex
2793 4665 2896 4720 hac
2923 4662 3291 4731 conclusione,
3346 4666 3527 4722 mani-

1923 4754 2060 4814 feste
2088 4756 2266 4821 docet,
2298 4756 2696 4826 prmccdcnlem
2746 4756 2957 4813 Domini
2990 4773 3297 4823 sermonem
3343 4758 3525 4834 typice

1910 4848 2351 4919 intelligendum.
2384 4847 2571 4919 Neque
2598 4849 2741 4904 enim
2772 4866 2898 4906 mox
2922 4851 3101 4909 omnis
3136 4850 3228 4923 qui
3252 4866 3311 4909 se
3332 4866 3523 4911 coram

1925 4939 2234 4995 hominibus
2259 4938 2483 5005 exaltal,
2527 4939 2919 5008 humiliabitur,
2944 4950 3040 4998 aut
3067 4943 3161 5016 qui
3202 4958 3262 4999 se
3300 4943 3355 5000 in
3384 4960 3520 5003 con—

1922 5040 2110 5103 spectu
2140 5030 2422 5087 hominum
2448 5031 2721 5098 humiliat,
2751 5032 3082 5093 exaltabitur
3120 5036 3189 5091 ab
3217 5037 3317 5095 eis.
3353 5034 3459 5094 Sed
3487 5056 3522 5097 υ

1922 5120 2197 5179 contrario
2223 5136 2632 5193 nonnunquam,
2656 5123 2747 5194 qui
2773 5139 2832 5180 se
2857 5124 2942 5180 vel
2964 5124 3016 5180 in
3044 5132 3196 5197 apice
3216 5110 3516 5199 dignitatis.

1921 5211 2007 5266 vel
2028 5212 2082 5266 in
2104 5208 2210 5265 alia
2230 5209 2469 5281 qualibet
2494 5211 2822 5283 acquirenda
2853 5213 3025 5287 gloria
3053 5215 3322 5283 sublevat,
3349 5234 3515 5290 usque

1923 5303 1979 5358 in
2006 5302 2165 5357 linem
2188 5302 2417 5356 exaltari
2443 5319 2549 5358 non
2574 5312 2770 5359 cessat.
2799 5305 3065 5362 Similiter
3086 5317 3142 5366 et
3160 5298 3378 5366 humilis
3397 5310 3492 5379 qui

1921 5391 2052 5448 libet
2075 5406 2144 5451 ac.
2162 5392 2520 5457 verecundus,
2551 5394 2604 5447 in
2629 5409 2745 5460 sua,
2770 5411 2876 5467 qua
2905 5406 3192 5453 contentus
3216 5406 3319 5463 est,
3344 5412 3519 5468 usque

1923 5483 1992 5537 ad
2022 5484 2145 5539 vitm.
2175 5483 2463 5538 terminum
2510 5486 2883 5542 mediocritate
2926 5497 3260 5561 perseverat.
3300 5489 3368 5545 Et
3395 5490 3519 5550 ideo

1925 5575 2049 5648 quia
2073 5576 2228 5647 juxta
2252 5576 2499 5632 veritatis
2527 5580 2875 5647 sententiam,
2897 5583 3073 5637 omnis
3095 5583 3188 5653 qui
3214 5597 3274 5638 se
3302 5583 3516 5641 incaute

1926 5669 1993 5726 de
2036 5670 2249 5726 meritis
2285 5668 2496 5733 allevat,
2547 5669 2917 5727 humiliabitur
2957 5689 2989 5728 a
3034 5670 3288 5741 Domino,
3324 5684 3380 5731 et
3420 5678 3512 5749 qui

1923 5762 2150 5840 provide
2177 5778 2238 5818 se
2274 5761 2340 5818 de
2366 5760 2666 5819 ltcacl‘actis
2689 5762 2939 5821 bumiliat
2965 5764 3290 5826 cxaltabitur
3315 5768 3385 5827 ab
3420 5787 3509 5840 ευ,
